3998 6318
144 296 240 352 35'!

1170 282 1261 348 ,ιΝ
1286 276 1572 338 JOANNIS
1603 272 2050 333 EVANGELIUM
2082 273 2211 331 LIB.
2260 272 2322 327 Χ.

3286 273 3395 331 558

145 404 349 480 Πατρὺς
383 401 684 474 ἐνεργεῖται
733 398 915 464 καλῶς
942 396 1043 469 τῆς
1085 400 1165 461 εἰς
1202 398 1354 487 ὴμᾷς
1393 394 1711 487 γεωργίαςό

1816 389 1902 446 dit
1957 387 2201 444 nefarius
2246 386 2342 441 ille
2388 383 2836 440 adversariorum
2887 388 3145 448 conatus,
3192 380 3390 440 Filium

145 497 352 568 τρόπος,
379 492 758 562 μεματαίωται
780 507 792 520 ·
816 488 931 553 πῶς
963 489 1071 559 γὰρ
1104 487 1243 558 οὐχὶ,
1266 485 1325 540 τὸ
1345 485 1597 557 περιττὸν
1623 482 1718 538 καὶ⁸

146 581 572 653 κακουργότατον
608 580 716 632 τῶν
754 579 821 633 δι’
855 579 1102 643 ἐναντίας
1146 577 1511 648 ἐπιχείρημα,
1536 576 1719 645 ἑτερο-

148 677 251 745 φυᾶ
276 674 366 728 τὸν
408 672 535 726 Υἰὸν
556 670 646 725 διὰ
668 670 826 723 τοῦτο
854 670 1125 738 λεγόντων
1156 668 1443 738 ὑπάρχειν,
1476 665 1551 729 ὡς
1581 663 1717 734 πρὸς

150 764 356 836 Πατέρα
395 764 489 816 καὶ
531 751 707 827 Θεὸν,
743 762 1043 832 ἐπειδήπερ
1098 759 1339 830 ἄμπελος
1389 759 1487 828 μὲν
1532 756 1715 820 αὐτὸς,

149 855 550 925 κατωνόμασται
597 853 652 907 δέ
690 854 931 925 γεωργὸς
971 855 999 905 ὁ
1033 853 1219 922 Πατήρ
1246 866 1260 915 ;
1292 847 1719 904 Διασκεπτέσθω

149 947 201 1001 δὲ
231 944 511 1010 πάλιν,καί
545 944 912 1016 περιαθρείτω
937 942 1146 1012 σαφῶς,
1177 944 1257 996 dri
1279 938 1555 1012 καθαροὺς
1578 936 1717 993 εἶναι

150 1035 428 1109 διορίζεται
469 1037 596 1099 τοὺς
648 1034 812 1088 αὑτοῦ
859 1034 1127 1106 μαθητάς,
1165 1033 1286 1103 οὐχὶ
1317 1031 1502 1094 ἰδικῶς
1531 1049 1590 1084 τε
1624 1033 1719 1085 καὶ

150 1126 537 1199 ἀφορισμένως,
567 1126 709 1179 τοῦτ’
741 1125 876 1193 ἐστι,
911 1127 1032 1197 δίχα
1058 1124 1152 1179 τοῦ
1187 1124 1544 1193 Μονογενοῦς,
1571 1126 1722 1195 ἐνερ-

152 1216 404 1289 γήσαντός
452 1234 505 1268 τι
544 1215 672 1290 περὶ
733 1217 931 1280 αὐτοὺς
984 1216 1078 1272 τοῦ
1132 1216 1268 1269 Θεοῦ
1317 1217 1414 1269 καὶ
1464 1216 1716 1287 Πατρός’

152 1307 253 1360 ἀλλ’
282 1305 513 1377 ἐπείπερ
560 1304 840 1359 ἐπείθοντο
867 1305 941 1376 τῷ
969 1307 1099 1376 παρ’
1124 1304 1288 1360 αὐτοῦ
1322 1304 1484 1376 λόγῳ.
1509 1305 1719 1377 Ὥσπερ

151 1392 233 1452 οὖν
278 1396 535 1462 ζωοποιός
580 1398 695 1450 ἐστι
740 1396 806 1451 δι’
855 1397 986 1451 Υίοῦ
1018 1397 1109 1451 καὶ
1156 1399 1213 1451 ἐν
1244 1396 1378 1468 Υἱῷ,
1418 1398 1507 1450 τὸν
1537 1396 1718 1462 αὐτὸν,

152 1483 313 1559 οἶμαι,
346 1490 547 1560 τρόπον
585 1490 681 1542 καὶ
720 1489 983 1557 γεωργὸς,
1015 1489 1132 1559 ἦτοι
1162 1487 1267 1541 τῶν
1295 1487 1578 1558 ἡμετέρων
1614 1485 1719 1557 ψυ-

150 1580 250 1652 χῶν
298 1581 657 1652 ἐπιμελητὴς,
693 1580 919 1643 εἰκότως
957 1579 1023 1633 ἂν
1064 1574 1237 1633 νοοῖτο
1271 1579 1453 1643 πάλιν,
1481 1581 1581 1650 οὐχ
1607 1580 1721 1633 ἐτέ-

152 1688 267 1742 ρως,
297 1670 328 1742 ἦ
358 1671 425 1723 δι’
454 1671 611 1726 Υἰοῦ.
641 1673 704 1724 Εἰ
727 1671 783 1725 δέ
814 1673 927 1734 τοῖς
970 1670 1117 1736 ἀπαξ
1159 1670 1259 1724 οὐκ
1289 1670 1465 1742 ὀρθῶς
1491 1669 1719 1742 εἰρημέ-

149 1779 249 1825 νοις
272 1760 471 1815 οίονται
499 1763 611 1816 δεῖν
640 1762 924 1834 ἐπιμένειν
939 1761 989 1814 οἰ
1014 1761 1105 1815 τὸν
1140 1762 1380 1816 ἐναντίον
1420 1763 1549 1833 ἡμῖν
1583 1778 1718 1833 πρε-

150 1853 414 1918 σϐεύοντες
468 1854 647 1923 λόγον,
697 1854 790 1908 καὶ
828 1852 1058 1924 ἐπείπερ
1099 1853 1342 1925 ἄμπελον
1369 1851 1560 1907 ἐαυτὸν
1613 1851 1718 1923 ἔφη

149 1944 381 2014 Χριστὸς,
397 1944 484 1998 διά
510 1944 686 2006 τοῦτο,
714 1944 965 2015 καθάπερ
991 1943 1048 2010 ἐξ
1088 1943 1351 2014 ἀνάγκης.
1377 1945 1454 2005 εἰς
1487 1942 1719 2014 ἔκφυλον

148 2035 425 2106 ἑτερότητα
482 2035 757 2107 παρωθεῖν
812 2034 1182 2099 ἐκϐιάζονται,
1210 2033 1264 2087 τί
1307 2034 1367 2087 τὸ
1397 2033 1605 2088 κωλὺον
1639 2033 1718 2088 ἐτι

146 2127 228 2180 καὶ
250 2127 390 2198 ἡμᾶς
416 2126 614 2201 αὐτοὺς
640 2126 728 2180 διὰ
760 2128 861 2197 τῆς
887 2126 1008 2196 ῖσης
1032 2124 1416 2196 ἀναισχυντίας
1438 2126 1573 2179 ἰέναι
1605 2126 1718 2180 λοι-

148 2220 259 2283 πον,
285 2218 375 2270 καὶ
402 2219 757 2291 περιτρέπειν
790 2218 871 2272 ἔτι
906 2218 1000 2271 καὶ
1031 2217 1130 2289 οὐχ
1154 2218 1380 2281 ἑκόντας
1406 2218 1602 2282 αὐτοὺς
1630 2216 1718 2271 διά

146 2310 234 2381 τῆς
278 2310 563 2383 ἰσοτρόπου
596 2310 887 2383 φλυαρίας,
914 2310 1013 2380 τῆς
1061 2309 1457 2381 μειρακιὼδους
1482 2312 1718 2384 ταυτησὶ

146 2398 231 2452 καὶ
246 2400 468 2469 ἀνοήτου
497 2400 775 2464 παντελῶς
793 2399 1095 2472 διαλήψεως
1118 2400 1485 2454 ἀπανίσασθαι
1509 2402 1713 2470 φιλεῖν;

146 2489 201 2543 Εἰ
225 2490 327 2563 γάρ
354 2492 586 2565 ἐπείπερ
642 2491 881 2563 ἄμπελος
929 2493 1178 2565 εἴρηται,
1210 2491 1298 2546 διὰ
1326 2490 1528 2562 ταύτην
1554 2492 1715 2547 αὐτὸν

145 2581 328 2635 οἴονται
364 2582 465 2653 τὴν
524 2582 723 2647 αἰτίαν,
754 2582 852 2653 τῆς
881 2582 1017 2655 πρὸς
1046 2583 1179 2636 Θεὸν
1208 2583 1301 2636 καὶ
1348 2583 1570 2654 Πατέρα
1598 2583 1715 2636 δια-

146 2671 348 2727 πίπτειν
403 2674 737 2745 οίκειότητος
783 2677 1041 2747 φυσικῆς,
1078 2675 1171 2729 κα)⁸
1206 2674 1544 2744 ἐτεροούσιον
1577 2669 1713 2729 εἶναι

149 2762 425 2829 παντελῶς,
449 2763 685 2835 ἐπείπερ
707 2763 767 2816 οὐ
793 2763 1008 2828 ταυτὸν,
1029 2766 1107 2828 εἰς
1140 2764 1441 2835 ταυτότητα
1476 2763 1711 2833 φύσεως,

147 2852 369 2924 ἄμπελός
392 2871 450 2906 τε
484 2854 582 2907 καὶ
609 2853 872 2925 γεωργὸς,
901 2855 953 2906 τί
987 2855 1061 2926 μὴ
1090 2853 1184 2907 καὶ
1216 2856 1399 2923 ἡμεῖς,
1432 2854 1522 2908 τὸν
1551 2854 1713 2909 αὐτὸν

148 2945 355 3009 ἐκείνοις
382 2946 854 3016 ἀνθυποφέροντες
896 2946 1084 3016 ἀμαθῆ
1123 2964 1181 3000 τε
1206 2947 1301 3001 καὶ
1332 2946 1712 3018 ἀκομψότατρν

146 3034 401 3107 λογισμὸν,
452 3036 633 3090 ἐκεῖνό
666 3053 881 3107 φαμεν;
915 3032 1063 3108 *Αρα
1091 3038 1272 3108 μόνοις
1293 3039 1408 3102 τοῖς
1437 3038 1711 3110 κλήμασιν

147 3126 176 3196 ἡ
205 3126 303 3181 τῶν
345 3131 606 3199 γηπονεῖν
647 3128 911 3182 εἰωθότων
940 3127 1213 3182 ἐπιείκεια
1231 3128 1512 3200 λυσιτελὴς
1536 3128 1601 3183 ἂν
1626 3130 1716 3199 γέ-

145 3234 290 3283 νοιτο,
311 3219 556 3291 καὶπερὶ
585 3220 720 3289 μόνα
744 3219 904 3289 τυχὸν
926 3218 995 3273 τά
1026 3221 1090 3273 ἐκ
1117 3219 1225 3273 τῶν
1252 3219 1520 3291 στελεχῶν
1553 3221 1715 3293 ἐξηρ-

146 3311 355 3379 τημένα,
386 3312 447 3364 τὸ
488 3313 556 3364 ἐκ
589 3312 688 3383 τῆς
726 3311 925 3381 τέχνης
971 3311 1307 3385 προὸήσεται
1350 3314 1644 3384 χρήσιμον,
1678 3314 1711 3387 ἢ

146 3400 379 3472 δεήσεταί
409 3420 557 3469 τινος
589 3402 903 3474 ἐπιμελείας
926 3403 1020 3456 καὶ
1049 3403 1188 3473 αὑτὴ
1214 3403 1323 3459 τῶν
1349 3404 1644 3476 κλημάτων
1676 3406 1710 3476 ή

146 3494 342 3563 τροφὸς.
373 3496 521 3549 τοῦτ’
545 3494 691 3549 ἐστιν
718 3497 751 3566 ἠ
783 3494 1049 3565 ἄμπελος,
1083 3488 1118 3570 ᾖ
1154 3495 1508 3567 προσπέφυκε
1544 3512 1603 3548 τε
1642 3494 1713 3548 τά

147 3582 199 3648 ἐξ
231 3586 389 3656 αὐτῆς
421 3585 522 3641 καὶ
560 3586 894 3655 ἐνήρμοσται
935 3584 1216 3656 φυσικῶς;
1265 3586 1405 3639 Ἀλλ’
1436 3585 1610 3649 οὐδὲν,
1631 3581 1712 3639 οἷ-

151 3694 252 3744 μαι,
278 3677 454 3749 δεήσει
479 3677 623 3748 πρὸς
651 3676 924 3744 ἀπόδειξιν
948 3676 1111 3730 πόνου
1130 3694 1143 3707 ο
1175 3680 1392 3749 συνερεῖ
1417 3677 1525 3749 γὰρ
1552 3676 1713 3741 εὐθὺς

149 3766 263 3833 ἡμῖν
288 3768 379 3820 καὶ
408 3768 575 3830 αὐτὸς
604 3769 633 3821 ό
659 3766 727 3819 δι’
754 3767 1031 3832 ἐναντίας,
1057 3768 1132 3831 ὼς
1161 3768 1210 3821 εἰ
1249 3769 1322 3840 μή
1372 3785 1455 3832 τις
1502 3769 1712 3837 γένοιτο

148 3853 241 3907 τῶν
260 3856 519 3928 στελεχῶν
535 3859 569 3927 ὴ
598 3856 839 3929 φροντὶς,
866 3857 974 3910 οὐδ’
989 3856 1055 3910 ἂν
1077 3857 1259 3921 αὐτοῖς
1276 3857 1573 3929 ἐνυπάρξαι
1602 3859 1715 3921 τοῖς

147 3945 368 4016 κλήμασι
403 3949 465 4002 τὸ
494 3944 636 4002 εῖναι
662 3947 842 4012 καλῶς
868 3966 881 3980 ο
917 3949 1104 4020 ἐπειδὴ
1135 3950 1313 4003 τοίνυν
1336 3949 1582 4021 ἄμπελον
1615 3951 1713 4022 μέν

150 4038 321 4092 ἐαυτὸν
352 4039 744 4112 κατωνόμακεν
793 4043 821 4094 ὁ
863 4041 1131 4111 Χριστὸς,
1166 4040 1335 4094 δεῖταί
1386 4059 1448 4110 γε
1483 4042 1590 4113 μὴν
1618 4041 1713 4096 καὶ

147 4124 265 4179 αὐτὸ
289 4128 385 4199 τῆς
414 4128 664 4200 ἀμπέλου
690 4128 751 4182 rb
805 4128 1052 4199 στέλεχος
1088 4129 1189 4200 τῆς
1214 4130 1308 4183 τοῦ
1338 4130 1703 4202 γηπονοῦντος

146 4219 455 4285 ἐπιεικείας,
482 4221 519 4293 ἢ
570 4221 745 4291 πάντη
787 4237 851 4273 τε
891 4221 984 4273 καὶ
1015 4220 1232 4285 πάντως
1280 4221 1702 4293 ἀδικηθήσεται·

1818 480 2050 537 diversae
2078 495 2108 534 a
2143 479 2251 534 Oeo
2279 493 2343 534 ac
2367 476 2532 533 Patre
2565 484 2774 533 natura:
2803 475 3016 531 idcirco
3049 490 3173 532 esse
3204 476 3395 532 dicen-

1818 574 1958 629 tium
1995 572 2161 643 872
2188 571 2334 641 quod
2369 571 2498 625 vitis
2518 570 2742 641 quidem
2783 570 2935 639 ipse,
2970 567 3133 624 Pater
3165 584 3295 624 vero
3324 572 3396 624 sit

1819 662 2064 733 agricola
2120 660 2515 730 nuncupatus?
2569 658 2897 715 Consideret
2943 666 3130 714 autem
3196 672 3395 712 rursus

1818 760 1873 805 et
1930 752 2078 805 clare
2130 749 2550 821 circumspiciat
2620 751 2803 818 ipsum
2860 743 3106 804 statuere
3153 750 3396 805 mundos

1818 857 1945 899 esse
2009 858 2142 899 suos
2176 842 2514 912 discipulos,
2574 856 2685 896 non
2745 839 3007 910 privatim
3057 840 3279 910 quidem
3330 855 3396 895 ac

1819 936 2077 998 seorsim,
2103 935 2155 988 id
2193 941 2277 990 est
2304 936 2514 1002 absque
2542 930 2863 1003 Unigenito,
2897 939 3162 1002 operante
3191 930 3303 987 Deo
3332 946 3396 985 ac

1816 1026 1984 1082 Patre
2010 1045 2028 1082 :
2071 1025 2170 1082 sed
2193 1027 2322 1096 quia
2350 1025 2475 1094 ejus
2523 1024 2767 1079 sermoni
2804 1024 3090 1094 parebant.
3122 1022 3398 1089 Quemad-

1819 1112 2042 1168 modum
2064 1128 2203 1184 ergo
2234 1113 2485 1169 vivilicus
2514 1124 2600 1169 est
2631 1128 2730 1183 per
2764 1112 2963 1166 Filium
3020 1120 3075 1167 et
3126 1112 3180 1166 in
3230 1106 3392 1174 Filio,

1820 1206 2036 1271 eodem,
2071 1216 2132 1261 ut
2163 1221 2310 1273 reor,
2341 1207 2506 1261 modo
2539 1207 2703 1261 etiam
2741 1205 2982 1276 agricola
3023 1206 3139 1261 sive
3187 1213 3398 1260 nostra-

1820 1311 1941 1349 rum
2028 1296 2337 1350 animarum
2394 1297 2579 1351 cultor
2617 1297 2742 1366 jure
2784 1297 2983 1351 merito
3026 1311 3224 1351 rursus
3267 1312 3400 1351 cen-

1818 1387 2031 1441 sebitur
2102 1403 2210 1442 non
2262 1388 2421 1442 aliter
2480 1403 2646 1458 quam
2711 1403 2808 1457 per
2851 1387 3074 1442 Filium.
3134 1387 3291 1455 Quod
3348 1388 3396 1445 si

1821 1492 1929 1530 non
1975 1483 2123 1531 recte
2156 1478 2325 1533 semel
2362 1477 2523 1533 dictis
2555 1477 2923 1532 insistendum
2957 1478 3275 1532 existimant
3299 1478 3397 1549 qui

1820 1566 1985 1622 nobis
2038 1568 2321 1622 contraria
2369 1570 2588 1635 docent,
2632 1576 2685 1621 et
2741 1569 2871 1638 quia
2929 1569 3097 1623 vitem
3151 1571 3395 1640 seipsum

1821 1656 2083 1713 Christus
2109 1658 2267 1722 dixit,
2299 1660 2506 1715 idcirco
2529 1660 2577 1715 ei
2607 1668 2818 1715 naturae
2842 1659 3221 1716 diversitatem
3249 1662 3398 1717 velut

1820 1765 1888 1806 ex
1916 1752 2248 1807 necessitate
2276 1751 2548 1816 tribuunt,
2583 1753 2713 1820 quid
2747 1760 2896 1808 vetat
2929 1754 3148 1807 demum
3185 1752 3399 1823 quomi-

1820 1857 1927 1898 nus
1957 1843 2121 1898 etiam
2172 1859 2273 1899 nos
2310 1844 2477 1900 simili
2516 1854 2737 1899 utamur
2797 1845 3156 1915 impudentia,
3191 1860 3398 1916 eosque

1819 1932 1905 1987 vel
1927 1933 2130 1989 invitos
2171 1948 2433 2004 cogamus
2470 1950 2568 2006 per
2628 1934 2847 1990 easdem
2905 1950 3082 2005 nugas
3131 1934 3398 2005 juvenilis

1818 2022 2052 2095 hujusce
2096 2032 2152 2081 et
2193 2026 2403 2113 ipsana:
2438 2042 2667 2098 prorsus
2696 2028 2945 2083 stultitiae
3004 2029 3304 2099 progredi?
3336 2026 3397 2083 Si

1818 2120 1965 2173 enim
1998 2134 2065 2174 ex
2095 2134 2160 2174 eo
2192 2120 2338 2189 quod
2362 2120 2489 2175 vitis
2529 2121 2712 2177 dictus
2737 2130 2841 2186 est,
2881 2120 3090 2176 idcirco
3120 2135 3244 2175 eum
3278 2120 3398 2175 exi-

1816 2208 2044 2263 stimant
2083 2208 2150 2263 de
2172 2208 2567 2279 conjunctione
2603 2211 2840 2266 naturali
2877 2226 3003 2266 cum
3032 2208 3147 2265 Deo
3184 2225 3250 2263 ac
3290 2208 3398 2264 Pa-

1816 2304 1902 2353 tre
1948 2299 2225 2364 excidere,
2289 2311 2345 2357 et
2396 2302 2626 2360 alterius
2667 2319 2794 2360 esse
2835 2304 2997 2374 plane
3029 2304 3395 2368 substantiae,

1817 2390 2264 2460 quandoquidem
2313 2409 2423 2449 non
2481 2395 2622 2450 idem
2670 2403 2800 2452 sunt
2840 2396 3129 2453 identitate
3184 2405 3396 2452 natura:

1814 2482 1944 2538 vitis
1973 2490 2027 2537 et
2059 2483 2322 2554 agricola,
2355 2485 2551 2554 quidni
2579 2488 2743 2541 etiam
2777 2502 2877 2543 nos
2905 2489 3158 2544 eamdem
3191 2489 3247 2543 in
3270 2490 3392 2547 illos

1817 2574 2041 2629 stultam
2091 2584 2147 2628 et
2197 2575 2605 2645 putidissimam
2670 2576 2947 2632 talionem
3006 2588 3393 2649 retorquentes

1816 2664 1953 2719 illud
2010 2664 2288 2721 dicimus:
2345 2664 2485 2720 Num
2545 2667 2683 2722 solis
2723 2669 3043 2738 palmitibus
3094 2671 3391 2726 vinitorum

1816 2757 2060 2813 studium
2094 2759 2391 2822 conducet,
2417 2769 2471 2815 et
2508 2775 2637 2830 erga
2676 2775 2741 2814 ea
2781 2761 2959 2816 solum
2992 2777 3116 2831 qua:
3153 2763 3396 2832 pendent

1815 2863 1882 2904 ex
1914 2849 2126 2905 truncis
2156 2865 2250 2907 ars
2287 2849 2498 2908 utiliter
2523 2852 2895 2918 adhibebitur,
2934 2868 3004 2907 an
3036 2853 3220 2923 aliqua
3258 2870 3393 2910 cura

1816 2938 2083 3012 indigebit
2112 2942 2274 2996 etiam
2308 2943 2427 3013 ipsa
2477 2943 2666 2997 nutrix
2719 2943 3032 3013 palmitum,
3065 2944 3191 2999 vitis
3226 2944 3394 2999 nimi-

1815 3046 1957 3099 rum,
1992 3033 2082 3088 cui
2123 3033 2311 3088 adnati
2343 3041 2475 3088 sunt
2506 3033 2721 3089 surculi
2765 3044 2818 3089 et
2858 3035 3187 3090 naturaliter
3219 3036 3392 3091 inth

1817 3123 1978 3177 rent?
2007 3122 2170 3194 Atqui
2200 3124 2351 3185 nullo
2388 3124 2464 3189 id,
2497 3124 2715 3193 Opinor,
2761 3124 2953 3180 labore
2989 3124 3394 3182 demonstrabi-

1814 3224 1907 3271 tur
1934 3232 1948 3270 :
1988 3215 2106 3287 ipse
2135 3217 2340 3288 quippe
2369 3217 2552 3272 statim
2585 3218 2745 3272 nobis
2780 3217 3134 3274 adversarius
3182 3218 3393 3290 astipu-

1812 3308 2037 3376 labitur,
2064 3310 2170 3366 nisi
2200 3321 2519 3366 truncorum
2558 3325 2693 3365 cura
2720 3311 2973 3381 quaedam
3002 3311 3289 3376 habeatur,
3321 3326 3392 3367 ne

1811 3397 1950 3454 bene
2000 3399 2219 3469 quidem
2283 3399 2398 3455 fore
2447 3400 2785 3470 palmitibus.
2841 3400 2979 3457 Cum
3033 3417 3165 3472 ergo
3225 3402 3388 3456 vilem

1810 3492 2030 3562 quidem
2080 3493 2323 3563 seipsum
2366 3492 2623 3549 Christus
2687 3495 3091 3559 nominaverit,
3140 3494 3389 3564 adeoque

1809 3583 1928 3654 ipse
1954 3584 2083 3639 vitis
2111 3583 2320 3638 caudex
2345 3583 2603 3639 vinitoris
2628 3584 2812 3639 studio
2839 3584 3105 3653 indigeat,
3137 3584 3385 3654 alioquin

1809 3672 2069 3728 damnum
2119 3683 2479 3743 suscepturus
2507 3715 2521 3740 ,
2560 3674 2868 3743 cogitemus
2910 3676 3131 3730 tandem
3182 3673 3385 3730 Filium

1809 3780 1932 3821 esse
1960 3765 2123 3820 sicuti
2149 3781 2273 3833 nos,
2304 3773 2358 3820 et
2391 3781 2527 3821 cura
2569 3765 2753 3822 Patris
2786 3764 3077 3822 nobiscum
3116 3766 3385 3836 indigere,
3448 3818 3455 3827 ,

1810 3873 1880 3913 ne
1910 3856 2029 3928 ipse
2061 3856 2116 3912 in
2153 3857 2303 3912 aliud
2335 3858 2599 3929 quiddam
2637 3872 2805 3929 quam
2849 3857 2995 3929 quod
3024 3867 3108 3913 est
3155 3873 3388 3914 conver-

1809 3955 2069 4025 tatur,.et
2112 3963 2216 4004 suo
2262 3949 2386 4004 loco
2445 3965 2541 4005 seu
2590 3949 2850 4005 ﬁrmitate
2893 3965 2993 4005 sua
3037 3948 3276 4005 excidat.
3307 3946 3387 4005 Eo

1806 4041 2009 4112 quippe
2050 4055 2153 4096 nos
2182 4039 2405 4095 deducit
2439 4039 2535 4096 Dei
2564 4042 2802 4098 hostium
2830 4042 3097 4113 juvenilis
3122 4040 3383 4111 objectio.

1811 4130 1918 4186 Sed
1948 4130 2164 4186 valeant
2197 4132 2518 4187 istiusmodi
2550 4149 2728 4204 nugaz,
2774 4141 2828 4189 et
2862 4133 2930 4189 ad
2983 4140 3209 4191 sanctos
3250 4147 3384 4205 apo-

1811 4223 1985 4278 stolos
2011 4232 2201 4278 nostra
2232 4225 2615 4294 progrediatur
2639 4225 2838 4280 oratio.

144 4306 463 4382 λογισώμεθα
506 4310 697 4364 λοιπὸν
728 4314 786 4366 ἐν
810 4312 960 4379 τάξει
1011 4311 1109 4383 μὲν
1156 4307 1296 4366 εἶναι
1331 4315 1396 4385 τῇ
1429 4311 1550 4367 καθ’
1572 4313 1719 4384 ἡμᾶς
1755 4313 1846 4369 τὸν
1882 4314 2029 4380 Υίδν,
2063 4315 2270 4370 δεῖσθαι
2302 4316 2359 4370 δέ
2417 4317 2536 4388 μεθ’
2600 4316 2756 4388 ήμῶν
2800 4318 2903 4388 τῆς
2949 4317 3098 4391 παρά
3170 4316 3385 4389 [ἰατρὸς

146 4399 476 4468 ἐπιμελείας,
512 4402 602 4455 ἵνα
651 4400 726 4472 μὴ
780 4401 873 4455 καὶ
940 4402 1104 4465 αὐτὸς
1154 4402 1234 4465 εἰς
1283 4402 1471 4475 ἐτερόν
1516 4419 1569 4455 τι
1636 4400 1766 4471 παρ’
1804 4404 1941 4475 ὅπερ
1983 4398 2571 4476 ἐστὶ’περιτρέπηται,
2600 4406 2695 4459 καὶ
2737 4406 3001 4481 διαπίπτῃ
3030 4409 3130 4478 τῆς
3178 4410 3385 4472 οἰκείας

144 4488 349 4555 τάξεως,
381 4492 499 4562 ἦτοι
520 4491 621 4562 τῆς
646 4491 868 4562 ἐνούσης
908 4491 1251 4563 ἐδραιότητος
1272 4490 1439 4561 αὐτῷ.
1467 4490 1697 4560 Συνάγει
1732 4490 1841 4563 γάρ
1864 4494 1944 4556 εἰς
1968 4495 2125 4547 τοῦτο
2163 4493 2347 4549 λοιπὸν
2373 4495 2481 4550 τῶν
2512 4497 2797 4570 θεομαχεῖν
2832 4500 3099 4554 εἰωθότων
3158 4502 3192 4570 ἡ
3261 4517 3383 4571 μει-

144 4580 392 4651 ρακιώδης
424 4582 692 4647 ἔνστασις.
724 4583 863 4636 Ἀλλ’
888 4582 1117 4654 οἰχέσθω
1150 4580 1249 4653 μὲν
1278 4582 1469 4648 ταῦτα,
1495 4581 1695 4653 πολλὴν
1732 4585 1991 4640 νοσοῦντα
2018 4588 2116 4659 τὴν
2140 4586 2415 4653 ἀϐουλίαν,
2434 4589 2618 4644 εἰσίτω
2646 4608 2708 4659 γε
2740 4590 2846 4662 μὴν
2881 4592 3009 4662 περὶ
3044 4592 3153 4647 τῶν
3208 4592 3382 4662 ἁγίων

145 4668 432 4726 ἀποστόλων
464 4673 595 4743 ἡμῖν
623 4676 652 4726 ὁ
665 4672 856 4741 λόγος.

210 4783 227 4815 ι
270 4764 405 4834 Ἤδη
430 4764 564 4837 γὰρ,
614 4766 797 4835 φησὶν,
835 4767 993 4836 ὑμεῖς
1038 4764 1269 4836 καθαροί
1295 4764 1442 4828 ἐστε,
1476 4763 1565 4818 διὰ
1607 4763 1699 4818 τὸν

1882 4782 1901 4815 σ
1950 4761 2066 4817 Jam
2113 4764 2282 4829 enim,
2332 4764 2533 4835 inquit,
2586 4780 2684 4821 vos
2736 4766 2925 4822 mundi
2959 4768 3116 4833 estis,
3154 4779 3379 4842 propter
3428 4832 3433 4837 _

145 4851 284 4921 λόγον
310 4895 326 4922 ,
386 4856 446 4909 δν
509 4856 786 4927 λελάληκα
838 4859 967 4928 ὑμῖν
1002 4873 1016 4889 ο
1048 4877 1067 4909 ι
1106 4858 1292 4927 ὅμοιον
1351 4855 1482 4908 ὡσεὶ
1532 4855 1701 4925 λέγοι,

149 4944 444 5017 Ιίέπρακται
485 4952 637 5022 παρὰ
685 4948 902 5019 Πατρδς
942 4948 1029 5002 διὰ
1074 4948 1167 5001 τὸν
1200 4948 1334 5018 ἐμὸν
1377 4946 1569 5016 λόγον,
1609 4946 1703 5001 ἐπὶ

151 5038 374 5107 πρώτους
407 5042 575 5112 ὑμᾶς,
611 5043 639 5095 ὁ
665 5042 764 5110 τῆς
789 5039 990 5109 νοητῆς
1016 5038 1111 5092 καὶ
1138 5038 1227 5091 διά
1255 5035 1570 5107 Πνεύματος
1607 5039 1702 5092 καὶ

146 5130 196 5181 ἐν
218 5130 488 5204 Πνεῦματι
522 5134 817 5205 νοουμένης
845 5131 1257 5202 διακαθάρσεως
1297 5130 1520 5201 τρόπος.
1567 5129 1698 5183 Ἰδοὺ

145 5222 241 5277 τῶν
273 5227 491 5282 είκαίων
521 5227 656 5281 ἐθῶν
680 5267 695 5294 ,
744 5228 839 5281 καὶ
880 5225 1208 5297 νεκρότητος
1241 5223 1515 5295 κοσμικῆς
1559 5224 1693 5277 ἀπο-

144 5312 373 5385 δαλόντες
416 5320 518 5391 τὴν
557 5320 776 5391 ὄχλησιν
802 5358 817 5383 ,
859 5318 1069 5388 ἐτοιμοι
1127 5316 1265 5388 πρὸς
1316 5315 1695 5387 καρποφορίαν

145 5407 249 5461 ἐστὶ
276 5410 369 5482 τὴν
402 5411 648 5483 θεοφιλῆ.
699 5412 830 5467 Ἰδοὺ
878 5409 1109 5482 νομικῆς
1159 5406 1545 5479 ἀπηλλάχθητε
1595 5408 1690 5462 καὶ

142 5499 467 5576 ιίκαιοτάτης
514 5503 623 5558 τῶν
693 5503 963 5557 Ἰουδαίων
1024 5503 1420 5573 ἐπιτηρήσεως.
1482 5498 1691 5564 Ἐξεκάρ

141 5590 256 5660 θαρε
283 5593 439 5665 λόγος
484 5596 629 5664 ὑμᾶς
672 5597 701 5648 ὁ
740 5596 889 5667 ἐμός.
933 5594 1009 5647 Οὐ
1058 5593 1166 5664 γάρ
1223 5592 1303 5645 ἐτι
1342 5590 1690 5645 πολιτεύεσθε

140 5679 449 5750 Μωσαῖκῶς,
489 5685 607 5755 ἦτοι
643 5685 784 5740 κατά
815 5685 907 5738 τὸν
939 5682 1033 5737 τοῦ
1083 5680 1308 5751 νομικοῦ
1361 5680 1689 5754 γράμματος

1804 4866 2116 4907 sermonem
2139 4868 2300 4923 quem
2327 4852 2493 4926 873
2524 4856 2741 4912 locutus
2772 4872 2893 4912 sum
2927 4857 3085 4914 vobis
3113 4876 3126 4913 :
3171 4877 3191 4910 ι
3230 4874 3294 4915 ac
3326 4861 3377 4917 si

1800 4943 2032 5008 diceret,
2063 4943 2264 5001 Factus
2308 4955 2394 5001 est
2425 4947 2479 5000 in
2507 4963 2605 5004 vos
2637 4949 2847 5019 primos
2869 4964 2899 5002 a
2932 4947 3115 5014 Patre,
3152 4959 3378 5022 propter

1799 5051 1979 5091 meum
2003 5052 2332 5104 sermonem,
2358 5038 2744 5097 intellectualis
2769 5040 2880 5105 ille,
2898 5048 2952 5095 et
2984 5054 3081 5109 per
3109 5038 3373 5110 Spiritum

1798 5140 1961 5198 atque
1994 5129 2049 5183 in
2078 5127 2305 5199 Spiritu,
2340 5131 2681 5203 purgationis
2704 5130 2919 5184 modus.
2955 5129 3094 5185 Ecce
3126 5140 3371 5188 veterum

1800 5232 2014 5271 morum
2054 5227 2107 5273 et
2145 5218 2436 5275 mundanae
2496 5212 2847 5275 mortalitatis
2877 5217 3089 5289 abjecta
3121 5220 3372 5277 molestia

1801 5307 1868 5362 ad
1905 5308 2123 5378 pietatis
2160 5311 2373 5367 fructus
2403 5310 2784 5383 producendos
2829 5311 3005 5383 parati
3044 5311 3199 5367 estis.
3231 5310 3373 5368 Ecce

1801 5396 1959 5469 legali
1986 5408 2039 5455 et
2069 5402 2236 5456 stulta
2271 5411 2437 5472 atque
2477 5401 2775 5477 vanissima
2808 5399 3124 5458 Judaaorum
3181 5403 3374 5459 obsero

1802 5492 2025 5548 vatione
2086 5494 2249 5549 soluti
2306 5494 2462 5549 estis.
2519 5491 2714 5547 Sermo
2741 5507 2842 5549 vos
2890 5508 3045 5549 meus
3094 5496 3368 5566 purgavit.

1798 5581 1917 5636 Non
1949 5583 2065 5653 jam
2110 5584 2255 5638 enim
2308 5601 2374 5639 ex
2419 5582 2588 5639 Mosis
2650 5584 3234 5656 pmscripto'vivitis,
3275 5596 3370 5639 aut

1794 5676 1948 5748 juxta
1995 5676 2184 5748 legalis
2214 5677 2408 5731 litterae
2442 5674 2663 5733 modum
2691 5695 2705 5735 :
2740 5692 2844 5739 nec
2892 5678 3040 5736 enim
3071 5678 3130 5735 in
3152 5677 3278 5738 cibo
3301 5692 3365 5735 ac
