3998 6318
552 274 655 333 559

1578 257 1633 314 S.
1667 257 1946 315 CYRILLI
1978 257 2444 313 ALEXANDRINI
2477 255 2797 314 ARCHIEP.

3702 258 3811 315 360

548 388 703 450 potu,
739 390 840 432 nec
871 376 925 430 in
960 373 1351 429 lustrationum
1383 373 1661 439 doctrina,
1700 389 1797 429 nec
1821 374 2127 430 oblationi-

2246 376 2466 449 τρόπον’
2502 378 2643 439 οὔτε,
2675 377 2784 448 γάρ
2830 378 2888 430 ὲν
2930 373 3179 446 βρώμασι
3248 373 3345 428 καὶ
3391 375 3654 445 πόμασιν,
3687 377 3808 431 οὔτε

551 469 653 526 bus
725 468 973 524 cruentis
1038 467 1537 522 sanctiﬁcationem
1596 466 1876 537 qumritis,
1920 466 2016 522 sed
2068 467 2126 521 in

551 560 656 615 ﬁde
691 559 846 613 ﬁrma
873 556 1059 627 perﬁci
1094 571 1193 611 vos
1222 557 1465 620 creditis,
1492 566 1549 611 et
1575 571 1674 627 per
1704 571 1925 612 omnem
1957 558 2129 611 actio-

547 667 671 706 nem
712 651 912 705 bonam
948 649 1166 719 placere
1213 648 1325 704 Deo
1376 648 1635 705 studetis.
1677 648 1738 703 In
1789 650 1883 704 his
1924 649 2129 720 quippe

547 743 818 815 spiritalis
856 742 1042 797 cultus
1091 741 1176 796 vis
1207 751 1262 796 et
1293 741 1438 796 ratio
1487 748 1788 810 spectatur.
1839 740 1945 807 Qui
1997 755 2128 813 ergo

551 830 822 903 purgandi
862 831 1110 894 veniunt,
1141 835 1330 894 erunt,
1360 828 1565 897 inquit,
1608 828 1775 885 sicuti
1808 843 1927 885 vos.
1965 827 2131 884 Doce-

551 924 761 979 buntur
785 920 930 975 enim
962 920 1053 991 qui
1083 934 1258 987 nuper
1287 920 1495 976 diaboli
1528 919 1714 991 plagas
1736 925 2126 984 excusserunt,

548 1025 604 1072 et
658 1013 986 1069 idololatriae
1044 1011 1284 1083 expediti
1353 1012 1565 1082 laqueis
1633 1010 1964 1083 eﬁ'ugerunt,
2018 1024 2130 1065 non

552 1108 788 1177 amplius
813 1105 964 1159 illius
998 1103 1180 1160 vivere
1210 1102 1444 1174 legibus,
1479 1102 1599 1167 sed,
1639 1113 1891 1158 veterum
1922 1102 2129 1156 rituum

554 1197 874 1268 impuritate
899 1211 1001 1251 ceu
1035 1195 1194 1250 vanis
1226 1195 1401 1265 paleis
1428 1209 1685 1258 excussa,
1715 1201 1880 1264 atque
1902 1194 1976 1247 ita
2005 1206 2132 1264 pro-

553 1289 828 1347 ducendis
855 1288 1076 1360 pietatis
1110 1287 1390 1343 fructibus
1449 1301 1545 1358 per
1604 1286 1849 1343 divinam
1900 1286 2131 1356 gratiam

556 1381 740 1438 idonei
767 1380 988 1445 redditi,
1020 1380 1306 1450 palmitum
1343 1379 1521 1435 instar
1566 1379 1701 1432 mihi
1748 1376 2129 1439 adhaerebunt,

554 1482 610 1530 et
636 1490 702 1529 ex
735 1472 1005 1528 charitate
1036 1486 1165 1543 erga
1197 1485 1286 1526 me
1316 1470 1617 1540 pendentes
1648 1468 1856 1524 inﬁuxu
1888 1466 2134 1538 Spiritus

506 1613 521 1625 ι
554 1565 724 1620 corde
754 1563 1186 1635 saginabnntur,
1219 1571 1273 1617 et
1308 1576 1441 1617 mete
1470 1562 1731 1617 bonitatis
1762 1559 1992 1631 gratiam
2039 1574 2137 1629 po-

2231 467 2338 538 μὴν
2391 470 2448 521 ὲν
2504 467 2746 538 διδαχαῖς
2803 464 3130 536 βαπτισμῶν
3156 504 3170 528 ,
3230 462 3348 517 ἀλλ’
3400 462 3521 516 οὐδὲ
3568 464 3697 526 ταῖς
3742 460 3810 517 δι’
3918 537 3924 541 ε

2226 560 2474 631 αἱμάτων
2522 559 2914 629 προσαγωγαῖς
2981 555 3342 627 ἐκζητήσεται
3394 553 3528 626 Ῐτρ.
3584 552 3814 626 ἐκζητή-

2230 652 2396 725 σετε]
2426 652 2518 707 τόν
2547 651 2843 723 ἀγιασμὸν,
2883 649 2999 705 ἀλλ’
3027 648 3085 701 ὲν
3119 647 3301 703 πίστει
3330 646 3526 718 βεϐαίᾳ
3567 647 3803 717 πληροῦ-

2230 744 2356 800 σθαι
2387 745 2698 811 πιστεύετε,
2745 744 2840 798 καὶ
2874 742 2963 797 διά
2999 741 3180 811 πάσης
3218 740 3593 810 ἀγαθουργίας
3618 741 3815 811 εὐαρε-

2230 839 2377 890 στεῖν
2403 835 2482 907 τῷ
2510 834 2631 907 Θεῷ
2656 832 3007 898 σπουδάζετε.
3035 831 3334 902 Θεωρεΐται
3375 829 3487 900 γάρ
3514 830 3575 881 ὲν
3604 828 3814 893 τούτοις

2228 930 2328 1001 τῆς
2384 927 2766 1000 πνευματικῆς
2813 923 3073 996 λατρείας
3127 924 3162 994 ὴ
3214 922 3460 993 δύναμις.
3512 921 3577 975 Οἰ
3631 919 3815 975 τοίνυν

2229 1017 2785 1091 ἀποκαθαρθήσεσθαι
2818 1015 3140 1093 μέλλοντες,
3171 1012 3384 1066 ἔσονται
3406 1051 3423 1077 ,
3483 1012 3621 1082 φησί
3643 1051 3658 1076 ,
3693 1008 3814 1063 καθ’

2232 1114 2395 1183 ὑμᾶς.
2424 1110 2885 1181 Παιδευθήσονται
2910 1107 3042 1178 γάρ,
3071 1107 3123 1159 οἰ
3158 1105 3257 1177 μὲν
3294 1103 3418 1174 ἄρτι
3448 1104 3548 1174 τῆς
3572 1101 3669 1155 τοῦ
3698 1100 3808 1154 δια-

2233 1206 2392 1260 ϐόλου
2418 1206 2660 1275 σαγήνης
2693 1201 3139 1272 ὲκδιδράσκοντες
3165 1237 3181 1263 ,
3229 1197 3324 1251 καὶ
3362 1197 3492 1259 τοὺς
3524 1195 3627 1264 τῆς
3659 1193 3814 1247 εἰδω-

2231 1297 2551 1368 λολατρείας
2592 1293 2910 1366 διαδράντες
2968 1290 3195 1362 βρόχους
3217 1330 3233 1355 ,
3289 1286 3476 1342 οὐκέτι
3532 1283 3632 1356 μὲν
3702 1282 3815 1344 τοῖς

2233 1392 2442 1449 ἐκείνου
2467 1385 2843 1443 πολιτεύεσθαι
2861 1383 3068 1455 νόμοις,
3092 1377 3549 1448 ἀποτιναξάμενοι
3568 1374 3629 1429 δὲ
3649 1374 3817 1428 καθά-

2233 1502 2342 1556 περ
2387 1483 2593 1537 εἰκαῖον
2632 1477 2918 1551 συρφετὸν,
2955 1473 3055 1545 τὴν
3080 1471 3188 1526 τῶν
3221 1471 3464 1542 ἀρχαίων
3493 1467 3635 1522 ὲθῶν
3677 1467 3816 1519 ἀκα-

2236 1576 2486 1649 θαρσίαν,
2518 1572 2663 1628 οὕτω
2693 1588 2753 1624 τε
2783 1568 2973 1624 λοιπδν
2996 1565 3288 1637 ἐπιτήδειοι
3318 1563 3456 1635 πρὸς
3475 1564 3538 1615 τὸ
3556 1559 3814 1649 δύνασθαι

557 1665 741 1713 tantes
774 1657 984 1721 vivent,
1017 1664 1183 1725 atque
1214 1654 1280 1709 ad
1317 1655 1572 1726 pietatem
1604 1655 1841 1709 alentur.
1877 1652 2137 1708 Israelita:

2246 1647 2611 1738 καρποφορεῖν
2661 1661 2732 1716 τά
2792 1662 2892 1731 τῆς
2946 1654 3231 1727 θεοφιλοῦς
3282 1655 3484 1727 ἀρετῆς
3537 1652 3698 1724 ἔργα,
3736 1647 3817 1702 διά

556 1766 694 1806 vero
725 1764 853 1805 cum
889 1748 994 1804 ﬁde
1045 1748 1177 1803 mihi
1210 1747 1507 1818 palmitum
1557 1747 1736 1801 instar
1783 1745 2135 1810 adltaaserint,

559 1851 692 1899 tunc
722 1857 881 1910 sane,
918 1849 1051 1897 tunc
1084 1841 1190 1897 mei
1242 1839 1515 1897 sermonis
1549 1838 1928 1911 purgationem
1957 1846 2141 1894 mente

559 1935 952 2006 suscipientes,
980 1948 1090 1989 non
1120 1934 1232 2003 jam
1268 1934 1465 1988 litterae
1510 1933 1795 1989 mordicus
1848 1932 2137 1997 inhaerent,

560 2039 662 2080 nec
720 2025 911 2095 ﬁguris
960 2022 1283 2078 umbraticis
1329 2022 1494 2077 sicuti
1546 2037 1695 2077 nunc
1742 2022 1912 2077 corde
1954 2020 2138 2086 aﬁixi,

558 2132 750 2172 verum
779 2130 844 2173 ac
883 2116 1186 2187 spiritalem
1219 2117 1426 2170 cultum
1463 2113 1574 2169 Deo
1603 2114 1909 2185 proferunt.
1955 2132 1973 2164 ι
2013 2112 2139 2183 Spi-

560 2209 702 2263 ritus
731 2207 877 2263 enim
920 2206 1066 2262 Deus
1097 2214 1206 2272 est,
1238 2213 1286 2262 et
1329 2222 1425 2262 eos
1457 2205 1551 2277 qui
1601 2205 1834 2260 adorant
1875 2219 2001 2260 eum
2023 2244 2038 2271 ,
2085 2203 2140 2257 in

563 2300 759 2371 spiritu
790 2308 844 2354 et
867 2299 1100 2355 veritate
1133 2306 1352 2370 oportet
1388 2298 1624 2354 adorare
1648 2300 1717 2351 “.
1759 2316 1778 2350 ι
1816 2296 1989 2352 Simul
2010 2311 2142 2368 ergo

566 2400 618 2445 et
650 2405 841 2446 eorum
883 2390 978 2461 qui
1011 2391 1282 2463 purgandi
1323 2397 1453 2446 sunt
1484 2390 1722 2444 futuram
1772 2388 2142 2461 pulchritudi-

564 2497 688 2537 nem
717 2482 866 2538 clare
894 2484 1120 2554 exponit
1154 2500 1251 2555 per
1287 2483 1505 2539 modum
1545 2483 1781 2554 exempli
1824 2483 1941 2539 suis
1973 2482 2142 2537 disci-

563 2574 730 2643 pulis,
762 2581 817 2629 et
856 2588 953 2629 eos
982 2575 1157 2645 magis
1182 2575 1472 2646 magisque
1502 2573 1795 2630 conﬁrmat
1827 2572 1894 2629 ad
1918 2574 2143 2629 uberio-

561 2677 675 2721 rem
728 2664 909 2721 adhuc
954 2666 1213 2721 virtutem
1259 2665 1666 2731 assumendam,
1702 2664 2004 2721 ostendens
2043 2679 2139 2721 eos

561 2774 673 2815 non
708 2756 910 2815 frustra
936 2757 1038 2814 sibi
1072 2757 1391 2822 adhaesisse,
1420 2771 1523 2812 nec
1552 2756 1804 2812 inutilem
1847 2755 1930 2811 eis
1963 2754 2140 2812 fuisse

562 2850 868 2927 doctrinam
900 2858 954 2904 et
984 2850 1388 2905 institutionem
1423 2846 1820 2918 evangelicam,
1856 2861 1957 2916 per
1978 2861 2144 2916 quam

566 2941 811 2996 universi
844 2941 998 2998 orbis
1042 2941 1360 2996 hominibus
1398 2954 1558 3011 opem
1597 2937 1818 2994 allaturi
1851 2945 2030 3003 erant,
2062 2952 2148 2993 se-

2238 1762 2336 1831 τῆς
2383 1757 2534 1820 θείας
2581 1752 2992 1824 ἀποδειχθέντες
3046 1750 3298 1823 χάριτος,
3334 1744 3631 1815 κλημάτων
3658 1741 3816 1809 δίκην

2239 1850 2364 1923 ἐμοὶ⁵
2398 1845 2875 1918 προσαφθήσονται
2896 1881 2912 1908 ,
2958 1841 3056 1896 καὶ
3101 1840 3322 1910 ἀγάπης
3350 1837 3452 1908 τῆς
3479 1838 3560 1899 εἰς
3599 1833 3699 1905 ἐμὲ
3732 1832 3819 1899 ἑξ-

2240 1939 2541 2015 ηρτημένοι
2564 1936 2955 2008 πιανθήσονται
2991 1932 3090 2005 τὴν
3118 1931 3345 2003 καρδίαν
3366 1930 3485 1991 ταῖς
3518 1922 3818 1995 τοῦνΠνεύ-

2245 2049 2415 2107 ματος
2437 2028 2767 2103 ἐπιρροίαις,
2809 2025 2905 2081 καί
2942 2023 3040 2096 τὴν
3066 2023 3167 2095 τῆς
3193 2022 3334 2093 ἐμῆς
3361 2019 3695 2088 ἀγαθότητος
3726 2017 3819 2068 ἑκ-

2243 2126 2489 2187 πίνοντες
2535 2120 2695 2193 χάριν
2737 2116 3106 2189 διαξήσονται,
3140 2114 3233 2169 καί
3273 2112 3643 2185 τραφήσονται
3686 2108 3819 2178 πρδς

2242 2216 2546 2271 εὐσέϐειαν.
2579 2214 2643 2266 Oi
2674 2210 2732 2264 δὲ
2782 2208 2889 2283 μὴν
2930 2207 2990 2275 ἐξ
3043 2206 3296 2279 Ἰσραὴλ,
3357 2206 3483 2258 ὅταν
3514 2204 3581 2272 τῇ
3641 2199 3820 2252 πίστει

2244 2307 2649 2385 προσηλωρεῖεν
2680 2304 2823 2376 ἐμοὶ,
2848 2299 3145 2372 κλημάτων
3173 2297 3398 2352 δὲάύτοὶ
3416 2292 3821 2385 παραρτηθεῖεν

2242 2381 2421 2469 δίκην,
2473 2381 2595 2451 τότε
2643 2396 2732 2466 δὴ,
2779 2392 2900 2447 τότε
2932 2391 3031 2463 τὴν
3070 2387 3160 2443 διὰ
3199 2387 3290 2442 τὸν
3336 2386 3467 2457 ἐμὸν
3510 2383 3675 2451 λόγον
3710 2381 3823 2432 δια-

2246 2489 2514 2561 κάθαρσιν
2540 2488 2622 2550 εἰς
2643 2483 2768 2540 νοῦν
2785 2482 3090 2553 δεξάμενοι,
3109 2478 3292 2533 οὐκέτι
3309 2476 3406 2548 μὲν
3428 2476 3493 2545 τῇ
3518 2472 3613 2526 τοῦ
3641 2470 3823 2541 γράμ-

2248 2596 2419 2653 ματος
2465 2575 2794 2650 προσεδρείᾳ
2834 2571 3193 2644 σχολάζουσι,
3243 2568 3369 2622 ούδὲ
3423 2568 3539 2628 τοῖς
3591 2565 3650 2617 ὲν
3694 2564 3825 2632 σκιᾷ

2245 2670 2661 2745 προσπήξαντες
2685 2667 2876 2731 τύποις
2900 2706 2915 2732 ,
2957 2664 3211 2733 καθάπερ
3239 2661 3356 2716 νυνί
3379 2701 3394 2727 ,
3428 2658 3528 2729 τὴν
3571 2654 3823 2728 καρδίαν,

2244 2764 2344 2835 τὴν
2378 2761 2551 2835 ἀληθῆ
2582 2759 2676 2815 καὶ
2717 2760 2775 2813 ὲν
2823 2755 3095 2827 πνεύματι
3127 2752 3383 2824 λατρείαν
3412 2745 3827 2820 καρποφοροῦσι

2245 2849 2324 2922 τῷ
2350 2848 2490 2920 Θεῷ.
2527 2867 2545 2899 ι
2581 2845 2808 2918 Πνεῦμα
2853 2846 2964 2917 γάρ
3009 2845 3038 2899 ὁ
3082 2843 3244 2909 Θεὸς,
3297 2841 3550 2901 καὶτοὺς
3581 2852 3825 2908 προσκυο

2247 2941 2471 3006 νοῦντας
2504 2939 2687 3006 αὑτὸν,
2717 2940 2774 2992 ὲν
2801 2938 3075 3008 πνεύματι
3101 2936 3196 2991 καὶ
3238 2934 3466 3007 ἀληθείᾳ
3488 2932 3569 2985 δεῖ
3591 2946 3827 3002 προσκυο

525 3092 533 3100 ,
563 3032 715 3103 ipsos
749 3033 1059 3103 exemplum
1095 3032 1447 3088 credentibus
1481 3032 1538 3086 in
1571 3029 1852 3086 Christum
1897 3031 2140 3102 praeben-

2247 3034 2380 3088 νεῖν.
2421 3029 2658 3102 ι”ῡμοῦ
2703 3028 3028 3102 τοιγαροῦν,
3070 3028 3164 3082 καὶ
3205 3027 3315 3081 τῶν
3364 3025 3667 3097 μελλόντων
3712 3021 3830 3074 δια⁴

566 3133 672 3178 tes.
706 3123 984 3193 Scriptum
1013 3122 1160 3178 enim
1188 3122 1380 3179 est‘de
1404 3122 1634 3188 sanctis,
1666 3121 1874 3177 exitum
1912 3137 2148 3178 conver-

566 3214 800 3268 sationis
831 3214 1000 3287 874
1032 3229 1222 3269 eorum
1275 3229 1400 3271 esse
1445 3213 1831 3285 spectandum,
1877 3224 1933 3270 et
1985 3214 2146 3270 ﬁdem

567 3303 893 3360 imitandam
920 3307 1010 3364 ²²¹.
1043 3305 1247 3362 Paulus
1271 3313 1454 3362 autem
1484 3306 1648 3361 etiam
1684 3305 1753 3361 ad
1783 3304 2148 3361 imitationem

571 3394 656 3447 sui
682 3392 873 3451 ﬁdeles
898 3396 1100 3466 saepius
1131 3396 1329 3451 invitat
1353 3396 1423 3450 ³³.

2244 3123 2693 3197 καθαρθήσεσθαι
2732 3122 2921 3192 σαφῶς
2951 3121 3190 3177 δεικνύει
3236 3119 3296 3173 τὸ
3329 3118 3587 3189 ἐσόμενον
3632 3112 3828 3176 κάλλος

2244 3220 2321 3285 ὡς
2343 3221 2399 3273 ὲν
2422 3217 2787 3288 ὑποδείγματι
2816 3217 2930 3279 τοῖς
2960 3212 3152 3268 ἑαυτοῦ
3179 3211 3468 3284 μαθηταῖς,
3500 3208 3597 3262 καὶ
3630 3202 3827 3267 αὐτοὺς

2244 3309 2302 3364 δὲ
2351 3308 2611 3380 μειζόνως
2651 3304 3086 3378 παραθαρσύνει,
3133 3305 3270 3375 πρὸς
3300 3300 3568 3372 ἀνάληψιν
3596 3298 3695 3367 τῆς
3749 3297 3829 3348 ἔτι

2249 3398 2655 3472 πλουσιωτέρας
2677 3397 2906 3470 ἀρετῆς,
2924 3397 3025 3450 οὐκ
3052 3394 3266 3449 εἰκαίαν
3294 3394 3474 3455 αὐτοῖς
3494 3385 3830 3460 γεγενῆσθαι

567 3484 667 3556 τὴν
692 3486 1052 3557 προσεδρείαν
1074 3525 1088 3548 ,
1117 3486 1212 3539 καὶ
1238 3484 1337 3556 τὴν
1363 3486 1429 3539 ὲκ
1459 3485 1559 3556 τῆς
1590 3486 1963 3558 γεγενημένης
2018 3485 2371 3552 διδασκαλίας
2417 3486 2708 3554 ἀποδείξας
2748 3485 3029 3541 παίδευσιν
3049 3522 3065 3549 ,
3122 3481 3483 3551 εύαγγελικῆς
3543 3479 3601 3533 δὲ
3639 3477 3831 3547 δηλον-

571 3579 657 3633 ότι
689 3579 891 3651 φαμὲν,
949 3579 1015 3633 δι’
1060 3573 1129 3651 ἧς
1161 3578 1386 3651 ἔμελλον
1429 3578 1586 3632 αὐτοὶ
1616 3581 1745 3645 τοὺς
1788 3580 1935 3636 κατὰ
1970 3583 2151 3636 πᾶσαν
2188 3580 2349 3646 ὄντας
2385 3582 2602 3654 ὀνήσειν
2633 3581 2733 3652 τὴν
2761 3578 3114 3652 οἰκουμένην,
3138 3576 3367 3641 ἑαυτοὺς
3404 3576 3483 3639 εἰς
3543 3570 3833 3627 ὑποτύπωο

572 3686 657 3725 σιν
722 3673 837 3736 τοῖς
888 3673 969 3736 είς
1029 3673 1265 3744 Χριστὸν
1305 3670 1624 3725 πιστεύουσι
1672 3672 2059 3745 παρεχόμενοι.
2108 3671 2423 3745 Γέγραπται
2475 3672 2585 3745 γὰρ
2631 3673 2761 3745 περὶ
2808 3671 2917 3725 τῶν
2976 3670 3191 3740 ἀγίων,
3247 3669 3324 3733 ὡς
3378 3668 3651 3740 προσήκει
3722 3664 3825 3735 μὲν

569 3760 750 3817 αὐτῶν
776 3762 1110 3833 ἀναθεωρεῖν
1133 3762 1231 3832 τὴν
1252 3761 1479 3817 ἔκϐασιν
1508 3762 1608 3834 τῆς
1640 3764 2009 3835 ἀναστροφῆς,
2054 3764 2148 3818 καὶ
2183 3764 2354 3837 αὐτὴν
2379 3764 2436 3818 δὲ
2467 3763 2754 3836 μιμεῖσθαι
2787 3762 2886 3835 τὴν
2927 3763 3133 3817 πίστιν.
3171 3759 3396 3815 Ἑαυτοῦ
3458 3759 3518 3813 δὲ
3579 3757 3831 3825 γίνεσθαι

573 3855 819 3928 μιμητάς
854 3857 980 3921 τοὺς
1006 3857 1084 3927 τῷ
1126 3856 1245 3929 Θεῷ
1268 3856 1636 3929 λατρεύοντας
1666 3856 1968 3930 προτρέπει
1997 3858 2093 3911 καὶ
2124 3859 2153 3912 ὁ
2189 3857 2420 3922 Παῦλος.

644 3944 762 4015 XV,
801 3947 858 4001 4.
888 3946 1099 4002 Matme
1134 3949 1188 4003 in
1220 3965 1319 4015 me,
1350 3958 1401 4004 et
1432 3965 1526 4021 ego
1562 3949 1618 4004 in
1645 3947 1813 4022 vobis,
1852 3947 2007 4004 Sicut
2027 3948 2147 4018 pal-

571 4054 679 4093 mes
706 4054 810 4103 non
836 4047 1007 4106 potest
1028 4039 1166 4108 ferre
1194 4038 1428 4109 fructum
1455 4057 1488 4093 a
1532 4039 1830 4109 semetipso,
1861 4039 1968 4094 nisi
1995 4056 2148 4094 man-

573 4129 702 4183 serit
724 4129 781 4183 in
812 4129 913 4185 vite
935 4170 952 4197 ,
973 4131 1048 4185 sic
1070 4147 1163 4186 nec
1199 4148 1309 4199 vos,
1345 4134 1452 4188 nisi
1480 4132 1534 4186 in
1565 4147 1648 4187 me
1678 4133 2002 4188 manseritis.

644 4307 860 4364 Rursus
883 4315 1140 4363 accurate
1169 4308 1351 4364 locum
1382 4309 1532 4365 hunc
1558 4309 1960 4381 perpendentes
1981 4323 2151 4380 agno-

578 4413 798 4456 scemns
834 4399 1071 4469 primum
1112 4415 1251 4471 opus
1284 4400 1547 4458 salutaris
1577 4415 1641 4456 ac
1671 4401 1776 4472 piae
1822 4415 1971 4456 curae
2003 4414 2148 4463 esse,

578 4504 676 4561 per
701 4488 863 4544 ﬁdem
921 4489 1196 4545 sinceram
1231 4505 1299 4547 ac
1327 4506 1515 4548 veram
1559 4505 1590 4547 a
1639 4491 1863 4547 Christo
1918 4491 2149 4562 suscipi.

578 4580 700 4637 Hoc
742 4582 888 4636 enim
942 4589 1028 4638 est
1067 4583 1282 4639 censeri
1330 4583 1549 4640 demum
1590 4585 1733 4639 inter
1768 4582 2022 4652 palmites
2056 4584 2152 4654 qui

573 4686 719 4730 verat
741 4674 860 4740 viti,
893 4674 951 4729 id
979 4685 1064 4732 est
1089 4674 1313 4731 Christo
1340 4675 1642 4731 adhaerent.
1675 4673 1944 4731 Secundae
1970 4682 2152 4732 autem

574 4780 721 4821 cura:
752 4765 992 4822 fructum
1025 4781 1151 4823 esse
1172 4780 1319 4836 reor,
1345 4766 1499 4821 nullo
1529 4766 1694 4822 modo
1733 4767 1910 4838 prima
1938 4767 2033 4822 illa
2065 4767 2152 4822 in-

573 4856 853 4925 feriorem,
891 4857 1006 4914 imo
1044 4856 1315 4927 majorem
1367 4856 1793 4914 sollicitudinem
1857 4858 1917 4913 in
1968 4857 2152 4929 seipse

571 4948 973 5013 continentem,
1015 4948 1301 5002 adhaerere
1347 4947 1605 5003 nimirum
1647 4964 1713 5005 ac
1754 4947 1984 5005 ﬁrmiter
2019 4965 2153 5006 con-

567 5037 726 5112 iungi
754 5039 865 5096 Deo
898 5054 999 5110 per
1026 5038 1353 5094 charitatem
1383 5053 1693 5109 operosam,
1723 5056 1846 5112 quae
1875 5041 2053 5097 sancti
2087 5055 2153 5097 ac

574 5130 749 5186 divini
774 5129 1017 5185 mandati
1040 5128 1433 5200 perfectionem
1455 5128 1726 5189 continet.
1744 5132 1859 5188 Hoc
1880 5132 2025 5188 enim
2049 5147 2152 5188 nos

574 5220 631 5274 in
668 5234 734 5274 eo
772 5218 1051 5275 indivulse
1092 5221 1365 5277 exsistere
1402 5227 1457 5278 et
1494 5222 1763 5280 inhaerere
1798 5223 1952 5289 facit,
1983 5222 2143 5294 juxta

570 5309 703 5363 illud
720 5307 1030 5365 Psalmistaa
1054 5328 1068 5366 :
1101 5329 1121 5364 ι
1144 5311 1391 5370 Adhaesit
1419 5314 1603 5369 anima
1635 5328 1757 5370 mea
1786 5321 1912 5385 post
1940 5321 1994 5370 te
2016 5315 2136 5369 ³³⁸.»

568 5398 689 5454 Non
726 5398 959 5483 suﬁiciet
988 5401 1152 5475 igitur
1180 5404 1340 5461 nobis
1387 5403 1456 5461 ad
1487 5403 1722 5460 solidam
1754 5403 1923 5458 animi
1985 5411 2138 5459 tran-

568 5487 891 5560 quillitatcm
920 5496 976 5553 et
997 5492 1355 5564 voluptatem,
1391 5492 1508 5549 sive
1543 5492 1612 5548 ad
1642 5490 2136 5550 sanctiﬁcationem

2322 3951 2579 4006 Μείνατε
2627 3950 2698 4004 ἐν
2740 3949 2871 4020 ἐμοὶ
2896 3988 2912 4015 ,
2963 3947 3125 4017 κάγὼ
3172 3947 3242 4001 ἐν
3289 3943 3451 4014 ὑμῖν.
3500 3942 3710 4008 Καθὼς
3762 3941 3831 3995 τὸ

2254 4040 2460 4112 κλῆμα
2506 4042 2579 4096 οὐ
2617 4040 2868 4096 δύναται
2919 4039 3125 4111 φέρειν
3171 4037 3407 4108 καρπὸν
3447 4035 3547 4105 ἀφ’
3586 4032 3828 4095 ἑαυτοῦ,

2253 4132 2363 4188 ἐὰν
2392 4134 2479 4205 μὴ
2502 4134 2683 4204 μείνῃ
2714 4134 2785 4188 ὲν
2814 4133 2889 4203 τῇ
2926 4131 3177 4202 ἀμπέλῳ
3198 4171 3213 4197 ,
3245 4130 3435 4195 οὕτως
3461 4127 3608 4182 οὐδὲ
3635 4124 3827 4195 ὑμεῖς,

2253 4225 2363 4280 ἐὰν
2393 4224 2477 4297 μὴ
2518 4226 2588 4281 ἐν
2619 4225 2748 4296 ἐμοὶ
2771 4226 3036 4296 μείνητε.

2326 4317 2599 4388 Είσόμεθα
2622 4316 2805 4382 πάλιν,
2837 4317 2933 4370 καὶ
2964 4315 3055 4371 διά
3081 4315 3181 4387 τῆς
3212 4315 3269 4368 ὲν
3301 4316 3415 4376 τοῖς
3442 4308 3830 4381 προκειμένοις

2254 4408 2515 4480 ἀκριϐοῦς
2556 4409 2810 4481 θεωρίας,
2851 4409 2928 4473 ὡς
2957 4408 3062 4479 ἀρα
3105 4409 3225 4461 ἐστὶ
3264 4404 3477 4477 πρῶτον
3521 4403 3623 4473 μὲν
3671 4400 3831 4472 ἔργον

2253 4500 2491 4571 σπουδῆς
2530 4501 2834 4569 ἀναγκαίας
2888 4500 2995 4554 καὶ.
3033 4496 3349 4568 θεοφιλοῦς,
3396 4495 3459 4549 τὸ
3485 4490 3831 4564 εἰσδεχθῆναι

2249 4590 2340 4646 διὰ
2384 4590 2483 4661 τῆς
2532 4590 2769 4654 πίστεως
2814 4590 2916 4661 τῆς
2973 4587 3298 4659 εἰλικρινοῦς
3353 4603 3414 4640 τε
3467 4586 3561 4639 καὶ
3593 4581 3829 4655 ἀληθοῦς

2252 4679 2403 4752 παρά
2446 4678 2707 4751 Χριστοῦ.
2759 4679 2922 4733 Τουτί
2959 4678 3069 4750 7&9
3112 4676 3181 4732 ἃν
3234 4675 3322 4747 εῐη
3369 4674 3430 4729 τὸ
3472 4672 3831 4746 ἀριθμεῖσθαι

2251 4770 2436 4823 λοιπὸν
2466 4772 2523 4824 ὲν
2554 4770 2797 4842 κλήμασι
2825 4771 2939 4833 τοῖς
2971 4772 3039 4841 τῇ
3064 4768 3297 4840 ἀμπέλῳ
3322 4765 3741 4839 προσπεφυκόσι
3767 4765 3829 4833 τῇ

2249 4861 2519 4933 ἀληθινῇ,
2582 4863 2731 4934 φημὶ
2785 4861 2849 4934 δὴ
2903 4861 3147 4932 Χριστῷ.
3208 4859 3479 4931 Δευτέρας
3521 4857 3604 4922 δὲ,
3655 4853 3828 4927 οἶμαι.

2251 4951 2531 5023 φροντίδος
2556 4950 2772 5022 καρπὸς
2793 4994 2807 5019 ,
2839 4950 2960 5005 κατ’
2991 4949 3183 5004 οὐδένα
3220 4949 3420 5021 τρόπον
3465 4949 3565 5018 τῆς
3605 4945 3829 5018 πρώτης

2254 5042 2741 5112 μειονεκτούμενος
2759 5083 2775 5109 ,
2823 5041 3022 5114 μᾶλλον
3051 5041 3110 5096 δὲ
3141 5039 3543 5110 συντονωτέραν
3571 5037 3714 5109 ἔχων
3746 5036 3827 5106 ἐφ’

2251 5132 2429 5204 ἑαυτῷ
2449 5132 2548 5204 τήν
2577 5133 2867 5206 μέριμναν,
2891 5133 2951 5188 τὸ
2970 5134 3308 5206 ἐνηρμόσθαι
3332 5132 3525 5203 φιλεῖν,
3548 5130 3644 5184 καί
3658 5128 3829 5202 ἀπρὶξ

2249 5223 2472 5295 ἔχεσθαι
2526 5221 2619 5277 τοῦ
2668 5223 2844 5291 Θεοῦ,
2887 5224 2976 5278 διά
3022 5224 3122 5296 τῆς
3163 5227 3221 5278 ὲν
3271 5224 3459 5297 ἔργοις
3494 5221 3723 5293 ἀγάπης
3746 5220 3826 5289 »ἦ

2249 5315 2385 5389 [Υρο
2534 5315 2628 5368 καὶ
2659 5314 2760 5386 τῆς
2803 5316 2965 5384 ἁγίας
3007 5333 3066 5370 τε
3120 5318 3217 5371 καί
3263 5316 3413 5380 θείας
3463 5313 3683 5387 ἐντολῆς
3733 5310 3830 5380 τὴν

2253 5404 2532 5477 πλήρωσιν
2560 5403 2695 5474 ἔχει.
2738 5403 2909 5459 Τοῦτο
2953 5406 3064 5478 γὰρ
3111 5408 3257 5478 ἡμᾶς
3309 5406 3691 5468 άδιασπάστως
3746 5405 3828 5457 tv-

2244 5494 2515 5566 υπάρχειν
2568 5493 2750 5566 αύτῷ,
2801 5497 2896 5549 καὶ
2942 5498 3297 5570 ὲμπεπῆχθαι
3329 5501 3505 5567 ποιεῖ,
3548 5494 3689 5551 κατά
3735 5500 3828 5551 τὶν

638 5670 684 5702 ⁸¹
711 5668 870 5725 Joan.
900 5686 988 5736 tv,
1027 5670 1115 5727 24.
1194 5676 1259 5707 ’ν
1288 5672 1455 5730 Hebr.
1487 5690 1607 5745 xm,
1652 5677 1703 5731 7.
1780 5677 1825 5758 ξ’
1857 5679 1874 5732 Ι
1916 5676 2043 5734 Cor.
2080 5694 2133 5735 tv

2246 5677 2290 5747 i;
2332 5694 2413 5743 ιι,
2456 5680 2507 5733 1.
2586 5678 2651 5712 ’³⁸
2681 5678 2828 5735 Psal.
2859 5693 2991 5745 tht,
3035 5678 3087 5734 9.
