3998 6318
184 319 271 376 561

1219 318 1287 374 ιΝ
1308 318 1590 377 JOANNIS
1630 319 2083 380 EVANGELIUM
2123 324 2250 379 LIB.
2292 323 2358 380 Χ.

3299 323 3405 380 362

184 434 391 503 λέγοντα
411 428 746 503 Ψαλμῳδόν·
781 451 801 484 ι
847 431 1198 506 Ἐκολλήθηή
1237 436 1383 510 ψυχή
1418 455 1519 510 μου
1554 438 1733 491 ὀπίσω

1847 456 1943 511 qua
1972 441 2284 498 sanctiﬁcat
2312 455 2414 497 nos
2431 438 2707 504 Christus,
2731 439 2941 510 suscipi
2972 439 3195 510 quidem
3226 440 3405 495 instar

185 540 288 578 σου.
321 540 339 574 ι
375 523 489 575 Οὐκ
517 522 740 592 ἀρκέσει
784 522 1071 593 τοιγαροῦν
1118 524 1253 595 πρὸς
1285 527 1576 599 ὀλόκληρον
1603 528 1735 597 ἡμῖν

185 612 462 685 θυμηδίαν,
498 613 616 683 ἤτοι
657 613 794 684 πρὸς
820 614 1094 686 ἀγιασμὸν
1117 657 1131 683 ,
1163 618 1254 670 τὸν
1282 618 1357 682 ὡς
1393 619 1483 671 ἐπὶ
1524 617 1737 671 ἐκθέσει

185 704 266 759 τοῦ
293 701 605 771 ἁγιάζοντος
631 706 779 775 ἡμᾶς
811 706 1087 777 Χριστοῦ,
1146 707 1206 761 τὸ
1251 708 1584 780 εἰσδεχθῆναι
1616 708 1735 780 μὲν,

185 795 251 858 ὡς
270 796 323 847 ἐν
352 793 501 858 τάξει
535 794 833 866 κλημάτων
855 814 868 827 ·
904 799 1102 871 χρῆναι
1133 800 1189 852 δέ
1220 799 1356 872 πρὸς
1388 800 1548 854 τοῦτό
1572 819 1734 871 φημι,

186 888 270 943 καὶ
297 886 352 940 τὸ
388 887 474 940 διὰ
516 887 616 956 τῆς
651 887 862 952 τελείας
900 906 958 943 τε
1013 891 1105 944 καὶ
1150 891 1467 955 ἀνελλιποῦς
1515 893 1738 961 ἀγάπης

190 977 401 1046 γνησίως
446 975 780 1029 ἀκολουθεῖν.
860 979 948 1031 Ἐν
997 979 1107 1050 γὰρ
1157 980 1222 1052 δὴ
1271 980 1448 1052 τούτῳ
1506 982 1739 1051 μάλιστα

186 1066 349 1131 καλῶς
382 1065 447 1119 ἂν
473 1067 588 1137 ἔχοι
627 1068 716 1121 καὶ
751 1069 979 1134 σώζοιτο
1019 1070 1116 1137 τῆς
1148 1071 1206 1125 ἐν
1240 1073 1512 1141 πνεύματι
1545 1071 1739 1137 κολλή-

188 1177 307 1222 σεως
340 1159 655 1230 νοουμένης,
689 1160 806 1231 ῆτοι
841 1161 1134 1229 συναφείας
1167 1163 1200 1232 ὴ
1233 1161 1480 1233 δύναμις.
1519 1162 1738 1234 Ἐπειδὴ

183 1251 345 1304 τοίνυν
375 1250 480 1321 ἔφη
529 1252 763 1323 Χριστὸς
801 1255 913 1316 τοῖς
958 1252 1151 1306 ἑαυτοῦ
1207 1254 1505 1324 μαθηταῖς·
1544 1274 1561 1307 ι
1599 1254 1738 1324 Ἤδη

186 1341 329 1411 ὑμεῖς
348 1342 577 1412 καθαροί
605 1345 750 1407 ἐστε,
772 1342 861 1396 διὰ
881 1343 970 1397 τὸν
987 1343 1143 1412 λόγον
1164 1340 1222 1397 ὃν
1247 1343 1517 1415 λελάληκα
1540 1345 1688 1415 ὑμῖν⁸
1715 1362 1734 1396 ι

189 1436 265 1487 ἴνα
296 1435 365 1505 μή
398 1452 484 1498 τις
512 1435 721 1508 οἰηθείη
771 1438 901 1491 ποτέ
954 1436 1062 1491 τῶν
1098 1436 1245 1502 ams
1292 1438 1738 1510 κεκαθαρμένων,

183 1524 520 1589 ἀδιαπτώτως
550 1525 692 1597 ἔχειν
718 1527 1001 1590 δύνασθαι,
1025 1527 1119 1581 καὶ
1149 1528 1199 1580 εἰ
1235 1529 1308 1598 μή
1332 1544 1453 1580 τινα
1478 1527 1636 1598 τυχὸν
1660 1528 1740 1591 εἰς

184 1615 236 1667 τὺ
258 1610 312 1667 εὖ
334 1611 469 1668 εἶναι
495 1620 697 1670 ποιοῖτο
719 1617 975 1689 σπουδὴν,
1001 1619 1421 1689 προσεπιτάττοι
1449 1617 1563 1690 [ῃο.
1582 1635 1743 1690 προσ-

184 1705 485 1778 επιτάττει]
514 1707 820 1779 χρησίμως,
845 1708 927 1761 ὅτι
961 1711 1228 1780 προσήκοι
1265 1710 1451 1780 μένειν
1479 1712 1537 1763 ἐν
1565 1708 1738 1779 αὐτῷ.

1837 532 2149 602 palmitum,
2183 531 2276 588 sed
2312 540 2574 602 praeterea
2622 546 2719 601 per
2746 531 3072 588 eharitatem
3104 531 3403 602 perfectam

1838 629 1893 676 et
1944 620 2339 677 indesinentem
2405 623 2620 678 sincere
2668 610 2981 691 sequendus
3023 634 3130 678 est.
3186 632 3246 678 tn
3300 622 3407 675 huc

1838 711 1984 766 enim
2019 712 2368 781 potissimum
2409 712 2669 768 consistit
2698 721 2753 768 et
2787 721 3036 769 servatur
3068 714 3152 770 vis
3176 724 3231 770 et
3265 715 3404 767 ratio

1840 801 2249 871 coniunctionis
2297 804 2582 874 spiritalis.
2617 802 2886 869 Quoniam
2919 820 3052 875 ergo
3085 805 3224 860 dixit
3246 803 3406 859 Chri-

1840 902 1958 948 stus
1993 895 2109 949 suis
2137 895 2463 965 discipulis:
2493 913 2512 946 ι
2545 893 2665 948 Jam
2693 910 2787 949 vos
2811 895 2997 950 mundi
3019 897 3154 952 estis
3186 906 3408 967 propter

1841 998 2148 1039 sermonem
2194 1001 2356 1054 quem
2402 986 2620 1041 locutus
2671 1001 2791 1041 sum
2849 986 3045 1041 vobis:
3085 1005 3105 1039 ι
3161 1001 3233 1042 ne
3283 986 3411 1057 quis

1842 1074 2010 1130 semel
2071 1082 2338 1146 purgatus
2376 1090 2407 1130 a
2463 1090 2598 1130 casu
2663 1076 2963 1130 immunem
3032 1090 3094 1131 se
3149 1083 3406 1145 putaret,

1840 1167 2050 1222 etiamsi
2082 1169 2286 1222 nullam
2320 1168 2386 1222 ad
2415 1167 2468 1222 id
2489 1182 2677 1223 curam
2704 1167 2978 1232 adhibeat,
3018 1167 3225 1222 utiliter
3256 1167 3410 1236 jubet

1842 1254 1897 1308 in
1926 1270 1993 1310 eo
2023 1271 2365 1326 permanere.
2395 1256 2669 1323 Quidnam
2698 1265 2881 1313 autem
2924 1258 3075 1313 aliud
3106 1258 3255 1313 istud
3300 1266 3405 1319 est,

1842 1360 2002 1415 quam
2033 1349 2178 1417 quod
2209 1362 2306 1417 per
2343 1347 2574 1403 Paulum
2601 1357 2749 1404 recte
2771 1348 2977 1404 dicitur
3002 1366 3019 1402 ι
3058 1367 3076 1400 ι
3107 1346 3291 1414 Quare
3313 1351 3409 1418 qui

1841 1437 1949 1494 sibi
2006 1439 2219 1495 videtur
2260 1448 2436 1505 stare,
2486 1441 2669 1496 videat
2706 1455 2776 1495 ne
2808 1440 2971 1495 cadat
2992 1438 3106 1491 “'?
3144 1456 3163 1488 ι
3203 1436 3407 1492 lnﬁniti

1842 1529 1988 1583 enim
2032 1529 2219 1600 lapsus
2252 1532 2420 1586 etiam
2461 1531 2531 1586 iis
2564 1539 2868 1587 occurrunt
2898 1532 2991 1601 qui
3039 1530 3144 1586 sibi
3169 1531 3282 1600 jam
3314 1528 3411 1583 lir-

1843 1619 2004 1674 miter
2035 1628 2184 1676 stare
2221 1621 2502 1685 videntur,
2531 1622 2636 1677 nisi
2670 1624 2908 1678 maxime
2940 1622 3198 1678 studeant
3225 1620 3281 1675 in
3345 1637 3412 1676 eo

1843 1711 1898 1764 in
1930 1724 2040 1779 quo
2071 1718 2202 1767 sunt
2231 1711 2407 1780 gradu
2444 1711 2674 1768 ﬁrmiter
2708 1713 2934 1768 haerere.
2959 1712 3197 1770 Necesse
3229 1719 3409 1768 autem

184 1799 276 1850 Kal
305 1797 355 1849 τί
382 1773 743 1865 toxico-socii;
770 1773 1017 1871 Ἕτερον.
1037 1773 1209 1865 οὐδέν,
1239 1773 1312 1864 ῶς
1336 1801 1401 1869 γέ
1432 1818 1521 1871 μοι
1550 1773 1737 1871 φαίνε-

1847 1810 1948 1866 est,
1974 1801 2193 1873 Opinor,
2229 1818 2330 1860 nos
2360 1818 2577 1859 omnem
2614 1818 2802 1859 curam
2837 1820 2900 1860 ac
2934 1806 3273 1878 vigilantiam
3313 1803 3413 1858 ad-

182 1907 279 1954 ται,
311 1887 510 1959 μᾶλλον
556 1888 613 1942 δὲ
652 1889 898 1961 ἐναργῶς
930 1892 991 1945 τὸ
1032 1892 1121 1946 διὰ
1166 1892 1260 1946 τοῦ
1297 1890 1512 1946 Παύλου
1560 1893 1740 1957 καλῶς

183 1979 456 2049 εἰρημένον
480 1993 493 2008 ο
530 1997 549 2030 ι
584 1980 748 2032 Ὥστε
795 1982 823 2034 6
855 1981 1030 2034 δοκῶν
1072 1982 1326 2050 ἑστάναι,
1385 1982 1629 2053 βλεπέτω
1666 1984 1740 2054 μὴ

183 2072 332 2142 πέσῃ.
363 2090 381 2122 ι
418 2072 605 2143 Μυρία
627 2072 735 2142 γὰρ
762 2071 827 2126 ἂν
853 2073 947 2126 καὶ
971 2076 1084 2137 τοῖς
1109 2074 1208 2146 ἤδη
1237 2073 1469 2145 βεϐαίως
1496 2070 1742 2129 δοκοῦσιν

183 2163 389 2217 ἑστάναι
417 2164 753 2235 συναντήσαι
789 2164 862 2219 τὰ
883 2164 1252 2238 ὀλισθήματα,
1289 2165 1365 2238 μὴ
1395 2165 1516 2237 οὐχὶ
1535 2164 1743 2235 διεδρά-

183 2255 297 2307 σθαι
315 2253 495 2318 καλῶς
519 2257 578 2308 ἐν
601 2250 797 2327 οἷσπερ
825 2257 890 2311 ἂν
916 2253 1150 2324 εἷεν,διά
1179 2257 1380 2329 πολλῆς
1399 2258 1536 2326 ἄγαν
1567 2272 1743 2310 ποιου-

184 2347 355 2415 μένοις
392 2346 650 2415 σπουδῆς.
702 2349 792 2399 Δεῖ
836 2347 916 2413 δέ,
961 2344 1110 2420 οἶμαι
1139 2387 1157 2414 ,
1211 2350 1305 2403 καὶ
1359 2348 1541 2418 πάσης
1595 2348 1742 2419 ἡμᾶς

182 2437 350 2504 ἀξιοῦν
391 2439 693 2502 ἐπιεικείας
718 2440 813 2493 καὶ
842 2439 1058 2511 νήψεως
1082 2442 1152 2494 τὰ
1190 2441 1312 2495 καθ’
1342 2440 1606 2505 ἑαυτοὺς,
1639 2439 1742 2493 κᾶν

181 2526 490 2599 ἐρηρεῖσθαί
522 2547 637 2593 πως
666 2529 796 2601 δοκῇ
829 2547 935 2595 τις,
976 2531 1042 2584 δι’
1078 2532 1319 2585 ἐπίδοσιν
1348 2531 1447 2601 τὴν
1472 2530 1571 2601 ἤδη
1606 2546 1745 2601 προ-

181 2619 484 2691 ηνυσμένην
519 2621 599 2683 εἰς
632 2621 970 2691 κατόρθωσιν
995 2622 1239 2691 ἀγαθῶν.
1281 2621 1504 2675 Ὀποίαν
1531 2620 1639 2692 γάρ
1660 2637 1747 2685 τις

182 2710 268 2763 καὶ
299 2710 427 2782 ὅσην
459 2710 722 2781 ὑπομένει
760 2711 859 2783 τὴν
887 2712 1112 2781 ζημίαν,
1149 2714 1248 2782 τῆς
1278 2715 1415 2783 πρὸς
1448 2711 1579 2766 Θεὸν
1610 2728 1748 2782 συμ-

182 2802 333 2868 φυΐας
386 2803 841 2873 ἀποκεκομμένος
893 2802 1081 2874 ὥσπερ
1142 2802 1232 2857 διὰ
1291 2803 1385 2856 τοῦ
1441 2804 1527 2872 ἐφ’
1578 2801 1615 2857 ἃ
1673 2801 1749 2874 μὴ

182 2893 448 2963 προσῆκεν
506 2894 572 2947 ἐκ
626 2893 901 2964 ῥᾳθυμίας
969 2893 1351 2965 παρολισθεῖν,
1428 2891 1747 2966 παρέδειξεν

181 2986 487 3054 ἀναγκαίως
525 2987 765 3039 ἐπειπών
788 3001 802 3016 ·
837 3004 854 3037 ι
898 2984 1096 3049 Καθὼς
1130 2984 1191 3038 τδ
1215 2985 1401 3057 κλῆμα
1438 2986 1497 3039 οὺ
1523 2984 1750 3039 δύναται

1840 1893 2051 1960 bibere,
2081 1895 2333 1965 quamvis
2358 1910 2651 1967 progressu
2675 1896 2745 1950 ad
2785 1897 2923 1952 bene
2952 1896 3221 1968 agendum
3260 1912 3415 1952 cum-

1841 1986 2036 2055 primis
2076 1986 2323 2044 ﬁrmatos
2347 1995 2400 2043 et
2432 1987 2713 2043 stabilitos
2742 2002 2844 2044 nos
2873 1997 3150 2057 putemus.
3184 1986 3414 2054 Qualem

1841 2077 1987 2132 enim
2018 2085 2073 2133 et
2101 2085 2367 2147 quantam
2391 2077 2664 2147 jacturam
2699 2077 2957 2149 patiatur,
2989 2077 3155 2148 875
3198 2078 3293 2147 qui
3319 2092 3416 2148 per

1843 2167 2234 2238 negligentiam
2264 2168 2320 2222 in
2343 2167 2474 2222 vitia
2504 2168 2868 2237 prolabendo,
2900 2183 2931 2222 a
2963 2166 3058 2225 Dei
3090 2168 3418 2239 cognatione

1845 2256 2081 2327 quodam
2117 2256 2281 2313 modo
2306 2265 2558 2315 resectus
2596 2257 2785 2326 fuerit,
2811 2259 3028 2314 utiliter
3059 2257 3306 2315 ostendit
3331 2258 3418 2314 his

1843 2349 2067 2405 verbis:
2097 2366 2115 2400 ι
2159 2348 2313 2405 Sicut
2334 2350 2545 2420 palmes
2570 2365 2680 2405 non
2709 2358 2891 2421 potest
2931 2349 3075 2405 ferre
3103 2349 3345 2405 fructum
3388 2365 3419 2403 a

1847 2441 2166 2512 semetipso,
2198 2441 2307 2496 nisi
2339 2442 2606 2497 manserit
2655 2444 2707 2496 in
2754 2442 2864 2496 vite
2890 2482 2906 2509 ,
2940 2443 3020 2497 sie
3065 2457 3239 2512 neque
3280 2458 3379 2497 vos
3401 2483 3419 2508 ,

1846 2534 1957 2589 nisi
1985 2534 2041 2588 in
2077 2549 2164 2590 me
2201 2534 2543 2590 manseritis.
2578 2552 2596 2584 ι
2624 2531 2739 2588 Nisi
2785 2534 2932 2588 enim
2986 2533 3194 2603 palmes
3224 2549 3254 2588 a
3309 2534 3421 2589 vite

1849 2632 2113 2693 tanquam
2141 2636 2172 2676 a
2202 2630 2377 2678 matre
2407 2620 2683 2677 viviﬁcum
2720 2620 3004 2676 humorem
3051 2620 3252 2686 trahat,
3282 2638 3422 2691 quo-

1849 2716 2013 2772 modo
2061 2730 2222 2770 uvam
2270 2713 2470 2784 pariet,
2521 2720 2616 2767 aut
2658 2727 2855 2783 quem,
2887 2722 2943 2768 et
2981 2712 3129 2769 unde
3178 2712 3419 2768 fructum

1849 2805 1973 2865 edet
2000 2803 2023 2858 ?
2052 2802 2232 2858 Simili
2266 2803 2455 2873 itaque
2491 2801 2703 2857 ratione
2728 2802 2800 2857 de
2832 2801 2999 2857 nobis
3039 2817 3259 2874 quoque
3285 2804 3425 2873 ipsis

1850 2895 2061 2950 dictum
2112 2893 2409 2964 intelliges.
2462 2890 2658 2947 Nullus
2713 2891 2860 2947 enim
2917 2906 3155 2963 unquam
3202 2892 3424 2947 virtutis

1855 2986 2067 3041 fructus
2115 2985 2171 3039 in
2210 2984 2369 3040 nobis
2403 2983 2755 3054 germinabit,
2816 2983 2863 3040 si
2895 2983 3289 3053 conjunctione
3333 2984 3424 3038 illa

182 3076 375 3147 φέρειν,
405 3076 623 3148 καρπὸν
653 3076 746 3145 ἀφ’
779 3076 1017 3141 ἑαυτοῦ,
1071 3075 1165 3130 ἐὰν
1217 3077 1294 3147 μὴ
1351 3076 1514 3150 μείνῃ
1569 3078 1627 3130 ἐν
1681 3077 1745 3147 τῇ

1857 3091 1979 3133 ctam
2011 3075 2230 3131 Christo
2256 3073 2643 3130 exciderimus.
2680 3073 2839 3140 Quod
2870 3075 2915 3130 si
2947 3073 3069 3145 ejus
3103 3076 3196 3145 qui
3228 3074 3425 3145 impin-

179 3167 432 3238 ἀμπέλῳ,
483 3167 660 3231 οὕτως
705 3167 825 3222 οὐδέ
874 3169 1069 3239 ὑμεῖς,
1105 3168 1202 3222 ἐάν
1238 3167 1314 3240 μὴ
1346 3170 1403 3222 ἐν
1454 3168 1577 3239 ἐμοὶ
1628 3169 1749 3239 μεί-

180 3273 319 3327 νητε.
359 3277 378 3309 ι
411 3259 476 3312 Εἰ
534 3256 644 3328 γάρ
689 3258 764 3330 μὴ
817 3257 931 3328 ἔχοι
982 3258 1045 3312 τὸ
1108 3258 1296 3329 κλῆμα
1346 3259 1597 3330 καθάπερ
1645 3259 1753 3313 ἀπὸ

183 3349 376 3420 μητρὸς
406 3350 515 3420 τῆς
544 3349 790 3419 ἀμπέλου
841 3349 940 3421 τὴν
985 3348 1253 3415 ξωοποιὸν
1299 3350 1452 3422 αὐτῷ
1488 3368 1754 3423 χορηγου-

182 3440 340 3510 μένην
369 3440 601 3511 ἰκμάδα,
628 3440 744 3504 πῶς
776 3439 842 3494 ἂν
876 3441 1139 3495 ἀποτέκοι
1175 3442 1267 3496 τὸν
1302 3441 1516 3513 βότρυν,
1547 3442 1581 3513 ἢ
1608 3442 1750 3505 τίνα,

180 3530 269 3583 καὶ
295 3532 457 3584 πόθεν
503 3531 704 3596 ἐξοίσει
747 3532 994 3604 καρπόν;
1047 3533 1353 3601 Ἀναλόγως
1395 3529 1489 3586 οὖν
1521 3533 1630 3602 ἄρα
1661 3533 1754 3586 καὶ

180 3621 257 3689 ἐφ’
296 3623 451 3693 ἡμῶν
483 3623 670 3677 αὐτῶν
697 3625 912 3691 νοήσεις
950 3625 1011 3677 τὸ
1042 3625 1353 3695 εἰρημένον.
1385 3624 1617 3694 Καρπδς
1645 3624 1753 3694 γὰρ

180 3713 344 3777 οὐδεὶς
383 3717 442 3768 ἐν
495 3714 635 3785 ἡμῖν
675 3715 876 3785 ἀρετῆς
923 3715 1327 3787 ἀναϐλαστήσει
1378 3715 1507 3769 ποτέ
1540 3715 1636 3785 τῆς
1674 3715 1755 3779 εἰς

181 3802 404 3874 Χριστὸν
436 3804 741 3873 συναφείας
771 3805 1211 3860 ἐκπεπτωκόσιν.
1256 3806 1673 3878 Ἐξηρτυμένοις
1691 3822 1754 3874 γε

185 3893 283 3964 μὴν
312 3894 406 3948 τοῦ
439 3895 831 3950 καταπιαίνειν
869 3896 1143 3967 ἰσχύοντος
1164 3938 1180 3964 ,
1229 3898 1323 3950 καὶ
1353 3897 1757 3968 ἀποτρέφοντος

183 3987 257 4048 εἰς
305 3988 631 4055 εὐσέϐειαν,
690 3989 940 4061 καθάπερ
998 3990 1150 4044 ὕδατι
1212 3990 1494 4061 ζωοποιεῖ),
1551 3994 1618 4062 τῇ
1663 3990 1755 4045 τοῦ

181 4076 496 4148 Πνεύματος
553 4080 793 4152 χορηγίᾳ
840 4081 940 4134 καί.
991 4082 1214 4152 χάριτι,
1266 4081 1363 4135 καὶ
1407 4082 1467 4134 τὸ
1496 4080 1757 4135 δύνασθαι

183 4174 551 4242 καρποφορεῖν
592 4173 888 4242 προσέσται
927 4172 1148 4243 ῥᾳδίως.
1184 4172 1299 4225 Kal.
1344 4169 1505 4225 τοῦτο
1542 4172 1695 4238 εἰδὼς
1729 4176 1757 4228 6

181 4260 533 4333 Μονογενὴς,
576 4265 636 4316 ἐν
675 4263 1028 4334 Εὐαγγελίοις
1071 4262 1285 4332 ἔλεγεν·
1325 4284 1341 4317 ι
1381 4265 1448 4317 Et
1475 4282 1559 4329 τις
1604 4265 1754 4337 διψᾷ,

182 4350 421 4421 ἐρχέσθω
457 4355 600 4426 πρός
653 4372 758 4426 με,
809 4356 905 4410 καὶ
955 4356 1178 4410 πινέτω.
1219 4374 1239 4407 ι
1295 4356 1360 4408 "O
1404 4354 1501 4408 καὶ
1553 4356 1755 4428 σφόδρα

1855 3180 2023 3237 guare
2050 3172 2229 3235 potest
2262 3180 2327 3220 ac
2367 3166 2422 3219 in
2460 3165 2668 3236 pietate
2705 3166 2902 3232 nutrit,
2969 3165 3215 3236 Spiritus
3256 3167 3424 3237 largi-

1855 3259 2004 3312 tione
2030 3263 2085 3313 et
2113 3257 2290 3329 gratia
2318 3272 2417 3313 ceu
2444 3256 2591 3312 unda
2620 3257 2854 3326 quadam
2880 3257 3094 3313 viviﬁca
3123 3258 3280 3329 rigati
3309 3256 3426 3314 fue-

1854 3347 2048 3413 rimus,
2100 3346 2259 3400 facile
2303 3361 2525 3417 quoque
2579 3347 2687 3402 erit
2734 3344 2951 3402 fructus
2985 3347 3316 3418 producere.
3368 3347 3425 3402 Id

1855 3453 1979 3493 cum
2026 3439 2194 3494 sciret
2226 3437 2572 3508 Unigenitus,
2605 3437 2661 3492 in
2705 3436 3018 3510 Evangeliis
3069 3439 3249 3494 dixit:
3295 3457 3314 3491 ι
3363 3438 3424 3493 Si

1855 3532 1980 3600 quis
2009 3529 2142 3594 sitit,
2173 3529 2359 3584 veniat
2390 3529 2458 3584 ad
2483 3545 2591 3593 me,
2629 3538 2685 3585 et
2732 3530 2882 3585 bibat
2909 3530 2978 3583 ³⁸.
3022 3549 3042 3582 ι
3090 3530 3245 3596 Quod
3282 3541 3427 3587 reetc

1855 3635 2075 3693 quoque
2100 3619 2265 3675 nobis
2294 3618 2665 3689 interpretans
2695 3618 2920 3675 divinus
2944 3621 3307 3689 evangelista,
3344 3629 3427 3673 te-

1857 3720 2032 3768 status
2061 3719 2145 3766 est
2177 3710 2408 3766 dicens:
2448 3729 2467 3761 ι
2514 3708 2629 3763 Hoc
2672 3716 2853 3764 autem
2897 3708 3054 3778 dixit,
3107 3709 3305 3780 inquit,
3360 3709 3427 3764 de

1859 3801 2090 3874 Spiritu,
2113 3817 2273 3873 quem
2303 3800 2585 3871 accepturi
2608 3799 3067 3855 erantcredentes
3092 3801 3143 3854 in
3168 3814 3292 3855 eum
3309 3800 3372 3854 ".
3402 3820 3420 3851 ι

1857 3894 1925 3950 Et
1977 3896 2096 3966 ipse
2149 3902 2415 3965 prasterea
2457 3894 2652 3949 beatus
2710 3890 2880 3948 David
2938 3893 3309 3962 precabatur,
3359 3894 3426 3946 ad

1858 3984 2027 4041 Deum
2056 4000 2121 4040 ac
2148 3984 2364 4039 Patrem
2397 3983 2693 4054 inquiens:
2731 4001 2750 4033 ι
2786 3980 3054 4047 Quoniam
3087 3981 3226 4051 apud
3265 3989 3317 4037 te
3344 3991 3428 4036 est

1859 4077 1985 4133 fons
2004 4078 2149 4140 vitm,
2168 4084 2222 4131 et
2244 4082 2490 4130 torrente
2512 4073 2815 4145 voluptatis
2841 4081 2945 4128 tuae
2966 4072 3180 4142 potabis
3203 4087 3299 4129 eos
3312 4073 3384 4127 ³⁷..
3404 4092 3421 4123 ι

1858 4168 2007 4225 Fons
2039 4169 2186 4224 enim
2228 4167 2424 4222 divinae
2455 4167 2599 4231 vitae,
2636 4175 2692 4222 et
2734 4164 3064 4234 spiritalium
3104 4163 3427 4219 deliciarum

1861 4271 2078 4317 torrens
2108 4259 2330 4330 quinam
2377 4257 2690 4315 censendus
2729 4264 2814 4312 est
2864 4256 3006 4311 alius
3041 4270 3203 4324 quam
3255 4254 3430 4310 Filius

1860 4354 1953 4425 qui
1989 4353 2316 4424 impinguat,
2350 4358 2403 4409 et
2428 4349 2624 4420 irrigat
2657 4346 2873 4403 viviﬁca
2906 4356 2961 4403 et
3001 4346 3163 4400 hilari
3190 4343 3430 4416 Spiritus

183 4444 356 4511 καλῶς
395 4446 780 4520 διερμηνεύων
813 4448 943 4518 ἡμῖν
973 4448 1002 4500 6
1042 4445 1485 4520 πνευματοφόρος
1524 4446 1745 4515 εὐαγγε-

1861 4446 2061 4516 gratia,
2093 4458 2203 4497 non
2236 4457 2399 4498 secus
2452 4456 2515 4496 ac
2544 4439 2798 4511 palmites
2855 4437 2903 4494 ei
2937 4437 3285 4494 adhaerentes
3334 4452 3430 4509 per

182 4532 382 4608 λιστὴς,
417 4518 830 4610 διεμαρτύρατο
852 4537 1026 4606 λέγων
1046 4552 1059 4566 ’
1098 4555 1116 4589 ι
1145 4518 1316 4589 Τοῦτο
1350 4534 1408 4589 δὲ
1432 4531 1573 4601 εἷπε,
1601 4538 1745 4608 φησὶ,

1863 4535 2188 4592 charitatem
2219 4547 2284 4586 ac
2318 4532 2498 4595 ﬁdem,
2532 4536 2751 4585 nostras
2774 4529 2988 4584 animas

183 4626 306 4694 περί⁸
331 4626 426 4680 τοῦ
446 4626 794 4697 Πνεύματος,
822 4620 882 4681 οὗ
936 4623 1160 4695 ἕμελλον
1214 4622 1512 4693 λαμϐάνειν
1567 4626 1614 4677 οἱ
1671 4627 2018 4689 πιστεύοντες
2050 4625 2131 4687 εἰς
2162 4622 2343 4677 αὐτόν.
2385 4640 2404 4673 ›
2442 4620 2552 4674 Καὶ⁷
2580 4618 2743 4682 αὐτὸς
2789 4618 2848 4672 δέ
2885 4617 3021 4688 πρὸς
3049 4616 3222 4687 τούτῳ
3264 4630 3429 4683 προσ-

183 4712 373 4785 ηύχετο
414 4717 599 4785 λέγων
636 4717 665 4769 6
701 4715 969 4787 μακάριος
994 4714 1189 4779 Δαϐὶδ,
1221 4714 1297 4777 ὡς
1332 4714 1469 4785 πρὸς
1498 4713 1633 4767 Θεὸν
1663 4719 1757 4770 καὶ
1790 4718 2012 4788 Πατέρα
2033 4731 2046 4746 ·
2094 4733 2111 4766 ι
2155 4715 2277 4766 Ὅτι
2317 4710 2469 4782 παρὰ
2507 4712 2590 4764 σοι
2622 4709 2773 4782 πηγὴ
2800 4709 2972 4779 ζωῆς,
3006 4708 3102 4762 καὶ
3162 4706 3253 4758 τὸν
3315 4722 3431 4774 χει-

184 4809 423 4881 μάρρουν
464 4811 569 4881 τῆς
625 4809 836 4879 τρυφῆς
885 4810 1086 4871 ποτιεῖς
1135 4805 1349 4869 αὐτούς.
1398 4826 1417 4859 ι
1456 4805 1613 4878 Πηγὴ
1682 4808 1792 4880 γὰρ
1827 4809 1972 4879 ζωῆς
2034 4806 2194 4883 *θείας
2238 4804 2333 4859 καὶ
2384 4802 2759 4874 πνευματικῆς
2804 4801 3138 4872 χειμάρρους
3193 4795 3431 4866 τρυφῆς,

181 4896 257 4959 τίς
290 4898 354 4951 ἆν
383 4900 580 4970 ἕτερος
613 4900 784 4953 νοοῖτο
823 4895 974 4968 παρά
1004 4896 1096 4949 τὸν
1124 4895 1275 4959 Υίὸν,
1320 4894 1379 4957 ὃς
1408 4895 1757 4949 καταπιαίνει
1796 4914 1855 4950 τε
1881 4899 1975 4951 καὶ
2003 4894 2347 4967 καταρδεύει,
2379 4895 2444 4965 τῇ
2505 4891 2753 4963 ζωοποιῷ
2781 4893 2877 4945 καὶ
2916 4891 3078 4961 ἰλαρᾷ
3120 4888 3215 4943 τοῦ
3262 4887 3432 4942 Ilvati-

182 5003 341 5053 ματος
395 4990 627 5059 χάριτι,
663 4986 916 5056 καθάπερ
989 4988 1046 5039 ἐν
1120 4983 1270 5049 τάξει
1322 4982 1619 5053 κλημάτων
1676 4988 2147 5057 προσπεφυκότων
2201 4984 2351 5055 αὐτῷ
2397 4985 2466 5039 δι’
2527 4985 2753 5053 ἀγάπης
2838 4983 2933 5036 καὶ
2982 4982 3223 5045 πίστεως
3258 5021 3274 5046 ,
3331 4981 3431 5044 τὰς

178 5074 447 5146 ἡμετέρας
481 5073 685 5143 ψυχάς-

272 5164 398 5235 Εγὼ
448 5166 575 5233 ειμι
613 5164 652 5231 ἠ
699 5163 984 5233 ἄμπελος,
1016 5162 1183 5230 ὑμεῖς
1231 5162 1303 5215 τὰ
1341 5161 1631 5228 κλήματα.
1699 5162 1745 5213 'C

1937 5157 2052 5223 XV,
2095 5157 2147 5224 5,
2173 5157 2226 5212 6.
2254 5157 2366 5229 Ego
2396 5175 2511 5212 sum
2545 5158 2686 5222 ritis,
2725 5173 2811 5210 vos
2836 5155 3100 5223 palmites.
3126 5155 3230 5222 Qui
3257 5172 3430 5215 manet

172 5255 363 5323 μένων
383 5257 456 5310 ἐν
477 5253 634 5324 ἐμοὶ,
658 5254 819 5323 κάγὼ
849 5255 919 5307 ἐν
942 5251 1121 5318 αὐτῷ,
1145 5248 1320 5319 οὗτος
1349 5254 1512 5322 φέρει
1529 5252 1745 5319 καρπὸν

1865 5253 1921 5305 in
1948 5268 2046 5315 me,
2074 5263 2123 5306 et
2151 5268 2245 5321 ego
2276 5251 2329 5303 in
2362 5266 2443 5313 eo,
2492 5249 2575 5302 hic
2616 5248 2716 5314 fert
2746 5248 2981 5315 fructum
3016 5246 3280 5302 multum:
3306 5252 3431 5320 quia

175 5347 386 5401 πολύν·
428 5346 524 5400 ὅτι
554 5344 731 5412 χωρίς
756 5344 900 5413 ἐμοῦ
934 5345 1005 5397 οὐ
1045 5343 1307 5397 δύνασθε
1341 5341 1531 5397 ποιεῖν
1556 5341 1745 5395 οὐδέν.

1864 5344 1977 5398 sine
2006 5358 2086 5395 me
2114 5342 2248 5396 nihil
2270 5342 2484 5411 potestis
2508 5341 2699 5408 facere.
2739 5338 2798 5394 Si
2825 5339 2942 5407 quis
2972 5339 3026 5391 in
3050 5355 3130 5393 me
3154 5355 3258 5393 non
3284 5358 3432 5394 man-

174 5435 293 5487 Εὰν
313 5434 399 5505 μή
428 5453 525 5500 τις
542 5433 723 5502 μείνῃ
745 5433 815 5487 ἐν
850 5433 1001 5503 ἐμοὶ,
1024 5432 1250 5501 ἐϐλήθη
1266 5433 1382 5498 ἔξω
1402 5434 1482 5497 ὡς
1518 5432 1583 5485 τὸ
1610 5431 1745 5498 κλῆ-

1862 5434 2010 5499 serit,
2056 5434 2293 5487 mittetur
2329 5435 2477 5503 {oras
2523 5434 2659 5487 sicut
2709 5430 2931 5500 palmes,
2982 5440 3034 5485 et
3091 5444 3329 5488 arescet:
3382 5444 3430 5487 et

168 5539 265 5591 μα,
301 5525 400 5579 καὶ
427 5522 759 5592 ἐξηράνθη-
792 5525 889 5577 καὶ
919 5523 1295 5594 συνάγουσιν
1333 5522 1511 5587 αὐτὸ,
1541 5522 1639 5576 καὶ
1667 5526 1745 5589 εἰς

1863 5524 2109 5593 colligant
2139 5540 2277 5589 eunt,
2313 5535 2361 5577 et
2391 5526 2442 5576 in
2476 5523 2643 5592 ignem
2688 5523 2917 5586 mittent,
2947 5520 3200 5581 retardet.

173 5615 284 5683 πῦρ
308 5617 655 5681 βάλλουσι,
688 5614 785 5668 καὶ
808 5617 1051 5698 καίεται.
1168 5671 1176 5678 _

238 5708 304 5738 “‘
344 5707 365 5762 Ι
396 5708 534 5763 Cor.
569 5718 636 5767 x,
664 5704 751 5758 12.
826 5704 871 5735 ’⁵
913 5704 1066 5758 Joan.
1103 5720 1196 5769 vn,
1228 5705 1317 5759 57‘.
1396 5706 1439 5738 ¹⁶
1478 5703 1610 5760 ibid.
1642 5701 1725 5759 59.

1847 5702 1852 5715 '
1887 5699 2034 5756 Psal.
2070 5713 2240 5765 xxxv,
2274 5699 2326 5753 9.

502 5798 785 5861 PATROL.
824 5799 939 5860 Gn.
966 5798 1238 5861 LXXIV.
3030 5790 3101 5854 12
