3998 6318
531 347 636 406 363

603 470 807 537 Aperte
870 464 1132 519 Dominus
1190 471 1379 520 noster
1429 462 1594 520 Jesus
1658 465 1916 520 Christus
1970 464 2187 521 hancA

532 559 712 615 solum
742 558 814 613 ob
850 570 1072 611 causam
1125 541 1368 624 seipsum
1421 555 1642 626 quidem
1675 556 1838 609 vitem
1891 570 2105 610 nuncu-

535 662 719 718 patum
763 663 886 704 esse
931 649 1028 711 ait,
1062 655 1122 701 ut
1161 653 1310 702 clare
1354 661 1729 714 cerneremus,
1773 657 1825 702 et
1855 647 2106 716 corporis

534 742 924 814 prepemoduin
944 740 1120 796 oculis
1141 748 1400 810 tanquam
1425 740 1479 794 in
1504 739 1646 803 rudi,
1669 748 1724 795 et
1744 740 2016 803 sensibili,
2043 753 2107 793 ac

535 831 828 886 manifesto
863 831 1112 902 exemplo
1158 831 1621 902 perspiceremus,
1671 831 1739 884 ad
1793 830 2107 901 pariendam

534 928 814 988 virtutem,
854 921 1174 992 fructusque
1230 921 1510 992 spiritales
1554 921 1943 992 producendos
1987 920 2108 975 ido-

535 1027 670 1066 neos
705 1013 830 1066 illos
863 1026 1008 1076 esse,
1060 1012 1154 1081 qui
1190 1011 1238 1064 ei
1279 1010 1558 1065 mordicus
1593 1011 1870 1066 adhaerere
1905 1019 2110 1066 statue-

534 1107 671 1170 rint,
707 1118 738 1157 a
761 1105 869 1158 vite
897 1104 1157 1158 nimirum
1193 1111 1418 1173 accepta
1448 1103 1652 1158 virtute
1685 1103 1852 1174 876
1877 1103 2038 1172 quasi
2080 1118 2109 1156 a

536 1203 731 1259 matre,
762 1200 823 1246 ut
857 1193 1024 1247 etiam
1051 1192 1268 1261 operari
1304 1191 1540 1262 possint.
1591 1191 1694 1258 Qui
1725 1207 1855 1247 vero
1893 1192 1962 1248 ab
1989 1192 2111 1261 ejus

535 1285 936 1354 conjunctione
969 1283 1144 1339 avulsi
1175 1282 1582 1354 quodammodo
1629 1291 1724 1338 aut
1751 1284 1952 1338 resecti
1985 1293 2114 1340 sunt

535 1377 902 1433 conversione
940 1375 1006 1431 ad
1045 1375 1196 1440 vitia,
1247 1385 1301 1430 et
1354 1376 1520 1430 vitam
1567 1373 1676 1430 Deo
1722 1375 1948 1431 minime
1998 1376 2110 1446 pla-

535 1481 770 1536 centem,
800 1469 953 1524 nullo
981 1467 1144 1522 modo
1167 1467 1234 1521 ad
1258 1466 1514 1522 virtutem
1546 1466 1725 1522 idonei
1751 1467 2107 1534 videbuntur,

537 1572 631 1619 aut
669 1565 941 1619 bonorum
975 1576 1204 1633 operum
1233 1562 1538 1618 claritatem
1573 1560 1805 1631 adipisci
1829 1569 2108 1631 poterunt,

537 1656 630 1710 sed
664 1655 955 1709 omnivoro
1007 1655 1120 1723 igni
1169 1653 1460 1707 tradentur
1509 1661 1771 1722 tanquam
1807 1651 2108 1708 inevitabili

538 1745 864 1800 necessitate
913 1743 1300 1800 consumendi.
1345 1742 1504 1809 Quod
1538 1743 1687 1797 enim
1746 1742 1815 1797 ad
1849 1743 2106 1813 pietatem

536 1848 619 1893 est
652 1837 869 1899 inutile,
916 1835 1099 1906 poenis
1133 1835 1348 1890 luendis
1396 1833 1804 1904 quodammodo
1844 1811 1933 1889 est
1990 1833 2112 1889 ido-
2146 1811 2189 1866 Β

537 1945 724 1996 neum,
753 1926 1212 1999 quemadmodum
1246 1941 1438 1997 nempe
1466 1933 1519 1981 et
1542 1925 1685 1996 quod
1715 1926 1769 1980 in
1797 1925 2113 1997 palmitibus

537 2031 621 2077 est
672 2021 929 2080 aridum,.
965 2017 1032 2073 ad
1075 2017 1257 2088 ignem
1303 2017 1479 2072 solum
1525 2025 1611 2073 est
1655 2017 1807 2071 utile.
1866 2015 2114 2083 Quorum

539 2112 807 2168 iudicium
865 2118 921 2166 et
974 2117 1359 2180 argumentum
1409 2123 1602 2164 verum
1651 2117 1705 2164 et
1743 2107 2112 2163 indubitatum

539 2203 804 2274 accipies,
837 2216 945 2256 non
974 2202 1195 2271 quidem
1227 2199 1277 2255 si
1305 2207 1549 2255 veterum
1581 2208 1901 2255 sanctorum
1935 2199 2113 2269 capita

538 2294 829 2364 respicias,
863 2291 956 2347 sed
989 2290 1056 2344 ad
1090 2291 1239 2360 ipsos
1286 2295 1510 2345 sanctos
1550 2287 1828 2358 apostolos
1873 2296 2110 2342 mentem

540 2385 818 2440 advertas.
852 2381 918 2436 Hi
947 2381 1094 2437 enim
1113 2422 1127 2446 ,
1157 2381 1308 2436 nullo
1339 2380 1501 2435 modo
1531 2389 1714 2450 spreta
1741 2379 1948 2435 Christi
1978 2379 2114 2434 dile-

539 2475 756 2539 ctione,
801 2471 895 2528 sed
939 2478 1326 2542 permanentes
1379 2471 1436 2525 in
1483 2485 1581 2536 eo,
1635 2470 1883 2540 nihilque
1921 2470 2112 2540 pietati

537 2580 666 2638 erga
691 2581 816 2621 eum
844 2562 1274 2635 praeponendum
1300 2562 1405 2616 rati
1426 2561 1768 2617 celeberrimi
1800 2561 1928 2616 facti
1960 2569 2109 2624 sunt,

536 2661 887 2729 fructumque
921 2671 1036 2712 sua:
1067 2655 1286 2711 virtutis
1314 2655 1486 2710 totius
1509 2655 1660 2711 orbis
1694 2655 2112 2711 conversionem

534 2751 907 2824 protulerunt,
949 2756 1003 2805 et
1033 2747 1246 2818 seipsos
1289 2747 1392 2818 piae
1445 2746 1888 2802 conversationis
1925 2761 2112 2802 exem-

533 2844 682 2914 plum
708 2859 806 2897 ceu
837 2842 1108 2898 illustrem
1141 2837 1434 2910 quamdam
1468 2837 1632 2893 terris
1663 2837 1956 2907 imaginem
1987 2852 2115 2906 pro-

534 2941 823 3004 ponentes,
857 2928 1376 2984 immarcescibilem
1411 2927 1598 2997 gloria:
1626 2941 1747 2994 qua:
1773 2927 1914 2995 apud
1946 2925 2112 2980 Deum

532 3034 620 3082 est
658 3036 922 3078 coronam
957 3019 1064 3075 sibi
1123 3027 1458 3088 pepererunt
1480 3019 1546 3071 ⁸⁸.
1609 3015 1746 3072 Vilis
1781 3025 1964 3070 autem
1999 3017 2110 3083 ille,

533 3124 586 3170 et
618 3115 824 3170 venalis
856 3111 1030 3168 Judas
1063 3111 1213 3164 tenui
1262 3109 1461 3165 lucello
1508 3117 1725 3179 captus,
1770 3107 1839 3164 ab
1895 3108 2110 3164 intelle-
2140 3139 2185 3201 ο

533 3205 705 3261 ctuali
736 3203 866 3269 vite,
889 3202 995 3256 hoc
1023 3208 1108 3256 est
1139 3199 1382 3265 Christo,
1404 3206 1678 3262 rescctus,
1702 3198 2113 3269 quodammodo

533 3295 767 3360 exaruit,
799 3308 909 3348 una
933 3307 1062 3347 cum
1103 3291 1363 3362 discipuli
1396 3290 1692 3361 dignitate,
1727 3289 1947 3344 vivilica
1991 3287 2114 3359 Spi-

536 3390 679 3443 ritus
720 3385 926 3441 amissa
961 3384 1014 3438 vi
1055 3384 1342 3454 qualitate.
1382 3379 1552 3436 Foras
1583 3381 1732 3435 enim
1766 3379 1978 3450 ejectus
2006 3387 2110 3442 est,

530 3481 688 3550 juxta
721 3475 1038 3533 Servatoris
1075 3489 1268 3530 vocem
1308 3491 1322 3528 :
1361 3473 1706 3528 abalienatus
1753 3471 1954 3542 quippe
2007 3478 2111 3534 est,

535 3578 699 3640 atque
758 3565 1056 3621 ultricibus
1115 3563 1353 3618 ﬂammis
1404 3563 1578 3617 instar
1626 3561 1800 3631 paleae
1853 3560 2111 3614 traditus.

540 3661 757 3716 Utiliter
786 3658 971 3728 itaque
1007 3656 1272 3710 Dominus
1305 3663 1496 3710 noster
1537 3653 1702 3708 Jesus
1730 3652 1984 3708 Christus
2015 3665 2113 3704 au-

537 3751 813 3807 ditoribus
845 3749 964 3805 suis
993 3747 1239 3804 ostendit
1269 3755 1475 3817 quanta
1526 3759 1624 3800 eos
1655 3744 1844 3799 laetitia
1899 3749 2116 3797 maneat

535 3845 631 3916 qui
663 3843 768 3900 sibi
798 3841 1078 3897 adbzerere
1107 3838 1358 3900 student,
1394 3845 1449 3892 et
1497 3842 1765 3906 quantum
1799 3841 1991 3887 contra
2028 3833 2115 3902 ja-

537 3948 727 3999 cturaa,
774 3934 821 3990 si
867 3933 962 4003 qui
1010 3947 1040 3986 a
1082 3947 1140 3987 se
1188 3935 1508 3984 resecentur
1536 3967 1550 3990 ,
1599 3925 1872 3995 duplicem
1924 3925 2118 3979 salutis

537 4029 760 4082 modum
792 4024 1136 4094 exeogitans.
1171 4020 1267 4077 Vel
1294 4020 1438 4076 enim
1471 4019 1659 4090 gloria:
1709 4032 1773 4072 ac
1805 4018 1927 4072 vitze
1958 4017 2115 4086 cupi-

539 4121 730 4183 ditate,
756 4119 838 4174 vel
861 4118 1006 4188 ignis
1035 4114 1293 4185 supplicii
1336 4121 1481 4166 metu
1515 4125 1578 4166 ac
1612 4109 1760 4179 fuga,
1794 4117 1910 4164 toto
1945 4109 2115 4163 animi

540 4208 723 4266 studio
767 4210 815 4264 ei
865 4207 1060 4263 fortius
1100 4204 1520 4276 conjungemur.
1575 4202 1888 4272 Agricolam
1929 4210 2112 4255 autem

539 4301 754 4356 Patrem
788 4301 884 4363 ait,
920 4308 1132 4353 natura:
1169 4297 1371 4352 divinae.
1406 4296 1809 4366 inspectionem
1846 4295 1900 4348 in
1933 4309 2034 4349 uos
2064 4302 2118 4348 et

539 4407 730 4448 curam
765 4391 1100 4454 attribuens,
1132 4385 1594 4459 quemadmodum
1630 4394 1684 4440 et
1724 4387 1779 4439 in
1809 4385 2114 4454 superiori—

543 4484 645 4541 bus
686 4481 864 4536 lusius
901 4479 1421 4535 demonstravimus.
1458 4476 1638 4547 Ipsum
1663 4477 1865 4546 quippe
1892 4491 2112 4545 eompe-
2149 4471 2192 4523 D

543 4575 750 4628 riemus
781 4588 904 4626 esse
951 4571 1211 4641 agricolm
1253 4585 1499 4634 manum,
1547 4584 1892 4638 nequaquam
1941 4569 2008 4622 ab
2050 4585 2116 4622 eo

541 4665 784 4720 essentia
809 4664 1046 4718 alienam
1074 4678 1138 4716 ac
1160 4662 1433 4727 dissitam,
1459 4661 1552 4716 sed
1577 4677 1643 4715 ex
1671 4663 1790 4730 ipso
1812 4670 1866 4717 et
1891 4662 1942 4714 iu
1975 4661 2113 4732 ipso,

543 4754 1002 4826 quemadmodum
1031 4763 1085 4808 et
1113 4754 1166 4806 in
1198 4754 1358 4806 nobis
1385 4753 1576 4807 videre
1609 4753 1757 4808 licet.
1782 4752 1935 4820 Quod
1969 4753 2114 4807 enim

543 4853 742 4922 cuncta
777 4845 888 4899 sint
922 4860 1018 4913 per
1044 4841 1244 4897 Filium
1268 4883 1282 4908 ,
1312 4844 1474 4913 quasi
1523 4859 1618 4914 per
1653 4860 1876 4900 manum
1915 4844 2113 4908 Patris,

542 4940 705 5009 877
750 4938 928 5007 ipsum
961 4937 1028 4991 de
1063 4936 1338 4991 creaturis
1367 4935 1683 5006 loquentem
1725 4936 1850 4990 audi
1881 4955 1893 4990 :
1931 4953 1950 4986 ‹
1999 4934 2116 4988 Ma-

552 5045 658 5082 nus
695 5043 813 5081 mea
848 5027 977 5083 fecit
1019 5026 1134 5081 haec
1168 5026 1352 5081 omnia
1374 5027 1457 5080 '9:
1497 5028 1712 5088 tametsi
1753 5027 1934 5080 omnia
1973 5023 2116 5078 facta

542 5127 671 5174 sunt
702 5133 796 5187 per
823 5116 1050 5180 Filium,
1100 5117 1256 5184 juxta
1303 5125 1526 5172 sanctas
1573 5115 1972 5185 Scripturas“.
2009 5114 2117 5169 Νο-

541 5210 764 5264 tandum
828 5223 957 5264 vero
991 5208 1234 5263 divinum
1292 5207 1523 5262 Paulum
1555 5209 1917 5263 resectionem
1951 5221 2112 5276 quam

542 5301 628 5355 hic
685 5301 1084 5372 intelligimus,
1141 5301 1229 5356 his
1288 5300 1424 5354 forte
1474 5300 1659 5354 verbis
1733 5298 2112 5354 subinnuere:

549 5410 566 5441 ι
604 5387 740 5445 Vide
773 5405 904 5460 ergo
930 5390 1232 5447 bonitatem
1272 5399 1326 5445 et
1355 5389 1702 5444 severitatem
1741 5386 1878 5443 Dei:
1917 5389 1973 5444 in
2018 5405 2114 5446 eos

546 5479 761 5550 quidem
793 5483 885 5553 qui
931 5482 1271 5541 ceciderunt,
1315 5479 1660 5534 severitatem
1693 5497 1707 5534 :
1737 5479 1790 5534 in
1833 5489 1884 5536 te
1932 5490 2112 5538 autem

612 5745 655 5776 '"
693 5743 711 5795 ι
743 5739 890 5798 Pelr.
921 5758 970 5802 ι’,
1013 5741 1044 5792 ά
1124 5743 1162 5771 ³⁵³
1205 5739 1304 5794 15η.
1341 5757 1458 5793 ιιιιοι
1491 5789 1495 5803 ,
1533 5744 1583 5796 ΕΞ.
1667 5745 1706 5774 ³ο
1751 5742 1906 5797 ίυιιιι.
1950 5748 2090 5810 ι,

1557 341 1614 396 S.
1658 339 1929 398 CYRILLI
1959 335 2422 394 ALEXANDRINI
2447 333 2762 394 ARCHIEP.

3689 331 3814 388 σοι

2299 479 2624 550 Ἀναφανδὸν
2655 479 2683 532 ὁ
2717 477 2920 550 Κύριος
2937 475 3142 548 Ἰησοῦς
3168 477 3196 529 ὁ
3217 473 3451 548 Χριστὸς
3479 473 3682 545 ταύτης
3718 491 3812 528 τοι

2207 575 2302 626 καὶ
2344 573 2511 644 μόνης
2548 573 2712 626 ἕνεκα
2760 575 2860 643 τῆς
2898 571 3108 634 αίτίας,
3158 567 3400 639 ἄμπελον
3459 567 3557 638 μὲν
3606 565 3814 620 ἑαυτὸν

2207 664 2626 734 κατωνομὰσθαι
2657 663 2842 732 φησὶν,
2884 661 3024 732 ὑπὲρ
3055 659 3148 712 τοῦ
3175 659 3414 712 συνιέναι
3448 656 3654 724 σαφῶς,
3706 655 3818 726 μό-

2207 771 2296 808 νον
2321 755 2377 808 δὲ
2398 754 2517 824 οὐχὶ
2541 754 2635 807 καὶ
2659 757 2770 816 τοῖς
2810 750 2904 804 τοῦ
2946 751 3195 822 σώματος
3223 747 3520 818 ὀφθαλμοῖς
3547 747 3814 810 κατιδεῖν,

2206 846 2282 908 ὡς
2328 847 2384 897 έν
2415 845 2580 914 παχεῖ
2606 860 2665 896 τε
2708 843 2799 896 καὶ
2837 841 3082 910 αἰσθητῷ
3110 840 3206 894 καὶ
3237 838 3521 909 φανοτάτῳ
3555 836 3676 890 λίαν
3699 853 3818 889 πα-

2211 935 2554 1007 ραδείγματι,
2589 933 2664 997 ὡς
2703 935 2814 995 τοῖς
2852 933 2950 1002 μὲν
2999 929 3150 1000 αὐτῷ
3197 926 3581 999 προσηλῶσθαι
3634 941 3816 978 σπου-

2208 1026 2466 1090 δάζουσι,
2546 1023 2641 1078 καὶ
2714 1022 2883 1094 ἀπρὶξ
2957 1021 3234 1092 ἑλομένοις
3316 1017 3816 1089 προσπεφυκέναι,

2212 1116 2494 1186 περιέσται
2516 1113 2715 1177 καλῶς,
2743 1113 2802 1166 τὸ
2823 1111 3080 1165 δύνασθαί
3101 1127 3162 1162 τε
3181 1109 3272 1161 καὶ
3291 1106 3610 1177 ἐπιτηδείως
3639 1104 3814 1174 ἔχειν,

2213 1206 2348 1276 πρὸς
2397 1204 2497 1274 τὴν
2549 1203 2650 1274 τῆς
2709 1202 2913 1273 ἀρετῆς
2969 1199 3310 1270 ἀποκύησιν,
3369 1197 3468 1250 καὶ
3520 1209 3818 1265 καρποφο-

2215 1297 2334 1366 ρίας
2361 1294 2753 1365 πνευματικῆς,
2774 1291 3214 1364 χορηγουμένους
3242 1287 3504 1360 δηλονότι,
3550 1284 3818 1354 καθὶπερ

2213 1388 2278 1440 ἐκ
2309 1386 2514 1458 μητρὸς
2539 1385 2640 1456 τῆς
2680 1384 2948 1455 ἀμπέλου,
2981 1383 3080 1454 τὴν
3115 1381 3174 1446 ἐξ
3225 1378 3396 1448 αὑτῆς
3439 1376 3698 1447 δύναμιν,
3729 1375 3818 1436 είς

2213 1479 2274 1531 τὸ
2298 1479 2554 1533 δύνασθαι
2603 1477 2696 1530 καὶ
2739 1476 2988 1546 ἐνεργεῖν
3021 1492 3034 1505 ·
3070 1475 3184 1537 τοῖς
3215 1489 3280 1542 γε
3327 1471 3434 1543 μὴν
3472 1467 3820 1538 ἀποσπωμέ-

2214 1588 2324 1634 νοις
2380 1569 2591 1640 ὥσπερ,
2648 1569 2764 1640 ἦτοι
2807 1566 3283 1637 διακεκομμένοις,
3345 1564 3449 1634 τῆς
3503 1564 3586 1625 είς
3644 1559 3818 1615 αὐτὸν

2215 1662 2453 1733 σχέσεως
2495 1660 2707 1716 διὰ-τοῦ
2784 1702 2798 1715 ,
2881 1698 2896 1713 .
2977 1701 2990 1714 .
3071 1698 3084 1710 .
3165 1697 3180 1712 .
3259 1695 3274 1710 .
3355 1696 3369 1710 .
3451 1696 3466 1712 .
3547 1650 3819 1722 ,πρδςᾶ

2218 1753 2294 1825 μὴ
2338 1754 2470 1818 δεῖν,
2496 1754 2590 1808 καὶ
2620 1755 2698 1817 είς
2735 1752 2950 1823 ἀπῳδὸν
2999 1749 3076 1821 τῷ
3102 1748 3220 1820 Θεῷ
3248 1743 3820 1832 πολιτείανηοωεμία

2219 1844 2317 1915 μὲν
2341 1843 2572 1914 δύναμις
2609 1843 2979 1912 ὲποφθήσεται
3017 1841 3116 1911 τῆς
3146 1842 3224 1902 είς
3265 1837 3465 1911 ἀρετὴν
3504 1831 3817 1902 ἐπιτηδειό-

2215 1953 2395 2008 τητος,
2426 1936 2539 1990 ἀλλ’
2577 1936 2698 1990 οὐδὲ
2740 1935 2834 1988 τοῦ
2860 1932 3118 1988 δύνασθαι
3162 1933 3276 1994 τοῖς
3314 1930 3378 1982 ὲκ
3412 1927 3515 1998 τῆς
3540 1925 3822 1994 ἀγαθουρ-

2215 2029 2342 2097 γίας
2391 2028 2711 2099 διαπρέπειν
2765 2027 3021 2098 καρποῖς,
3081 2022 3232 2076 ἔσται
3283 2021 3340 2075 δὲ
3376 2017 3602 2091 μᾶλλον,
3645 2016 3722 2078 ὡς
3757 2015 3821 2080 ἐξ

2213 2119 2460 2189 ἀνάγκης
2503 2115 2874 2189 ἀπαραιτήτου
2920 2115 3124 2180 λοιπὸν,
3175 2113 3235 2166 τὺ
3279 2111 3479 2183 χρῆναι
3527 2108 3822 2179 παμφάγῳ

2213 2209 2556 2265 δαπανᾶσθαι
2621 2209 2774 2280 πυρί.
2846 2209 2919 2261 Τὸ
2978 2209 3086 2276 γάρ
3157 2205 3430 2276 ἄχρηστον
3511 2204 3595 2264 είς
3665 2199 3825 2252 εὐσέ-

2215 2304 2390 2368 ϐειαν,
2429 2303 2728 2373 ἐπιτήδειόν
2760 2318 2876 2364 πως
2920 2301 2998 2363 είς
3029 2299 3090 2352 τὸ
3140 2298 3295 2361 δίκας
3331 2293 3685 2349 ἀποτιννύειν
3733 2288 3823 2344 δι)⁴

2215 2399 2323 2461 κεῖ,
2379 2393 2567 2464 ὥσπερ
2617 2389 2710 2447 οὖν
2740 2393 2932 2463 ἀμέλει
2975 2391 3068 2444 καὶ
3100 2390 3160 2443 τὸ
3193 2387 3426 2442 αὐανθέν
3457 2389 3516 2439 ὲν
3549 2384 3821 2455 κλήμασι,

2213 2485 2363 2556 μόνῳ
2400 2485 2667 2556 χρήσιμον
2699 2482 2849 2536 ἔσται
2875 2479 3029 2552 πυρί.
3063 2479 3262 2543 Δάὁοις
3289 2478 3332 2531 δ’
3352 2477 3418 2531 ἂν
3447 2476 3561 2528 τῶν
3594 2473 3826 2546 είρημέα

2213 2592 2318 2630 νων
2350 2574 2720 2645 ἁναμφίλογόν
2759 2591 2819 2627 τε
2844 2573 2935 2627 καὶ
2971 2571 3147 2642 ἀληθῆ
3177 2571 3274 2642 τὴν
3290 2567 3594 2632 ἀπόδειξιν,
3626 2566 3692 2619 οὐ
3725 2566 3826 2628 τὰς

2213 2661 2322 2720 τῶν
2416 2666 2662 2737 ἀρχαίων
2717 2665 2886 2733 ἁγίων
2960 2661 3465 2732 περισκοπούμενος
3549 2656 3828 2732 κεφαλὰς,

2214 2759 2328 2814 ἀλλ’
2364 2759 2546 2820 αὐτοῖς
2571 2757 2800 2825 ἐπαφεὶς
2828 2755 2926 2826 τὴν
2948 2754 3184 2808 διάνοιαν
3219 2755 3331 2814 τοῖς
3366 2750 3548 2819 ἁγίοις
3583 2745 3832 2802 ἀποστό-

2215 2851 2346 2913 λοις.
2379 2851 2442 2902 Οί
2475 2848 2571 2918 μὲν
2598 2847 2709 2918 γάρ
2727 2847 2826 2916 τῆς
2858 2847 2937 2910 είς
2962 2843 3193 2916 Χριστὸν
3222 2843 3444 2912 ἀγάπης
3475 2839 3606 2894 κατ’
3632 2837 3828 2895 οὐδένα

2214 2941 2412 3011 τρόπον
2460 2938 2916 3008 ὀλιγωρήσαντες,
2962 2933 3428 3006 διαμεμενηκότες
3457 2931 3518 2984 δὲ
3551 2932 3614 2984 ὲν
3651 2929 3828 2998 αὐτῷ,

2215 3031 2310 3083 κατ⁹
2350 3027 2513 3099 μηδὲν
2559 3027 2695 3090 ὅλως
2740 3023 3136 3097 προτάττεσθαι
3161 3024 3259 3089 τῆς
3317 3023 3398 3087 είς
3438 3021 3614 3076 αὑτὸν
3669 3019 3829 3073 εὐσε-

2216 3120 2370 3182 ϐείας
2419 3119 2654 3189 οἰόμενοι
2710 3117 2844 3181 δεῖν,
2913 3117 3167 3185 γεγόνασι
3230 3114 3607 3184 παναοίδιμοι·
3693 3128 3834 3182 καρ-

2216 3211 2317 3265 πὸν
2339 3211 2396 3264 δὲ
2441 3211 2541 3280 τῆς
2579 3209 2787 3263 ἑαυτῶν
2833 3209 3032 3280 ἀρετῆς
3079 3207 3284 3274 ἔδειξαν
3319 3205 3417 3276 τὴν
3460 3203 3830 3275 οἰκουμένην,

2215 3303 2309 3356 καὶ
2337 3301 2582 3370 φιλοθέου
2619 3300 2893 3364 πολιτείας
2922 3298 3305 3370 ὑπογραμμὸν,
3337 3297 3407 3350 τά
3436 3295 3566 3350 καθ’
3596 3295 3832 3357 ἑαυτοὺς

2215 3393 2526 3459 ἀναθέντες,
2587 3392 2840 3464 καθάπερ
2896 3392 3082 3446 εἰκόνα
3138 3392 3204 3462 τῇ
3257 3391 3471 3461 ὕφηλίῳ
3528 3387 3832 3461 λαμπρὰν,

2216 3483 2306 3539 τὸν
2366 3485 2682 3556 ἀμάραντον
2734 3483 2834 3552 τῆς
2893 3483 3044 3554 παρά
3111 3481 3230 3552 Θεῷ
3285 3481 3447 3551 δόξης
3495 3480 3837 3534 ὲνεδύσαντο

2219 3575 2499 3644 στέφανον.
2534 3575 2595 3628 '0
2625 3575 2682 3628 δὲ
2743 3576 2960 3645 μικροῖς
2992 3574 3276 3645 ἀργυρίοις
3332 3571 3710 3642 σαηνευθεὶς
3751 3572 3837 3634 είς

2218 3665 2512 3731 ἀπώλειαν,
2567 3665 2709 3736 φημὶ
2753 3664 2810 3717 δὲ
2848 3665 2940 3718 τὸν
2984 3665 3182 3736 εὐχερῆ
3239 3680 3298 3716 τε
3327 3665 3423 3716 καὶ
3480 3662 3840 3716 εὐωνότατον

2231 3754 2450 3820 Ἰούδαν,
2529 3752 2869 3825 ἀποτμηθεὶς
2949 3753 3052 3822 τῆς
3113 3751 3363 3822 ἀμπέλου
3428 3751 3532 3820 τῆς
3600 3750 3835 3820 νοητῆς,

2218 3845 2360 3900 τοῦτ’
2395 3845 2511 3900 ἔστι
2575 3845 2833 3916 Χριστοῦ,
2889 3844 3264 3916 κατεξηράνθη
3300 3842 3502 3914 τρόπον
3551 3841 3704 3907 τινὰ,
3755 3841 3840 3912 τῷ

2218 3937 2318 4006 τῆς
2350 3935 2650 4007 μαθητείας
2672 3936 2962 4006 ἀξιώματι,
2988 3937 3084 3990 καὶ
3106 3935 3203 4006 τὴν
3231 3934 3496 3998 ζωοποιὸν
3519 3933 3616 3986 τοῦ
3654 3933 3838 3988 πνεύ-

2223 4043 2392 4097 ματος
2446 4027 2708 4096 ποιότητα
2760 4025 3170 4081 συναποϐαλών.
3208 4023 3476 4094 Βέὸληται
3540 4022 3654 4094 γάρ
3699 4022 3839 4086 ἔξω,

2219 4117 2362 4171 κατά
2391 4117 2488 4188 τὴν
2522 4117 2614 4170 τοῦ
2655 4117 2909 4189 Σωτῆρος
2955 4117 3157 4187 φωνήν·
3213 4113 3655 4184 ἀπηλλοτρίωται
3693 4113 3838 4186 γὰρ.

2219 4213 2313 4266 καὶ
2340 4213 2476 4282 πυρὶ
2531 4210 2607 4283 τῷ
2662 4211 2942 4276 κολάζοντι
2991 4206 3257 4279 συρφετοῦ
3317 4204 3596 4276 παρεδόοη
3640 4203 3838 4273 δίκην.

2219 4305 2520 4375 Χρησίμως
2583 4297 2675 4355 οὗν
2733 4301 2838 4372 ἄρα
2892 4302 3003 4362 τοῖς
3077 4295 3451 4369 ἀκροωμένοις
3517 4295 3546 4346 ό
3611 4293 3842 4362 Κύριος

2220 4396 2376 4466 ἡμῶν
2424 4393 2630 4465 Ἰησοῦς
2663 4395 2692 4445 ὁ
2725 4391 2985 4462 Χριστὸς,
3027 4390 3127 4460 τήν
3167 4407 3226 4442 τε
3291 4389 3354 4440 ὲκ
3397 4386 3493 4440 τοῦ
3535 4385 3842 4456 προσηλῶ-

2223 4489 2346 4543 σθαι
2387 4483 2706 4549 σπουδάζειν
2747 4484 2892 4553 αὐτῷ
2922 4481 3236 4553 παρέδειξεν
3281 4479 3566 4550 εὐθυμίαν,
3592 4479 3694 4530 καὶ
3731 4479 3844 4548 τὴν

2223 4581 2287 4632 ὲκ
2317 4577 2408 4630 τοῦ
2439 4577 2828 4646 παρακοπῆναι
2857 4571 3059 4643 ζημίαν
3109 4569 3552 4641 ἀντιπαρίστησι,
3593 4566 3844 4620 διπλοῦν

2223 4669 2516 4738 ἐπινοήσας
2546 4667 2643 4736 τῆς
2683 4665 2950 4736 σωτηρίας
2978 4663 3068 4716 τὸν
3095 4662 3340 4731 τρόπον.·
3376 4662 3447 4714 Ἢ
3479 4659 3586 4730 γὰρ
3629 4659 3846 4726 ἐφέσει

2223 4761 2288 4828 τῇ
2353 4756 2490 4825 πρὸς
2548 4754 2704 4819 δόξαν
2770 4752 2949 4824 δρώσῃ
3001 4753 3094 4805 καὶ
3148 4750 3313 4820 ζωὴν,
3369 4751 3536 4820 ἦγουν
3579 4748 3638 4800 τὸ
3687 4750 3842 4819 ττυῷ

2224 4845 2549 4909 κολάζεσθαι
2623 4844 3046 4916 παραιτούμενοι
3093 4842 3191 4910 τῆς
3259 4843 3396 4910 πρὸς
3456 4838 3617 4891 αὐτὸν
3693 4855 3842 4891 συντ

2224 4939 2421 5009 αφείας
2458 4937 2737 5008 ὁλοκλήρῳ
2791 4936 2869 5006 τῷ
2910 4936 3005 5002 τῆς
3052 4933 3293 4995 διανοίας
3349 4933 3486 5001 τόνῳ
3540 4929 3850 4983 σπουδαιό-

2223 5047 2383 5100 τερον
2413 5028 2730 5097 ἁνεξόμεοα.
2763 5025 3010 5095 Γεωργδν
3066 5023 3122 5075 δέ
3162 5039 3294 5094 φησι
3327 5022 3420 5074 τὸν
3472 5019 3724 5090 Πατέρα,
3767 5023 3843 5090 τῇ

2225 5120 2346 5191 θείᾳ
2392 5119 2549 5188 φύσει
2601 5119 2774 5180 διδοὺς
2829 5116 2935 5170 τῶν
2983 5115 3104 5168 καθ’
3148 5115 3298 5185 ἡμᾶς
3351 5112 3453 5184 τὴν
3503 5109 3860 5191 ίεπίσκεψιν.ί

2227 5179 2370 5264 καθά
2397 5179 2490 5262 καὶ
2521 5210 2576 5261 ἐν
2623 5210 2734 5270 τοῖς
2771 5206 3028 5277 ἀνωτέρω
3069 5179 3568 5274 διὰ-πολλῶνὴμῖν
3599 5179 3865 5253 ἀπεδείοῖ

2223 5300 2326 5372 χθη
2375 5300 2566 5368 λόγων.
2617 5296 2986 5368 Εὑρεθήσεται
3029 5293 3136 5364 γὰρ
3187 5292 3454 5362 ὑπάρχων
3503 5289 3670 5353 αὐτὸς
3735 5288 3842 5344 τοῦ

2222 5391 2591 5461 γεωργοῦντος
2620 5391 2652 5458 ἡ
2680 5390 2821 5460 χεὶρ,
2851 5388 2948 5457 οὐχ
2974 5385 3137 5456 ἑτέρα
3161 5383 3292 5455 παρ’
3332 5382 3498 5439 αὑτὸν
3527 5382 3837 5452 νοουμένη,

2224 5484 2363 5538 κατά
2400 5499 2459 5550 γε
2490 5482 2548 5535 τὸ
2580 5479 2861 5550 ὀμοούσιον
2890 5478 2984 5532 καὶ
3015 5476 3072 5542 ἐξ
3104 5473 3271 5528 αὐτοῦ
3333 5491 3393 5528 τε
3430 5473 3529 5528 καὶ
3556 5475 3618 5529 ὲν
3651 5473 3837 5546 αὐτῷ,
