3998 6318
197 343 292 402 εδδ
1231 335 1300 395 IN
1339 331 1622 418 JOANNIS
1658 333 2108 397 EVANGELIUM
2148 339 2278 395 LIB.
2317 338 2385 394 x.
3329 345 3438 402 560

197 457 430 526 καθάπερ
477 449 569 510 οὖν
621 451 737 508 ἐστι
792 455 993 525 καὶὲφ⁸
1048 457 1204 527 ἡμῶν
1257 458 1430 521 οὕτως
1458 457 1582 528 ἔχον
1612 458 1760 511 ἰδεῖν.

1876 457 2180 513 bonitatem
2224 457 2342 519 Dei,
2377 457 2423 514 si
2478 460 2852 528 permanseris
2898 461 2953 517 in
2986 460 3233 519 bonitate
3261 482 3273 520 ι
3303 464 3442 520 ιιιίοε

198 551 311 600 Ὀτι
345 547 448 617 γάρ
470 546 536 600 δι’
564 546 693 598 Υἰοῦ
718 546 788 598 τά
819 547 1016 611 πάντα,
1049 547 1299 618 καθάπερ
1329 547 1417 600 διὰ
1454 548 1634 618 χειρὸς
1662 547 1756 600 τοῦ

1876 549 2002 618 quin
2032 557 2086 602 et
2117 558 2172 604 tu
2207 550 2564 606 excideris".
2603 571 2621 604 ι

197 638 588 710 Πατρός,αὑτοῦ
611 637 858 706 λέγοντος
887 640 1117 692 ἄκουσον
1135 640 1263 710 περί
1289 639 1394 692 τῶν
1427 641 1759 710 κτισμάτων·
1808 659 1826 690 ι
1875 640 1937 693 Ἦ
1983 641 2104 711 χείρ
2155 658 2256 711 μου
2289 642 2510 714 ἐποίησε
2564 642 2736 697 ταῦτα
2770 643 2966 711 πάντα,
3007 663 3028 699 ι
3109 649 3286 702 καίτοι
3333 648 3442 702 τῶν

195 735 397 790 πάντων
426 733 724 803 γεγονότων
755 732 823 787 δι’
849 734 1000 799 Υἰοῦ,
1030 735 1171 789 κατά
1223 735 1322 797 τὰς
1356 736 1514 804 άγίας
1578 736 1818 807 Γραφάς.
1857 739 2203 807 Σημειωτέον
2235 739 2316 806 δὲ,
2345 738 2428 792 ὅτι
2455 738 2548 791 καὶ
2581 738 2611 791 ό
2650 738 2933 804 θεσπέσιος
2965 738 3195 807 Παῦλος,
3233 739 3330 811 τὴν
3359 739 3445 794 ιν.

195 831 308 884 θάδε
337 827 628 897 νοουμένην
664 827 796 897 ἡμῖν
823 827 1196 881 ὑπαινίττεται
1231 829 1424 898 τομὴν,
1473 830 1519 882 εἰ
1555 830 1646 883 καὶ
1687 829 1762 900 μὴ
1802 830 1878 894 ὡς
1905 828 2151 901 ἄμπελον
2188 831 2296 903 [ῑσ.
2320 831 2592 903 ἀμπέλου]
2622 832 2802 902 τυχὸν,
2835 830 2980 887 οὕτω
3016 833 3210 902 λέγων’
3265 851 3284 886 ι
3332 830 3440 884 Ἴδε

192 917 274 974 οὖν
341 919 680 989 χρηστότητα
728 919 823 972 καὶ
874 921 1175 991 ἀποτομίαν
1211 920 1368 974 Θεοῦ’
1429 921 1520 976 ἐπὶ
1571 922 1670 992 μὲν
1697 924 1824 984 τοὺς
1858 924 2119 988 πεσόντας
2177 925 2500 996 ἀποτομίαν,
2565 925 2656 978 ἐπὶ
2716 923 2772 980 δὲ
2833 925 2892 980 σὲ
2934 927 3298 998 χρηστότητα,
3345 925 3442 980 ὲάν

194 1013 460 1086 ἑπιμείνης
499 1014 565 1084 τῇ
607 1013 936 1085 χρηστότητι
974 1032 990 1048 ο
1016 1014 1141 1067 ἐπεὶ
1178 1015 1364 1070 καὶσὺ
1394 1018 1695 1088 ἐκκοπήσῃ.
1739 1036 1756 1068 ι

265 1105 390 1158 Ἐὰν
436 1107 676 1174 μείνητε
703 1107 772 1160 ἐν
802 1108 952 1176 ἐμοὶ,
1008 1108 1106 1162 καὶ
1137 1107 1210 1162 τὰ
1254 1109 1494 1177 ῥήματά
1522 1127 1642 1180 μου
1698 1111 1767 1163 ἐν

191 1196 320 1267 ὑμῖν
335 1197 532 1266 μείνῃ,
560 1197 591 1250 ὃ
625 1198 734 1252 ἐὰν
763 1201 978 1266 θέλητε
1014 1201 1360 1270 αἰτήσεσθε,
1395 1203 1490 1257 καί
1523 1205 1769 1272 γενήσε-

190 1306 272 1343 ται
293 1288 449 1357 ὑμῖν.

261 1380 436 1444 Ῥίζαν
470 1379 691 1434 ἔσεσθαί
717 1399 880 1453 φησιν
909 1383 1197 1454 εὐμενείας
1226 1386 1408 1450 αὐτοῖς
1434 1387 1532 1458 τῆς
1563 1388 1768 1442 ἀνωτά-

186 1491 271 1535 τω,
312 1473 372 1526 τὸ
401 1474 835 1542 προσκολλᾶσθαι
862 1476 1036 1544 φιλεῖν
1081 1477 1430 1548 ἀδιατμήτως
1455 1479 1626 1548 αὐτῷ,
1672 1480 1768 1533 καὶ

188 1563 460 1630 φυλάττειν
551 1565 610 1616 έν
682 1565 781 1635 νῷ,
855 1568 1107 1638 καθάπερ
1174 1569 1295 1622 τινὰ
1374 1572 1767 1642 παρακαταθιῆ⁶

187 1671 280 1724 κην
307 1654 454 1707 θείαν
480 1671 538 1708 τε
569 1657 664 1710 καὶ
713 1659 1109 1730 πνευματικὴν,
1160 1661 1257 1732 τὴν
1289 1663 1766 1733 ἀκραιφνεστάτην

184 1745 282 1797 τῶν
307 1746 674 1813 εὐαγγελικᾶη
692 1750 1096 1820 παιδευμάτων,
1131 1753 1225 1805 καὶ
1253 1750 1362 1806 τῶν
1377 1754 1468 1805 ἐπὶ
1484 1757 1552 1824 τῇ
1577 1753 1762 1807 πίστει

183 1834 453 1904 δογμάτων
482 1836 581 1906 τὴν
603 1837 776 1909 ἀληθῆ
800 1857 858 1892 τε
885 1840 1055 1904 ὅντως
1085 1841 1386 1907 παίδευσιν,
1413 1844 1505 1898 καὶ
1529 1843 1758 1915 εἰλικρι-

185 1925 318 1979 νέσιν
366 1927 600 1990 ἐννοίαις
637 1932 1134 2002 κατωχυρωμένην.
1180 1933 1266 1987 Ἐν
1317 1934 1428 2006 γάρ
1461 1934 1524 2006 δὴ
1550 1909 1761 1998 τούτοις
1794 1909 1835 1965 Β

184 2019 305 2086 ἡμῖν
330 2017 550 2088 σύμπας
597 2019 662 2072 ἂν
693 2022 778 2090 εἰη
823 2022 917 2076 τοῦ
948 2025 1200 2095 Σωτῆρος
1229 2026 1257 2077 ό
1302 2024 1480 2094 λόγος,
1511 2028 1560 2080 εἰ
1585 2028 1677 2080 τὸν
1704 2029 1761 2081 ἐν

182 2111 284 2172 τοῖς
342 2107 694 2177 Εὑαγγελίοις
746 2113 1118 2185 περιαθρῆσαι
1179 2117 1380 2170 σκοπὸν
1438 2117 1759 2190 θελήσομεν.

182 2197 250 2251 Τὸ
277 2199 380 2270 γὰρ
424 2203 542 2264 τοῖς
589 2202 833 2256 αἰτοῦσιν
875 2204 1140 2275 ἀμελλητί
1173 2206 1450 2279 διανέμειν
1491 2208 1560 2262 τὰ
1585 2210 1765 2278 ἀγαθά

183 2291 712 2358 κατεπαγγέλλεσθαι
760 2292 848 2346 τὸν
879 2295 1130 2364 Χριστὸν,
1181 2297 1298 2360 πῶς
1326 2299 1445 2368 οὐχ).
1474 2298 1633 2352 τοῦτο
1670 2301 1764 2353 καὶ

184 2379 319 2448 μάλα
350 2381 540 2451 σαφῶς
586 2383 886 2451 ἐγγυᾶσθαι
912 2388 1192 2458 φήσομεν;
1220 2389 1283 2442 Τί
1316 2389 1372 2443 δὲ
1403 2389 1467 2456 δὴ
1501 2383 1777 2460 ’βούλεταιβ

184 2470 308 2540 πρὸς
335 2471 546 2537 τούτοις
572 2477 702 2545 ἡμῖν
743 2477 837 2529 καὶ
903 2478 996 2531 τοῦ
1037 2479 1196 2547 λόγου
1223 2481 1283 2532 τὸ
1317 2481 1563 2551 ἀκριϐὲς,
1612 2484 1768 2551 ἐρευ-

181 2561 330 2632 νῆσαι
357 2565 467 2618 δεῖν
513 2565 898 2638 ὑπολαμϐάνω.
936 2587 956 2620 σ
1025 2571 1149 2624 Ἐὰν
1195 2572 1436 2643 μείνητε,
1475 2574 1659 2644 φησὶν,
1709 2577 1766 2628 ὲν

182 2652 295 2720 ὲμοί
325 2656 414 2708 καὶ
443 2656 518 2709 τά
548 2659 772 2729 ῥήματά
799 2677 900 2730 μου
945 2661 1003 2713 ὲν
1034 2663 1162 2731 ὑμῖν
1200 2663 1379 2735 μείνῃ,
1409 2663 1438 2715 ὃ
1477 2664 1571 2716 saw
1603 2663 1766 2734 θέλη-

181 2761 234 2798 τε
279 2749 598 2818 αἰτήσεσθε,
651 2751 744 2805 καὶ
792 2754 1082 2822 γενήσεται
1133 2755 1280 2823 ὑμῖν.
1314 2773 1332 2804 ι
1380 2754 1627 2822 Ἐφικτὸν
1660 2757 1768 2826 γὰρ

179 2838 304 2902 όλως
335 2841 450 2911 δοίη
480 2860 568 2905 τις
601 2841 668 2896 ἂν
719 2844 779 2897 τὸ
821 2846 1000 2914 μένειν
1028 2846 1085 2897 ἐν
1118 2845 1340 2916 Χριστῷ
1378 2845 1657 2913 δύνασθαι,
1694 2849 1768 2918 μὴ

183 2929 280 3000 μὴν
300 2930 440 3001 ἔχειν
478 2935 542 2986 ὲν
581 2933 757 3005 ἑαυτῷ
803 2937 894 2988 καὶ
923 2937 1046 2999 τοὺς
1077 2935 1244 2989 αὑτοῦ
1279 2937 1490 3004 λόγους.
1519 2938 1626 2991 Ναὶ
1679 2939 1766 3010 δὴ,

181 3024 326 3088 φαῖεν
369 3024 479 3094 γὰρ
531 3024 598 3078 ἀν
631 3028 858 3090 εἰκότως
889 3029 938 3080 οἰ
981 3029 1242 3098 φρονήσει
1292 3028 1765 3100 διαπρεπέστεροι.

181 3115 578 3185 Διαμεμνήσθω
601 3117 708 3188 γὰρ
724 3121 751 3172 ὁ
778 3119 1054 3188 φιλήκοος,
1076 3121 1158 3173 ὅτι
1181 3121 1272 3172 τὸν
1301 3119 1400 3191 τῆς
1429 3123 1511 3184 εἰς
1535 3122 1769 3194 Χριστὸν

1939 1101 2059 1168 XV,
2088 1104 2140 1159 7.
2179 1102 2238 1158 Si
2269 1106 2574 1160 munseritis
2601 1107 2655 1161 in
2692 1122 2794 1170 me,
2835 1117 2886 1162 et
2921 1109 3076 1163 verba
3119 1127 3236 1165 mea
3266 1112 3322 1166 in
3354 1129 3443 1168 σοι

1866 1196 1944 1250 bis
1976 1197 2288 1262 manserint,
2328 1197 2673 1268 quodcunque
2697 1198 2970 1254 volueritis
3026 1202 3233 1270 petatis,
3256 1210 3311 1258 et
3350 1203 3446 1274 ﬁet

1865 1289 2026 1345 vobis.

1935 1379 2199 1437 Radicem
2228 1384 2306 1439 eis
2351 1397 2606 1454 superna:
2655 1383 3052 1440 benevolentiae
3089 1385 3207 1442 fore
3253 1387 3350 1452 ait,
3391 1385 3442 1443 si

1867 1469 1973 1525 sibi
2006 1472 2452 1543 inseparabiliter
2502 1474 2840 1538 adhaereant,
2887 1484 2943 1531 et
2990 1477 3045 1530 in
3077 1477 3264 1532 animo
3306 1493 3457 1545 con-_

1865 1570 2088 1617 servent
2131 1562 2378 1618 divinum
2420 1565 2589 1620 veluti
2624 1567 2899 1636 quoddam
2937 1581 3003 1622 ac
3053 1567 3303 1638 spiritale
3345 1567 3442 1623 de-

1861 1653 2127 1722 positum,
2153 1654 2503 1724 purissimam
2529 1671 2732 1727 nempe
2764 1657 3094 1726 evangelicae
3126 1658 3439 1730 disciplina:

1861 1752 1916 1798 et
1962 1759 2148 1799 veram
2187 1745 2308 1800 lidei
2350 1746 2667 1816 dogmatum
2703 1748 3036 1815 doctrinam,
3090 1765 3157 1806 ac
3205 1753 3439 1808 sinceris

1861 1833 2290 1905 cogitationibus
2330 1837 2620 1892 munitam.
2684 1838 2742 1892 in
2791 1839 2878 1894 his
2925 1841 3070 1896 enim
3129 1841 3440 1900 Servatoris

1863 1926 2042 1982 omnis
2079 1941 2264 1983 sermo
2307 1937 2579 1996 versatur,
2631 1930 2678 1984 si
2739 1929 3158 2002 Evangeliorum
3209 1948 3439 2006 scopum

1863 2017 2148 2075 attendere
2181 2018 2436 2076 velimus.
2480 2019 2638 2086 Quod
2669 2022 2816 2076 enim
2847 2021 3108 2080 Christus
3147 2025 3295 2080 bona
3343 2041 3440 2096 pe-

1863 2111 2108 2167 tentibus
2170 2113 2558 2169 incunctanter
2612 2113 2938 2186 largiturum
3005 2131 3066 2174 se
3121 2119 3436 2188 pollicetur,

1862 2203 2132 2273 numquid
2165 2204 2314 2260 clare
2350 2204 2646 2261 admodum
2679 2205 2828 2262 istud
2854 2208 3106 2278 polliceri
3154 2210 3442 2268 dicemus?

1865 2292 2005 2359 Quid
2032 2303 2216 2350 autem
2244 2297 2353 2351 sibi
2377 2305 2642 2368 praeterea
2668 2298 2821 2359 velit.
2848 2309 2903 2355 et
2922 2315 3046 2372 qua:
3066 2316 3204 2358 vera.
3229 2303 3302 2358 sit
3332 2304 3439 2360 loci

1865 2382 2032 2454 hujus
2087 2385 2400 2452 sententia,
2463 2387 2911 2460 investigandum
2963 2390 3238 2447 arbitror:
3307 2411 3327 2452 ‹
3381 2393 3442 2449 Si

1866 2476 2204 2542 manseritis,
2232 2476 2431 2546 inquit,
2474 2479 2530 2532 in
2585 2494 2692 2541 me,
2723 2487 2778 2534 et
2807 2481 2976 2536 verba
3024 2496 3146 2536 mea
3182 2483 3238 2538 in
3284 2482 3442 2540 vobis

1869 2567 2194 2628 manserint,
2225 2565 2595 2637 quodcunque
2637 2569 2949 2636 volueritis,
2974 2573 3196 2640 petetis,
3241 2580 3297 2628 et
3352 2573 3444 2630 (iet

1869 2656 2046 2710 vobis.
2084 2674 2102 2706 ι
2152 2653 2298 2711 Fieri
2331 2657 2478 2711 enim
2519 2658 2747 2714 omnino
2779 2674 2940 2730 posse
2971 2661 3336 2719 concedemus
3383 2672 3444 2718 ut

1868 2746 1924 2800 in
1948 2745 2171 2802 Christo
2200 2748 2324 2818 quis
2356 2759 2594 2816 maneat,
2637 2765 2747 2805 non
2777 2760 2958 2807 tamen
2999 2753 3056 2808 in
3109 2755 3293 2826 seipse
3322 2756 3445 2826 ejus

1871 2855 2091 2910 quoque
2129 2841 2296 2896 verba
2332 2841 2553 2898 habeat.
2611 2842 2688 2898 Ita
2722 2859 2958 2915 prorsus
2994 2847 3332 2905 cord-atiores
3367 2849 3448 2905 lo-

1869 2942 2125 3002 quentur.
2165 2931 2474 2990 Meminerit
2511 2936 2656 2991 enim
2687 2937 2969 2994 studiosus
3010 2940 3227 2996 auditor
3269 2942 3442 3012 quod.

1871 3037 1997 3078 cum
2038 3024 2351 3082 dilectionis
2403 3025 2460 3081 in
2505 3026 2786 3084 Christum
2839 3031 3110 3088 rationem
3156 3033 3446 3106 indagare-

1872 3131 2018 3183 mus,
2054 3124 2108 3173 et
2130 3132 2378 3188 quaenam
2409 3128 2558 3176 esset
2590 3135 2768 3191 quove
2795 3130 2958 3193 pacto
2998 3124 3151 3181 ﬁeret
3181 3141 3446 3197 perscru-

183 3207 388 3280 ἀγάπης
421 3209 842 3281 διερευνώμενοι
881 3211 1102 3282 τρόπον,
1147 3211 1232 3276 τίς
1266 3229 1324 3265 τε
1351 3213 1457 3283 εἴη,
1483 3214 1577 3266 καὶ
1621 3213 1767 3278 ὅπως

1876 3212 2158 3272 taremur,
2207 3207 2481 3280 duplicem
2521 3212 2664 3266 viam
2718 3215 3002 3270 continere
3051 3215 3314 3283 diximus,
3347 3232 3448 3288 per

187 3298 248 3353 ἂν
318 3301 533 3367 γένοιτο
603 3303 782 3366 καλῶς
847 3303 1254 3374 δοκιμάζοντες,
1328 3304 1510 3374 διττὴν
1583 3306 1767 3375 ἐλέγο-

187 3409 277 3461 μεν
314 3393 457 3464 ἔχειν
487 3396 631 3458 ὁδὸν,
659 3396 801 3465 φημὶ
831 3396 888 3448 δὲ
914 3397 1011 3464 τὴν
1029 3396 1116 3449 διὰ
1143 3395 1402 3460 πίστεως,
1431 3395 1531 3467 τῆς
1559 3397 1701 3451 κατά
1720 3413 1771 3451 τι

185 3483 305 3552 γοῦν
333 3485 658 3540 ἀνυπαιτίου
718 3486 1016 3552 παντελῶς,
1067 3487 1293 3558 καὶτῆς
1321 3489 1440 3540 κατ’
1495 3488 1773 3560 ἐνέργειαν

185 3578 511 3647 πρακτικῆς,
560 3579 596 3648 ἢ
643 3579 737 3630 καὶ
765 3579 854 3636 διὰ
899 3579 999 3648 τῆς
1034 3579 1359 3649 εἰλικρινοῦς
1381 3579 1600 3649 ἀγάπης
1633 3597 1774 3652 παρ·

189 3669 531 3737 εισκρίνεται.
605 3670 790 3738 Ἔχειν
818 3670 871 3722 δὲ
935 3669 1110 3735 οὕτως
1159 3673 1290 3741 ἡμῖν
1321 3673 1774 3743 πεπιστευμένων

186 3760 286 3812 τῶν
319 3761 518 3828 λόγων,
575 3761 625 3813 οἰ
656 3761 753 3830 μὲν
784 3760 844 3813 οὐ
888 3761 1007 3814 λίαν
1059 3761 1278 3832 ἀσφαλῆ
1326 3762 1421 3816 καὶ
1446 3762 1774 3816 εὐκάθεκτον

187 3851 271 3904 τὸν
291 3855 386 3924 τῆς
411 3852 738 3920 συναφείας,
760 3853 878 3922 ἢτοι
899 3853 995 3922 τῆς
1015 3853 1346 3923 οἰκειότητος
1362 3853 1772 3924 ἐπιτηδεύοντες

187 3945 399 4013 τρόπον,
447 3944 615 4014 ψιλὴν
647 3943 743 4014 τὴν
785 3945 842 3996 ὲν
873 3943 1052 4011 λόγοις
1107 3944 1535 4015 ὁμολογήσαντες
1569 3943 1771 4009 πίστιν,

187 4036 280 4106 τήν
303 4052 364 4104 γε
423 4037 533 4106 μὴν
562 4035 652 4088 διὰ
689 4034 797 4087 τῶν
845 4033 1286 4105 κατορθωμάτων
1332 4036 1412 4098 εἰς
1461 4035 1776 4106 τελειότητα

192 4128 572 4197 μορφουμένην
638 4126 858 4193 ἀγάπην
914 4125 1014 4178 οὐκ
1075 4125 1453 4195 ὲπιδεξάμενοι
1479 4167 1494 4190 ,
1554 4126 1774 4197 μένουσι

193 4217 285 4286 μὲν
323 4221 380 4271 ὲν
403 4221 446 4271 Χ
455 4217 652 4289 ριστῷ,
683 4219 824 4271 κατά
851 4235 913 4286 γε
951 4219 1049 4288 τὴν
1075 4219 1138 4271 ὲκ
1166 4217 1260 4271 τοῦ
1299 4218 1584 4272 πιστεῦσαι
1613 4219 1775 4290 τυχὸν

188 4311 512 4380 οἰκειότητα,
549 4310 646 4362 καὶ
681 4309 769 4362 διά
800 4308 895 4362 τοῦ
945 4311 1019 4380 μὴ
1053 4310 1187 4380 πρὸς
1225 4310 1416 4379 ἑτέραν
1473 4311 1774 4381 ὲξοίχεσθαι

189 4400 456 4472 λατρείαν.
482 4401 686 4456 Οὐκέτι
710 4401 766 4454 δὲ
781 4402 872 4455 καὶ
890 4404 1016 4464 τοὺς
1036 4401 1227 4469 λόγους
1250 4402 1462 4470 ἔχοντες
1486 4404 1543 4454 ὲν
1565 4403 1775 4467 ἑαυτοῖς

191 4494 703 4564 καταληφθήσονται
758 4492 851 4545 τοῦ
901 4492 1158 4564 Χριστοῦ.
1218 4493 1328 4544 Καὶ
1379 4492 1498 4562 οὐχὶ
1525 4493 1589 4562 δὴ
1618 4494 1776 4546 τοῦτο

1875 3296 2035 3352 ﬁdem
2067 3298 2326 3354 nimirum
2369 3302 2517 3357 omni
2547 3317 2614 3358 ex
2651 3311 2804 3372 parte
2851 3305 3237 3378 inculpabilem
3283 3317 3449 3380 atque

1872 3403 2163 3458 operosam
2208 3391 2355 3444 illam
2397 3401 2451 3446 et
2479 3393 2534 3446 in
2569 3395 2780 3464 agendo
2814 3397 3075 3464 positam,
3113 3413 3235 3468 quae
3267 3407 3320 3453 et
3351 3413 3449 3469 per

1874 3482 2151 3536 sinceram
2189 3483 2516 3539 charitatem
2564 3485 2866 3541 inducitur.
2911 3487 3047 3553 Quae
3095 3503 3221 3542 cum
3272 3489 3347 3543 ita
3387 3505 3450 3546 so

1873 3572 2082 3628 habere
2116 3574 2430 3638 credamus,
2459 3575 2775 3646 quicunque
2805 3578 3214 3646 coniunctionis
3238 3579 3326 3634 vel
3351 3595 3450 3636 ne-

1873 3664 2228 3719 cessitudinis
2289 3664 2510 3720 modum
2569 3681 2676 3719 non
2733 3666 3028 3722 admodum
3078 3677 3446 3729 constantem.

1873 3757 1969 3812 sed
2002 3758 2170 3811 levem
2199 3771 2263 3810 ac
2293 3755 2540 3827 fragilem
2580 3758 2792 3824 colunt,
2830 3757 2994 3814 nudis
3016 3766 3228 3814 tantum
3263 3761 3448 3816 verbis

1875 3847 2036 3903 ﬁdem
2086 3848 2450 3918 proﬁtentes.
2501 3848 2748 3920 adeoque
2809 3864 2907 3920 per
2955 3849 3130 3905 bonas
3199 3849 3447 3906 actiones

1873 3941 2200 3999 charitatem
2234 3941 2298 3996 ad
2329 3940 2730 4012 perfectionem
2761 3955 2872 3996 non
2903 3942 3292 4012 suscipientes,
3329 3957 3448 3996 ma-

1876 4042 2008 4090 nent
2033 4034 2254 4103 quidem
2279 4034 2335 4088 in
2369 4032 2616 4097 Christo,
2660 4033 2924 4088 nimirum
2956 4033 3351 4103 conjunctione
3381 4033 3448 4087 [i-

1877 4125 1986 4188 dei,
2024 4132 2079 4178 et
2112 4125 2240 4194 quia
2285 4123 2351 4177 ad
2403 4124 2644 4178 alienum
2687 4124 2894 4177 cultum
2928 4122 2996 4176 ab
3037 4137 3103 4177 eo
3132 4137 3242 4176 non
3285 4121 3446 4178 delle-

1876 4223 2054 4281 ctunt,
2081 4228 2190 4269 non
2220 4215 2334 4282 jam
2367 4221 2550 4268 tamen
2580 4212 2749 4268 verba
2781 4211 2993 4268 Christi
3021 4213 3078 4266 in
3113 4213 3312 4282 seipsis
3349 4213 3445 4266 ha-

1876 4307 2006 4362 bere
2046 4304 2548 4374 deprchendemur.
2595 4302 2780 4375 Neque
2828 4317 2956 4359 vero
2999 4304 3169 4374 873
3213 4303 3446 4359 dicimus

1877 4412 1972 4453 eos
2026 4397 2355 4468 evangelicae
2418 4396 2827 4466 praedicationis
2885 4396 3088 4452 oblitos
3153 4396 3447 4450 verborum

1882 4487 2200 4544 Servatoris
2235 4503 2360 4544 esse
2388 4504 2615 4558 prorsus
2649 4489 3016 4554 immemores,
3051 4487 3146 4543 sed
3174 4487 3450 4542 illecebris

193 4585 400 4648 πάντως
429 4586 633 4654 φαμὲν,
659 4585 741 4637 ὅτι
777 4583 918 4658 λήθῃ
942 4585 1356 4655 καταχώσαντες
1389 4584 1496 4637 τῶν
1528 4585 1773 4652 Εὐαγγε-

1882 4580 2222 4650 voluptatum
2253 4587 2306 4634 et
2341 4578 2604 4634 eﬂ‘renata
2639 4594 2822 4634 rerum
2863 4586 3208 4634 terrenarum
3243 4580 3451 4648 cupidi-

191 4671 386 4726 λίωντὸ
405 4675 476 4744 κή
488 4680 701 4743 ρυγμα,
733 4673 1007 4736 παντελῶς
1037 4675 1143 4725 εἰσι
1175 4671 1282 4726 τῶν
1302 4672 1396 4725 τοῦ
1418 4673 1666 4744 Σωτῆρος
1693 4673 1782 4726 λό-

192 4781 296 4830 γων
323 4767 664 4838 ἀμνήμονες,
703 4765 817 4818 ἀλλ’
851 4766 933 4818 ὅτι
975 4765 1202 4836 μηδενὸς
1243 4763 1452 4830 ἀξιοῦσι
1498 4765 1656 4834 λόγου
1685 4766 1783 4836 τὴν

192 4856 244 4906 ὲν
275 4857 497 4926 Χριστῷ
558 4857 852 4920 πολιτείαν,
880 4861 997 4919 ταῖς
1040 4858 1196 4921 ἰδίαις
1222 4857 1282 4910 τὸ
1311 4858 1418 4910 πᾶν
1465 4857 1784 4927 ἐπιτρέπον-

193 4963 277 5010 τες
308 4949 524 5018 ἡδοναῖς
551 4949 646 5001 καὶ
676 4949 811 5018 πρὸς
831 4949 892 5001 τὸ
934 4943 1069 5018 μόνα
1101 4953 1316 5019 φρονεῖν
1337 4950 1405 5003 τὰ
1435 4949 1526 5002 ἐπὶ
1551 4949 1651 5018 τῆς
1681 4950 1783 5018 γῆς

194 5038 439 5109 ἀχάλινον
473 5040 694 5110 ἔχοντες
721 5040 818 5110 τὴν
854 5039 1047 5110 ῥοπὴν,
1080 5040 1170 5093 διά
1192 5057 1250 5094 τε
1276 5041 1432 5093 τοῦτο
1459 5041 1558 5109 τῆς
1582 5039 1780 5109 νοητῆς

195 5129 281 5181 καὶ
319 5132 484 5198 ἁγίας
525 5132 774 5202 ἀμπέλου
827 5130 1270 5202 κατασπώμενοι,
1330 5132 1424 5186 καὶ
1455 5131 1608 5184 αὐτοὶ
1663 5133 1782 5193 ταῖς

195 5225 335 5293 σφῶν
362 5225 552 5279 αὐτῶν
602 5222 998 5293 φιλοπαοείαις,
1029 5223 1127 5294 τὴν
1152 5223 1253 5292 τῆς
1288 5223 1617 5290 οἰκειότητος
1643 5222 1781 5275 ἀπο-

194 5312 540 5380 λακτίζοντες
586 5315 763 5386 χάριν.
795 5315 1001 5378 Παντὸς
1035 5315 1094 5366 δὲ
1123 5315 1368 5368 τοιούτου
1407 5317 1533 5384 πέρι
1563 5314 1656 5366 καὶ
1685 5313 1781 5366 αύ-

191 5405 276 5468 τὸς
305 5407 411 5478 ἔφη
450 5407 714 5478 Χριστόςο
751 5425 770 5458 ι
813 5408 887 5460 Οὐ
918 5407 1024 5470 πᾶς
1051 5408 1078 5458 ό
1112 5406 1286 5473 λέγων
1313 5422 1422 5476 μοι’
1456 5404 1648 5474 Κύριε,
1672 5403 1786 5456 Κύ-

195 5509 293 5564 ριε,
326 5495 708 5550 εἰσελεύσεται
731 5499 810 5560 είς
829 5496 927 5567 τὴν
948 5496 1225 5566 βασιλείαν
1243 5497 1352 5550 τῶν
1374 5495 1644 5567 οὐρανῶν,
1669 5494 1785 5548 ἀλλ’

191 5585 219 5639 ό
249 5588 419 5641 ποιῶν
448 5590 514 5642 τὸ
546 5587 761 5658 θέλημα
784 5589 875 5642 τοῦ
906 5590 1117 5659 Πατρός
1147 5606 1246 5659 μου
1280 5589 1374 5642 τοῦ
1399 5593 1455 5644 ὲν
1481 5593 1589 5652 τοῖς
1624 5589 1790 5660 ούρα-

262 5766 299 5797 ⁸¹
346 5765 515 5822 ﬂom.
563 5779 646 5830 ιι,
685 5764 772 5819 22.
852 5765 892 5796 ³⁸
950 5762 1146 5818 Matth.
1177 5767 1283 5833 vn},
1325 5765 1415 5820 2t.

1883 4678 1995 4726 tate
2021 4670 2302 4734 delinitos,
2329 4669 2671 4740 proindeque
2699 4671 2767 4724 ab
2796 4669 3154 4724 intellectuali
3179 4677 3233 4724 et
3259 4675 3447 4722 sancta

1880 4761 1991 4818 vite
2039 4762 2292 4827 avulsos,
2330 4762 2618 4831 gratiaque
2666 4759 3063 4816 familiaritatis
3117 4768 3173 4814 et
3218 4759 3451 4826 conjun-

1880 4853 2080 4907 ctionis
2107 4852 2411 4923 repudiata,
2431 4853 2598 4906 vitam
2627 4858 2681 4907 et
2703 4852 3178 4906 conversationem
3211 4850 3264 4902 in
3289 4845 3451 4902 Chri-

1881 4952 1967 5000 sto
1997 4945 2151 4999 nihili
2183 4959 2410 5014 prorsus
2442 4943 2664 4999 ducere.
2698 4942 2774 4998 De
2799 4942 3056 4998 omnibus
3077 4940 3143 4994 iis
3177 4938 3270 5009 qui
3302 4939 3454 5010 ejus-
3516 5011 3520 5015 Α

1881 5036 2092 5092 cemodi
2133 5046 2261 5092 sunt
2290 5037 2541 5092 Christus
2576 5037 2692 5105 ipse
2736 5036 2908 5090 dixit:
2954 5053 2973 5084 ‹
3007 5030 3122 5087 Νοη
3153 5032 3334 5086 omnis
3361 5033 3456 5101 qui

1882 5129 2018 5183 dicit
2053 5129 2223 5184 mihi:
2260 5128 2507 5195 Domine,
2554 5128 2802 5189 Domine,
2847 5125 3073 5179 intrabit
3126 5124 3180 5178 in
3227 5139 3458 5194 regnum

1886 5221 2170 5285 cmlorum,
2218 5220 2314 5276 sed
2345 5221 2437 5291 qui
2471 5220 2603 5274 facit
2633 5219 2962 5273 voluntatem
2995 5215 3176 5271 Patris
3203 5215 3334 5279 mci,
3366 5217 3459 5285 qui

1887 5316 1941 5368 in
1969 5314 2126 5368 cwlis
2157 5313 2330 5367 est".
2369 5330 2386 5362 ι
2433 5309 2591 5377 Quod
2616 5316 2796 5364 autem
2834 5307 2950 5361 sola
2993 5306 3128 5361 ﬁdes
3176 5306 3283 5361 nisi
3335 5322 3462 5376 ope-

1889 5421 2011 5460 rum
2077 5403 2368 5474 splendore
2423 5401 2648 5473 praedita
2714 5399 2779 5452 ad
2840 5399 3243 5454 conciliandam
3301 5399 3464 5453 nobis

1895 5512 2019 5553 cum
2065 5496 2176 5551 Deo
2216 5494 2663 5566 conjunctionem
2723 5505 2833 5545 non
2889 5490 3157 5556 sulliciat,
3193 5487 3467 5563 signiﬁcat

1897 5603 2115 5658 quoque
2189 5587 2274 5641 his
2345 5585 2529 5640 verbis
2600 5582 2803 5640 Christi
2862 5581 3208 5652 discipulus:
3291 5601 3308 5632 ι
3379 5578 3463 5634 Tu
