3998 6318
489 349 593 407 “567
1525 333 1583 389 S.
1627 328 1901 389 CY‘RILLI
1938 321 2413 383 ALEXANDRIM
2451 318 2767 409 ARCHIEP.
3661 309 3772 368 368

490 469 674 526 credis
732 463 995 538 quoniam
1063 466 1209 514 ustus
1280 451 1619 510 est‘Deus:
1671 459 1727 506 et
1786 449 2069 504 dannones

2194 445 2303 506 ιοίς.
2342 460 2359 493 ι
2390 442 2511 494 Ὀτι
2531 439 2588 493 δὲ
2612 438 2771 510 μόνη,
2806 435 2900 490 καὶ
2931 432 3328 506 καθ’ὶαυτὴνή
3367 431 3551 495 πίστις
3576 428 3678 500 τῆς
3703 428 3773 482 ὲκ

488 518 766 622 credunt:
803 564 860 611 et
909 548 1347 608 contremiscunt
1374 543 1440 597 ³³.
1496 562 1514 593 ι
1569 542 1639 595 At
1683 540 1832 596 dicet
1871 538 2067 608 aliquis

2193 532 2286 585 τῶν
2333 532 2511 603 ἔργων
2537 528 2892 601 φαιδρότητος
2930 529 2991 581 οὐ
3034 526 3273 597 λαχοῦσα
3315 524 3412 596 τὴν
3443 518 3772 592 συνδρομὴν,

490 613 560 709 iis
597 613 701 721 qui
742 613 961 703 Inudam
1017 648 1073 699 et
1124 638 1299 695 solam
1347 635 1507 691 ﬁdem
1563 632 1676 690 sibi
1714 629 2069 687 suffecturam

2196 623 2543 695 ὶποχρώντως
2571 622 2669 692 οὐχ
2699 620 2809 685 ἔξει
2851 623 2931 684 είς
2961 620 3022 673 τὸ
3055 617 3312 673 δύνασθαι
3355 614 3637 688 προξενεῖν
3672 613 3775 684 τὴν

490 704 726 814 puta‘nt,
765 746 825 794 ut
870 747 1169 805 supernam
1230 727 1681 798 conjunctionem
1737 737 2069 793 comparare

2195 719 2257 781 είς
2288 716 2421 769 Θεὸν
2463 714 2794 784 οἰκειότητα,
2831 711 3084 783 σημαίνει
3132 710 3305 779 λέγων
3339 709 3436 763 καὶ
3477 708 3506 759 6
3533 704 3774 777 Χριστοῦ

493 796 706 904 possint
728 848 740 883 :
760 829 977 899 Ergone
1010 825 1259 895 ipsorum
1285 796 1451 877 etiam
1480 818 1789 874 daemonum
1817 815 2072 870 cohortes

2197 807 2448 878 ιαθητήςο
2481 825 2499 857 ι
2536 806 2607 858 Σὺ
2641 802 2937 867 πιστεύεις,
2972 805 3054 856 ὅτι
3085 796 3166 866 εἷς
3191 803 3220 854 6
3244 799 3395 864 Θεόςο
3433 799 3528 852 καὶ
3559 797 3632 850 τὰ
3657 797 3776 851 δαι-

492 887 559 982 ad
586 887 1175 981 familiaritatem-cum
1240 913 1349 969 Deo
1408 911 1666 968 redibunt
1692 924 1757 964 ex
1816 922 1885 964 eo
1927 907 2071 977 quod

2197 897 2341 952 tdet
2396 895 2734 961 πιστεύουσι,
2785 894 2877 948 καὶ
2906 893 3239 964 φρίττουσιν.
3274 908 3301 941 τι
3335 887 3471 943 Εἶτα
3496 887 3616 951 πῶς
3658 887 3776 957 ἐρεῖ

494 1036 664 1075 unum
707 1018 860 1072 illum
897 1025 1024 1069 esse
1057 1006 1337 1065 credunt?
1367 1007 1437 1059 At
1466 1000 1745 1075 quomodo
1775 1000 1921 1056 istud
1958 998 2073 1054 ﬁeri

2198 1007 2261 1054 :t;
2307 989 2406 1061 ἤδη
2445 990 2560 1051 τοῖς
2609 987 2864 1059 ἀρκέσειν
2908 987 3093 1049 αὐτοῖς
3120 985 3334 1057 γυμνήν
3359 1000 3420 1036 τε
3477 980 3574 1036 καὶ
3605 980 3777 1051 μόνην

494 1114 715 1187 potest?
756 1110 912 1166 Scire
939 1108 1085 1163 enim
1108 1111 1328 1160 tantum
1347 1072 1521 1156 Deum
1553 1110 1723 1151 unum
1747 1108 1893 1157 esse,
1920 1092 2073 1147 illum

2190 1080 2448 1153 aiopévmg
2485 1079 2583 1151 τὴν
2616 1078 2820 1142 πίστιν,
2855 1080 2935 1141 είς
2993 1077 3054 1131 τὸ
3100 1075 3361 1130 δύνασθαι
3403 1073 3504 1145 τὴν
3559 1072 3769 1127 ἄνωθεν

495 1166 667 1187 r____,

494 1208 739 1263 universi
802 1204 1067 1258 factorem
1100 1208 1156 1254 et
1205 1200 1511 1268 parentem,
1545 1199 1633 1247 est
1691 1187 1886 1242 inutile
1931 1185 2073 1240 :sed

2196 1174 2486 1246 ›ίκειότητα
2521 1173 2845 1245 περιποιεῖν·
2880 1168 2994 1244 ἆρα
3021 1171 3115 1225 καί⁵
3154 1169 3336 1225 αὐτῶν
3363 1168 3473 1222 τῶν
3499 1166 3775 1238 δαιμόνων

495 1300 716 1370 pietatis
750 1298 804 1351 in
835 1296 1014 1367 ipsum
1037 1258 1270 1363 gloriam
1298 1285 1424 1342 ﬁdei
1445 1283 1701 1340 comitem
1729 1294 1853 1335 esse
1878 1277 2074 1333 debere

2196 1265 2238 1319 τὸ
2273 1265 2458 1335 στίφος
2474 1264 2863 1335 ἀναδραμεῖται
2887 1262 3024 1332 πρὸς
3061 1262 3368 1331 οἰκειότητα
3399 1259 3499 1329 τὴν
3529 1258 3608 1320 ὡς
3639 1258 3775 1329 πρὸς

496 1350 745 1445 autumo.
771 1350 910 1442 Nam
944 1350 1204 1456 quivtalis
1230 1386 1339 1443 est,
1381 1375 1550 1432 etiam
1588 1371 1648 1426 in
1680 1369 1910 1426 Christo
1957 1382 2075 1422 ma-

2197 1356 2330 1424 9εὸν,
2370 1355 2600 1427 ἐπείπερ
2630 1351 2768 1408 οἶδεν
2794 1353 2892 1407 ἕνα
2919 1370 2977 1406 τε
3011 1353 3107 1406 καὶ
3129 1353 3257 1406 ὄντα
3273 1350 3605 1405 πεπίστευκε
3632 1350 3776 1416 μία).

494 1491 610 1551 net,
639 1489 695 1536 et
738 1480 863 1549 ejus
903 1443 1069 1532 verba
1123 1472 1329 1527 habere
1366 1464 1759 1536 comperietur,
1809 1460 1970 1532 juxta
2023 1457 2073 1513 id

2193 1449 2295 1512 πῶς
2314 1448 2379 1502 ἂν
2414 1448 2499 1518 εἴη
2526 1446 2685 1500 τοῦτό
2716 1464 2780 1515 γε
2812 1463 2826 1513 ;
2856 1447 2930 1500 Τὸ
2964 1447 3072 1516 γὰρ
3101 1444 3299 1499 εἰδέναι
3336 1443 3498 1515 μόνον
3516 1443 3772 1514 ἀχρεῖον,

494 1533 927 1643 ίίῦοιΙ-ίιιθιὶῢιίο
980 1565 1323 1622 Psahnorum
1375 1533 1638 1630 tanquam
1677 1554 1746 1611 ad
1783 1552 1956 1608 Deum
1991 1551 2073 1606 di-

2193 1542 2260 1594 ὅτι
2276 1539 2407 1604 Θεός
2424 1542 2570 1593 ἐστιν
2597 1533 2676 1603 εἶς
2701 1541 2728 1593 6
2754 1539 2971 1594 πάντων
3004 1537 3234 1609 ποιητῄς
3261 1553 3320 1588 τε
3342 1535 3439 1589 καὶ
3461 1550 3772 1604 γενεσιουρ-

494 1675 645 1718 ctum
686 1668 814 1716 est:
851 1679 870 1712 ι
909 1655 966 1712 ln
1000 1654 1166 1712 corde
1200 1667 1324 1709 meo
1375 1648 1649 1706 abscondi
1699 1645 1921 1719 eloquia
1960 1651 2073 1709 tua,

2198 1633 2292 1701 τός’
2334 1632 2442 1685 δεῖν
2468 1632 2524 1684 δὲ
2562 1627 2716 1702 οἴμαι
2740 1633 2807 1703 τῇ
2830 1631 3010 1685 πίστει
3037 1628 3527 1701 συμπαρομαρτεῖν
3549 1625 3647 1681 καὶ
3676 1623 3777 1692 τῆς

496 1759 554 1805 ιιι
589 1764 700 1805 non
745 1760 969 1819 peccem
1027 1743 1214 1799 tibi".
1252 1760 1271 1794 ι
1314 1740 1387 1797 Ut
1434 1740 1583 1795 enim
1635 1737 1778 1808 ignis
1808 1714 1891 1790 vin
1947 1749 2075 1790 vase

2199 1726 2259 1786 Li;
2288 1723 2451 1777 αὐτὸν
2475 1722 2762 1786 εὐλαϐείας
2793 1723 2854 1776 τὸ
2882 1722 3163 1794 καύχημα.
3204 1722 3265 1775 Ὀ
3290 1720 3396 1791 γὰρ
3417 1714 3662 1780 τοιοῦτος
3685 1716 3778 1770 καὶ

494 1858 639 1898 aereo
669 1838 991 1896 reconditus
1026 1849 1191 1891 suum
1223 1834 1275 1889 ei
1305 1832 1548 1888 calorem
1598 1829 1792 1899 utique
1816 1841 2073 1883 commu-

2199 1835 2236 1869 ιν
2269 1815 2494 1887 Χριστῷ
2530 1815 2702 1886 μένει,
2751 1815 2846 1868 καὶ
2894 1813 3033 1886 ἔχων
3077 1813 3374 1885 ὀφθήσεται
3406 1811 3533 1873 τοὺς
3583 1808 3778 1878 λόγους

496 1938 669 1999 nicat,
697 1932 778 1989 sic
800 1946 931 2003 qua:
989 1943 1089 2000 per
1132 1926 1317 1982 omnis
1369 1922 1593 1978 virtutis
1626 1919 1961 1976 desiderium
2020 1917 2075 1973 in

2253 1909 2367 1977 τοῦ,
2394 1908 2536 1964 κατά
2574 1908 2635 1962 τὸ
2655 1910 2710 1964 ὲν
2741 1907 2907 1980 βίϐλῳ
2927 1907 3173 1978 Ψαλμῶν
3196 1904 3509 1977 εἰρημένον,
3535 1902 3614 1965 ὡς
3639 1901 3779 1973 πρὸς
3820 1970 3832 1985 Ἀ

495 2023 679 2077 anima
707 2026 763 2074 et
793 1994 959 2074 corde
991 1994 1291 2071 caelestem
1352 2025 1418 2067 ac
1478 2009 1728 2066 divinum
1762 2022 2074 2064 sermonem

2196 2003 2333 2059 956w
2381 2023 2400 2057 ι
2453 2004 2542 2058 Ἐν
2603 2005 2668 2075 τῇ
2691 2000 2890 2073 καρδίᾳ
2930 2016 3030 2072 μου
3089 1998 3302 2069 ἔκρυψα
3328 1996 3396 2050 τὰ
3445 1994 3605 2065 λόγιά
3657 2011 3775 2057 σου,

496 2128 651 2168 mens
685 2110 953 2173 continet,
987 2120 1205 2176 semper
1231 2104 1300 2160 ad
1334 2101 1470 2158 illud
1495 2116 1593 2172 per
1615 2115 1740 2180 eum
1767 2099 2075 2154 incalescit.

2201 2097 2326 2161 ἰπως
2353 2096 2420 2151 ἂν
2475 2096 2551 2169 μὴ
2592 2095 2825 2168 ἁμάρτω
2859 2111 2963 2148 σοι.
3006 2111 3025 2144 ›
3062 2093 3274 2165 Ὥσπερ
3317 2090 3445 2162 γὰρ,
3502 2088 3560 2142 εἴ
3604 2087 3780 2149 sui»

497 2203 778 2272 Scriptum
831 2206 916 2256 est
949 2198 1145 2254 enim:
1225 2215 1243 2249 ι
1288 2193 1526 2267 Ignitum
1581 2179 1863 2263 eloquium
1923 2199 2075 2245 tuum

2197 2190 2336 2258 ἱγγει
2353 2187 2552 2260 χαλκῷ
2581 2188 2752 2260 πυρὸς
2780 2186 3037 2240 ἀπόθοιτο
3071 2184 3312 2256 σπέρμα,
3343 2182 3559 2244 πάντως
3581 2179 3647 2250 δή
3673 2196 3776 2232 που

496 2296 875 2354 vehementer,
909 2297 965 2345 et
1004 2302 1199 2344 servus
1234 2293 1364 2342 tuus
1398 2282 1762 2341 dilexit‘illud
1786 2282 1853 2336 ³⁸.
1892 2301 1909 2332 ι
1939 2280 2075 2347 Qui-

2197 2285 2271 2334 ιαὶ
2297 2282 2398 2352 τῆς
2427 2280 2559 2352 παρ’
2598 2279 2764 2333 αὐτοῦ
2804 2278 3137 2352 θερμότητος
3165 2274 3482 2331 ἀποτελέσει
3522 2274 3776 2345 μέτοχον’

495 2400 713 2456 cunque
751 2384 938 2455 igitur,
976 2381 1177 2451 inquit,
1223 2394 1355 2437 suas
1409 2391 1497 2433 res
1532 2376 1589 2430 in
1632 2376 1717 2431 his
1762 2375 2074 2437 constituit,

2201 2374 2349 2437 ιῦτως
2385 2376 2414 2427 6
2448 2376 2510 2427 ὲν
2539 2372 2685 2444 ψυχῇ
2707 2389 2765 2426 τε
2798 2373 2893 2426 καὶ
2937 2370 3135 2443 καρδίᾳ
3165 2368 3254 2423 τὸν
3294 2367 3435 2421 θεῖόν
3465 2383 3527 2419 τε
3560 2364 3659 2418 καὶ
3686 2354 3780 2416 οὐέ-

495 2496 671 2552 coque
723 2487 948 2536 erectus
998 2484 1084 2532 est
1141 2474 1332 2546 gloria:
1373 2478 1436 2525 ut
1476 2476 1532 2526 et
1582 2472 1638 2524 in
1687 2484 1775 2524 me
1828 2477 2071 2532 maneat,

2202 2469 2363 2522 δάνιον
2390 2466 2549 2535 λόγον
2598 2463 2934 2534 διακατέχων
2990 2462 3137 2528 νοῦς,
3172 2459 3239 2513 δι’
3269 2459 3507 2528 ἐφέσεως
3548 2457 3651 2526 τῆς
3700 2455 3781 2519 είς

496 2548 729 2642 uncaque
760 2569 901 2640 apud
931 2581 992 2624 se
1027 2565 1192 2622 verba
1219 2563 1441 2627 habeat,
1479 2560 1869 2615 incunctanter
1904 2572 2067 2613 acce-

2201 2561 2398 2613 ιπασαν
2427 2556 2655 2628 ἀρετὴν,
2685 2556 2774 2610 ἀεὶ
2803 2555 2940 2626 πρὸς
2983 2551 3142 2607 τοῦτο
3174 2553 3241 2607 δι’
3273 2548 3441 2606 αὐτοῦ
3485 2548 3780 2620 θερμαίνε-

496 2667 611 2729 dat,
637 2639 700 2718 et
729 2639 1099 2733 quodcunque
1129 2655 1356 2711 libuerit
1400 2666 1525 2709 cum
1563 2664 1779 2705 summa
1814 2649 2065 2704 libertate

2203 2669 2287 2706 ται,
2312 2651 2625 2721 Γέγραπται
2644 2645 3217 2720 γάρ-ιΠεπυρωμένον
3245 2644 3305 2698 τὸ
3329 2642 3507 2712 λόγιόν
3528 2658 3623 2694 σου
3647 2639 3782 2708 σφό-

497 2765 665 2827 petat,
706 2732 762 2812 et
794 2754 937 2808 citra
963 2763 1172 2807 moram
1218 2748 1385 2803 ullam
1409 2744 1632 2799 dabitur
1656 2741 1703 2798 ei
1740 2760 1752 2796 :
1784 2757 1886 2798 nec
1929 2741 2075 2796 enim

2198 2747 2298 2814 ipa,
2336 2743 2431 2796 καὶ
2446 2742 2484 2795 -ὁ
2530 2739 2716 2805 δοῦλός
2746 2757 2841 2794 σου
2879 2740 3168 2811 ἠγάπησεν
3213 2737 3366 2792 αὐτό.
3405 2754 3424 2786 ι
3471 2733 3532 2787 Ὃ
3568 2732 3777 2796 τοίνυν,

496 2823 725 2920 negabo.
773 2843 914 2900 Num
968 2857 1100 2913 ergo
1156 2840 1204 2897 si
1257 2837 1390 2893 mali
1432 2835 1638 2906 aliquid
1689 2843 1866 2904 petat,
1926 2833 2075 2887 illico

2204 2834 2334 2904 ιησὶ,
2359 2832 2721 2903 καταστήσας
2746 2832 2806 2885 ὲν
2835 2830 3044 2893 τούτοις
3064 2830 3133 2883 τὰ
3178 2829 3300 2884 καθ’
3326 2826 3537 2888 ἑαυτὸν,
3563 2823 3664 2878 «καὶ
3688 2827 3783 2888 είς

497 2940 787 3010 suscipiet,
830 2935 1082 3005 illudque
1134 2929 1357 2988 virtutis
1395 2942 1588 2982 amans
1646 2924 1793 2980 Deus
1833 2922 2076 2979 tribuet?

2205 2925 2332 2979 οῦτο
2353 2924 2536 2978 λοιπὸν
2552 2924 2904 2994 καυχήματος
2919 2921 3374 2992 ἀναϐεϐηκὼς,ὼς
3389 2923 3446 2975 ὲν
3466 2922 3587 2994 ἐμοί
3602 2940 3657 2975 τε
3680 2922 3784 2991 μέ-

497 3028 696 3084 Procul
733 3028 826 3093 sit,
858 3037 1066 3095 quaeso,
1096 3028 1258 3076 tanta
1291 3015 1539 3073 insania!
1565 3013 1713 3069 Nihil
1745 3012 1952 3084 quippe
1985 3012 2068 3067 vi-

2208 3035 2287 3071 ειν
2303 3016 2484 3082 αὐτὸν,
2516 3016 2660 3093 ἔχειν
2685 3034 2745 3070 τε
2770 3017 2907 3087 ’παρ’
2926 3016 3108 3088 ἑαυτῷ
3122 3016 3250 3080 τοὺς
3284 3016 3449 3086 ὲμούς
3465 3016 3787 3085 λόγους,ἁν-

499 3120 626 3175 tiosi
685 3125 778 3173 aut
825 3113 1096 3185 inquinati
1154 3110 1298 3167 Deus
1344 3108 1609 3179 largietur
1651 3120 1920 3178 prorsus:
1979 3105 2076 3160 sed

2219 3108 2491 3173 ποστόλως
2507 3108 2771 3181 προσίτω,
2790 3111 2884 3162 καὶ
2906 3108 3042 3180 ὅπερ
3059 3106 3126 3162 ἂν
3149 3107 3246 3179 ἔχῃ
3266 3106 3400 3178 πρὸς
3419 3108 3610 3179 ἡδονὴν
3625 3105 3790 3173 ἐξαι-

497 3211 666 3284 879
694 3168 1047 3279 cogitandum
1095 3202 1281 3275 potius
1308 3168 1527 3271 justum
1573 3168 1908 3268 ct-a3quum
1958 3212 2076 3252 esse

2215 3201 2343 3255 είτω
2374 3168 2495 3254 τότε
2531 3168 2626 3254 σὺν
2654 3168 2938 3273 παρρησίᾳ
2969 3168 3289 3271 πολλῇίκαὶ
3309 3168 3630 3271 ’μελλησμοῦ
3650 3168 3792 3268 δίχα

503 3312 562 3357 ιιι
591 3302 685 3372 qui
733 3306 920 3354 manet
962 3297 1017 3352 in
1051 3295 1297 3360 Christo,
1333 3300 1390 3348 et
1448 3289 1615 3347 verba
1667 3289 1790 3359 ejus
1822 3288 1988 3344 habet
2024 3287 2080 3342 in

2214 3292 2466 3364 οθήσεται
2523 3290 2716 3362 αὐτῷ·
2756 3292 3078 3346 κατανεύσω
3117 3290 3246 3362 γὰρ,
3302 3290 3485 3360 φησίν.
3524 3286 3645 3360 Ἆρ’
3686 3285 3793 3343 οὖν

502 3394 709 3465 seipso,
742 3388 1050 3461 praesertim
1084 3400 1213 3441 cum
1242 3385 1422 3441 bonus
1451 3384 1525 3440 sit
1550 3396 1616 3436 ac
1634 3382 1783 3452 pius,
1807 3395 1874 3436 ea
1900 3379 2079 3435 solum

2209 3384 2237 3436 i'
2250 3402 2333 3449 τις
2360 3385 2462 3440 κᾶν
2489 3402 2542 3438 τι
2564 3383 2671 3438 τῶν
2703 3384 2922 3454 φαύλων
2951 3385 3077 3454 αἱτῇ
3104 3383 3503 3456 προαλέστερον
3521 3381 3788 3453 λήψεται,

501 3486 633 3540 velit
667 3498 790 3554 quae
841 3488 970 3536 sunt
1024 3478 1132 3535 Deo
1177 3476 1516 3549 gratissima.
1577 3472 1830 3528 Divinum
1881 3470 2080 3541 quippe

2216 3478 2279 3531 Lat
2304 3476 2508 3547 τούτων
2541 3475 2694 3530 ἔσται
2712 3475 3004 3546 διανομεὺς
3030 3477 3059 3529 6
3082 3475 3399 3547 φιλάρετος;
3439 3475 3643 3544 ’Ἄπαγε
3676 3474 3795 3544 τῆς

503 3592 813 3636 sermonem
843 3577 898 3630 in
922 3572 1088 3630 corde
1109 3570 1443 3627 habentibus
1468 3576 1651 3639 petere
1669 3565 1938 3638 permittit
1960 3579 2082 3634 qua:

2215 3568 2522 3635 υσὸουλίας,
2569 3566 2843 3637 ἄνθρωπε.
2932 3566 3170 3636 Ἀπηχὲς
3221 3566 3331 3638 γὰρ
3381 3566 3551 3633 οὐδὲν,
3600 3564 3635 3635 ἢ
3666 3565 3794 3618 τῶν

501 3686 626 3726 cum
668 3668 880 3724 ratione
913 3666 1117 3733 volent,
1164 3677 1274 3719 non
1315 3661 1578 3733 ignorans
1617 3674 1716 3716 eos
1749 3657 2080 3729 spiritalium

2217 3662 2320 3725 λως
2342 3660 2832 3731 κατηγορουμένων
2861 3659 2949 3711 ἐπ’
2973 3660 3289 3732 αίσχρότητι
3314 3654 3796 3730 χορηγήσειΘεός·

503 3764 762 3820 nimirum
805 3775 871 3816 ac
916 3759 1231 3816 dixinorum
1288 3755 1564 3811 bonorum
1606 3748 2082 3822 participationem

2217 3756 2365 3808 κεῖνο
2390 3751 2449 3805 δὲ
2473 3749 2672 3821 μᾶλλον
2702 3749 2955 3821 ἐννοῆσαι
2991 3749 3443 3822 πρεπωδέστερον
3467 3748 3518 3819 (ἢ
3544 3749 3796 3819 γὰρούκ

502 3854 918 3925 concupiscere.
963 3850 1106 3905 Cum
1141 3860 1276 3901 uero
1307 3859 1377 3900 ex
1435 3844 1525 3899 his
1579 3839 1844 3897 Servator
1898 3850 2081 3894 noster

2222 3861 2342 3898 σται
2403 3840 2608 3894 δίκαιόν
2657 3858 2718 3893 τε
2761 3840 2856 3894 καὶ
2887 3840 3077 3910 -όρθῶς
3117 3838 3284 3910 ἔχον),
3333 3838 3408 3902 ὡς
3438 3839 3492 3923 6'
3518 3837 3699 3907 μένων
3730 3838 3801 3890 ὲν

501 3916 759 4002 Christus
790 3942 1066 4012 imprimis
1097 3937 1358 3994 statuerit
1384 3935 1603 4007 qualem
1630 3941 1686 3988 et
1714 3930 1918 4003 quibus
1963 3946 2080 3985 mo-

2221 3933 2428 4007 ἱριστῷ,
2463 3933 2557 3988 καὶ
2597 3932 2736 4003 ἔχων
2769 3934 2827 3985 ὲν
2850 3931 3033 4003 ἐαυτῷ
3056 3933 3185 3997 τοὺς
3220 3931 3412 4000 λόγους
3434 3916 3614 3994 αὐτοῦ,
3644 3930 3800 3999 πρό-

504 4039 659 4093 rihus
685 4035 971 4106 praeditum
1011 4046 1133 4087 esse
1168 4030 1323 4085 illum
1363 4033 1617 4100 eporteat
1655 4024 1751 4096 qui
1797 4030 2081 4095 precatur,

2224 4031 2346 4100 ηλον
2374 4029 2456 4083 ὅτι
2480 4027 2576 4083 ἅτε
2601 4028 2696 4082 καὶ
2730 4027 2935 4096 ἀγαθὸς
2963 4027 3039 4081 ῶν
3068 4027 3164 4081 καὶ
3193 4025 3461 4097 ἐπιεικὴς,
3486 4023 3617 4094 μόνα
3646 4039 3803 4093 cppe-

416 4140 426 4150 ‘
504 4143 560 4186 et
588 4143 936 4201 quaecunque
970 4124 1086 4180 vult
1115 4137 1148 4176 a
1180 4118 1291 4176 Deo
1317 4120 1519 4190 dignus
1544 4125 1634 4173 est
1676 4116 1949 4186 accipere,
1984 4130 1995 4167 ι

2220 4122 2297 4173 εῖν
2328 4119 2534 4188 ἔγνωκε
2559 4117 2628 4172 τὰ
2651 4117 2772 4189 Θεῷ
2794 4117 2941 4189 θυμη
2951 4117 3203 4188 ρέστατα.
3229 4118 3355 4180 Τοῖς
3377 4115 3484 4185 γὰρ
3499 4117 3553 4168 ὲν
3581 4113 3799 4183 καρδίᾳ

505 4235 682 4279 strum
711 4221 1023 4277 institutum
1064 4215 1193 4270 huic
1222 4212 1661 4272 conformemus,
1690 4209 1739 4263 si
1773 4206 2084 4277 benignita—

2221 4213 2278 4268 δν
2307 4212 2449 4267 θεῖον
2471 4212 2656 4283 ἔχουσι
2708 4211 2887 4280 λόγον,
2920 4211 3066 4283 ἆπερ
3111 4210 3177 4264 ἂν
3210 4209 3482 4281 βούλοιντο
3510 4205 3800 4276 καθηκόν-

506 4327 843 4386 tissupernaa
860 4316 1141 4379 compotes
1166 4306 1282 4362 lieri
1306 4304 1562 4360 velimus.
1593 4300 1692 4356 Sin
1715 4308 1923 4363 autem,
1947 4299 2085 4354 scito

2219 4317 2314 4365 ως,
2360 4299 2662 4372 ἐπέτρεψεν
2703 4300 2894 4363 αἰτεῖν,
2942 4301 3044 4354 οὐκ
3074 4300 3348 4371 ἀγνοήσας
3395 4294 3798 4368 πνευματικῶν

508 4418 562 4464 te
593 4407 756 4461 talem
800 4402 937 4466 fore,
969 4400 1189 4471 qualem
1221 4396 1385 4452 nobis
1414 4394 1669 4450 Christus
1715 4390 1881 4446 modo
1913 4388 2086 4459 signi-

2218 4393 2427 4462 ηλονότι
2465 4393 2560 4447 καὶ
2587 4392 2748 4447 θείων
2796 4392 3018 4462 ἀγαθῶν
3057 4391 3312 4464 όρεκτίαν
3346 4391 3459 4464 [ῃο.
3500 4388 3797 4464 όρεκτιᾷν]

511 4500 716 4555 ficavit.
746 4495 873 4550 Noli
927 4492 1202 4563 repulsam
1247 4504 1391 4559 aegre
1437 4486 1570 4558 pati.
1612 4482 1769 4551 Quod
1825 4481 1873 4537 si
1925 4495 2087 4551 grave

2220 4487 2290 4556 ’ἧς
2342 4484 2629 4556 μεθέξεως.
2675 4485 3032 4557 Ὁρισαμένου
3061 4484 3117 4538 δὲ
3158 4482 3248 4538 διὰ
3294 4483 3484 4537 τούτου
3528 4475 3587 4536 εὖ
3631 4480 3799 4552 μάλα

510 4593 655 4650 istud
686 4591 784 4645 tibi
806 4588 1042 4647 videtur,
1059 4583 1404 4653 conjungens
1430 4578 1553 4634 litlei
1571 4578 1840 4633 bonorum
1861 4588 2085 4645 operum

2221 4577 2279 4632 οῦ
2307 4577 2557 4648 Σωτῆρος
2589 4575 2747 4648 ἡμῶν
2786 4575 3046 4648 Χριστοῦ,
3082 4577 3166 4639 τίς
3195 4591 3255 4628 τε
3287 4573 3397 4644 εἴη,
3426 4574 3518 4627 καὶ
3542 4571 3800 4637 ποδαπὸς

508 4686 738 4759 gloriam
780 4682 913 4752 (hoc
944 4678 1091 4734 enim
1151 4683 1238 4729 est
1268 4673 1322 4727 in
1369 4671 1593 4728 Christo
1637 4681 1884 4734 manere,
1928 4674 1985 4722 et
2034 4667 2087 4721 in

2218 4668 2277 4723 ὸν
2300 4667 2501 4759 τρόπον
2529 4667 2558 4717 ό
2587 4666 3041 4737 προσευχόμενος,
3095 4667 3191 4720 καὶ
3244 4663 3542 4735 λαμὸἀνειν
3584 4661 3796 4730 ἀξιῶν,

512 4752 700 4849 seipso
744 4772 913 4829 verba
971 4769 1093 4839 ejus
1128 4764 1394 4834 habere),
1454 4776 1684 4819 securus
1723 4757 1991 4819 accedito.
2036 4765 2091 4812 et

2222 4776 2332 4831 ,περ
2359 4758 2426 4812 ἂν
2451 4758 2708 4830 βούληται
2736 4758 2887 4831 παρὰ
2931 4757 3091 4823 Θεοῦ,
3130 4756 3228 4828 τὴν
3262 4756 3471 4810 ἑαυτῶν
3513 4755 3592 4818 είς
3621 4752 3801 4810 τοῦτο

490 4841 649 4924 'citra
678 4862 1091 4922 cunctationem
1121 4857 1288 4912 ullam
1327 4854 1567 4926 accipies
1593 4851 1963 4924 quodcunque
1990 4862 2069 4918 pot

2224 4849 2602 4920 ιαπλάττωμεν
2652 4849 2948 4914 πολιτείαν,
3003 4849 3052 4900 εί
3106 4848 3290 4918 τυχεῖν
3348 4842 3620 4917 εὐχόμεθα
3677 4841 3803 4912 τῆς

512 4962 758 5033 posceris
784 4974 813 5012 ιι
849 4956 983 5012 Deo.

2222 4942 2398 4996 ,νωθεν
2424 4944 2733 5013 εὐμενείας.
2768 4945 2832 4996 El
2887 4943 2945 4996 δὲ
2978 4941 3074 5013 μὴ,
3107 4941 3302 4994 σαυτὸν
3337 4934 3494 4993 οἶσθα
3521 4935 3801 5006 γεγονότα

510 5057 767 5119 τοιοῦτον,
811 5056 992 5107 ὁποῖον
1034 5053 1164 5123 ἡμῖν
1209 5049 1409 5122 ἀρτίως
1451 5042 1729 5108 ὑπέδειξεν
1776 5041 1806 5092 ό
1840 5040 2094 5110 Χριστός.
2158 5038 2250 5110 Μὴ
2297 5038 2553 5110 δυσφόρει
2607 5038 3109 5110 παρακρουόμενος.
3165 5037 3230 5090 Εἰ
3294 5035 3351 5089 δέ
3381 5052 3464 5089 σοι
3514 5033 3659 5087 δοκεῖ
3726 5036 3805 5089 σεδ

512 5153 743 5224 πρᾶγμα
768 5146 1042 5218 φορτικὸν,
1060 5138 1516 5213 συμπαραζεύξας
1535 5139 1600 5206 τῇ
1625 5132 1804 5187 πίστει
1833 5130 1910 5224 Ϋτὰ
1925 5132 2009 5224 ᾲέκ
2037 5131 2135 5199 τῆς
2171 5129 2538 5202 ἀγαθουργίας
2568 5132 2895 5202 καυχήματα
2913 5126 3089 5188 (τοῦτο
3117 5127 3226 5197 γάρ
3261 5129 3378 5180 ἐστι
3406 5125 3469 5179 τὸ
3496 5124 3676 5195 μένειν
3734 5126 3806 5177 ἐν

512 5215 733 5318 Χριστῷ
755 5215 895 5305 ,καὶ
928 5240 1071 5310 ἔχειν
1102 5240 1160 5292 ἐν
1189 5233 1365 5303 ἑαυτῷ
1389 5232 1516 5292 τοὺς
1560 5228 1751 5294 λόγους
1785 5220 1995 5291 αὐτοῦ),
2050 5222 2266 5293 πρόσιθι
2306 5221 2606 5291 πεποιθὼς,
2659 5221 2755 5275 καὶ
2787 5220 2936 5293 λήψῂ
2971 5220 3065 5274 καὶ
3112 5219 3272 5281 αὐτὸς
3312 5215 3622 5289 μελλησμοῦ
3665 5215 3807 5287 δίχα

538 5368 730 5404 ζανῖυε,
763 5368 982 5408 υιιερυιν
1006 5368 1229 5403 υιιυιιυη,
1271 5368 1416 5397 ...ιρι-
1441 5368 1599 5377 ν----.

582 5428 700 5491 XV,
741 5429 794 5483 8.
841 5426 907 5480 In
956 5425 1050 5477 hoc
1083 5420 1417 5487 clari/iratus
1475 5421 1553 5466 est
1598 5409 1760 5462 Pater
1809 5422 1994 5470 meus,
2036 5416 2091 5458 ut

2286 5405 2381 5457 Ἐν
2422 5404 2611 5468 τούτῳ
2643 5400 2943 5466 ἐδοξάσθη
2992 5402 3026 5452 ὁ
3072 5398 3273 5466 Πατήρ
3313 5414 3454 5466 μου,
3495 5398 3599 5451 ἵνα
3647 5413 3805 5468 καρ-

514 5525 747 5591 {mctum
774 5518 1063 5588 plurimum
1092 5509 1331 5577 offeratis
1352 5546 1365 5567 ,
1397 5512 1444 5556 ct
1468 5498 1767 5569 eﬂiciamini
1801 5497 1899 5550 mei
1932 5496 2093 5549 disci-

2227 5496 2322 5548 τὸν
2374 5494 2573 5547 πολὺν
2637 5495 2888 5562 φέρητε,
2944 5492 3042 5546 καὶ
3097 5491 3430 5560 γενήσεσθε
3491 5490 3625 5559 ἐμοὶ
3675 5505 3806 5561 μα-

511 5588 646 5682 ,mli.

2204 5588 2377 5653 θητιιί
2387 5627 2396 5639 .

585 5703 960 5759 (ιὶιηὶιῑικιιιιηι
1003 5709 1123 5749 esse
1164 5689 1295 5745 dicit
1338 5701 1497 5742 suum
1539 5683 1755 5737 Patrem
1808 5696 1869 5734 ac
1901 5679 2092 5740 Deum,

2273 5677 2590 5743 Δεδοξάσθαι
2640 5678 2771 5747 φησὶ
2825 5678 2911 5730 τὸν
2978 5674 3171 5730 ἑαυτοῦ
3224 5674 3443 5743 Πατέρα
3490 5674 3585 5729 καὶ
3635 5670 3810 5745 Θεὸν,

594 5820 634 5849 ³³
671 5815 791 5871 Jac.
832 5828 906 5878 ιι,
947 5811 1029 5864 l9.
1108 5810 1151 5840 ³ἰ
1189 5807 1329 5864 Psitl.
1363 5817 1532 5857 cxvm
1559 5841 1571 5865 ,
1621 5799 1702 5852 ll.
1785 5798 1827 5827 ³⁵
1866 5796 1994 5850 ibid.
2043 5794 2161 5848 HO.
