3998 6318
226 370 331 427 569

1242 369 1313 423 IN
1334 369 1619 426 JOANNIS
1656 367 2101 425 EVANGEUUM
2130 368 2258 424 LIB.
2300 367 2368 424 Χ.

3388 370 3492 425 370

225 487 315 541 ἐπ’
338 485 656 559 ἀσυγκρίτῳ
683 486 906 551 δικαίως
936 487 1346 559 θαυμαζόμενον
1368 488 1688 562 ἀγαθότητι,
1716 476 1811 543 καὶ

1936 491 2118 561 [uippe
2143 490 2235 561 qui
2251 489 2324 545 ob
2344 464 2832 558 incomparabilem
2860 486 3157 540 bonitatem
3183 483 3237 538 in
3257 484 3497 540 admira-

225 578 329 648 τῆς
363 578 444 641 εἰς
469 576 640 647 ἄκρον
674 577 858 648 ἰούσης
884 578 1221 649 ἡμερότητος
1254 581 1504 653 καθάπερ
1532 582 1657 637 τινὰ
1690 583 1812 636 στέ-

228 686 397 737 φανον
425 670 833 742 ἀναδησάμενον
860 670 959 743 τὴν
989 671 1265 738 ἀπόδειξιν
1285 692 1297 703 ·
1336 695 1355 726 ι
1397 676 1680 748 Ἠγάπησε
1704 676 1814 748 γὰρ

228 760 375 816 οῦτω
409 762 502 815 τὸν
546 762 770 833 κόσμον,
821 763 964 818 κατὰ
1007 764 1070 817 τὸ
1104 767 1506 837 γεγραμμένον,
1546 766 1687 821 ὥστε
1725 769 1815 822 τὸν

232 850 364 905 Υίὸν
388 850 555 905 αὑτοῦ
581 852 672 905 τὸν
694 853 957 925 μονογενῆ
987 852 1204 919 ἔδωκεν,
1233 855 1321 909 ἵνα
1351 857 1458 920 πᾶς
1487 859 1516 908 ὁ
1542 857 1816 911 πιστεύων

233 943 316 1003 είς
349 941 509 995 αὐτὸν
557 941 631 1014 μὴ
681 942 969 1013 ἀπόληται,
1018 942 1136 997 ἀλλ’
1181 944 1280 1018 ιχῃ
1322 946 1468 1018 ζωὴν
1516 947 1753 1002 αίώνιον.
1791 967 1811 1001 ι

234 1032 465 1103 Καρπὸς
495 1027 590 1085 οὖν
618 1032 727 1104 ἄρα
751 1035 852 1104 τῆς
885 1034 1218 1106 ἡμερότητος
1255 1033 1348 1089 τοῦ
1377 1035 1513 1090 Θεοῦ
1562 1037 1658 1092 καὶ
1702 1038 1817 1092 Παο

234 1123 384 1193 τρὸς,
417 1124 451 1194 ἡ
488 1123 706 1178 πάντων
735 1124 869 1196 ζωὴ,
910 1125 1261 1199 πληρουμένη
1295 1127 1536 1199 δηλονότι
1565 1128 1655 1183 διὰ
1685 1131 1820 1202 Χρι-

238 1212 390 1269 στοῦ.
425 1214 523 1269 Διὰ
554 1213 712 1269 τοῦτο
737 1217 832 1271 καὶ
863 1217 1024 1282 αὐτὸς
1050 1216 1155 1289 ἔφη
1183 1235 1306 1285 που,
1333 1218 1714 1290 διαλεγόμενος
1745 1222 1821 1286 ὡς

239 1303 381 1374 πρὸς
414 1302 547 1358 Θεὸν
575 1303 670 1360 καὶ
697 1307 948 1379 Πατέρα’
985 1328 1003 1361 ι
1056 1308 1199 1378 Ἐγώ
1229 1326 1287 1363 σε
1330 1309 1556 1375 ἐδόξασα
1597 1312 1692 1365 ἐπὶ
1724 1313 1823 1383 τῆς

239 1393 366 1465 γῆς.
409 1394 471 1448 τὸ
520 1394 680 1467 ἔργον
731 1396 1042 1463 τελειώσας,
1087 1397 1116 1452 6
1161 1398 1399 1462 δέδωκάς
1434 1416 1549 1471 μοι⁹
1575 1401 1663 1456 ἵνα
1693 1403 1826 1471 πλη·-

242 1482 408 1552 ρώσω
432 1486 586 1541 αὐτό.
611 1506 629 1539 ι
669 1487 1142 1560 Ἐγχειρισάμενος
1166 1491 1276 1562 γὰρ
1309 1492 1465 1557 παρὰ
1486 1492 1580 1547 τοῦ
1612 1495 1826 1565 Πατρὸς

241 1575 435 1650 ὥσπερ
473 1580 575 1650 τὴν
614 1580 871 1636 ἁπάντων
902 1582 1060 1652 ἡμῶν
1099 1585 1375 1657 σωτηρίαν
1416 1588 1445 1640 6
1493 1586 1823 1658 Μονογενὴς,

244 1665 306 1723 εὖ
339 1669 485 1740 μάλα
513 1670 891 1742 κατώρθωκεν.
917 1673 1017 1727 οὐκ
1049 1674 1107 1727 ὲν
1139 1675 1441 1747 ὑπουργίας
1465 1678 1617 1742 τάξει
1643 1694 1825 1751 παρα-

244 1759 493 1831 ληφθεὶς,
526 1762 642 1817 ἀλλ’
670 1763 980 1833 αὐτοσοφία,
1012 1766 1106 1819 καὶ
1157 1765 1383 1837 δύναμις
1420 1767 1514 1822 τοῦ
1560 1769 1827 1837 φύσαντος

247 1826 529 1923 ὑπάρχων,
573 1848 643 1925 ἦς
689 1854 782 1912 καὶ
824 1826 945 1926 δίξα
967 1826 1187 1924 γένοιτο
1228 1826 1307 1911 τὸ.
1339 1826 1601 1933 παράπαν
1652 1826 1826 1914 ούδένξ
1862 1826 1905 1882 Β

246 1942 437 1997 Πάντα
463 1942 569 2015 γὰρ
612 1943 680 1998 δι’
714 1945 901 2011 αὐτοῦ,
936 1947 1076 2001 κατὰ
1110 1948 1200 2003 τὸν
1233 1950 1824 2027 διγιονεεύαγγελιστῆν,

246 2031 544 2102 ἐξαιρέτως
587 2032 643 2086 δὲ
688 2033 757 2088 τὰ
801 2033 921 2088 καθ’
959 2036 1125 2106 ἡμᾶς.
1169 2037 1280 2090 Καὶ
1320 2039 1450 2108 γοῦν
1485 2040 1527 2092 6‘
1560 2040 1830 2112 μακάριος

247 2121 415 2175 Δαὸὶδ
445 2122 551 2176 τῶν
594 2122 715 2177 καθ’
758 2125 904 2195 ἡμᾶς
956 2128 1296 2199 πραγμάτων
1346 2130 1444 2201 τὴν
1498 2132 1829 2202 οἰκονομίαν,

248 2213 347 2267 καὶ
371 2212 472 2282 τῆς
500 2214 755 2270 ἁπάντων
783 2215 929 2288 ζωῆς
958 2221 1057 2290 τὴν
1072 2221 1416 2291 κατόρθωσιν
1438 2223 1829 2294 ἐπιτρέπεσθαι

246 2303 331 2374 τῷ
359 2304 472 2376 Υίῷ
508 2307 659 2379 παρὰ
688 2308 925 2379 Πατρδς,
968 2310 1069 2365 ἅτε
1100 2311 1163 2383 δὴ
1214 2313 1310 2366 καὶ
1341 2313 1640 2385 ὑπάρχοντι
1672 2316 1832 2370 δυνά-

251 2410 347 2464 μει
388 2396 483 2449 καὶ
529 2397 690 2469 σοφίᾳ
718 2397 906 2464 αὐτοῦ,
943 2403 1249 2469 παρακαλεί
1296 2403 1469 2473 λέγων
1512 2407 1641 2460 ποτὲ
1698 2408 1827 2477 μέν·

255 2503 278 2537 ο
316 2489 606 2551 Ἐντειλαι,
634 2492 663 2544 6
694 2490 844 2556 Θεὸς,
872 2495 937 2563 τῇ
985 2494 1212 2564 δυνάμει
1264 2514 1388 2549 σου·
1436 2498 1774 2569 δυνάμωσον,
1805 2503 1834 2554 6

249 2574 406 2637 Θεὸς.
436 2576 593 2630 τοῦτο
619 2578 647 2630 δ
677 2582 1021 2653 κατειργάσω
1049 2585 1107 2638 ἐν
1136 2589 1289 2659 ἡμῖν,
1326 2608 1344 2640 ι
1378 2590 1506 2644 ποτὲ
1541 2590 1599 2643 δὲ
1636 2591 1795 2646 πάλιν
1816 2610 1828 2623 ·

258 2663 378 2756 ιΔὉ
394 2665 559 2756 ρεδς,
602 2668 664 2721 τὸ
710 2673 885 2742 κρῖμά
939 2691 1031 2728 σου
1074 2676 1151 2747 τῷ
1184 2676 1394 2747 βασιλεί
1426 2681 1534 2744 δός.
1576 2701 1594 2733 ι
1635 2683 1832 2756 Ἔργον

250 2752 365 2824 γὰρ
391 2749 462 2824 ῆν
491 2756 654 2825 μόνου
684 2759 777 2814 τοῦ
807 2764 1297 2833 συμϐασιλεύοντος
1323 2768 1401 2839 τῷ
1436 2770 1555 2841 Θεῷ
1588 2774 1681 2827 καὶ
1704 2749 1836 2829 ’Πα-

251 2846 369 2937 τρι,
389 2845 450 2937 τὸ
478 2849 658 2903 πᾶσαν
697 2853 1151 2928 κατεφθαρμένην
1177 2859 1557 2932 ἐπανορθῶσαι
1585 2865 1685 2936 τὴν
1708 2866 1832 2937 γῆν,

252 2934 352 2988 καὶ
379 2936 772 3011 ἁναμορφῶσαι
806 2943 1065 3001 δύνασθαι
1095 2947 1230 3018 πρὸς
1257 2949 1397 3020 ὅπερ
1422 2946 1490 3022 ἦν
1529 2954 1586 3007 ὲν
1618 2934 1833 3026 άρχαίς.

266 3027 557 3100 Ἐδοξάσθη
598 3033 886 3105 τοιγαροῦν
930 3037 958 3090 6
998 3038 1188 3110 Πατήρ
1232 3056 1334 3110 μου
1378 3042 1596 3105 ἐπιδοὺς
1625 3045 1836 3099 ἀντίλυ-

1914 585 2067 636 tione
2090 582 2213 651 jure
2242 581 2315 636 sit
2350 580 2605 643 habitus,
2633 586 2780 634 et‘ex
2814 577 2906 632 illa
2941 576 3316 633 celebratione
3342 590 3487 631 sum-

1915 687 2019 727 mas
2044 670 2398 743 benignitatis
2446 683 2651 725 corona
2692 668 2861 723 veluti
2920 667 3156 738 quadam
3209 675 3442 721 ornatus
3481 684 3493 718 :

1923 778 1940 811 ι
1955 760 2211 817 Sic-enim
2232 762 2425 817 dilexit
2446 760 2735 828 mundum,
2754 759 2900 815 sicut
2922 760 3186 825 scriptum
3206 766 3311 822 est,
3339 764 3398 811 ut
3413 753 3500 808 Fi-

1919 853 2054 907 lium
2081 868 2242 909 suum
2286 853 2628 922 unigenitum
2662 852 2854 916 daret,
2895 858 2956 904 ut
2986 850 3165 904 omnis
3199 849 3292 919 qui
3323 845 3495 902 credit

1919 945 1975 999 in
2006 959 2152 1009 eum,
2183 959 2292 998 non
2321 952 2529 1015 pereat,
2550 942 2645 999 sed
2676 942 2872 998 habeat
2907 942 3075 997 vitam
3103 948 3361 994 aeternam
3390 936 3491 990 ".-

1921 1034 2158 1093 Fructus
2188 1036 2356 1109 igitur
2382 1035 2643 1091 bonitatis
2673 1032 2769 1089 Dei
2798 1047 2863 1088 ac
2890 1032 3097 1094 Patris,
3125 1031 3236 1084 vita
3267 1039 3353 1083 est
3377 1044 3495 1081 om-

1924 1130 2100 1197 nium,
2126 1144 2248 1199 quae
2272 1143 2370 1199 per
2398 1127 2676 1183 Christum
2709 1124 2922 1181 scilicet
2951 1123 3230 1192 impletur.
3263 1119 3500 1189 Ideoque

1924 1223 2041 1292 ipse
2087 1222 2153 1277 ad
2202 1221 2374 1277 Deum
2424 1228 2479 1276 et
2533 1219 2750 1273 Patrem
2787 1231 2947 1274 suum
3000 1217 3235 1285 loquens
3298 1211 3500 1265 alicubi

1923 1313 2065 1368 dixit
2095 1333 2109 1370 :
2145 1333 2163 1366 ι
2201 1313 2313 1385 Ego
2345 1322 2398 1369 te
2427 1309 2751 1374 clarificavi,
2780 1322 2920 1378 opus
2949 1302 3323 1362 consummavi
3353 1300 3501 1372 quod

1924 1405 2127 1462 dedisti
2159 1405 2315 1469 mihi,
2352 1402 2642 1459 ut‘faeiam
2670 1401 2736 1455 ³⁷;
2775 1418 2797 1451 ι
2828 1400 3125 1468 Acceptam
3157 1396 3303 1452 enim
3339 1410 3368 1448 a
3397 1393 3501 1447 Pa-

1925 1503 2011 1549 tre
2047 1491 2458 1565 qnodammodo
2511 1490 2899 1546 universorum
2957 1487 3191 1543 salutem
3233 1484 3340 1540 rite
3387 1499 3504 1554 per-

1927 1586 2039 1657 egit
2073 1585 2424 1656 Unigenitus,
2459 1598 2567 1638 non
2604 1580 2843 1636 ministri
2876 1579 3003 1634 loco
3033 1583 3371 1646 assumptus,
3407 1573 3502 1629 sed

1928 1678 2163 1747 ipsamet
2194 1675 2395 1731 Patris.
2422 1673 2690 1744 sapientia
2721 1677 2795 1726 et‘
2817 1668 2996 1723 virtus
3041 1667 3320 1722 exsistens
3353 1664 3504 1735 geni-

1932 1769 2091 1834 toris,
2147 1767 2266 1824 sine
2315 1779 2424 1835 qua
2487 1763 2603 1818 ﬁeri
2660 1760 2794 1816 nihil
2851 1758 3011 1829 plane
3044 1763 3245 1827 potest.
3308 1751 3505 1808 Omnia

1930 1859 2134 1931 quippe
2185 1873 2281 1928 per
2326 1856 2529 1928 ipsum,
2584 1853 2744 1925 juxta
2794 1857 3049 1907 sanctum
3085 1846 3504 1917 evangelistam,

1933 1932 2028 2006 sed
2052 1963 2158 2003 nos
2187 1948 2391 2004 eximio
2422 1945 2659 2016 quodam
2685 1942 2866 1998 modo.
2914 1940 3072 1996 Unde
3098 1939 3292 1994 beatus
3335 1934 3506 1990 David

1933 2051 2246 2097 nostrarum
2284 2020 2471 2095 rerum
2503 2036 2981 2108 dispensationem
3020 2041 3077 2090 et
3117 2033 3243 2087 vitae
3285 2031 3502 2085 univer-

1934 2125 2120 2190 sorum
2159 2130 2549 2203 perfectionem
2588 2128 2728 2183 Filio
2759 2142 2789 2182 a
2816 2126 2980 2182 Patre
3018 2122 3290 2189 mandari,
3322 2129 3510 2192 utpote

1933 2240 2057 2282 cum
2089 2225 2162 2280 sit
2189 2224 2366 2279 virtus
2396 2222 2518 2293 ejus
2552 2232 2607 2277 et
2635 2220 2903 2292 sapientia
2925 2218 2993 2283 ³⁸,
3019 2217 3272 2272 hortatur
3294 2216 3507 2279 dicens,

1934 2315 2099 2370 modo
2138 2314 2360 2385 quidem
2392 2333 2403 2367 :
2444 2331 2461 2363 ι
2496 2310 2688 2366 blanda
2714 2351 2729 2377 ,
2760 2308 2906 2365 Deus
2927 2348 2942 2373 ,
2973 2307 3164 2361 virtuti
3196 2316 3337 2371 tum;
3377 2321 3511 2359 con-

1935 2405 2093 2461 ﬁrma
2117 2405 2243 2471 hoc,
2272 2404 2438 2468 Deus,
2460 2403 2628 2474 880
2647 2401 2792 2472 quod
2818 2400 3096 2469 perfeciin
3124 2399 3177 2453 in
3208 2398 3366 2452 nobis
3393 2396 3435 2431 ³ο
3458 2413 3504 2462 ;ι

1933 2498 2098 2552 modo
2130 2511 2359 2553 rursus:
2392 2513 2410 2548 ι
2442 2494 2607 2559 Deus,
2634 2493 2902 2563 judicium
2946 2501 3099 2546 tuum
3139 2490 3251 2561 regi
3282 2489 3350 2544 da
3377 2489 3443 2540 ⁸ο.
3485 2507 3501 2536 ι

1937 2585 2087 2658 Opus
2118 2587 2267 2643 enim
2318 2594 2405 2641 est
2440 2586 2562 2655 ejus
2611 2585 2779 2640 unius
2813 2584 2905 2653 qui
2953 2583 3117 2639 simul
3146 2597 3272 2636 cum
3307 2581 3418 2635 Deo
3446 2596 3511 2634 ac

1936 2677 2097 2734 Patre
2131 2683 2341 2748 regnat,
2376 2677 2688 2732 unii'ersam
2715 2685 2919 2732 terram
2946 2683 3261 2743 corruptam
3296 2676 3512 2729 instau-

1936 2784 2082 2832 rare,-
2112 2765 2532 2837 et'adid‘quod
2573 2773 2690 2821 erat
2745 2765 2927 2830 initio,
2979 2765 3287 2820 reformare
3325 2780 3507 2834 posse.

1936 2858 2285 2916 Clariiicatus
2317 2858 2482 2928 igitur
2510 2865 2597 2914 est
2627 2857 2790 2912 Pater
2820 2872 2977 2914 mens
3013 2856 3143 2912 dato
3166 2856 3390 2927 proprio
3423 2856 3511 2909 Pio

1937 2948 2013 3003 lio
2069 2949 2127 3002 in
2179 2947 2417 3017 pretium
2470 2946 2869 3017 redemptionis
2906 2945 3029 3000 vitae
3074 2943 3263 2999 mundi
3303 2944 3509 3013 hujus,

1935 3038 2160 3108 quando
2189 3036 2398 3107 placuit
2424 3036 2480 3091 in
2508 3035 2748 3091 humana
2781 3050 2947 3091 carne
2968 3035 3152 3090 videre
3183 3050 3271 3090 me
3299 3039 3395 3105 qui
3420 3050 3513 3089 su-

248 3133 384 3230 ἷρον
404 3121 504 3192 τῆς
530 3120 625 3176 τοῦ
655 3125 859 3196 κόσμου
894 3126 1038 3198 ζωῆς
1066 3129 1158 3182 τὸν
1188 3130 1315 3185 ἴδιον
1340 3133 1534 3188 ἑαυτοῦ
1559 3134 1706 3202 Υἱὸν,
1739 3138 1830 3190 εὐ·

1939 3143 2037 3198 pra
2080 3143 2299 3184 onmem
2346 3136 2658 3184 creaturam
2706 3142 2848 3192 sum,
2906 3142 3016 3180 non
3048 3136 3105 3181 ut
3136 3126 3344 3196 aliquid
3385 3127 3513 3181 boni

249 3209 492 3281 δοκήσας
521 3214 647 3269 ίδετν
675 3217 734 3271 ὲν
764 3220 876 3283 τοῖς
901 3220 1023 3273 καθ’
1050 3224 1196 3291 ἡμᾶς
1233 3222 1323 3277 τὸν
1351 3226 1490 3297 ὑπὲρ
1522 3230 1703 3282 πᾶσαν
1734 3230 1834 3300 τὴν

254 3301 581 3394 κτίσιν,ούχ
629 3307 715 3363 ἵνα
761 3326 815 3362 τι
857 3310 1214 3380 τῶν-ἀγαθῶν
1260 3317 1326 3386 τῇ
1362 3316 1466 3388 ίδίᾳ
1514 3321 1836 3394 κατορθώσῃ

251 3389 419 3456 φύσει
442 3392 780 3462 (παντέλειος
806 3398 917 3470 γὰρ
954 3400 1047 3453 καὶ⁵
1075 3389 1679 3478 ἀπροσδεὴς,,ἁπάντων
1700 3389 1836 3480 ἔχων

250 3480 318 3535 τὺ
350 3484 595 3554 κράτος),
633 3487 746 3541 ἀλλ’
779 3489 866 3542 ἵνα
909 3491 1067 3559 ὑμεῖς
1102 3493 1323 3547 πλείονα
1369 3498 1579 3567 καρπὸν
1609 3499 1834 3571 φέρητε,

251 3572 354 3625 καὶ
382 3574 621 3648 ’γένησθε
665 3577 791 3647 ἐμοὶ
843 3579 1100 3650 μαθηταί.
1152 3579 1215 3634 Ei
1250 3581 1325 3654 μὴ
1362 3584 1470 3656 γὰρ
1501 3587 1721 3656 γέγονεν
1747 3590 1839 3644 ἄν·

254 3661 494 3735 θρωπος,
543 3667 653 3720 οὐδ’
687 3667 754 3722 ἂν
803 3669 939 3733 ὅλως
980 3672 1142 3742 ἡμεῖς
1182 3672 1284 3744 τῆς
1321 3676 1458 3746 πρὸς
1503 3678 1664 3733 αὐτὸν
1696 3696 1836 3752 συμ-

252 3754 424 3824 φυΐας
447 3756 760 3828 ἠξιωμένοι,
786 3759 880 3813 καὶ
926 3763 1221 3833 κλημάτων
1249 3763 1405 3835 δίκην
1438 3768 1836 3839 ἐμπεφυκότες,

254 3845 354 3900 καὶ
391 3845 620 3919 δύναμιν
652 3851 733 3914 είς
769 3853 1149 3924 καρποφορίαν
1197 3855 1545 3928 ποριζόμενοι
1589 3861 1840 3932 παρῖαύα

254 3936 379 4001 τοῦ,
409 3938 497 3993 διὰ
539 3942 829 4010 μετουσίας
870 3944 965 3998 τοῦ
1018 3946 1356 4018 Πνεύματος,
1389 3951 1731 4023 άπετέκομεν
1773 3954 1840 4009 ἂν

250 4028 352 4082 τὸν
395 4029 497 4101 τῆς
538 4031 818 4103 θεοφιλοῦς
848 4036 1125 4102 πολιτείας
1161 4040 1392 4111 καρπὸν,
1438 4041 1498 4095 ὃν
1536 4045 1630 4097 καὶ
1674 4030 1843 4101 πολὺν

253 4121 536 4191 ὀνομάζει,
565 4123 656 4177 τὸν
684 4125 750 4178 ἐκ
780 4126 881 4196 τῆς
907 4130 1137 4201 νομικῆς
1160 4131 1416 4202 λατρείας
1446 4134 1620 4189 ὀπίσω
1649 4137 1839 4202 τιθεὶς,

253 4212 319 4264 ὲν
350 4210 628 4273 ἐλάττοσιν
660 4209 798 4269 εἶναι
837 4217 1032 4287 δηλῶν.
1071 4238 1090 4269 ι
1122 4219 1449 4276 Τετελείωκε
1482 4224 1590 4297 γὰρ
1613 4229 1642 4280 6
1681 4228 1844 4298 νόμος

251 4303 434 4369 οὐδὲν,
473 4323 492 4355 ι
529 4305 671 4360 κατὰ
719 4306 818 4378 τὴν
860 4307 952 4361 τοῦ
1003 4310 1215 4365 Παύλου
1267 4314 1472 4386 φωνήν.
1533 4315 1634 4370 Διὰ
1682 4317 1842 4373 τοῦτο

251 4391 399 4464 πρὸς
434 4394 561 4457 τοὺς
604 4394 793 4463 ἁγίους
840 4395 1043 4464 ἔφασκε
1079 4398 1345 4471 μαθητάς,
1377 4402 1578 4472 μᾶλλον
1605 4404 1663 4458 δὲ
1704 4408 1843 4478 πρὸς

1939 3234 2053 3276 sua:
2090 3229 2302 3275 naturae
2347 3220 2672 3276 conciliaret
2704 3218 3180 3290 (perfectissimus
3246 3218 3390 3274 enim
3432 3229 3514 3273 est

1938 3326 2003 3367 ac
2029 3312 2235 3368 nullius
2263 3312 2345 3367 rei
2395 3311 2635 3383 indigns,
2675 3312 2858 3367 omnia
2892 3319 3166 3382 potestate
3197 3326 3296 3366 sua
3338 3311 3511 3366 conti-

1937 3402 2121 3475 nens),
2156 3404 2251 3459 sed
2285 3411 2344 3457 ιιι
2380 3419 2476 3459 vos
2521 3403 2833 3459 uberiorem
2868 3402 3110 3459 fructum
3155 3402 3416 3466 aﬂ‘eratis,
3460 3410 3514 3456 et

1938 3492 2254 3548 eﬂiciamini
2300 3495 2407 3548 mei
2453 3493 2733 3565 discipuli.
2783 3492 2901 3548 Nisi
2945 3495 3091 3548 enim
3131 3493 3294 3548 homo
3333 3491 3523 3546 factns‘

1938 3592 2107 3650 esset,
2154 3585 2472 3656 neutiquam
2517 3597 2664 3641 certe
2701 3600 2802 3641 nos
2834 3584 2955 3655 ejus
3006 3584 3261 3640 honorati
3313 3598 3515 3654 cogna-

1939 3676 2107 3742 tione,
2141 3685 2196 3732 et
2240 3677 2528 3748 palmitum
2555 3675 2731 3730 instar
2777 3676 2829 3731 ei
2877 3676 3044 3740 allixi,
3090 3683 3146 3731 et
3196 3675 3265 3729 ad
3299 3674 3515 3729 fructus

1941 3767 2323 3839 producendos
2346 3768 2418 3824 ab
2449 3782 2516 3825 eo
2540 3765 2728 3822 donati
2756 3782 2854 3838 per
2884 3767 3361 3837 participationem
3393 3764 3516 3834 Spi-‘

1940 3860 2106 3926 ritus,
2131 3862 2236 3931 piae
2257 3862 2699 3917 conversationis
2723 3862 2960 3917 fructum
2984 3874 3328 3932 pareremus,
3356 3873 3515 3928 quem

1939 3965 1995 4011 et
2033 3955 2334 4025 plurimum
2367 3956 2635 4019 nominat,
2673 3954 2907 4025 legalem
2939 3952 3147 4006 cultum
3196 3948 3337 4002 huic-
3368 3955 3517 4016 post-

1941 4058 2175 4113 ponens,
2225 4051 2281 4099 et
2332 4044 2601 4099 minorem
2660 4057 2783 4098 esse
2832 4041 3244 4096 demonstrans.
3368 4033 3515 4089 Nihil

1942 4134 2090 4189 enim
2119 4133 2187 4188 ad
2227 4134 2531 4203 perfectum
2568 4134 2797 4189 adduxit
2826 4133 2936 4195 lex,
2971 4149 2989 4182 ι
3023 4129 3181 4198 juxta
3207 4127 3361 4183 Pauli
3387 4144 3515 4181 sen~

1943 4223 2176 4279 tentiam
2211 4223 2279 4276 “.
2324 4222 2536 4278 Idcirco
2567 4224 2634 4279 ad
2671 4232 2897 4278 sanctos
2945 4219 3250 4289 discipulos
3295 4217 3476 4271 aiebat
3503 4256 3519 4277 .

1943 4314 2054 4370 imo
2083 4313 2533 4385 vero'potius-ad
2577 4329 2678 4370 nos
2723 4328 2938 4378 omnes,
2974 4311 3069 4382 qui
3112 4324 3211 4380 per
3261 4308 3418 4363 ﬁdem
3468 4315 3523 4361 et

1943 4407 2315 4463 omnimodam
2342 4408 2667 4464 ch‘aritatem
2717 4408 2768 4463 ei
2816 4406 3209 4462 adhaeremns:
3259 4424 3277 4456 ι
3321 4403 3518 4465 Amen,

253 4485 511 4579 ᾅπαντας
794 4488 844 4542 οἳ
891 4489 980 4543 διά
1029 4491 1265 4557 πίστεως
1316 4494 1411 4550 καὶ
1457 4497 1557 4568 τῆς
1611 4500 1833 4555 είσάπαι

1951 4514 2113 4553 amen
2150 4499 2279 4553 dico
2308 4499 2491 4566 vobis,
2536 4500 2641 4553 nisi
2689 4496 3054 4554 abundaverit
3091 4497 3307 4568 iustitia
3343 4504 3522 4550 vestra

250 4575 484 4647 ἀγάπης
509 4577 659 4649 αὐτῷ
687 4579 1025 4651 κεκλήμεθα·
1053 4602 1072 4635 ι
1108 4585 1301 4655 Ἀμὴν,
1337 4587 1482 4659 ἀμὴν
1513 4589 1656 4658 λέγω
1691 4593 1841 4663 ὑμῖν,

251 4666 355 4719 ἐὰν
392 4667 467 4737 μὴ
519 4671 855 4742 περισσεύσῃ
905 4672 938 4742 ἡ
981 4672 1291 4747 δικαιοσύνη
1344 4677 1499 4748 ὑμῶν
1544 4680 1707 4735 πλέον
1732 4682 1863 4738 τῶνκ

249 4756 643 4826 Γραμματέων
673 4760 769 4813 καὶ
819 4763 1145 4834 Φαρισαίων,
1193 4767 1255 4819 οὐ
1308 4768 1382 4839 μὴ
1437 4770 1715 4842 εἰσέλθητε
1768 4773 1848 4837 είς

248 4847 361 4918 τὴν
414 4847 687 4918 βασιλείαν
734 4851 843 4906 τῶν
896 4853 1156 4925 οὐρανῶν.
1198 4876 1218 4909 ι
1256 4858 1366 4911 Καὶ
1418 4860 1613 4915 πάλιν·
1669 4881 1688 4914 ι
1735 4865 1850 4928 Πᾶς

248 4936 630 5009 Γραμματεὺς
656 4941 1016 5014 μαθητευθεὶς
1043 4949 1108 5017 τῇ
1145 4946 1393 5021 βασιλείᾳ
1424 4951 1534 5005 τῶν
1573 4954 1837 5025 οὐρανῶν,

252 5029 446 5097 ὅμοιός
502 5032 649 5085 ἐστιν
694 5033 968 5105 ἀνθρώπῳ
1009 5036 1269 5110 πλουσίῳ,
1304 5041 1452 5105 ὅστις
1492 5044 1743 5100 ἐκϐάλλει
1778 5049 1843 5102 ἐκ

247 5117 354 5173 τοῦ
390 5119 665 5191 θησαυροῦ
707 5123 872 5178 αὑτοῦ
918 5125 1083 5179 καινὰ
1124 5129 1217 5182 καὶ
1251 5130 1480 5186 παλαιά·
1534 5151 1553 5185 ι
1591 5134 1843 5209 καθάπερ

248 5211 372 5281 γὰρ
408 5212 474 5265 ἐκ
501 5211 776 5286 θησαυροῦ
815 5217 913 5286 τῆς
951 5218 1178 5290 καρδίας
1218 5220 1288 5274 τὰ
1338 5223 1608 5278 Μωσαῖκὰ
1651 5226 1842 5298 διηγή-

251 5319 433 5372 ματα,
467 5305 695 5358 καὶτῶν
728 5308 971 5378 ἀρχαίων
995 5313 1438 5384 συγγραμμάτων
1472 5316 1572 5387 τὴν
1598 5318 1838 5390 μνήμηνε

250 5394 332 5446 Ὅ
360 5410 428 5463 γε
462 5396 569 5467 μὴν
593 5398 859 5469 κατήκοός
889 5417 945 5451 τε
976 5401 1069 5453 καὶ
1100 5403 1345 5475 εὐμαθὴς
1368 5407 1462 5459 καί
1488 5411 1586 5479 τῆς
1616 5410 1842 5478 εὐαγγε-

244 5484 421 5555 λικῆς
464 5484 751 5557 δᾳδουχίας
790 5489 1096 5555 ἀνάπλεως,
1136 5495 1301 5559 πολὺς
1352 5499 1447 5550 καὶ
1492 5498 1711 5563 διπλοῦς
1764 5504 1843 5565 εἰς

245 5573 517 5639 πλοῦτον,
545 5577 637 5630 τὸν
665 5578 723 5631 ὲν
747 5579 1023 5650 Πνεύματι
1052 5582 1110 5635 δὲ
1138 5582 1378 5653 δηλονότι
1404 5588 1566 5656 φημί.
1592 5589 1704 5642 Νέα
1735 5591 1840 5662 γὰρ

1944 4591 2070 4660 plus
2099 4605 2263 4660 quam
2297 4590 2618 4645 Scribarum
2659 4599 2713 4645 ct
2744 4589 3174 4653 Pharisaeorum,
3208 4587 3521 4642 nonintra-

1945 4682 2075 4737 bitis
2102 4680 2158 4734 in
2188 4696 2420 4752 regnum
2446 4681 2716 4737 caelorum
2745 4682 2813 4735 ".
2858 4699 2876 4732 ›
2908 4680 2976 4734 Ει
3000 4695 3197 4735 rursus
3229 4697 3242 4732 :
3276 4696 3293 4728 ι
3330 4674 3523 4731 Omnis

1949 4772 2142 4828 Scriba
2175 4772 2373 4827 doctus
2407 4772 2463 4826 in
2496 4786 2666 4842 regno
2696 4773 2990 4837 coriorum,
3042 4769 3240 4826 similis
3288 4774 3375 4821 est
3420 4767 3518 4819 bo-

1949 4863 2085 4917 mini
2136 4861 2294 4916 diviti
2339 4862 2435 4933 qui
2471 4863 2685 4931 profert
2735 4864 2804 4919 de
2852 4865 3115 4918 thesauro
3146 4874 3249 4916 suo
3294 4874 3433 4913 nova
3466 4867 3521 4915 et

1947 4961 2136 5008 vetera
2167 4955 2212 4985 "
2245 4973 2258 5007 :
2292 4972 2312 5006 ι
2347 4969 2377 5009 e
2407 4954 2668 5010 thesauro
2698 4954 2884 5010 cordis
2912 4953 3198 5019 nimirum,
3224 4949 3524 5006 Mosaicam

1949 5043 2238 5099 historiam
2270 5051 2329 5099 et
2366 5051 2615 5100 veterum
2668 5046 3002 5115 scriptorum
3032 5039 3377 5096 memoriam.
3420 5038 3524 5094 Do-

1949 5132 2073 5188 cilis
2107 5140 2289 5190 autem
2311 5141 2365 5190 et
2387 5135 2719 5206 evangelicae
2748 5131 3140 5189 illustrationis
3170 5130 3388 5202 plenus,
3426 5144 3525 5185 co-

1952 5230 2164 5300 piosus,
2190 5229 2444 5301 ct‘duplo
2468 5231 2639 5286 ditior
2673 5236 2777 5295 est,
2822 5227 3162 5298 spiritalibus
3203 5240 3402 5296 nempe
3439 5225 3525 5279 di-

1950 5318 2121 5374 vitiis.
2157 5319 2307 5374 Nova
2339 5321 2483 5376 enim
2514 5318 2722 5391 profert
2761 5326 2816 5373 et
2844 5325 3050 5381 vetera,
3094 5316 3231 5389 legis
3271 5316 3523 5372 umbram

1948 5410 2234 5475 nimirum,
2267 5419 2322 5466 et
2345 5412 2455 5465 vim
2490 5411 2674 5465 cultus
2703 5410 2894 5481 legalis
2933 5411 2988 5464 in
3027 5410 3360 5482 evangelicae
3396 5411 3523 5464 vita:

1951 5500 2186 5553 formam
2221 5500 2587 5556 transferens.
2621 5498 2778 5565 Quod
2806 5499 2952 5555 enim
2988 5500 3068 5556 lex
3095 5516 3192 5571 per
3216 5502 3420 5572 figuras
3448 5503 3521 5555 si-

1951 5590 2269 5661 gnificabat,
2297 5591 2400 5645 hoc
2427 5590 2682 5648 Christus
2709 5591 2762 5646 in
2790 5591 3044 5656 veritate,
3074 5593 3218 5649 nnde
3239 5602 3292 5648 et
3314 5600 3517 5662 aperte.

334 5683 382 5716 “
423 5682 730 5775 haunt",
756 5688 840 5775 1-6..
918 5688 961 5720 ³⁷
1000 5688 1157 5775 Joan.
1193 5709 1323 5775 itynz
1365 5695 1429 5775 4._
1496 5696 1542 5728 ³⁸
1581 5696 1598 5749 Ι
1633 5698 1761 5775 Ορς.
1797 5718 1811 5754 ι

1936 5703 1979 5759 ί.
2063 5705 2105 5738 ³⁹
2146 5703 2292 5761 Psal.
2323 5706 2607 5774 van,29.
2689 5706 2900 5766 “Psal.
2945 5724 3097 5775 uxr,
3134 5709 3183 5764 l.
3261 5708 3303 5741 “
3341 5705 3506 5763 llcbr.

252 5768 383 5825 vn,
436 5755 519 5810 18.
597 5756 642 5788 "
687 5756 873 5812 Matth.
919 5776 970 5825 v,
1022 5760 1110 5815 20.
1193 5763 1237 5796 “
1278 5764 1470 5822 Matth.
1510 5783 1641 5836 xui,
1678 5769 1764 5826 52.
