3998 6318
515 365 617 423 371

1527 367 1584 424 S.
1626 368 1905 426 CYRlLLl
1940 372 2408 436 ALEXANDRINI
2447 379 2772 438 ARCHIEP.

3667 378 3774 434 572

509 483 745 557 Ideoque
775 481 992 539 dicebat
1026 504 1037 537 :
1094 502 1112 533 ι
1149 480 1268 536 Non
1319 483 1439 537 veni
1493 485 1710 541 solvere
1751 488 1947 560 legem,
1989 493 2070 548 set

2191 497 2465 565 ἐκϐάλλει,
2498 497 2593 553 καὶ
2622 497 2854 564 παλαιὰ,
2883 497 2980 568 τὴν
3009 494 3102 550 τοῦ
3131 496 3296 567 νόμου
3328 496 3508 560 σκιὰν,
3544 498 3636 551 καὶ
3674 498 3774 568 τῆς

509 574 814 645 adimplere
840 573 918 640 “;
966 591 984 624 ι
1032 583 1085 628 et
1131 588 1378 630 rursus:
1425 593 1443 625 ι
1490 573 1704 642 Amen,
1755 593 1912 634 amen
1956 581 2083 636 dico

497 668 667 723 'vobis
691 705 706 727 .
743 665 854 720 iota
883 681 1052 721 unum
1089 675 1186 720 aut
1219 681 1364 721 unus
1395 681 1532 736 apex
1573 683 1682 722 non
1721 672 2020 737 prmteribit
2051 687 2080 726 a

506 759 646 828 lege,
674 755 852 812 donec
890 756 1076 810 omnia
1112 755 1242 811 ﬁant
1274 756 1340 810 ⁸⁸.
1379 776 1397 808 ›
1428 757 1665 813 Fructus
1693 759 1880 830 itaque
1907 763 2082 832 pluri-

505 863 632 905 mus
655 848 750 919 qui
778 847 834 902 in
865 845 1079 918 Spiritu
1111 857 1166 903 et
1195 847 1429 903 veritate
1458 849 1740 915 consistit,
1772 853 2078 921 evangelici

503 939 688 995 cultus
721 939 806 995 vis
841 945 898 994 et
935 936 1079 995 ratio
1115 946 1220 1002 est,
1256 938 1704 1009 quandoquidem
1751 942 1806 996 in
1849 943 2078 1013 gloriam

502 1029 600 1085 Dei
639 1045 704 1086 ac
733 1029 914 1086 Patris
947 1030 1112 1084 homo
1148 1028 1330 1084 factus
1364 1037 1449 1085 est
1479 1030 1835 1100 Unigeuitus.
1866 1033 2080 1088 Idcirco

480 1135 635 1197 ,vero
663 1120 898 1192 contigit
929 1128 988 1175 ut
1016 1128 1071 1176 et
1118 1120 1371 1176 homines
1419 1119 1542 1190 ejus
1573 1120 1830 1191 discipuli
1861 1123 2077 1178 tierent.

481 1210 856 1282 .Loquebatur
887 1212 1035 1268 enim
1062 1210 1342 1266 veteribus
1366 1211 1532 1265 etiam
1557 1211 1686 1269 olim
1716 1227 1813 1282 per
1843 1216 2080 1283 prophe-

503 1313 590 1358 tas
615 1301 694 1370 “,
730 1311 791 1358 ut
822 1301 986 1366 Deus,
1013 1301 1111 1357 sed
1138 1317 1302 1359 causa
1333 1303 1496 1374 881
1530 1304 1704 1359 nostri
1741 1314 1794 1361 et
1823 1305 1888 1359 de
1920 1305 2079 1360 nobis

476 1390 715 1466 [dictum
752 1400 836 1446 est
876 1408 891 1445 :
926 1409 946 1442 ι
992 1391 1058 1445 Et
1100 1400 1264 1448 erunt
1295 1407 1487 1447 omnes
1522 1393 1786 1448 docibiles
1823 1393 1914 1448 Dei
1947 1396 2010 1448 η.
2053 1415 2071 1446 ι

472 1467 672 1569 ;Nobis
706 1483 853 1538 enim
888 1483 985 1553 qui
1037 1483 1093 1537 in
1153 1498 1277 1538 eum
1328 1472 1665 1539 credidimus
1716 1486 1856 1542 alius
1915 1502 2078 1541 nemo

500 1589 811 1629 sermonem
838 1574 960 1644 ejus
990 1575 1363 1640 annuntiavit,
1397 1574 1492 1630 sed
1523 1590 1624 1630 nec
1662 1577 1783 1646 ejus
1820 1578 2076 1632 volunta-

498 1675 616 1720 tum
676 1665 1051 1722 intcrnuntius
1101 1668 1395 1736 quisquam
1470 1667 1596 1734 fuit,
1658 1669 1824 1725 sicuti
1882 1685 2076 1739 nempe

498 1755 682 1812 Moses
725 1755 991 1811 lsraelitis
1042 1756 1098 1810 in
1146 1765 1330 1810 monte
1385 1754 1536 1821 Sina,
1579 1765 1674 1810 aut
1710 1767 1837 1828 post
1888 1758 2072 1815 Mosen

2185 591 2244 642 ὲν
2299 589 2446 660 νόμῳ
2494 589 2750 660 λατρείας
2797 588 2896 658 τὴν
2956 587 3185 659 δύναμιν
3245 587 3638 658 μεταπλάττων
3694 588 3775 652 εἰς

2186 680 2370 750 σχῆμα
2423 679 2698 744 πολιτείας
2746 677 3125 748 εὐαγγελικῆς.
3162 681 3230 732 Ὃ
3281 680 3389 750 γὰρ
3445 678 3635 749 ἐδήλου
3685 676 3773 732 διὰ

2181 769 2291 823 τῶν
2319 770 2506 824 τύπων
2541 773 2570 824 6
2603 771 2782 841 νόμος,
2813 767 2970 822 τοῦτο
2997 769 3231 840 Χριστὸς
3273 767 3768 840 ἀπημφιεσμένως,

2182 862 2240 916 ὲν
2263 860 2509 932 ἀληθείᾳ.
2546 862 2637 915 Διὸ
2669 861 2763 915 καὶ
2793 861 2976 930 ἔλεγεν
2997 877 3010 891 ·
3043 878 3060 912 ι
3101 860 3215 914 Οὐκ
3260 855 3427 931 ἦλθον
3465 858 3769 912 καταλῦσαι

2181 951 2272 1006 τὸν
2314 953 2494 1023 νόμον,
2550 953 2686 1006 ἀλλὰ
2731 952 3050 1024 πληρῶσαι·
3091 971 3110 1002 ι
3140 952 3237 1005 καὶ
3273 951 3465 1008 πάλιν·
3505 972 3523 1003 ι
3573 952 3766 1022 Ἀμὴν,

2181 1043 2328 1113 ἀμὴν
2362 1045 2503 1113 λέγω
2531 1046 2679 1114 ὑμῖν,
2711 1044 2844 1097 ίῶτα
2876 1043 2955 1106 ἓν,
2983 1044 3015 1113 ἢ
3066 1043 3164 1114 μία
3201 1043 3400 1114 κεραία
3431 1043 3491 1095 ού
3523 1044 3597 1113 μὴ
3630 1059 3770 1112 παρ-

2180 1134 2311 1206 έλθῃ
2335 1136 2440 1189 ἀπὸ
2461 1135 2554 1190 τοῦ
2575 1136 2758 1207 νόμου,
2785 1136 2890 1199 ἕως
2913 1135 2979 1188 ἂν
3021 1136 3198 1190 πάντα
3222 1135 3466 1206 γένηται.
3500 1154 3518 1185 ι
3541 1135 3768 1203 Καρπδς

2179 1219 2270 1278 οὖν
2300 1224 2409 1295 ἄρα
2435 1225 2601 1288 πολὺς
2630 1227 2658 1279 6
2692 1228 2748 1278 ἐν
2779 1223 3057 1296 Πνεύματι
3080 1226 3175 1278 καὶ
3199 1224 3446 1295 ἀληθείᾳ,
3469 1228 3570 1296 τῆς
3604 1226 3767 1293 εὐαγ-

2178 1316 2402 1386 γελικῆς
2445 1316 2698 1386 λατρείας
2727 1319 2760 1386 η
2795 1317 3042 1387 δύναμις,
3091 1316 3324 1387 ἐπείπερ
3359 1318 3439 1378 εἰς
3479 1316 3640 1382 δόξαν
3671 1315 3764 1369 τοῦ

2178 1405 2311 1459 Θεοῦ
2359 1407 2454 1460 καὶ
2501 1407 2735 1478 Πατρὸς,
2775 1407 3060 1478 ἄνθρωπος
3088 1407 3309 1475 γέγονεν
3351 1409 3380 1460 6
3429 1407 3761 1477 Μονογενής.

2179 1497 2500 1568 Συμὸέὸηκε
2525 1497 2583 1552 δὲ
2614 1497 2702 1551 διὰ
2726 1497 2884 1552 τοῦτο
2912 1496 3004 1552 καὶ
3035 1497 3198 1550 αὑτοῦ
3227 1497 3484 1566 γενέσθαι
3517 1497 3766 1568 μαθητὰς

2176 1586 2302 1649 τοὺς
2327 1586 2488 1649 ὄντας
2512 1587 2604 1639 ἐπὶ
2628 1587 2728 1653 τῆς
2755 1587 2878 1656 γῆς.
2914 1586 3246 1657 Προσελάλει
3271 1587 3380 1659 γὰρ
3402 1591 3514 1650 τοῖς
3547 1589 3768 1659 ἀρχαιοι

2176 1676 2375 1747 τέροις,
2411 1680 2506 1730 καὶ
2540 1679 2708 1732 πάλαι
2742 1677 2830 1732 διὰ
2871 1679 2981 1734 τῶν
3014 1679 3309 1751 προφητῶν
3347 1680 3424 1743 ὡς
3458 1681 3612 1748 Θεὸς,
3647 1681 3764 1735 ἀλλ’

2176 1769 2256 1832 εἰς
2286 1770 2453 1839 ἡμᾶς,
2481 1770 2573 1822 καὶ
2596 1770 2725 1840 περὶ¹
2752 1770 2907 1840 ἡμῶν
2935 1771 3171 1839 ἐλέγετο·
3203 1791 3221 1823 ι
3249 1771 3360 1824 Καὶ
3391 1771 3605 1826 ἔσονται
3628 1773 3763 1828 πάνυ

495 1847 778 1917 propheta:
836 1847 924 1902 sui
978 1846 1246 1916 temporis
1298 1845 1650 1914 hominibus;
1716 1863 1904 1902 verum
1957 1849 2070 1920 ipse

2175 1831 2266 1923 τες
2293 1831 2528 1912 δίδακτοὶ
2564 1831 2719 1912 Θεοῦ.
2754 1831 2978 1932 [Ἡμῖν
3016 1831 3126 1933 γὰρ
3179 1864 3290 1924 τοῖς
3333 1863 3414 1926 είς
3458 1861 3618 1915 αὐτὸν
3667 1879 3761 1914 πι-

495 1955 601 1995 nos
628 1938 817 1994 docuit
847 1938 1125 1995 Christus.
1185 1937 1462 1993 Docibiles
1519 1948 1702 1994 autem
1737 1938 1831 1995 Dei
1883 1955 2074 1998 omnes

495 2029 710 2085 idcirco
747 2043 963 2084 sumus.
1012 2028 1132 2082 Non
1163 2042 1294 2096 ergo
1349 2025 1476 2082 l‘acti
1540 2042 1789 2084 essemus
1841 2031 2067 2085 omnino

495 2119 618 2189 ejus
645 2118 937 2190 discipuli,
975 2133 1077 2173 nec
1106 2117 1281 2173 divini
1311 2118 1519 2173 amoris
1556 2118 1801 2174 fructum
1835 2135 2073 2190 ettmque

494 2212 731 2266 multum
781 2210 1108 2272 ederemus.
1158 2209 1271 2265 nisi
1322 2224 1419 2278 per
1466 2209 1856 2280 benignitatem
1911 2226 2068 2266 suam

493 2300 830 2360 clarillcatus
879 2307 1028 2356 esset
1062 2299 1246 2364 Pater,
1292 2299 1384 2353 cui
1420 2299 1501 2354 sic
1553 2301 1954 2370 beneplacitum
1987 2311 2072 2357 est

493 2396 550 2450 in
578 2393 760 2462 nobis,
783 2400 844 2449 ut
859 2381 1108 2449 'Verbum
1135 2394 1284 2463 quod
1313 2409 1378 2448 ex
1403 2394 1519 2462 ejus
1547 2393 1855 2448 substantia
1881 2409 2071 2464 proce-

498 2485 581 2540 dit
605 2486 882 2540 hominem
919 2483 1038 2539 ﬁeri
1075 2485 1336 2538 voluerit.
1373 2483 1464 2538 Sic
1498 2485 1869 2556 intelligemus
1899 2487 2065 2552 enim,

493 2593 622 2634 cum
655 2579 710 2632 in
760 2576 1066 2648 Scripturis
1097 2577 1297 2632 divinis
1343 2576 1631 2632 audiemus
1676 2593 1800 2634 eum
1846 2577 2066 2634 dedisse

491 2667 691 2724 Filium
719 2686 903 2727 suum.
934 2670 992 2726 ιιι
1023 2670 1169 2726 enim
1197 2670 1530 2741 complacuit
1559 2671 1606 2726 ei
1639 2671 1732 2741 qui
1769 2687 1868 2741 pro
1904 2671 2066 2728 nobis

489 2760 605 2830 pati
644 2761 843 2826 voluit,
876 2762 1217 2832 proindeque
1248 2759 1413 2818 etiam
1464 2761 1684 2817 dedisse.
1717 2763 1936 2826 dicitur,
1980 2763 2065 2817 id-

489 2867 600 2921 que
633 2852 790 2908 valdc
828 2861 1218 2909 consentauee.

2175 1950 2483 2017 στεύσασιν,
2520 1952 2619 2022 ούχ
2667 1949 2854 2022 ἕτερός
2913 1969 2996 2016 τις
3047 1953 3444 2025 μεσολαϐήσας,
3490 1952 3581 2006 τὸν
3628 1953 3760 2023 παρ’

2169 2040 2334 2094 αὐτοῦ
2362 2042 2756 2114 διεπόρθμευσε
2784 2043 2960 2112 λόγον,
2986 2044 3102 2096 ἀλλ’
3135 2045 3257 2097 οὐδὲ
3297 2045 3526 2114 μεσίτης
3561 2045 3753 2112 γέγονε

2166 2133 2276 2186 τῶν
2313 2133 2632 2204 θελημάτων
2672 2133 2836 2188 αὑτοῦ
2885 2135 3022 2206 πρὸς
3068 2136 3234 2205 ἡμᾶς,
3270 2135 3518 2205 καθάπερ
3564 2135 3758 2205 ἀμέλει

2167 2225 2370 2295 Μωσῆς
2405 2227 2516 2290 τοῖς
2546 2225 2606 2290 ἐξ
2640 2226 2872 2298 Ἰσραὴλ,
2914 2227 3073 2298 ἐντῷ
3115 2227 3232 2298 ὄρει
3282 2228 3429 2299 Σινᾷ,
3485 2229 3656 2297 ἤγουν
3710 2229 3758 2280 οι

2173 2315 2312 2383 μετὰ
2338 2316 2543 2371 Μωσέα
2583 2318 2860 2388 προφῆται
2901 2320 3014 2382 τοῖς
3057 2317 3177 2372 κατ’
3205 2318 3422 2381 αὐτοὺς,
3454 2317 3567 2372 ἀλλ’
3594 2317 3760 2381 αὐτὸς

2168 2406 2317 2475 ἡμᾶς
2349 2406 2586 2473 ἐδίδαξεν
2619 2409 2647 2460 6
2670 2407 2922 2478 Χριστός.
2961 2409 3208 2462 Διδακτοὶ
3239 2409 3297 2462 δὲ
3323 2408 3459 2461 Θεοῦ
3485 2407 3575 2460 διὰ
3598 2407 3759 2462 τοῦτο

2167 2497 2369 2561 πάντες
2410 2499 2591 2569 ἡμεῖς.
2645 2500 2760 2553 Οὐκ
2808 2500 2873 2553 ἂν
2921 2494 3014 2553 οὖν
3059 2500 3195 2565 ὅλως
3244 2500 3406 2554 αὐτοῦ
3447 2500 3757 2570 γεγόναμεν

2169 2587 2430 2658 μαθηταὶ,
2457 2588 2556 2643 οὐκ
2599 2589 2665 2643 ἂν
2699 2590 2959 2661 ὲτέκομεν
2987 2590 3076 2644 τὸν
3109 2591 3208 2661 τῆς
3237 2590 3511 2659 φιλοθεῖας
3537 2587 3755 2662 καρπδν

2171 2676 2266 2729 καὶ
2293 2675 2481 2729 τοῦτον
2524 2677 2711 2742 πολὺν,
2753 2681 2802 2731 εί
2851 2678 2925 2750 μὴ
2970 2678 3228 2749 ἐδοξάσθη
3266 2679 3332 2732 δι’
3360 2678 3699 2748 ἡμερότητος
3726 2679 3756 2730 6

2171 2765 2382 2836 Πατὴρ,
2406 2765 2702 2836 εὐδοκήσας
2739 2768 2795 2820 ὲν
2834 2769 2986 2838 ἡμῖν,
3029 2768 3102 2830 ὼς
3150 2769 3242 2820 καὶ
3289 2767 3574 2837 ἄνθρωπον
3602 2766 3756 2836 γενὲο

2173 2855 2317 2921 σθαι,
2350 2857 2439 2909 τὸν
2484 2859 2548 2910 ὲκ
2593 2857 2695 2928 τῆς
2733 2858 2922 2922 οὐσίας
2967 2859 3131 2912 αὑτοῦ
3175 2859 3502 2930 προελθόντα
3557 2858 3751 2926 Λόγον.

489 2946 774 3018 Νοήσομεν
820 2944 929 3018 γὰρ
977 2946 1172 3012 οὕτως,
1219 2948 1308 3000 ὅτε
1349 2945 1612 3015 λεγούσης
1659 2947 1930 3016 ἀκούομεν
1972 2948 2068 3016 τῆς
2111 2947 2262 3012 θείας
2287 2950 2510 3020 Γραφῆς
2554 2951 2634 3004 ὅτι
2663 2951 2860 3004 δέδωκε
2909 2952 3001 3005 τὸν
3031 2952 3158 3006 ἴδιον
3196 2952 3343 3006 Υίόν.
3383 2952 3751 3022 Συνευδόκησε

490 3038 600 3111 γὰρ
648 3038 805 3092 τοῦτο
841 3037 920 3108 τῷ
954 3037 1146 3093 παθείν
1191 3038 1332 3108 ὑπὲρ
1367 3036 1524 3107 ἡμῶν
1559 3037 1818 3107 ἑλομένῳ,
1861 3037 1954 3089 καὶ
1981 3037 2071 3090 διὰ
2101 3038 2258 3092 τοῦτο
2284 3041 2378 3094 καὶ
2401 3040 2692 3094 δεδωκέναι
2715 3043 2952 3111 λέγεται,
2977 3044 3072 3097 καὶ
3097 3044 3238 3114 μάλα
3265 3043 3510 3107 εἰκότως.

562 3130 683 3198 XV,
724 3131 796 3202 9.,
841 3128 929 3183 10.
973 3128 1127 3184 Sicut
1161 3128 1348 3182 dilexit
1379 3145 1459 3182 me
1494 3127 1680 3191 Pater,
1710 3139 1758 3182 et
1783 3144 1876 3198 ego
1907 3127 2070 3182 dilexi

2242 3129 2448 3198 Καθὼς
2499 3132 2778 3200 ἠγάπησέ
2805 3151 2882 3202 με
2922 3136 2954 3187 ό
2993 3133 3216 3201 Πατὴρ,
3267 3133 3427 3202 κάγὼ
3463 3134 3755 3203 ἠγάπησα

493 3236 630 3278 vos:
680 3225 884 3273 manete
923 3217 978 3270 in
1020 3216 1298 3272 dilectione
1339 3231 1476 3273 mea.
1531 3215 1613 3284 Si,
1640 3226 1902 3284 prwcepta
1949 3230 2067 3268 mea

489 3313 850 3377 servaveritis,
891 3309 1170 3364 manebitis
1218 3309 1274 3362 in
1317 3309 1599 3363 dilectione
1648 3325 1796 3374 mea,
1831 3310 1968 3362 sicut
2014 3317 2067 3361 et

492 3421 584 3477 ego
621 3401 800 3458 Patris
826 3411 1088 3470 praecepta
1124 3399 1358 3465 servavi,
1387 3411 1435 3458 et
1474 3415 1658 3454 maneo
1692 3401 1745 3452 in
1780 3399 1894 3467 ejus
1929 3398 2064 3452 dile-

492 3497 680 3553 ctione.

564 3587 869 3645 Subtiliore
897 3587 1098 3642 mentis
1136 3586 1299 3642 oculo
1337 3585 1732 3641 consideranda
1778 3591 1908 3640 sunt
1937 3597 2063 3637 rur—

492 3697 590 3737 sus
623 3680 820 3735 borum
873 3677 1168 3734 verborum
1223 3677 1511 3746 mysteria.
1553 3677 1710 3731 Altus
1742 3677 1944 3745 quippe
1982 3680 2064 3728 est

491 3785 696 3836 sermo,
729 3771 1031 3840 totiusque,
1071 3775 1133 3824 ut
1174 3769 1344 3823 verbo
1404 3768 1608 3832 dicam,
1663 3765 2066 3822 incarnationis

491 3863 764 3918 rationem
803 3861 963 3916 nobis
989 3860 1188 3930 aperit.
1225 3859 1491 3913 Dilectum
1527 3857 1674 3913 enim
1706 3872 1766 3912 se
1800 3870 1830 3910 a
1871 3854 1982 3910 Deo
2011 3863 2066 3910 et

489 3955 653 4012 Patre
681 3955 902 4016 asserit,
941 3966 1154 4021 nosque
1184 3949 1264 4006 sic
1294 3949 1542 4005 vicissim
1577 3947 1835 4018 diligere,
1872 3947 2063 4002 eodem

489 4046 655 4102 modo
678 4044 891 4101 scilicet
916 4056 1030 4114 quo
1049 4049 1106 4098 et
1140 4042 1255 4110 ipse
1281 4054 1314 4094 a
1343 4054 1444 4093 suo
1469 4037 1631 4093 Patre
1661 4035 1814 4107 diligi
1840 4051 2066 4090 censea-

491 4151 606 4195 tur.
635 4137 882 4207 Subjecit
910 4133 1110 4191 deinde
1132 4173 1148 4202 ,
1181 4145 1404 4188 manere
1431 4145 1532 4185 nos
1563 4137 1823 4200 oportere
1854 4127 1910 4182 in
1944 4127 2064 4196 ejus

493 4231 814 4288 dilectione.
855 4226 1173 4295 Quinetiam
1210 4238 1436 4280 causam
1486 4219 1782 4292 quamdam
1832 4235 2064 4290 eamque

491 4321 864 4382 necessariam
908 4318 1067 4376 alIert
1111 4331 1212 4373 cur
1244 4331 1274 4369 a
1312 4313 1479 4368 Patre
1526 4313 1808 4384 diligatur,
1865 4325 2065 4380 nempe

491 4413 638 4486 quod
665 4412 786 4482 ejus
807 4413 1062 4465 observet
1083 4413 1375 4483 praecepta.
1394 4403 1550 4470 Quod
1569 4405 1746 4473 ipsum
1763 4416 1863 4457 nos
1889 4400 2065 4456 facere

2172 3221 2358 3290 ὑμᾶς’
2409 3224 2653 3292 μείνατε
2693 3225 2764 3278 ἐν
2819 3223 2893 3292 τῇ
2936 3226 3136 3295 ἀγάπῃ
3184 3226 3258 3295 τῇ
3305 3226 3438 3296 ἐμῇ.
3477 3228 3620 3282 Ἐὰν
3647 3229 3757 3296 τὰς

2171 3313 2424 3380 ἐντολάς
2473 3331 2593 3383 μου
2643 3314 2960 3384 τηρήσητε,
3014 3316 3247 3385 μενεῖτε
3300 3318 3370 3371 ἐν
3419 3317 3495 3387 τῇ
3547 3318 3753 3389 ἀγάπῃ

2165 3420 2318 3472 μου,
2363 3403 2558 3468 καθὼς
2591 3405 2754 3474 κάγὼ
2791 3406 2898 3473 τὰς
2933 3407 3189 3474 ἐντολὰς
3227 3409 3330 3463 τοῦ
3364 3411 3595 3477 Πατρός
3626 3427 3754 3480 μου

2171 3494 2481 3562 τετήρηκα,
2508 3495 2607 3549 καὶ
2626 3496 2790 3566 μενῶ
2824 3497 3010 3552 αὐτοῦ
3038 3499 3108 3552 ἐν
3139 3498 3213 3567 τῇ
3235 3498 3460 3569 ἀγάπῃ.

2255 3584 2564 3657 Ἰσχνοτέρῳ
2602 3586 2762 3640 πάλιν
2788 3587 2866 3658 τῷ
2891 3589 2990 3657 τῆς
3017 3587 3254 3652 διανοίας
3289 3589 3551 3660 ὀφθαλμῷ
3583 3591 3651 3644 τὰ
3690 3593 3752 3644 ὲν

2171 3680 2282 3740 τοῖς
2312 3676 2691 3750 προκειμένοις
2730 3677 2994 3748 ἀθρητέον
3038 3681 3311 3750 μυστήρια
3335 3679 3536 3744 ,Βαθὺς
3575 3681 3684 3751 γὰρ
3721 3685 3752 3736 ὁ

2171 3766 2348 3835 λόγος,
2376 3767 2468 3819 καὶ
2487 3765 2615 3836 ὅλην
2645 3767 2795 3836 ἡμῖν,
2823 3767 2897 3829 ὡς
2923 3765 3054 3830 ἔπος
3083 3769 3278 3832 εἰπεῖν,
3308 3773 3408 3840 τῆς
3438 3771 3577 3840 μετὰ
3616 3788 3752 3840 σαρο

2171 3859 2267 3921 κὸς
2312 3856 2620 3926 οίκονομίας
2671 3856 2938 3926 παραθεὶς
2972 3855 3070 3927 τὴν
3110 3857 3361 3929 δήλωσιν.
3401 3859 3750 3930 ’Πγαπῆσθαι

2174 3949 2273 4018 μὲν
2305 3947 2412 4020 γὰρ
2460 3948 2647 4002 ἑαυτὸν
2692 3946 3082 4019 διῖσχυρίζεται
3128 3949 3278 4018 παρὰ
3328 3949 3424 4002 τοῦ
3474 3950 3610 4003 Θεοῦ
3655 3953 3751 4005 καὶ

2171 4041 2402 4112 Πατρδς,
2437 4039 2823 4110 ἀνταγαπῆσαι
2854 4039 2910 4093 δὲ
2939 4039 3111 4104 οὕτως
3147 4043 3312 4111 ἡμᾶς,
3343 4043 3484 4096 κατὰ
3521 4044 3614 4096 τὸν
3647 4045 3750 4098 αύ-

2169 4134 2261 4186 τὸν
2290 4132 2529 4203 δηλονότι
2551 4132 2770 4204 τρόπον,
2799 4132 2918 4188 καθ’
2944 4133 3110 4205 ὅνπερ
3133 4133 3200 4187 ἂν
3225 4135 3546 4204 ηγαπῆσθαι
3577 4139 3750 4189 νοοῖτο

2171 4226 2266 4280 καὶ
2290 4223 2450 4288 αὐτὸς
2471 4224 2621 4296 παρὰ
2649 4225 2741 4279 τοῦ
2781 4225 2911 4279 ἰδίου
2935 4227 3278 4296 γεννήτορος.
3305 4223 3435 4280 Εἶτα
3457 4227 3507 4279 τί
3535 4227 3748 4290 τούτοις

2170 4313 2504 4388 ἐπήνεγκεν;
2537 4316 2656 4369 Ὀτι
2686 4317 2949 4387 προσήκει
2983 4315 3164 4386 μένειν
3189 4319 3337 4386 ἡμᾶς
3368 4321 3424 4370 ὲν
3454 4320 3517 4388 τῇ
3555 4319 3748 4391 ἀγάπῃ

2171 4406 2356 4461 αὑτοῦ.
2395 4405 2554 4460 Ἀλλὰ
2600 4407 2696 4460 καὶ
2740 4406 3011 4477 πρόφασιν
3052 4405 3240 4478 ὥσπερ
3268 4409 3408 4473 τινὰ,
3454 4410 3548 4462 καὶ
3579 4410 3749 4480 ἀναγ-

488 4505 669 4575 jubet,
703 4510 760 4555 et
786 4501 869 4555 sic
906 4512 1129 4554 manere
1161 4513 1262 4554 nos
1299 4497 1353 4551 in
1384 4497 1506 4566 ejus
1537 4495 1856 4550 dilectione.
1889 4493 2068 4562 Atque

2172 4499 2461 4568 καιοτάτην
2487 4498 2663 4552 αἰτίαν
2691 4497 3000 4559 ἀποδίδωσι,
3033 4498 3127 4551 τοῦ
3158 4502 3252 4552 καὶ
3285 4501 3491 4572 σφόδρα
3523 4502 3751 4566 δικαίως

492 4593 609 4648 haec
633 4590 927 4646 verborum
962 4589 1195 4644 istorum
1226 4585 1619 4657 compendiosa
1652 4595 1739 4642 est
1763 4586 2063 4655 expositio.

495 4683 603 4752 Sed
642 4682 902 4754 quoniam
935 4679 1061 4736 inde
1091 4679 1493 4748 sitnpliciorum
1543 4686 1785 4733 mentem
1827 4691 1938 4730 non
1971 4691 2067 4746 pa-

494 4793 617 4833 rum
647 4775 927 4835 turbatum
958 4773 1026 4828 iri
1053 4780 1304 4836 autumo,
1339 4785 1439 4840 age
1472 4785 1664 4825 rursus
1685 4769 1936 4825 dicamus
1959 4783 2068 4838 quo

494 4880 655 4942 pacto
688 4880 911 4924 sensum
944 4865 1141 4921 horum
1163 4863 1454 4918 verborum
1485 4875 1863 4931 assequamur.
1907 4859 2066 4914 Vide-

494 4972 588 5017 tur
632 4961 896 5016 Dominus
931 4966 1120 5013 noster
1159 4952 1320 5010 Jesus
1361 4953 1622 5008 Christus
1659 4960 1850 5022 typum
1897 4951 2068 5006 veluti

496 5050 788 5124 quemdam
816 5057 872 5104 el.
915 5055 1122 5104 sancta:
1153 5044 1594 5100 conversationis
1630 5043 1938 5112 exemplum
1983 5059 2067 5097 se-

497 5144 680 5214 ipsum
719 5140 885 5199 nobis
935 5152 1282 5211 proponere,
1315 5135 1551 5191 maxime
1599 5150 1724 5190 cum
1768 5132 1931 5188 fuerit
1966 5133 2070 5190 sub

497 5237 647 5308 lege,
679 5244 734 5292 et
765 5242 968 5290 nostrae
997 5230 1336 5304 paupertatis
1368 5227 1740 5283 conditionem
1787 5241 2072 5283 assumere

499 5343 610 5384 non
647 5327 974 5398 dedignatus
1005 5325 1100 5391 sit,
1138 5333 1196 5378 ut
1235 5321 1402 5394 882
1440 5320 1646 5375 nostris
1676 5319 1926 5374 moribus
1956 5319 2070 5374 sin-

499 5417 676 5489 gulari
699 5416 932 5472 consilio
960 5415 1360 5478 conlormatus,
1395 5412 1512 5468 suis
1543 5411 1796 5480 exemplo
1826 5425 1928 5466 suo
1962 5411 2072 5466 dux

499 5515 557 5564 et
601 5513 799 5561 auctor
846 5513 996 5562 esset
1040 5506 1274 5561 insciis}:
1305 5512 1361 5560 et
1397 5503 1556 5558 nobis
1588 5502 1885 5558 inaccessa:
1913 5517 2071 5571 pror-

502 5612 600 5654 sus
639 5594 1094 5654 conversationis.
1131 5593 1364 5650 Ubinam
1407 5609 1539 5667 ergo
1572 5602 1666 5648 aut
1693 5594 1856 5664 quale
1887 5591 2069 5649 Patris

2163 4589 2479 4661 ἠγαπῆσθαι
2509 4589 2659 4661 παρὰ
2699 4589 2792 4642 τοῦ
2829 4590 3056 4660 Πατρὺς,
3091 4591 3153 4643 τὸ
3185 4592 3419 4662 τηρῆσαι
3463 4592 3563 4656 τὰς
3592 4597 3744 4647 ἐντο-

2164 4686 2261 4747 λὰς
2301 4683 2487 4748 αὑτοῦ,
2519 4685 2613 4738 καὶ
2659 4678 2790 4753 ἡμῖν
2817 4683 2874 4736 δὲ
2921 4684 3104 4746 αὐτοῖς
3150 4683 3309 4736 τοῦτο
3351 4685 3743 4753 διακελεύεται,

2165 4776 2438 4846 διαμένειν
2461 4792 2519 4828 τε
2545 4775 2704 4839 οὕτω,
2743 4775 2926 4845 φησὶν,
2961 4778 3018 4828 ἐν
3061 4779 3126 4846 τῇ
3156 4777 3344 4848 ἀγάπῃ
3378 4777 3564 4831 αὑτοῦ.
3607 4779 3747 4831 Συλο

2165 4867 2364 4938 λήϐδην
2393 4867 2516 4918 ὅσον
2547 4867 2645 4936 μὲν
2676 4862 2770 4918 οὖν
2803 4866 2946 4918 ἐστιν
2976 4866 3166 4932 εἰπεῖν,
3191 4869 3285 4919 καὶ
3322 4859 3390 4919 τὰ
3420 4871 3478 4921 ἐν
3505 4869 3585 4938 τῷ
3615 4887 3748 4938 προ-

2170 4955 2406 5025 κειμένῳ
2437 4956 2776 5022 συνενεγκεῖν
2804 4953 3034 5024 ἀθρόως,
3063 4955 3120 5007 ὲν
3159 4955 3366 5019 τούτοις
3394 4951 3451 5009 εὖ
3491 4957 3636 5026 μάλα
3661 4959 3747 5010 δε-

2169 5045 2511 5118 δηλώκαμεν.
2549 5045 2768 5113 Ἐπειδὴ
2817 5044 2872 5097 δὲ
2917 5041 3070 5114 οἶμαι
3131 5046 3240 5098 δεῖν
3288 5047 3349 5100 τὸ
3393 5047 3584 5100 δοκοῦν
3635 5049 3747 5101 ἔσθ’

2171 5138 2257 5190 ὅτε
2303 5136 2625 5206 θορυϐήσειν
2657 5135 2716 5187 οὐ
2753 5134 2962 5206 μικρῶς
3008 5136 3118 5189 τῶν
3163 5136 3437 5206 ἀκεραίων
3491 5139 3583 5192 τὸν
3623 5139 3750 5194 νοῦν

2171 5227 2667 5298 κατεξευμαρίσαι,
2716 5213 2877 5280 πάλιν
2927 5228 3058 5299 φέρε
3095 5229 3156 5300 δὴ
3200 5231 3463 5300 λέγωμεν²
3505 5232 3653 5295 ὅπως
3687 5251 3749 5286 τε

2177 5320 2270 5373 καὶ
2300 5319 2422 5374 τίνα
2454 5318 2652 5388 τρόπον
2687 5318 2778 5371 τὸν
2829 5321 2886 5371 ἐν
2935 5323 3045 5382 τοῖς
3085 5323 3465 5392 προκειμένοις
3513 5324 3749 5394 ἐπιληψό-

2179 5407 2319 5477 μεθα
2346 5408 2488 5461 νοῦν.
2519 5408 2772 5460 Φαίνεται
2815 5407 2992 5461 τοίνυν
3042 5411 3070 5462 6
3110 5410 3316 5481 Κύριος
3347 5412 3502 5484 ήμῶν
3540 5414 3749 5483 Ἰησοῦς

2173 5502 2202 5551 6
2232 5498 2487 5569 Χριστος,
2511 5497 2679 5551 τύπον
2704 5497 2892 5569 ὥσπερ
2927 5497 3067 5562 τινὰ,
3115 5502 3206 5554 καὶ
3249 5503 3347 5569 τῆς
3395 5503 3626 5573 εὐαγοῦς
3659 5523 3746 5558 πο-

2174 5587 2375 5650 λιτείας
2404 5587 2763 5658 ὑπογραμμὸν
2803 5589 2993 5643 ἑαυτὸν
3034 5590 3164 5660 ἡμῖν
3207 5591 3494 5663 παραθεὶς,
3543 5593 3636 5650 hs
3682 5595 3749 5667 δὴ

466 5825 483 5851 ,
573 5776 618 5809 ιδ
661 5773 854 5836 Matth.
891 5792 952 5841 γ,
997 5777 1080 5831 ιτ.
1159 5778 1203 5809 ιδ
1242 5776 1379 5833 ibid.
1416 5772 1498 5828 l8.
1577 5773 1620 5804 κε
1664 5768 1826 5826 Hebr.
1877 5788 1930 5840 ι,
1971 5773 2020 5827 t.

2182 5768 2338 5828 Joan.
2374 5787 2449 5839 vt,
2513 5771 2604 5827 45.
