3998 6318
291 265 409 326 373

1346 275 1412 333 ΙΝ
1452 276 1735 334 JOANNIS
1787 278 2235 341 EVANGELIUM
2275 284 2401 342 LIB.
2443 286 2512 344 X.

3456 286 3563 343 δτι

240 376 246 385 ’
282 380 379 435 καὶ
414 376 503 436 διὰ
532 376 688 435 τοῦτο
710 382 945 474 γεγονὼς
975 385 1079 440 ὑπὸ
1124 387 1306 460 νόμον,
1350 390 1562 461 καὶτῆς
1594 390 1851 464 ἡμετέρας

1970 397 2287 452 mandatum
2320 401 2644 466 servaverit,
2685 401 2975 458 aut-etiam
3013 400 3288 474 quomodo
3332 401 3400 457 ab
3440 403 3562 473 ipso

282 472 561 544 πτωχείας
592 474 694 528 οὐκ
737 473 1055 543 ἀπαξιώσας
1097 479 1158 533 τὸ
1199 480 1395 553 μέτρον
1435 481 1596 548 ἑλεῖν,
1644 483 1730 537 ἴνα
1764 485 1875 549 τοῖς

284 563 578 635 ἡμετέροις
626 564 805 621 ἔθεσιν
848 569 1209 642 οἰκονομικῶς
1256 574 1872 647 συναναπλαττόμενος,

282 652 479 724 ὁδηγὸς
522 656 750 731 εὑρεθῇ,
778 659 1029 733 καθάπερ
1060 664 1119 716 ὲν
1151 666 1558 738 παραδείγμασι
1600 670 1711 732 τοῖς
1753 650 1874 722 καθ’

283 745 509 811 ἑαυτὸν,
568 747 706 820 πρὸς
748 749 1016 821 ἀνάληψιν
1071 753 1383 820 πολιτείας,
1440 754 1534 811 καὶ
1586 757 1731 827 ζωῆς
1772 757 1873 828 τῆς

281 837 487 908 ἀήθους
518 842 652 912 ἡμῖν
682 842 775 897 καὶ
805 842 1064 909 ἀστιόοῦς
1094 845 1392 910 παντελῶς.
1421 846 1529 901 Ποῦ
1557 847 1867 920 τοιγαροῦν,

283 927 319 998 ἢ
354 928 510 983 ποίαν
555 929 650 985 τοῦ
693 931 906 1003 Πατρὸς
944 936 1247 1006 τετήρηκεν
1291 933 1585 1007 ivro).th
1617 936 1710 988 καὶ
1749 936 1868 988 τίνα

292 1019 482 1091 τρόπον
524 1022 841 1095 ἡγαπῆσθαι
882 1024 1134 1094 λέγεσθαι
1163 1024 1273 1097 [τσ.
1306 1024 1551 1098 λέγεται]
1596 1028 1727 1098 παρ’
1767 1027 1867 1082 αὑ-

281 1109 401 1177 τοῦ,
427 1110 711 1184 ζητητέον.
738 1115 1004 1187 Παρέστω
1024 1117 1309 1189 τοιγαροῦν
1334 1116 1546 1183 Παῦλος
1567 1121 1594 1173 6
1619 1120 1862 1189 σοφώτα-

277 1219 392 1268 τος,
417 1204 514 1258 καὶ
553 1207 982 1277 μυσταγωγείτω
1019 1207 1195 1277 λέγων
1237 1210 1365 1281 περὶ
1390 1209 1577 1276 αὑτοῦ,
1613 1211 1689 1275 ὡς
1715 1230 1733 1264 ι
1778 1211 1865 1265 Ἐν

281 1299 466 1368 μορφῇ
516 1297 728 1371 ὑπῆρχε
771 1298 927 1366 Θεοῦ,
973 1300 1088 1356 ἀλλ’
1134 1302 1324 1356 ἑαυτὸν
1372 1301 1608 1356 ὲκένωσε
1651 1302 1863 1375 μορφὴν

274 1385 465 1440 δούλου
503 1387 715 1455 λαϐὼν,
757 1391 815 1443 ὲν
859 1389 1166 1462 ὁμοιώματι
1212 1391 1514 1464 ἀνθρώπων
1549 1394 1861 1463 γενόμενος,

275 1476 376 1530 καὶ
412 1477 653 1549 σχήματι
689 1478 935 1551 εὑρεθεὶς
982 1480 1057 1545 ὡς
1110 1479 1414 1554 ἄνθρωπος.
1451 1482 1861 1537 Τεταπείνωκεν

274 1568 488 1631 ἑαυτὸν,
518 1570 809 1642 γενόμενος
841 1573 1077 1644 ὑπήκοος
1126 1575 1288 1646 μέχρι
1337 1574 1590 1640 θανάτου,
1624 1575 1856 1632 θανάτου

271 1660 336 1714 δὲ
359 1661 615 1734 σταυροῦ.
651 1663 743 1717 Διὸ
777 1664 868 1718 καὶ
918 1666 948 1719 6
1000 1665 1132 1731 Θεὸς
1174 1665 1337 1720 αὑτὸν
1371 1665 1720 1737 ὑπερύψωσε,
1763 1668 1856 1722 καὶ

1978 486 2131 561 diligi
2158 489 2397 556 dicatur,
2440 491 2813 563 quaerendum
2840 491 3008 548 venit.
3048 491 3210 549 Adsit
3247 504 3378 562 ergo
3418 489 3562 544 Pau-

1976 577 2063 633 lus
2096 580 2563 652 sapientissimus,
2600 582 2778 653 deque
2822 598 2890 638 eo
2930 582 3148 648 doceat,
3184 580 3332 654 quod
3369 601 3387 633 ι
3421 579 3556 636 Cum

1973 667 2028 722 in
2071 667 2247 726 forma
2283 672 2377 728 Dei
2411 683 2600 740 esset,
2636 676 2876 745 scipsum
2943 675 3247 732 exinanivit
3270 714 3285 737 ,
3323 672 3556 730 formam

1972 761 2114 817 servi
2144 763 2448 837 accipiens,
2476 766 2531 821 in
2559 765 2978 823 similitudinem
3014 767 3294 821 hominum
3334 765 3513 821 lactus
3536 803 3551 827 ,

1971 860 2027 906 et
2082 852 2274 910 habitu
2326 858 2585 914 inventus
2628 869 2688 915 ut
2743 858 2931 914 homo.
2986 856 3309 914 Humiliavit
3349 864 3551 913 semet-

1970 945 2177 1016 ipsum,
2212 946 2392 1006 factns
2425 949 2691 1007 obedicns
2724 967 2900 1022 usque
2929 951 2997 1007 ad
3030 960 3284 1016 mortem.
3319 957 3549 1004 mortem

1969 1043 2153 1092 autem
2212 1041 2415 1096 crucis.
2480 1040 2711 1113 Propter
2770 1042 2915 1114 quod
2975 1051 3030 1099 et
3084 1041 3228 1100 Deus
3290 1041 3551 1098 exaltavit

1968 1128 2158 1195 illum,
2215 1140 2268 1187 et
2323 1131 2474 1187 dedit
2525 1132 2578 1189 ei
2612 1148 2815 1192 nomen
2857 1133 3008 1204 quod
3051 1143 3136 1189 est
3181 1148 3347 1203 super
3387 1147 3551 1187 omne

1967 1235 2169 1276 nomen
2204 1222 2271 1277 ⁸⁸.
2296 1240 2315 1274 ι
2345 1223 2563 1280 Audisti
2597 1240 2707 1296 quo
2734 1235 2917 1296 pacto,
2944 1226 3069 1282 licet
3090 1222 3238 1281 Deus
3262 1240 3423 1280 verus
3455 1239 3545 1279 es-

1966 1322 2070 1379 set,
2096 1323 2285 1385 utpote
2308 1316 2473 1371 etiam
2502 1317 2808 1374 conformis
2832 1315 2982 1371 Patri
3013 1331 3042 1371 a
3070 1331 3180 1388 quo
3201 1316 3416 1386 genitus
3441 1323 3545 1378 est,

1966 1403 2272 1460 humiliavit
2300 1412 2484 1462 tamen
2516 1408 2897 1479 semetipsum,
2933 1405 3118 1462 factus
3151 1404 3415 1462 obediens
3447 1421 3542 1462 us-

1961 1508 2068 1563 que
2095 1494 2165 1549 ad
2198 1504 2430 1553 mortem
2450 1497 2472 1551 ?
2491 1495 2626 1552 Nam
2657 1513 2781 1553 cum
2816 1496 2961 1554 Deus
2987 1512 3050 1553 ac
3071 1496 3235 1553 Pater
3257 1512 3420 1554 omne
3446 1513 3543 1569 ge-

1962 1599 2065 1640 nus
2097 1586 2378 1642 hominum
2413 1598 2733 1660 corruptum
2767 1591 2982 1654 salvare
3025 1590 3336 1656 statuisset,
3366 1604 3544 1660 neque

1960 1675 2015 1731 id
2053 1677 2121 1733 ab
2153 1678 2263 1733 ulla
2306 1688 2561 1736 creatura
2605 1680 2719 1737 ﬁeri
2756 1689 2964 1754 posset,
3001 1695 3127 1737 cum
3163 1689 3540 1737 creaturarum

270 1754 566 1827 ἐχαρίσατο
593 1756 742 1827 αὑτῷ
768 1756 959 1829 ὄνομα,
988 1760 1050 1812 τὸ
1078 1759 1221 1831 ὑπὲρ
1259 1760 1367 1814 πᾶν
1399 1759 1589 1832 ὄνομα.
1623 1780 1642 1813 ›
1690 1761 1851 1832 Ἀκή-

1958 1767 2102 1826 vires
2136 1784 2330 1826 omnes
2370 1771 2533 1842 longe
2562 1772 2853 1828 excederet
2875 1813 2889 1838 ,
2923 1773 3043 1844 ipse
3072 1771 3538 1843 dispensationem

272 1864 406 1912 κοας
435 1849 602 1916 ὅπως,
644 1849 822 1905 καίτοι
868 1849 1002 1915 Θεὸς
1042 1849 1304 1924 ὑπάρχων
1354 1852 1629 1925 ἀληθινὸς,
1664 1853 1760 1908 ἅτε
1792 1854 1858 1926 δὴ

268 1941 368 1993 καὶ
429 1939 751 2013 σύμμορφος
797 1940 876 2013 τῷ
929 1943 1142 1999 τεκόντι
1201 1944 1397 2017 Πατρὶ,
1461 1945 1857 2002 τεταπείνωκεν

269 2032 485 2096 ἑαυτὸν,
516 2033 804 2104 γενόμενος
832 2034 1092 2106 ὑπήκοος,
1131 2035 1297 2107 μέχρι
1330 2035 1599 2103 θανάτους
1639 2038 1857 2109 Ἐπειδὴ

265 2120 380 2192 γὰρ
405 2121 669 2175 διασῶσαι
698 2122 758 2177 τὸ
792 2122 1236 2195 κατεφθαρμένον
1269 2124 1360 2178 ἐπὶ
1388 2124 1492 2196 γῆς
1521 2126 1674 2192 γένος
1703 2125 1858 2180 ἐϐου-

265 2210 498 2265 λεύσατο
542 2214 572 2266 6
617 2212 751 2277 Θεὸς
797 2214 893 2268 καὶ
936 2214 1166 2286 Πατὴρ,
1204 2215 1305 2269 οὑκ
1351 2210 1422 2285 ἦν
1467 2215 1524 2269 δὲ
1580 2215 1740 2270 τοῦτο
1774 2216 1854 2271 δι-

266 2299 466 2356 ανῦσαι
494 2301 653 2373 θέμις
677 2304 785 2357 τῶν
816 2304 872 2358 ἐν
919 2305 1128 2373 γενέσει
1153 2305 1278 2368 τινὶ,
1325 2308 1507 2362 πᾶσαν
1534 2306 1723 2381 ὥσπερ
1756 2308 1854 2380 τὴν

263 2392 491 2447 ἐνοῦσαν
525 2398 591 2467 τῇ
632 2396 809 2450 κτίσει
844 2396 1071 2469 δύναμιν
1101 2398 1483 2471 άναπηδῶντος
1520 2383 1619 2454 Ῐτοῦ
1659 2419 1855 2472 κατορ-

265 2484 538 2557 θώματος,
569 2487 730 2552 αὑτὸς
776 2488 942 2542 ὑπέδυ
990 2489 1089 2561 τὴν
1133 2490 1469 2560 οἰκονομίαν,
1495 2493 1523 2544 6
1567 2492 1853 2561 γινώσκων

262 2578 323 2631 τὸ
366 2577 580 2650 θέλημα
628 2578 723 2634 τοῦ
779 2578 912 2634 Θεοῦ
958 2581 1052 2636 καὶ
1105 2582 1318 2654 Πατρὸς
1363 2582 1497 2649 Θεὸς
1538 2587 1848 2658 μονογενής.

261 2669 486 2740 Κατέση
532 2669 590 2723 δὲ
644 2668 816 2735 οὕτως
866 2673 948 2736 εἰς
1002 2673 1263 2729 ἑκούσιον.
1290 2674 1590 2746 ὑποταγὴν,
1635 2675 1711 2740 ὡς
1758 2677 1853 2731 καὶ

264 2760 428 2831 μέχρι
461 2759 694 2816 θανάτου
726 2761 1048 2817 καθικέσθαι
1101 2764 1199 2818 καὶ
1244 2763 1434 2819 τούτου
1497 2767 1847 2837 άτιμοτάτου.

260 2851 336 2904 Τὸ
375 2851 484 2924 γάρ
544 2852 878 2925 ἐξηρτῆσθαι
935 2854 1192 2934 σταυροῦ,
1226 2855 1343 2919 πῶς
1389 2856 1456 2913 ἂν
1510 2858 1597 2928 εἴη
1645 2859 1848 2935 τίμιον,

262 2942 465 3014 μᾶλλον
516 2944 574 2999 δὲ
632 2945 751 3011 πῶς
816 2947 915 3018 οὑχ
976 2948 1198 3017 ἁπάσης
1263 2948 1479 3016 ἀδοξίας
1546 2949 1849 3017 ἐπέκειναςί

273 3037 493 3109 Ἐπειδὴ
529 3037 593 3110 δὴ
637 3039 696 3094 δὲ
745 3038 921 3095 ταῦτα
964 3040 1194 3113 ὑπέστη,
1225 3042 1411 3112 φησὶν,
1453 3044 1481 3097 6
1524 3043 1655 3107 Θεὸς
1685 3045 1846 3099 αὑτὸν

1962 1860 2108 1915 illam
2141 1862 2329 1927 subiit.
2360 1863 2563 1935 quippe
2601 1878 2725 1918 eum
2761 1863 2854 1919 Dei
2895 1878 2959 1919 ac
2991 1861 3540 1919 Patris’voluntatem

1960 1950 2103 2008 Deus
2140 1953 2457 2025 unigenitus
2498 1963 2844 2025 agnosceret.
2897 1954 2991 2012 Sic
3033 1963 3215 2011 autem
3257 1955 3315 2008 in
3355 1953 3528 2024 subje-

1958 2045 2200 2100 ctioncm
2235 2046 2604 2100 voluntariam
2641 2047 2789 2102 ultro
2822 2045 3128 2114 descendit,
3170 2055 3231 2102 ut
3260 2045 3425 2102 etiam
3471 2044 3540 2101 ad

1958 2144 2188 2189 mortem
2215 2148 2408 2205 usque,
2427 2150 2661 2206 eamque
2684 2135 3087 2206 turpissimam,
3116 2149 3175 2192 se
3198 2134 3535 2192 demitteret.

1958 2226 2015 2281 In
2045 2241 2212 2281 cruce
2240 2228 2388 2283 enim
2419 2227 2678 2298 pendere,
2731 2242 2919 2283 nonne
2947 2241 3166 2285 omnem
3196 2225 3421 2281 omnino
3451 2225 3539 2279 in-

1957 2317 2468 2392 famiamsnperat?
2496 2319 2635 2387 Quia
2663 2334 2793 2375 vero
2819 2317 2926 2375 ista
2959 2332 3158 2390 passus
3193 2323 3300 2381 est,
3334 2315 3532 2385 inquit,

1957 2413 2166 2468 idcirco
2201 2411 2346 2469 Deus
2385 2411 2816 2483 superexaltavit
2847 2424 2993 2466 eum.
3037 2409 3219 2464 Habes
3258 2407 3428 2479 igitur
3477 2406 3536 2460 in

1955 2504 2301 2575 subjectione
2328 2504 2645 2559 voluntaria
2666 2503 3010 2559 voluntatum
3048 2500 3232 2556 Patris
3265 2499 3533 2569 adimple-

1954 2597 2185 2660 tiouem,
2213 2612 2353 2667 quas
2382 2597 2506 2652 loco
2544 2595 2930 2650 mandatorum
2954 2591 3126 2647 Filius
3154 2590 3296 2661 apud
3320 2605 3380 2646 se
3408 2605 3536 2645 esse

1953 2682 2048 2741 ait.
2088 2680 2225 2736 Nam
2263 2676 2387 2739 cum
2421 2682 2607 2738 Patris
2633 2682 2891 2746 consilia,
2934 2691 2995 2735 ut
3023 2680 3285 2742 Verbum,
3329 2678 3534 2733 intelli-

1952 2778 2045 2843 gat
2064 2810 2079 2835 ,
2107 2769 2336 2842 ejusque
2368 2769 2640 2842 profunda
2673 2777 2975 2834 scrutetur,
3002 2768 3113 2823 imo
3144 2782 3276 2822 vero
3300 2782 3425 2822 cum
3454 2767 3534 2825 _sit

1952 2862 2219 2933 sapientia
2247 2877 2312 2918 ac
2338 2863 2512 2937 virtus
2548 2860 2752 2926 Patris,
2774 2860 3114 2916 Voluntatem
3147 2859 3271 2928 ejus
3294 2859 3362 2913 ad
3391 2873 3531 2928 opus

1952 2955 2229 3024 perducit,
2273 2955 2516 3010 mandati
2560 2955 2683 3010 loco
2715 2969 2836 3008 eam
2867 2952 3094 3019 habens,
3119 2959 3298 3022 atque
3327 2951 3403 3005 ita
3432 2951 3531 3005 hu-

1952 3059 2114 3100 mano
2144 3059 2301 3102 more
2334 3060 2456 3101 eam
2488 3058 2838 3114 nuncupans.
2870 3041 3009 3098 Vide
3038 3056 3202 3112 porro
3232 3041 3395 3097 etiam
3439 3040 3530 3096 hic

256 3104 638 3198 ὑπερύψωσεν.
669 3129 879 3184 Οὐκοῦν
908 3129 1075 3202 ἔχεις,
1124 3104 1189 3187 ἐν
1460 3135 1599 3188 κατὰ
1628 3104 1844 3206 θέλησιν

1953 3134 2269 3190 dilectionis
2326 3134 2572 3190 modum.
2648 3131 3092 3205 Superexaltavit
3147 3131 3296 3188 enim
3346 3131 3528 3204 ipsum

259 3219 480 3291 ὑπακοῇ
510 3220 618 3274 τῶν
666 3220 765 3276 τοῦ
802 3222 1019 3293 Πατρὸς
1067 3223 1451 3295 βουλευμάτων
1492 3226 1593 3296 τὴν
1622 3227 1844 3299 πλήρω-

259 3326 381 3367 σιν·
428 3313 466 3368 ἃ
514 3312 617 3367 καὶτ
644 3315 704 3369 ἐν
753 3313 908 3382 τάξει
960 3316 1190 3369 ὲντολῶν
1240 3333 1374 3386 φησι
1419 3318 1673 3387 γενέσθαι
1708 3320 1843 3391 πρὸς

253 3404 423 3459 αὑτὸν
470 3406 501 3459 6
544 3406 694 3469 Υίός.
739 3406 927 3472 Συνεὶς
972 3407 1081 3478 γὰρ
1125 3406 1201 3472 ὡς
1253 3408 1426 3477 Λόγος
1472 3408 1542 3464 τὰ
1577 3411 1636 3463 ὲν
1665 3410 1844 3481 Πατρὶ

256 3496 586 3569 σκίμματα,
609 3499 705 3552 καὶ
735 3497 830 3553 τοῦ
863 3498 1112 3565 τεκόντος
1149 3499 1312 3554 αὑτὸν
1360 3498 1432 3554 τά
1460 3499 1600 3571 βάθη
1632 3500 1841 3572 διερευ-

251 3586 520 3658 νώμενος,
553 3588 753 3661 μᾶλλον
788 3589 846 3643 δὲ
889 3590 1053 3654 αὑτὸς
1103 3591 1363 3663 ὑπάρχων
1386 3593 1420 3663 ή
1453 3591 1635 3661 σοφία,
1673 3594 1766 3646 καὶ
1805 3595 1849 3662 ιγ

251 3678 486 3749 δύναμις
534 3678 628 3734 τοῦ
673 3680 909 3752 Πατρὸς,
947 3682 1027 3744 είς
1080 3679 1239 3752 ἔργον
1279 3681 1401 3752 ἄγει
1445 3682 1506 3736 τὸ
1547 3681 1728 3747 δόξαν,
1760 3686 1840 3747 είς

251 3771 421 3826 τόπον
451 3770 583 3825 αὑτὸ
608 3771 778 3837 τιθεὶς
809 3771 1051 3843 ἐντολῆς,
1098 3773 1191 3827 καὶ
1228 3770 1508 3845 ὀνομάζων
1537 3771 1711 3840 οὕτως
1741 3775 1837 3831 άν-

253 3862 689 3935 θρωπινώτερον.
728 3864 905 3919 Βλέπε
934 3864 993 3918 δὲ
1022 3866 1125 3918 κάν
1162 3864 1336 3937 τούτῳ
1372 3865 1473 3937 τῆς
1520 3866 1739 3938 ἀγάπης
1778 3867 1841 3920 τὸ

256 3956 478 4028 μέτρον.
519 3957 875 4029 ’Υπρὺψωσε
921 3957 1032 4029 γὰρ
1082 3960 1245 4013 αὑτὸν
1284 3961 1313 4014 6
1356 3959 1511 4025 Θεὸς,
1544 3960 1697 4029 φησί.
1732 3960 1837 4014 Τὸν

253 4049 460 4119 ὑψηλὸν
492 4049 593 4121 ἤδη
631 4049 726 4104 καὶ
752 4049 1142 4121 δεδοξασμένον
1169 4051 1439 4120 ὑπερυψοϊ
1482 4051 1576 4104 καὶ
1600 4050 1833 4119 δοξάζει,

252 4140 435 4194 καίτοι
467 4138 598 4203 Θεὸς
640 4140 783 4196 κατά
825 4140 988 4210 φύσιν
1016 4141 1153 4207 ἐστὶ,
1196 4142 1292 4196 καὶ
1342 4141 1613 4213 ἀληθινὸς,
1643 4141 1739 4197 ἅτε
1772 4143 1836 4214 δὴ

252 4230 352 4284 καὶ
383 4229 643 4302 ὑπάρχων
667 4230 767 4302 οὑχ
793 4226 873 4295 εἷς
910 4232 1019 4286 τῶν
1057 4231 1404 4303 κτισμάτων,
1457 4232 1598 4287 κατά
1628 4249 1691 4300 γε
1736 4233 1834 4304 τὴν

252 4323 556 4394 ταυτότητα
582 4323 683 4395 τὴν
709 4325 775 4379 ὲκ
808 4324 906 4396 τῆς
936 4324 1122 4389 οὐσίας
1161 4323 1348 4387 αὑτοῦ,
1372 4324 1462 4379 διὰ
1497 4323 1657 4380 τοῦτο
1680 4326 1831 4380 νοού-

252 4413 418 4485 μενός
444 4429 505 4467 τε
541 4415 634 4471 καὶ
663 4413 741 4470 ὣν
763 4414 981 4486 άληθῶς
1014 4414 1216 4480 παντὸς
1261 4415 1554 4495 ὑψώματος
1581 4417 1833 4473 ἐπέκεινα
1867 4446 1910 4500 ο

248 4503 470 4575 νοητοῦ,
497 4504 633 4560 ἀλλὰ
660 4505 755 4561 καὶ
787 4507 886 4578 τῆς
915 4506 1074 4578 δόξης
1102 4506 1328 4580 Κύριος,
1358 4508 1496 4562 κατὰ
1542 4508 1641 4573 τὰς
1675 4509 1836 4578 ἁγίας

246 4595 496 4667 Γραφάς.
534 4596 693 4652 Ἀλλὰ
727 4597 838 4664 ναὶ,
870 4598 1056 4669 φησὶν,
1105 4597 1335 4669 ὑψοῦται
1381 4600 1477 4654 καὶ
1529 4599 1834 4666 δοξάζεται.

248 4684 382 4749 Πῶς
435 4685 515 4751 δὲ,
558 4688 592 4760 ἢ
646 4687 777 4741 πότε
829 4689 923 4742 καὶ
949 4688 1073 4744 τίνα
1124 4689 1361 4761 τρόπονς
1405 4690 1533 4747 Ὅτε
1594 4692 1838 4763 δηλονότι

249 4776 481 4845 γέγονεν
512 4776 572 4830 ὲν
601 4779 673 4849 τῇ
697 4777 792 4832 τοῦ
819 4777 1007 4832 δούλου
1052 4783 1256 4853 μορφῇ,
1291 4782 1384 4835 καὶ
1413 4783 1470 4835 ἐν
1498 4782 1576 4854 τῷ
1615 4783 1714 4856 τῆς
1740 4801 1836 4839 τα-

249 4864 566 4932 πεινώσεως
617 4868 877 4939 σχήματι,
936 4868 1082 4923 τοῦτ’
1136 4869 1318 4939 ἔστιν,
1374 4872 1660 4943 ἄνθρωπος
1717 4870 1838 4930 καθ’

247 4959 425 5029 ἡμᾶς.
460 4960 774 5033 ’Λνατρέχει
803 4961 912 5033 γάρ
938 4964 1031 5016 καὶ
1064 4962 1207 5033 μετά
1233 4962 1434 5033 σαρκὸς
1482 4966 1562 5029 είς
1604 4965 1667 5019 τὸ
1708 4983 1833 5021 συν-

249 5051 523 5122 υψοῦσθαι
553 5053 730 5119 πάλιν,
761 5054 856 5108 καὶ
890 5054 1302 5122 συνδοξάζεσθαι
1344 5054 1423 5126 τῷ
1456 5056 1633 5127 Πατρί
1652 5073 1666 5087 ο
1696 5058 1832 5127 ἠγα-

1952 3225 2120 3290 Deus,
2162 3225 2362 3297 inquit.
2410 3224 2698 3282 Excelsum
2742 3225 2855 3296 jam
2905 3231 2961 3279 et
3000 3223 3174 3294 gloria
3213 3222 3526 3278 redimitum

1951 3319 2327 3388 snperexaltat
2358 3326 2413 3374 et
2439 3317 2712 3389 gloriﬁcat
2734 3359 2755 3386 ,η
2782 3316 3002 3373 tametsi
3043 3314 3188 3372 Deus
3216 3314 3290 3370 sit
3323 3328 3525 3370 secun-

1949 3410 2085 3465 dum
2121 3394 2397 3475 naturam,
2429 3424 2494 3465 ac
2516 3424 2701 3477 verus,
2743 3407 2994 3487 ejusdem
3029 3421 3227 3477 nempe
3250 3421 3376 3461 cum
3405 3406 3526 3475 ipso

1949 3500 2295 3564 substantiae,
2326 3507 2513 3570 utpote
2550 3514 2674 3555 cum
2704 3514 2815 3554 non
2847 3498 2918 3555 sit
2944 3513 2975 3554 e
3006 3507 3385 3554 creaturarum
3418 3510 3523 3549 nu-

1948 3605 2123 3657 mero,
2154 3597 2209 3646 et
2255 3590 2466 3645 idcirco
2516 3597 2813 3645 censeatur
2847 3603 2912 3644 ac
2958 3602 3087 3652 rere
3131 3586 3204 3642 sit
3255 3599 3422 3656 supra
3468 3584 3524 3640 id

1947 3695 2112 3735 omne
2142 3679 2290 3749 quod
2317 3686 2503 3734 mente
2526 3677 3031 3748 comprehenditur,
3063 3677 3308 3746 adeoque
3336 3674 3526 3744 gloriae

1948 3768 2209 3827 Dominus
2230 3776 2601 3838 nnncupetur,
2629 3767 2932 3824 secundum
2961 3764 3299 3837 Scripturas.
3330 3765 3521 3819 Enim-

1945 3876 2075 3918 vero
2116 3862 2426 3925 exaltatur,
2460 3859 2660 3931 inquit,
2709 3870 2764 3916 et
2806 3859 3166 3915 clariticatur.
3210 3856 3331 3924 Quo
3360 3862 3523 3928 pacto

1945 3969 2096 4021 vero,
2146 3963 2240 4010 aut
2270 3953 2514 4026 quando,
2561 3962 2656 4008 aut
2703 3952 3020 4024 quomodo?
3066 3948 3299 4018 Quando
3326 3964 3523 4020 nempe

1944 4043 2123 4099 factus
2152 4052 2235 4099 est
2264 4043 2320 4097 in
2346 4040 2522 4098 forma
2567 4042 2734 4108 servi,
2778 4048 2833 4097 et
2863 4041 2922 4096 in
2950 4039 3280 4097 humilitatis
3321 4038 3518 4101 forma,

1942 4136 1999 4191 id
2043 4145 2129 4192 est
2170 4135 2337 4190 homo
2363 4135 2524 4192 sicuti
2576 4149 2701 4190 nos.
2748 4131 2965 4190 Rursus
3022 4131 3171 4188 enim
3202 4131 3363 4187 etiam
3394 4144 3517 4184 cum

1940 4242 2107 4283 carne
2156 4226 2428 4285 exaltatur
2483 4225 2650 4297 883
2702 4224 2877 4281 simul
2912 4239 3037 4280 cum
3069 4222 3258 4288 Patre,
3304 4229 3519 4278 etcen-

1940 4318 2300 4390 gloriﬂcatur,
2338 4325 2395 4373 et
2423 4317 2655 4373 dilectus
2694 4324 2781 4373 est
2814 4298 2999 4381 ah/eo,
3034 4331 3146 4370 non
3177 4314 3367 4386 utique
3399 4321 3516 4368 tum

1941 4413 2178 4482 primum
2221 4425 2347 4466 cum
2382 4409 2750 4477 voluntariam
2801 4407 3202 4478 subiectionem
3245 4406 3515 4477 implevit,

1938 4502 2035 4561 sed
2074 4503 2178 4559 hac
2211 4503 2423 4558 ratione
2452 4500 2819 4571 idintelliges.
2863 4498 3336 4567 Quemadmodum
3368 4497 3516 4552 enim

1935 4597 2189 4653 excelsus
2243 4610 2369 4651 cum
2421 4594 2497 4651 sit
2521 4608 2760 4665 semper,
2838 4591 3174 4649 clarificatus
3228 4599 3409 4645 tamen
3462 4596 3519 4645 et

1937 4688 2210 4745 cxaltatus
2235 4687 2576 4743 diciturcum
2607 4683 2785 4742 factus
2810 4692 2896 4741 est
2920 4685 3108 4750 homo,
3136 4681 3322 4737 divina
3343 4680 3516 4749 gloria

1937 4789 2205 4851 quantum
2248 4779 2317 4833 ad
2347 4778 2743 4835 humanitatem
2790 4783 3007 4848 spectat
3054 4772 3395 4830 destitutus:
3437 4771 3519 4827 sic

1937 4874 2102 4928 etiam
2141 4887 2267 4928 cum
2302 4887 2333 4926 a
2364 4870 2655 4943 principio,
2685 4879 2740 4927 et
2767 4883 3005 4941 semper,
3047 4874 3102 4923 et
3137 4873 3404 4936 perpetuo
3435 4864 3519 4919 di-

1937 4965 2166 5036 ligatur,
2198 4964 2436 5021 dilectus
2477 4972 2660 5020 tamen
2705 4960 2877 5018 fuisse
2920 4958 3125 5014 dicitur
3175 4956 3342 5011 etiam
3388 4971 3514 5010 cum

1932 5071 2118 5111 carne.
2170 5054 2443 5126 Apparuit
2490 5054 2636 5110 enim
2686 5052 2896 5108 idcirco
2944 5047 3108 5104 sicuti
3140 5061 3265 5114 nos,
3315 5046 3367 5100 id
3428 5053 3512 5101 est

249 5141 407 5212 πήθη
436 5159 494 5196 τε
527 5143 655 5215 παρ’
679 5143 866 5210 αὑτοῦ,
895 5145 988 5199 καὶ
1023 5145 1145 5216 οὐχὶ
1174 5145 1298 5199 τότε
1331 5145 1568 5217 πρῶτον,
1600 5147 1689 5200 ὅτε
1730 5148 1830 5218 τὴν

1953 5155 2283 5218 mneupatus
2316 5156 2401 5203 est
2448 5154 2504 5202 et
2539 5144 2719 5200 lactus
2764 5151 2852 5198 est
2905 5142 3091 5204 homo,
3149 5148 3211 5194 ut
3258 5152 3383 5194 eum
3419 5140 3516 5207 qui

247 5232 502 5287 ἑκούσιον
548 5235 827 5307 ὑποταγὴν
871 5235 1225 5309 πεπλήρωκε,
1267 5237 1480 5309 νοήσεις
1516 5236 1574 5291 δὲ
1627 5237 1825 5309 μᾶλλον

1953 5240 2055 5294 dim
2101 5237 2228 5295 odio
2257 5249 2342 5294 est
2374 5238 2596 5293 habitus
2637 5242 2863 5306 propter
2898 5231 3137 5303 primam
3184 5230 3335 5285 illam
3371 5244 3514 5300 prm-

249 5323 496 5390 ὲκείνως.
532 5324 744 5397 Ὅνπερ
786 5326 895 5399 γάρ
934 5326 1142 5397 ,τρόπον
1190 5327 1392 5402 ὑψηλὸς
1425 5328 1685 5400 ὑπάρχων
1716 5331 1825 5397 ἀεὶ,

1953 5331 2359 5396 rarit‘alioncm,
2397 5338 2453 5387 et
2484 5327 2862 5385 intromissum
2909 5329 3220 5394 peccatum,
3250 5319 3514 5376 dilectum

250 5416 351 5471 καὶ
378 5416 793 5489 δεδοξασμένος,
830 5416 953 5472 ὅσον
998 5418 1078 5484 εἰς
1123 5418 1259 5475 ἰδίαν
1308 5419 1489 5489 φύσιν,
1518 5419 1829 5488 δεδοξάσθαι

1953 5422 2051 5478 Deo
2085 5421 2358 5478 redderet.
2391 5420 2571 5478 Janua
2612 5418 2760 5476 enim
2806 5415 3041 5482 idcirco,
3072 5422 3126 5470 et
3157 5413 3511 5486 principium,

248 5523 314 5563 τε
342 5525 439 5563 και
461 5509 710 5580 ὑιικῦσθαι
729 5509 964 5580 λέγεται,
986 5511 1073 5565 ὅτε
1095 5511 1315 5582 γέγονεν
1344 5510 1649 5586 ἅνθρωπος,
1677 5513 1706 5567 6
1732 5512 1829 5584 τῆς

1953 5519 1992 5570 et
2026 5513 2116 5570 via
2145 5514 2389 5570 omnium
2425 5510 2583 5569 nobis
2613 5510 2884 5567 bonorum
2933 5506 3220 5565 exstitisse
3254 5503 3515 5577 Christus

215 5641 226 5725 ξ
326 5693 373 5727 ⁸⁸
410 5687 649 5764 Philipp.
694 5705 735 5748 ll
761 5731 777 5763 ,
