3998 6318
498 324 606 382 375

1500 318 1559 374 S.
1600 316 1873 374 CYRlLLl
1913 310 2387 371 ALEXANDRINI
2426 315 2745 372 ARCHIEP.

3647 317 3764 376 376

496 439 721 497 dicitur.
765 434 1037 508 Numquid
1077 449 1206 506 ergo
1252 435 1472 491 demum
1526 444 1675 492 recte
1709 443 1763 491 et
1800 434 2059 505 inculpatt

2181 433 2517 506 θεοπρεποῦς
2541 435 2699 505 δόξης
2730 434 2931 506 ἔρημος
2958 434 3055 503 ῶν,
3075 434 3199 489 ὅσον
3233 433 3312 499 εἰς
3339 435 3762 509 ἀνθρωπότητος

495 544 559 588 se
581 528 845 585 dilectum
876 541 999 582 esse
1032 525 1130 591 ait,
1178 541 1242 581 ex
1270 540 1336 582 eo
1378 525 1525 597 quod
1572 534 1847 597 praecepta
1888 524 2072 581 Patris

494 619 839 680 observarit?
884 616 1161 689 Numquid
1194 618 1298 674 tibi
1349 619 1598 691 mysterii
1656 618 1796 674 ratio
1836 617 1958 674 visa
1988 625 2074 674 est

492 711 748 778 dlllicilis,
788 718 845 766 et
874 711 1043 766 menti
1090 718 1199 766 tuae
1240 710 1814 782 incomprehensibilis
1847 711 2074 783 dispen-

492 803 730 859 sationis
760 810 989 874 propter
1011 817 1116 860 nos
1154 803 1396 873 impletae
1427 802 1698 861 altitudo?
1740 822 1759 857 ι
1784 804 1855 859 At
1885 804 2069 860 omnia

490 892 785 962 praesentia
854 892 1326 964 iutelligentibus,
1380 906 1601 948 necnon
1663 899 1813 948 recta
1860 892 2069 948 baben-

398 1022 415 1030 -
488 982 638 1039 tibus
672 982 1001 1050 scientiam,
1044 1002 1065 1036 ι
1105 983 1256 1039 sicut
1302 983 1573 1055 scriptum
1621 991 1707 1039 est
1742 983 1808 1037 δ’.
1853 982 2070 1041 Manete

487 1075 681 1147 igitur,
712 1075 917 1147 inquit,
966 1076 1025 1131 in
1076 1075 1371 1132 dilectione
1418 1090 1559 1140 mea,
1612 1077 1716 1131 hoc
1767 1085 1871 1143 est,
1917 1075 2066 1131 omni

488 1181 624 1222 cura
666 1182 732 1222 ac
777 1167 962 1223 studio
994 1167 1271 1223 conamini
1319 1167 1415 1222 tali
1444 1181 1547 1224 vos
1578 1182 1609 1221 a
1656 1182 1742 1223 me
1771 1167 2067 1225 dilebtione

488 1258 722 1326 donari,
757 1259 975 1329 qualem
998 1273 1100 1330 ego
1133 1272 1351 1329 quoque
1374 1256 1518 1325 apud
1546 1255 1715 1312 Deum
1750 1272 1814 1311 ac
1845 1255 2065 1312 Patrem

485 1350 684 1406 habeo.
729 1349 879 1405 Patri
909 1350 1112 1422 quippe
1157 1365 1244 1406 me
1276 1350 1511 1420 subjeci,
1543 1348 1775 1421 ejusque
1806 1350 2065 1405 volunta-

486 1449 600 1498 tem
632 1442 815 1514 peregi
843 1461 856 1497 :
901 1443 1133 1513 ideoque
1166 1457 1384 1505 maneo.
1421 1449 1745 1498 constanter
1778 1441 1849 1497 ab
1877 1456 1944 1497 eo
1985 1441 2066 1496 di-

484 1527 682 1583 lectus.
727 1526 834 1585 Sed
874 1528 923 1585 si
950 1544 1049 1585 vos
1087 1545 1205 1585 mea
1246 1529 1349 1601 ipsi
1378 1544 1600 1601 quoque
1634 1538 1907 1600 praecepta
1945 1545 2063 1586 ser-

468 1619 766 1685 ‘vaveritis,
816 1622 1011 1677 eodem
1064 1622 1256 1693 utique
1306 1622 1469 1678 modo
1516 1623 1570 1677 in
1607 1622 1905 1678 dilectione
1943 1637 2062 1677 mea

482 1710 800 1767 manebitis.
846 1710 1064 1767 Nullam
1100 1715 1517 1770 excusationem
1572 1714 1809 1785 pigritia:
1865 1714 1919 1768 in
1958 1713 2061 1768 hoc

482 1800 782 1869 habebitis,
829 1818 931 1859 nec
959 1804 1107 1860 enim
1141 1804 1297 1859 labor
1336 1805 1592 1861 mercede
1641 1806 1874 1861 carebit.
1918 1804 2062 1860 Tan-

484 1902 599 1946 tum
633 1893 781 1948 enim
829 1893 1146 1951 dilectionis
1197 1895 1357 1952 vobis
1428 1896 1731 1967 impertiar,
1795 1906 2060 1967 quantum

480 1982 661 2039 habeo
692 1983 809 2055 ipse
840 2000 872 2039 a
902 1985 1089 2049 Patre,
1117 1986 1429 2057 aequalibus
1462 1987 1859 2058 propemodum
1896 1988 2063 2044 hono-

480 2074 634 2130 ribus
665 2089 912 2131 meorum
943 2090 1269 2132 sermonum
1314 2078 1597 2134 custodem
1644 2094 1942 2135 coronans.
1978 2078 2061 2135 Me

479 2165 685 2234 quippe
708 2168 1139 2238 superexaltavit
1173 2167 1355 2233 Pater,
1381 2184 1691 2240 nomenque
1717 2170 1870 2226 dedit
1913 2170 2060 2242 quod

480 2264 565 2311 est
599 2270 767 2327 super
795 2270 960 2313 omne
990 2273 1213 2314 nomen.
1259 2259 1581 2315 Declaratus
1611 2261 1754 2315 enim
1780 2276 1901 2316 sum
1934 2261 2061 2315 uni-

393 2398 397 2402 .
478 2346 627 2401 versi
668 2344 844 2416 Deus;
886 2347 983 2404 sed
1018 2363 1130 2403 non
1176 2349 1480 2406 accusabor
1530 2358 1683 2404 tanta
1715 2351 1860 2406 bona
1900 2350 2059 2405 vobis

479 2438 768 2496 invidisse.
799 2438 910 2497 Vos
955 2440 1103 2496 enim
1151 2443 1374 2497 tametsi
1405 2442 1682 2508 homines,
1721 2457 1786 2498 ac
1825 2443 2058 2512 proinde

479 2531 669 2586 servili
709 2532 970 2603 praeditos
1000 2540 1196 2587 natura
1238 2533 1377 2589 deos
1411 2548 1475 2587 ac
1502 2532 1599 2589 Dei
1632 2533 1772 2589 ﬁlios
1803 2534 2055 2599 reddidi,

478 2623 995 2692 supernaturalibus
1027 2623 1343 2680 illustratos
1391 2624 1742 2695 dogmatibus
1786 2638 1886 2695 per
1933 2638 2056 2694 gra-

475 2715 633 2774 tiam.
666 2713 723 2769 in
752 2714 909 2787 regni
933 2715 1040 2771 mei
1072 2722 1285 2785 partem
1319 2715 1537 2786 recepi,
1576 2714 1894 2770 conformes
1925 2729 2055 2769 cur-

477 2804 597 2875 pori
630 2803 820 2876 gloriae
842 2820 975 2860 meae
1021 2805 1238 2861 reddidi
1269 2806 1349 2869 σθ,
1400 2804 1819 2875 incorruptione
1846 2820 1909 2861 ac
1942 2804 2056 2859 vita

474 2897 689 2954 ornavi.
734 2897 841 2954 Sed
876 2898 992 2954 baac
1035 2898 1260 2969 quidem
1313 2897 1368 2952 in
1404 2912 1533 2967 spe,
1578 2905 1633 2952 et
1684 2897 1739 2951 in
1791 2895 2054 2952 saeculum

474 2988 722 3046 futurum
756 3001 1066 3047 servantur.
1104 2990 1275 3063 884
1308 2989 1451 3056 Quid
1503 3004 1635 3045 vero
1674 2989 2054 3059 inpraesentia-

2174 527 2353 596 λόγον,
2381 528 2523 582 οὕτω
2575 527 2671 581 καὶ
2718 526 2776 593 ἐξ
2801 527 2995 599 ἀρχῆς,
3047 527 3135 581 ἀεί
3175 543 3234 581 τε
3282 527 3377 582 καὶ
3417 526 3506 582 διὰ
3555 529 3763 593 παντὸς

2173 617 2557 691 ἀγαπώμενος,
2583 618 2901 689 ἡγαπῆσθαι
2948 617 3164 688 λέγεται
3215 619 3311 672 καὶ
3355 618 3494 689 μετά
3527 621 3756 691 σαρκός.

2173 711 2389 782 Πέφηνε
2423 711 2533 783 γὰρ
2564 710 2652 765 διὰ
2678 708 2835 764 τοῦτο
2867 709 2989 764 καθ’
3021 710 3189 781 ἡμᾶς,
3212 708 3360 763 τοῦτ’
3386 709 3526 776 ἐστι,
3554 728 3761 781 κεχρη-

2173 804 2370 876 μάτικε
2400 803 2494 857 καὶ
2522 803 2742 872 γέγονεν
2771 800 3080 872 ἄνθρωπος,
3111 801 3198 855 ῐνα
3239 801 3332 855 τὸν
3375 800 3542 855 πάλαι
3589 818 3760 873 μεμιε-

2172 895 2429 967 σημένον,
2458 893 2547 948 διὰ
2568 894 2667 965 τὴν
2710 894 2768 947 ἐν
2811 894 2953 964 ἀρχῇ
2991 891 3303 963 παράϐασιν
3334 894 3427 946 καὶ
3464 894 3564 965 τὴν
3594 896 3653 947 ἐν
3677 892 3759 963 τῷ

2173 985 2376 1057 μεταξὺ
2427 984 2916 1056 παρεισφρήσασαν
2952 982 3248 1054 ἁμαρτίαν,
3294 982 3578 1053 ἀγαπητὸν
3617 984 3759 1036 ἀπο-

2168 1077 2363 1149 τελέσῃ
2396 1075 2474 1148 τῷ
2515 1075 2656 1146 Θεῷ.
2705 1074 2855 1146 Θύρα
2885 1073 2994 1145 γὰρ
3022 1074 3110 1128 διά
3154 1074 3332 1139 τοῦτο,
3364 1074 3457 1127 καὶ
3482 1075 3627 1145 ἀρχὴ
3661 1076 3756 1127 καί

2168 1167 2284 1232 ὁδὸς
2311 1166 2567 1222 ἀπάντων
2608 1167 2739 1238 ἡμῖν
2770 1165 2878 1220 τῶν
2928 1164 3147 1233 ἀγαθῶν
3197 1164 3498 1235 πεφηνέναι
3533 1164 3752 1231 λέγεται

2167 1259 2423 1331 Χριστός.
2469 1252 2617 1330 Ἀρα
2664 1258 2728 1329 δή
2778 1274 2861 1310 σοι
2905 1255 3093 1309 λοιπὸν
3150 1255 3499 1326 ἀνεγκλήτως
3561 1255 3753 1308 ἐαυτὸν

2164 1348 2482 1421 ἡγαπῆσθαί
2519 1366 2673 1420 φησι,
2704 1348 2790 1402 διά
2833 1347 2894 1401 τὸ
2926 1346 3256 1419 τετηρῆσθαι
3299 1347 3428 1419 παρ’
3458 1346 3624 1401 αὐτοῦ
3655 1345 3754 1408 τὰς

2164 1438 2260 1493 τοῦ
2286 1439 2499 1512 Πατρός
2527 1438 2777 1504 ἐντολάς;
2809 1436 2961 1509 1’Δρα
3004 1436 3077 1508 μή
3121 1452 3202 1490 σοι
3227 1438 3430 1508 τραχὺς
3464 1437 3493 1489 ὁ
3521 1435 3620 1488 τοῦ
3652 1452 3752 1505 μυ-

2169 1531 2390 1603 στηρίου
2417 1529 2693 1600 κατεφάνη
2724 1527 2901 1597 λόγος,
2925 1528 3020 1581 καὶ
3050 1527 3151 1597 τῆς
3175 1526 3240 1579 δι’
3263 1528 3412 1597 ἡμᾶς
3432 1523 3751 1595 τετελεσμέ-

2166 1638 2263 1692 νης
2299 1620 2607 1691 οἰκονομίας
2640 1620 2701 1672 τὸ
2730 1618 2891 1690 βάθος
2933 1620 3008 1691 μὴ
3050 1618 3372 1688 δυσέφικτον
3406 1635 3523 1681 πως
3550 1617 3631 1687 τῷ
3670 1614 3749 1687 σῷ

2166 1713 2354 1783 γέγονε
2377 1712 2457 1784 νῷ
2477 1731 2490 1781 ;
2528 1712 2667 1765 Ἀλλ’
2687 1711 2832 1766 ἔστιν
2853 1712 3057 1765 ἐνώπια
3076 1712 3187 1772 τοῖς
3216 1709 3474 1774 συνιοῦσι,
3493 1708 3589 1761 καὶ
3610 1706 3750 1777 ὀρθά

2170 1805 2345 1859 πάντα
2382 1806 2494 1869 τοῖς
2519 1802 2724 1875 Ἔχουσι
2759 1803 2960 1873 γνῶσιν
2984 1843 2999 1867 ,
3044 1801 3185 1857 κατὰ
3226 1802 3287 1854 τὸ
3335 1800 3742 1874 γεγραμμένον.

2161 1898 2397 1952 Μείνατε
2434 1896 2634 1961 τοίνυν,
2686 1895 2876 1968 φησὶν,
2899 1896 2957 1948 ἐν
2990 1898 3056 1966 τῇ
3105 1894 3293 1965 ἀγάπῃ
3318 1896 3386 1965 τῇ
3424 1895 3554 1963 ἐμῇ,
3596 1891 3741 1945 τοῦτ’

2160 1989 2293 2051 ἔστι,
2331 1988 2419 2042 διά
2458 1989 2693 2059 σπουδῆς
2726 1988 2943 2059 ἀπάσης
2980 1986 3074 2041 καὶ
3102 1985 3410 2058 προθυμίας
3435 1985 3739 2057 ἐρχόμενοι,

2158 2079 2749 2154 διαπραγματεύσασθέ
2774 2097 2835 2133 τε
2866 2079 2958 2132 καί
2991 2076 3418 2148 ἐπιτηδεύσασθε
3455 2076 3515 2128 τὸ
3551 2073 3742 2128 τοιαύ-

2158 2193 2257 2245 της
2295 2173 2575 2241 ἀξιοῦσθαι
2615 2174 2745 2243 παρ’
2787 2170 2923 2242 ἐμοῦ
2969 2170 3070 2241 τῆς
3113 2168 3354 2238 ἀγάπης,
3400 2165 3591 2220 ὁποίαν
3632 2166 3744 2235 ἔχω

2159 2265 2317 2334 κάγὼ
2366 2263 2519 2336 παρά
2549 2261 2637 2334 ’τῷ
2681 2262 2801 2333 Θεῷ
2845 2261 2941 2316 καὶ
2991 2259 3190 2333 Πατρί.
3240 2259 3448 2327 Γέγονα
3489 2256 3589 2328 μέν
3631 2256 3743 2326 γὰρ

2159 2358 2400 2428 ὑπήκοος
2428 2353 2562 2424 ἐγὼ,
2595 2354 2689 2408 καί⁵
2725 2353 2833 2407 τῶν
2862 2350 2956 2405 τοῦ
3007 2350 3221 2422 Πατρὸς
3249 2347 3572 2419 θελημάτων
3600 2347 3741 2398 ἀπο⁴

2157 2448 2430 2516 τελεστὴς,
2467 2445 2612 2516 μένω
2641 2462 2699 2498 τε
2729 2442 2820 2498 διὰ
2848 2440 3024 2507 τοῦτο,
3070 2441 3166 2495 κιιί⁵
3208 2430 3490 2510 ἀραρότως
3515 2438 3742 2506 ἠγαπη-

2160 2541 2338 2612 μένος.
2381 2537 2518 2591 Ἀλλ’
2546 2538 2675 2592 ὅταν
2706 2534 2938 2606 γένησθε
2973 2534 3065 2586 καὶ
3113 2531 3268 2585 αὐτοὶ
3305 2529 3416 2582 τῶν
3449 2528 3602 2598 ἐμῶν
3635 2526 3740 2596 φύ-

2156 2632 2319 2695 λακες
2348 2628 2598 2690 ἐντολῶν.
2645 2626 2786 2681 κατὰ
2823 2625 2915 2679 τὸν
2964 2625 3078 2677 ίσον
3109 2622 3312 2693 τρόπον
3353 2622 3567 2691 μενεῖτε
3600 2619 3739 2672 πάν-

2154 2742 2262 2788 τως
2308 2725 2366 2776 ἐν
2414 2724 2481 2793 τῇ
2538 2721 2726 2791 ἀγάπῃ
2777 2720 2844 2790 τῇ
2900 2719 3031 2788 ἐμῇ.
3067 2714 3497 2785 Ἀπροφάσιστον
3549 2711 3607 2763 δὲ
3641 2709 3740 2779 τὴν

2156 2815 2237 2877 εἰς
2268 2812 2446 2877 τοῦτο,
2471 2812 2655 2881 φησὶν,
2683 2809 2833 2875 ἕξετε
2860 2805 3162 2879 ρᾳθυμίαν·
3196 2804 3258 2857 οὺ
3288 2802 3397 2873 γὰρ
3424 2800 3621 2872 ἀμισθὶ
3648 2801 3738 2852 τὸν

2156 2903 2249 2956 ἐπὶ
2280 2901 2489 2963 τούτοις
2522 2897 2721 2970 ἱδρῶτα
2749 2895 3077 2966 διατλήσετε.
3120 2894 3437 2964 Φανήσομαι
3474 2889 3585 2960 γάρ
3612 2905 3739 2943 τοσ-

2155 2997 2324 3067 αύτην
2362 2997 2491 3065 ὑμῖν
2539 2993 2754 3056 ἐπιδοὺς
2804 2992 2905 3062 τὴν
2950 2991 3191 3060 ἀγάπην,
3247 2989 3379 3060 ὅσην
3418 2986 3579 3050 αὐτὸς
3630 2985 3744 3056 ἔχω

473 3081 639 3135 rum?
667 3080 943 3152 Numquid
980 3080 1227 3136 illustres
1268 3089 1322 3134 et
1346 3080 1520 3152 gloria
1554 3079 1887 3148 conspicuos
1929 3077 2053 3133 red-

2160 3085 2308 3157 παρά
2341 3083 2574 3154 Πατρὸς,
2605 3082 2699 3136 καὶ
2733 3080 3016 3152 μονονουχὶ
3054 3081 3172 3142 ταῖς
3208 3076 3519 3149 ἰσορῤόποις
3550 3077 3741 3144 τιμαῖς

473 3170 589 3225 didi
620 3177 676 3225 et
706 3172 850 3240 apud
886 3170 1008 3241 pios
1037 3185 1229 3226 omnes
1263 3169 1607 3227 venerandos
1645 3185 1741 3226 vos
1774 3170 2052 3240 praestiti?

2160 3179 2247 3231 τὸν
2276 3176 2382 3230 τῶν
2421 3174 2571 3246 ἐμῶν
2616 3173 2790 3243 λόγων
2836 3172 3051 3242 φύλακα
3105 3169 3404 3238 στεφανῶν.
3450 3167 3584 3238 Ἑμέ
3628 3170 3744 3238 γὰρ

473 3260 689 3334 Quippe
711 3260 988 3317 daemones
1015 3261 1264 3332 impuros
1288 3261 1627 3332 increpastis
1653 3280 1666 3315 :
1697 3262 1875 3318 omnis
1910 3276 2055 3316 mor-

475 3356 571 3420 bi,
602 3365 655 3410 et
678 3354 863 3411 omnis
895 3354 1233 3411 infirmitatis
1257 3358 1518 3411 sanandae
1548 3364 1874 3427 potestatem
1899 3356 2053 3412 vobis

476 3446 601 3502 feci.
629 3446 916 3502 Pollicitus
944 3463 1066 3503 sum
1090 3448 1280 3504 dicens
1308 3467 1321 3503 :
1349 3468 1367 3501 ι
1392 3450 1584 3515 Amen,
1612 3463 1770 3517 amen
1798 3448 1926 3503 dico
1956 3463 2056 3502 vo-

472 3535 589 3592 bis:
626 3537 723 3609 qui
752 3537 929 3592 credit
955 3538 1007 3592 in
1043 3553 1148 3603 mc,
1182 3552 1352 3609 opera
1382 3553 1503 3608 quae
1527 3554 1628 3609 ego
1659 3539 1825 3604 facio,
1854 3548 1907 3594 et
1936 3539 2054 3608 ipse

472 3627 662 3696 faciet,
690 3637 745 3684 et
775 3629 985 3700 majora
1012 3630 1209 3685 horum
1242 3629 1410 3685 faciet
1439 3630 1508 3684 ".
1533 3650 1551 3682 1
1576 3630 1703 3686 11πο
1734 3630 1943 3686 sanctis
1969 3631 2052 3685 di-

472 3718 705 3790 scipulis
736 3719 915 3789 ipsum
948 3719 1353 3789 quodammodo
1390 3710 1577 3776 dicere
1613 3720 1931 3790 putabimus
1957 3761 1971 3785 ,
2007 3722 2052 3775 si

471 3810 880 3882 propositorum
923 3811 1213 3867 verborum
1262 3825 1488 3866 sensum
1523 3811 1671 3879 apud
1705 3825 1807 3865 nos
1846 3824 2054 3880 expen-

472 3901 689 3958 damus.
716 3901 933 3973 Ubique
955 3917 1085 3957 νει-ο
1113 3901 1362 3956 veritatis
1382 3900 1655 3969 dogmatis
1682 3909 1919 3955 mentem
1948 3913 2051 3953 no-

473 4003 651 4051 stram
679 3994 1099 4055 submittentes,
1120 3999 1175 4046 et
1199 4006 1546 4062 quaecunque
1573 3980 1905 4060 exponenda
1927 4005 2053 4046 sese

470 4084 735 4149 oﬂ‘erunt,
762 4092 932 4150 recte,
964 4082 1146 4155 quoad
1179 4083 1327 4148 licet,
1359 4080 1580 4153 pietatis
1605 4081 1817 4137 artibus
1850 4083 1916 4138 ad
1942 4082 2051 4137 uti-

470 4177 682 4233 litatem
727 4175 1045 4233 auditorum
1086 4182 1474 4233 convertentes
1502 4215 1517 4240 ,
1546 4175 1867 4232 cavebimus
1892 4192 1961 4232 ne
1994 4176 2048 4230 in

469 4266 797 4323 scandalum
826 4269 994 4325 stulte
1021 4269 1352 4325 incidamus.
1399 4266 1674 4337 Scriptum
1702 4276 1788 4323 est
1813 4268 1961 4323 enim
1993 4269 2049 4323 in

471 4358 619 4415 libro
654 4357 1003 4415 Psalmorum
1030 4379 1045 4416 :
1080 4380 1097 4413 ι
1123 4359 1237 4415 Pax
1275 4361 1449 4415 multa
1482 4359 1842 4432 diligentibus
1875 4362 2045 4432 legem

470 4459 645 4518 tuam,
682 4460 866 4508 etnon
896 4458 981 4507 est
1013 4451 1125 4508 illis
1152 4452 1475 4508 scandalum
1508 4453 1575 4506 ".
1612 4472 1631 4505 ι

2159 3266 2515 3338 ὑπερύψωσεν
2543 3267 2571 3319 ό
2597 3264 2810 3336 Πατὴρ,
2837 3262 3127 3335 ἐχαρίσατό
3148 3279 3207 3315 τε
3231 3260 3290 3314 τὸ
3317 3261 3487 3330 δνομα
3511 3258 3574 3312 τὸ
3599 3257 3743 3329 ὑπὲρ

2158 3361 2266 3414 πᾶν
2295 3360 2485 3429 ὄνομα.
2524 3356 2929 3426 Ἀναδέδειγμαι
2971 3354 3081 3425 γὰρ
3110 3353 3217 3407 τῶν
3259 3352 3396 3405 ὅλων
3436 3350 3590 3413 Θεὸς,
3621 3348 3739 3402 ἀλλ’

2155 3452 2252 3521 οὐχ
2301 3447 2581 3520 ἁλώσομαι
2635 3446 2921 3518 βάσκανος.
2972 3444 3090 3498 ούδέ
3142 3443 3249 3497 τῶν
3296 3440 3555 3496 τοιούτων
3609 3441 3742 3511 ύμῖν

2154 3541 2518 3611 διαφθονήσας
2566 3538 2808 3607 ἀγαθῶν.
2856 3536 3200 3607 Ἀνθρώπους
3245 3535 3355 3603 γάρ
3395 3533 3579 3611 ὄντας,
3618 3530 3741 3584 δού-

2154 3610 2331 3705 ληνίτε
2360 3610 2449 3685 διὰ
2477 3631 2635 3684 τοῦτο
2658 3629 2919 3701 λαχόντας
2948 3627 3044 3699 τὴν
3069 3625 3251 3696 φύσιν,
3275 3610 3431 3688 θεοὺς
3460 3623 3555 3676 καὶ
3586 3621 3741 3683 υἱοὺς

2155 3724 2413 3790 ἀπέδειξα
2440 3722 2597 3787 Θεοῦ,
2628 3724 2739 3785 τοῖς
2774 3719 2914 3791 ὑπὲρ
2943 3720 3104 3790 φύσιν
3149 3717 3424 3788 ἀξιώμασι
3460 3731 3739 3783 καταφαι-

2153 3817 2351 3889 δρύνας
2380 3815 2469 3869 διὰ
2497 3815 2598 3883 τῆς
2635 3813 2859 3885 χάριτος
2883 3851 2898 3876 ,
2955 3811 3246 3872 κοινωνοὺς
3278 3809 3375 3879 τῆς
3403 3808 3545 3879 ἐμῆς
3583 3806 3737 3875 βασι-

2153 3910 2301 3972 λείας
2336 3906 2709 3978 εἰσεδεξάμην,
2743 3903 3097 3978 συμμόρφους
3131 3900 3388 3967 ἀπέδειξα
3419 3898 3495 3970 τῷ
3525 3896 3738 3967 σώματι

2152 4001 2251 4072 τῆς
2291 3999 2449 4070 δόξης
2486 4000 2586 4069 τῆς
2630 3998 2790 4068 ἐμῆς,
2829 3994 3107 4066 ἀφθαρσίᾳ
3151 3992 3420 4063 τετίμηκα
3462 3988 3560 4042 καὶ
3598 3985 3734 4056 ζωῇ.

2166 4097 2324 4152 Ἀλλὰ
2350 4096 2523 4150 ταῦτα
2552 4096 2652 4166 μὲν
2686 4097 2744 4149 ἐν
2789 4093 2990 4155 ἐλπίσι,
3023 4092 3118 4145 καὶ
3155 4090 3235 4152 εἰς
3279 4086 3452 4141 αἰῶνα
3486 4086 3738 4155 τηρεῖται

2150 4191 2241 4246 τὸν
2277 4189 2561 4259 μέλλοντα.
2600 4186 2666 4240 Τί
2699 4186 2755 4239 δέ
2788 4185 2852 4256 δὴ
2895 4184 2991 4239 καὶ
3022 4184 3103 4246 εἰς
3127 4181 3186 4235 τὸ
3221 4180 3395 4250 παρόν
3419 4196 3434 4245 ;
3459 4172 3589 4245 ’Ἆρ’
3618 4175 3738 4243 οὐχὶ

2150 4279 2471 4350 λαμπροὺς,
2525 4274 2620 4329 καὶ
2670 4271 3092 4342 δεδοξασμένους
3147 4268 3446 4338 ἀπέφηνας
3506 4265 3736 4327 σεπτοὺς

2148 4370 2207 4424 δὲ
2234 4370 2354 4440 οὐχί
2384 4366 2537 4439 παρά
2565 4366 2699 4419 πᾶσι
2725 4366 2837 4427 τοῖς
2870 4361 3137 4432 φιλοθέοις
3162 4358 3511 4427 κατέστησας
3543 4353 3737 4407 Καίτοι

2152 4466 2265 4526 τοῖς
2293 4460 2528 4522 ἀνοσίοις
2557 4456 2928 4527 ἐπετιμήσατε
2956 4451 3174 4522 δαίμοσι
3193 4467 3209 4483 ⁸
3239 4450 3418 4504 πᾶσαν
3441 4446 3621 4511 νόσον,
3645 4444 3738 4496 καὶ

471 4542 654 4594 πᾶσαν
695 4539 987 4612 μαλακίαν,
1019 4539 1294 4610 ἐπέτρεψα
1319 4538 1663 4612 θεραπεύειν.
1711 4541 2176 4623 Ἐπηγγειλάμην,
2202 4551 2403 4619 λέγων·
2441 4566 2458 4599 ι
2504 4546 2700 4617 Ἀμὴν,
2769 4544 2916 4614 ἀμὴν
2957 4542 3101 4610 λέγω
3145 4541 3305 4612 ὑμῖν·
3369 4542 3399 4593 ό
3465 4535 3737 4590 πιστεύων

473 4634 554 4698 εἰς
592 4633 713 4703 ἐμὲ,
739 4631 808 4685 τὰ
839 4629 976 4703 ἔργα
1005 4629 1041 4684 ἀ
1072 4630 1182 4698 ἐγὼ
1213 4630 1373 4695 ποιῶ.
1402 4631 1651 4695 κάκεῖνος
1685 4634 1918 4704 ποιήσει,
1949 4641 2043 4692 καὶ
2085 4642 2309 4714 μείζονα
2334 4641 2538 4694 τούτων
2569 4640 2807 4709 ποιήσει.
2857 4658 2876 4690 1
2909 4636 3095 4690 Ταῦτά
3122 4653 3240 4699 πως
3265 4637 3378 4698 τοῖς
3417 4633 3597 4701 ἁγίοις
3633 4649 3736 4701 μα-

472 4727 661 4796 θηταῖς
694 4721 991 4795 οἰησόμεθα
1035 4721 1216 4790 λέγειν
1254 4723 1436 4785 αὐτὸν,
1472 4724 1562 4776 τὸν
1610 4723 1717 4779 τῶν
1759 4734 2133 4803 προκειμένων
2164 4718 2599 4806 ἀναματτόμενοι
2633 4731 2777 4786 νοῦν.
2838 4729 3124 4800 Πανταχοῦ
3153 4729 3211 4781 δὲ
3266 4730 3378 4791 τοῖς
3437 4726 3538 4796 τῆς
3607 4723 3738 4792 ἀλη-

472 4818 624 4881 θείας
675 4815 910 4886 δόγμασι
948 4813 1047 4886 τὴν
1088 4812 1326 4867 διάνοιαν
1366 4813 1789 4882 ὑποζεύξαντες.
1844 4824 1938 4878 καὶ
1982 4828 2051 4881 τὰ
2090 4827 2547 4899 παρεμπίπτοντα
2571 4824 2680 4878 τῶν
2704 4820 3096 4892 θεωρημάτων,
3121 4820 3197 4881 ὡς
3228 4818 3328 4885 ἔνι,
3384 4814 3566 4878 καλῶς
3622 4816 3738 4874 ταῖς

468 4910 550 4973 εἰς
580 4907 860 4960 εὐσέϐειαν
892 4904 1109 4976 τέχναις
1146 4906 1226 4969 εἰς
1268 4907 1329 4958 τδ
1376 4908 1488 4970 τοῖς
1512 4907 1885 4982 ἀκροωμένοις
1953 4918 2233 4982 λυσιτελὲς
2311 4917 2758 4988 περιτρέποντες,
2825 4917 2886 4969 τὸ
2931 4913 3064 4983 γοῦν
3114 4909 3393 4979 σκανδάλῳ
3434 4907 3543 4959 τινὶ
3585 4923 3741 4976 περι,

471 5000 659 5055 πεσεῖν
711 4998 953 5069 ἀνοήτως
1003 4995 1424 5067 διαφευξόμεθα-
1475 4999 1786 5072 Γέγραπται
1832 5008 1941 5079 γὰρ
1992 5011 2050 5063 ὲν
2089 5011 2257 5081 βίϐλῳ
2287 5008 2566 5081 Ψαλμῶν·
2642 5028 2661 5061 ι
2693 5010 2899 5080 Εἰρήνη
2946 5006 3114 5078 πολλὴ
3162 5008 3276 5068 τοῖς
3316 5000 3577 5071 ἀγαπῶσι
3649 5001 3740 5053 τὸ)

470 5091 634 5161 νόμον
668 5107 786 5154 σου,
826 5090 920 5143 καὶ
948 5089 1047 5143 οὐκ
1077 5089 1225 5143 ἔστιν
1254 5089 1435 5154 αὐτοῖς
1460 5092 1775 5152 σκάνδαλον.
1815 5116 1834 5149 1

542 5180 659 5245 XV,
720 5181 808 5235 11.
850 5180 976 5235 ch
1022 5181 1230 5236 locutus
1283 5197 1401 5235 sum
1449 5183 1630 5250 vobis,
1684 5196 1741 5239 ut
1792 5190 2051 5257 gaudium

2236 5187 2428 5242 Ταῦτα
2454 5188 2763 5255 λελάληκα
2798 5185 2939 5255 ὑμῖν
2964 5228 2978 5251 ,
3032 5188 3133 5240 ἵνα
3163 5188 3201 5253 ἡ
3239 5186 3394 5255 χαρὰ
3425 5186 3463 5252 ἠ
3504 5183 3620 5253 ἐμὴ
3669 5183 3744 5236 ἐν·

473 5289 649 5331 meum
678 5273 734 5326 in
768 5272 910 5327 vobis
940 5274 1043 5337 sit,
1074 5283 1125 5327 et
1157 5273 1414 5344 gaudium
1465 5290 1698 5333 vestrum
1740 5280 2047 5348 impleatur.

2160 5279 2301 5349 ὑμῖν
2331 5280 2534 5349 μείνῃ,
2564 5279 2664 5333 καί
2703 5280 2741 5346 ή
2773 5278 2933 5348 χαρὰ
2966 5276 3119 5347 ὑμῶν
3163 5274 3470 5344 πληρωθῇ.

544 5364 715 5422 Facta
747 5365 875 5422 vitis
907 5367 1206 5443 mentione,
1256 5378 1309 5424 et
1359 5369 1603 5439 palmitis
1642 5370 1710 5423 ab
1743 5385 1806 5425 ea
1849 5375 2050 5438 avulsi,

2229 5371 2332 5424 Τὸν
2362 5371 2490 5441 περὶ
2538 5372 2639 5442 τῆς
2672 5370 2916 5442 ἀμπέλου
2955 5369 3112 5438 λόγον
3144 5371 3277 5440 ἡμῖν
3314 5362 3735 5437 εἰσκεκομικὼς,

473 5475 538 5516 ac
561 5459 710 5514 velut
738 5457 808 5514 ab
836 5459 979 5514 alma
1006 5468 1185 5516 matre
1214 5461 1437 5525 resecti,
1472 5475 1536 5514 ac
1571 5460 1801 5530 proinde
1834 5463 2047 5519 inutilis

2160 5460 2280 5517 εἶτα
2323 5463 2382 5516 τὸ
2421 5462 2825 5533 ἀποσπώμενον
2861 5462 3084 5533 κλῆμα,
3134 5462 3230 5515 καὶ
3278 5459 3441 5513 οἰονεὶ
3474 5458 3578 5529 τῆς
3611 5474 3736 5530 τρε-

482 5553 645 5624 ριειη
690 5550 882 5617 futuri,
923 5551 1167 5621 adeoque
1205 5550 1329 5620 igne
1375 5551 1757 5619 consumendi,
1806 5569 1912 5610 non
1950 5570 2050 5626 pa-

2164 5554 2371 5625 (εούσης
2414 5553 2547 5607 αὖτό
2592 5552 2798 5626 μητρὸς
2853 5554 3321 5626 διακεκομμένον,
3361 5553 3585 5624 ἀχρεῖον
3634 5552 3738 5622 μὶν

543 5730 588 5765 δ’
616 5727 774 5785 l‘rov.
804 5726 998 5795 \'111,9.
1075 5728 1119 5761 ”
1138 5727 1370 5799 Philipp.
1397 5743 1477 5797 111,
1500 5728 1590 5784 Ἡ.
1667 5729 1883 5819 f‘Joau.
1916 5749 2025 5799 xlv,
2068 5733 2125 5789 2.
2207 5734 2251 5764 "
2281 5730 2645 5800 Psal.cxv111,
2697 5730 2818 5786 Ιϐὃ.
