3998 6318
145 357 238 411 577
1116 350 1182 407 1N
1223 351 1509 406 JOANNIS
1542 353 1998 412 EVANGELIL‘M
2039 359 2167 414 LIB.
2197 358 2262 413 Χ.

3279 361 3388 416 578

145 469 352 526 ἔσεσθαι
384 469 684 530 παντελῶς,
711 468 844 538 πυρὶ
873 467 930 520 δέ
965 469 1162 538 χρῆναι
1191 468 1532 522 δαπανᾶσθαι
1559 470 1693 523 διδά·

1817 488 1934 526 rum
1967 474 2036 528 ob
2067 473 2118 528 id
2154 475 2386 528 terroris
2423 473 2710 544 discipulis
2736 475 2991 532 incussit.
3031 475 3220 532 Solent
3244 480 3391 535 enim

149 563 268 628 ξας,
309 563 370 614 οὐ
421 569 621 631 μικράν
668 560 952 629 ἐνεποίησε
1002 563 1116 621 τοῖς
1176 560 1443 631 μαθηταῖς
1481 562 1580 630 τὴν
1615 565 1706 615 ἐπὶ

148 655 307 724 τούτῳ
355 653 568 706 πτοίαν.
622 652 687 704 Δί
743 651 851 722 γὰρ
896 652 1004 704 τῶν
1053 653 1342 705 ἀπευκτῶν
1390 655 1703 724 ἀκροάσεις,

149 747 230 798 διαὶ
262 745 308 796 εί
335 745 408 814 μή
451 761 536 796 πω
585 744 860 813 φαίνοιντο
889 743 1131 814 παρόντα
1159 744 1342 814 τυχὸν,
1375 747 1436 797 οὐ
1470 747 1706 816 μετρίως

149 837 272 889 εἰσιν
308 835 660 905 ἐκταράττειν
715 836 940 897 ἱκαναὶ,
1006 835 1221 905 μάλισθ’
1281 837 1409 889 ὅταν
1468 837 1704 891 ἐντίκτοι

146 926 273 979 τισὶν
304 925 394 978 τοῦ
444 925 763 994 συμϐαίνειν
805 925 945 978 αύτά
997 924 1258 978 δύνασθαι
1315 927 1414 995 τὴν
1468 926 1704 994 ὑποψίαν

145 1014 240 1066 τῶν
270 1013 540 1083 ἐσομένων
587 1014 648 1067 τὸ
695 1013 908 1083 ἄδηλον.
962 1015 1225 1085 Καθάπερ
1275 1016 1494 1085 ἀμέλει,
1549 1017 1644 1069 καὶ
1677 1017 1704 1068 ὁ

147 1105 288 1174 τήνδε
325 1105 537 1174 μέλλων
570 1106 815 1158 διαπλεῖν
846 1104 941 1175 τὴν
988 1104 1283 1167 Θάλασσαν,
1313 1105 1384 1168 ὼς
1421 1106 1703 1177 ἐνδεχομέ-

148 1212 228 1248 νου
259 1197 348 1249 καὶ
388 1195 657 1265 χειμῶνος
706 1198 786 1258 είς
839 1199 1033 1264 πεῖραν
1080 1197 1274 1259 ἐλθεῖν,
1319 1197 1412 1249 καὶ
1459 1199 1566 1267 μὴν
1610 1201 1704 1251 καὶ

147 1287 321 1357 ἀγρίου
364 1286 607 1356 κύματος
656 1286 750 1338 καὶ
789 1287 1099 1340 ἀτιθάσσων
1136 1287 1396 1358 κυμάτων
1445 1290 1705 1358 καταδρο.

150 1379 264 1448 μῆς,
294 1378 384 1430 καὶ
429 1379 478 1430 εί
526 1379 600 1448 μή
655 1397 742 1430 πω
795 1379 1038 1448 παρόντα
1083 1379 1396 1448 καταθεῷτο
1428 1381 1610 1450 τυχὸν,
1644 1383 1702 1434 ἐν

148 1469 320 1539 μόναις
361 1469 641 1539 φροντίσιν
691 1468 772 1522 ἔτι
822 1469 917 1522 καὶ
961 1467 1120 1522 τοῦτο
1168 1470 1414 1541 ἀδήλως,
1465 1471 1540 1533 ὡς
1601 1471 1699 1542 ἤδη

145 1560 369 1630 παρόντα
387 1559 581 1614 δέδιεν.
621 1560 1080 1630 ’Υποφρὶττοντας
1112 1561 1290 1614 τοίνυν
1321 1564 1448 1625 τοὺς
1472 1562 1700 1614 ἀποστό-

143 1649 274 1714 λους,
305 1651 398 1704 καὶ
433 1654 503 1722 τῇ
535 1652 644 1704 τῶν
677 1652 868 1705 δεινῶν
897 1654 1032 1723 ἀκοῇ
1076 1654 1215 1723 τάχα
1246 1671 1383 1720 πως,
1419 1655 1512 1708 καὶ
1542 1671 1701 1723 γεγο-

143 1742 283 1805 νότας
312 1742 584 1811 περιδεεῖς
609 1783 622 1805 ,
675 1745 766 1797 καὶ
811 1744 948 1815 πρὸς
996 1744 1094 1812 τὴν
1125 1744 1233 1797 τῶν
1263 1745 1540 1815 ἐσομένων
1573 1745 1701 1798 ἀπο-

1816 563 1934 617 dira
1971 581 2224 635 qua-que,
2259 567 2478 620 tametsi
2526 568 2766 620 nondum
2820 569 3024 632 adsint,
3068 571 3151 623 vel
3201 572 3391 624 auditu

1811 656 1931 708 solo
1965 658 2320 718 conturbare,
2373 658 2611 712 maxime
2669 674 2792 712 cum
2847 676 3030 713 rerum
3079 661 3389 715 futurarum

1811 748 2054 802 incertus
2103 758 2336 803 eventus
2387 749 2669 802 nonnullis
2707 751 3079 819 suspicionem
3115 753 3290 818 injicit
3327 769 3387 804 ea

1809 854 1969 908 posse
2000 840 2320 910 contingere
2351 859 2364 893 :
2413 857 2518 894 non
2555 857 2716 896 secus
2747 857 2807 893 ac
2841 843 2932 910 qni
2965 843 3068 896 hoc
3109 860 3258 894 mare
3287 855 3392 894 tra-

1807 930 1992 982 naturi
2030 939 2180 992 sunt,
2235 931 2391 999 quasi
2435 932 2760 1000 contingere
2808 934 2984 1000 possit
3028 941 3086 984 ut
3134 935 3386 1000 [ιτοιιοιιιὶς

1807 1020 2069 1089 durisque
2100 1023 2522 1091 tempestatibus
2551 1022 2848 1086 jactentur,
2883 1025 3007 1075 licet
3035 1040 3096 1076 ea
3145 1042 3248 1074 mm
3298 1042 3366 1072 ιιεν

1808 1111 1999 1194 adesse
2026 1112 2268 1174 videant,
2317 1129 2447 1167 cura
2480 1124 2659 1168 tamen
2693 1123 2746 1168 et
2793 1116 3088 1174 anxietale,
3137 1117 3254 1165 Iit't-l
3295 1137 3317 1164 ;ι
3348 1129 3352 1140 ν

1805 1203 1913 1256 huc
1959 1203 2168 1256 incerto
2221 1205 2410 1268 exitu,
2461 1207 2616 1274 quasi
2669 1209 2956 1273 prmSentia
3004 1208 3383 1258 rei-Ol'tll'lilztzi.

1805 1293 1946 1347 Metu
1983 1295 2165 1364 itaque
2213 1303 2266 1349 et
2318 1296 2548 1348 horrore
2603 1295 2915 1348 futurorum
2955 1299 3224 1348 malorum
3266 1315 3383 1364 pcr-

1803 1385 1987 1440 culsos
2025 1387 2304 1454 apostolos
2333 1387 2399 1439 ad
2436 1387 2603 1439 animi
2650 1387 2908 1439 virtutem
2948 1387 3235 1439 commode
3269 1405 3384 1440 rur-

1803 1491 1898 1531 sus
1939 1479 2168 1542 excitat,
2221 1478 2476 1546 tristique
2525 1492 2782 1532 sermone
2832 1477 3050 1538 relicto,
3096 1477 3164 1528 de
3203 1479 3385 1530 lmlitia

1803 1584 1922 1637 qme
1949 1569 2247 1622 secundum
2290 1569 2454 1622 Deum
2489 1578 2572 1622 est
2604 1570 2672 1623 iis
2701 1567 2986 1622 disseruit.
3035 1565 3153 1619 Non
3203 1568 3346 1620 enim
3371 1609 3385 1628 ,

1802 1661 1998 1730 inquit,
2031 1676 2064 1712 ο
2096 1661 2201 1713 mei
2233 1661 2528 1728 discipuli,
2578 1662 2718 1713 hanc
2752 1662 2822 1712 ob
2858 1673 3084 1712 causam
3136 1675 3284 1713 nunc
3317 1663 3386 1714 ad

1802 1767 1901 1804 vos
1925 1765 2231 1804 sermonem
2258 1751 2443 1814 habui,
2476 1762 2535 1804 ut
2559 1751 2833 1804 imbellem
2862 1751 2916 1802 in
2954 1750 3114 1804 vobis
3141 1751 3385 1805 animum

143 1834 499 1902 ναρκήσαντες
521 1832 649 1905 [γρ.
677 1834 1208 1906 ἀποναρκήσαντας]
1241 1838 1457 1905 πεῖραν,
1486 1837 1693 1888 ἀνανεοῑ

1821 1841 2040 1905 iaciam,
2083 1850 2175 1894 aut
2207 1857 2300 1895 vos
2331 1844 2540 1895 incerto
2576 1850 2722 1896 metu
2764 1842 3234 1910 perterrefaciam,
3285 1859 3385 1898 uec

142 1923 408 1994 χρησίμως
453 1927 534 1987 είς
571 1924 783 1979 εΰτονον
819 1926 1074 1995 φρόνημα
1101 1967 1114 1989 ,
1170 1927 1264 1978 καὶ
1319 1926 1560 1993 στυγνῶν
1599 1927 1702 1993 ἀφ.

143 2016 318 2084 ἐμενος
354 2015 551 2083 λόγων,
583 2017 710 2088 περὶ
739 2016 841 2086 τῆς
871 2017 1010 2070 κατὰ
1053 2016 1188 2068 Θεὸν
1216 2017 1400 2079 αὐτοῖς
1426 2015 1702 2083 διελέγετο

144 2105 412 2175 θυμηδίας.
442 2107 518 2157 Οὐ
561 2106 669 2176 γάρ
710 2122 812 2168 τοι,
847 2107 1032 2174 φησιν,
1060 2099 1104 2157 ὦ
1134 2105 1395 2175 ἡμέτεροι
1435 2104 1697 2175 μαθηταὶ,

141 2198 314 2252 τούτου
346 2216 409 2267 γε
439 2201 604 2253 ’ἑνεκα
650 2201 767 2252 νυνὶ
792 2200 884 2252 τὸν
923 2199 1060 2270 πρὸς
1094 2200 1240 2269 ὑμᾶς
1270 2199 1579 2269 πεποίημαι
1614 2199 1698 2252 λό-

142 2307 265 2357 γον,
317 2291 389 2353 ὼς
443 2291 709 2362 ἄνανδρον
763 2292 860 2361 μὲν
910 2293 1039 2361 ὑμῖν
1089 2291 1386 2362 ἐμποιῆσαι
1420 2290 1694 2360 φρόνημα,

143 2384 293 2451 ἤγουν
326 2383 408 2434 ἐπ’
437 2381 622 2451 ἀδήλῳ
650 2382 890 2452 δείματι,
923 2382 1018 2434 καὶ
1057 2381 1178 2451 οὐχὶ
1215 2382 1428 2444 πάντως
1452 2381 1699 2450 ἐσομένῳ

143 2473 282 2542 κακῷ
319 2472 922 2544 προσκατακλωμένους
961 2473 1125 2541 ὑμᾶς,
1160 2473 1254 2526 καὶ
1297 2471 1698 2541 άτολμοτάτους

142 2562 352 2632 ὁρᾶσθαι
379 2563 515 2634 πρὸς
549 2563 885 2632 κατόρθωσιν
918 2563 1138 2630 ἀγαθῶν
1159 2604 1172 2626 ,
1206 2561 1320 2616 ἀλλ’
1363 2562 1452 2616 ἵνα
1480 2562 1692 2627 τούτοις

145 2654 391 2724 συμϐαίνῃ
450 2653 520 2706 τὰ
576 2652 833 2716 ἐναντία,
897 2655 990 2706 καὶ
1041 2653 1308 2724 θυμηδίαν
1373 2653 1533 2723 ἔχητε
1601 2654 1698 2723 τὴν

143 2745 283 2817 ἐμὴν,
322 2747 437 2815 ἢτοι
463 2748 496 2816 ἡ
544 2745 650 2816 ἐμὴ
688 2745 832 2814 χαρά
860 2748 916 2797 ἐν
944 2745 1074 2814 ὑμῖν
1107 2745 1288 2816 μείνῃ.
1322 2745 1431 2798 Καὶ
1459 2745 1510 2797 τί
1539 2744 1698 2798 τοῦτό

142 2836 265 2900 ἐστι,
297 2836 346 2888 τί
389 2837 445 2889 δὲ
492 2835 584 2888 διὰ
636 2835 824 2888 τούτου
875 2838 1014 2888 νοεῖν
1054 2837 1202 2905 ἡμᾶς
1234 2834 1410 2889 ἐθέλει
1441 2837 1695 2906 Χριστὸς,

141 2927 442 2997 πικρότερον
475 2922 630 2995 οἶμαι
661 2926 1062 2995 διασκέψασθαι
1101 2928 1232 2981 δεῖν.
1273 2926 1445 2997 Διχῶς
1479 2945 1699 2998 τοιγαρ-

139 3016 221 3072 οὖν
244 3018 479 3086 νοητέον.
516 3019 588 3070 Ἦ
613 3017 722 3088 γάρ
747 3017 936 3089 ὥσπερ
961 3021 1018 3070 ἐν
1049 3019 1294 3088 λογισμῷ
1328 3019 1493 3089 μηδὲν
1519 3019 1696 3088 ἔχοντι

141 3110 396 3173 παντελῶς
441 3109 866 3181 περιεργότερον
910 3110 1028 3179 ἐρεῖ
1075 3126 1158 3172 τις
1216 3110 1418 3178 τυχὸν,
1457 3108 1543 3161 ἵνα
1595 3107 1692 3178 τὴν

140 3203 256 3272 περὶ
303 3203 400 3272 ἐμὲ
448 3201 626 3272 χαρὰν
672 3199 873 3270 ἔχητε,
913 3201 1031 3269 ἦτοι
1079 3200 1178 3268 τὴν
1231 3201 1310 3262 είς
1360 3199 1481 3268 ἐμέ.
1537 3198 1693 3252 Οὕτω

138 3295 234 3364 γὰρ
265 3294 327 3348 ἂν
357 3295 450 3347 καὶ
497 3293 656 3347 αὐτοὶ
707 3292 804 3363 τὴν
872 3292 1007 3344 ἰδίαν
1056 3290 1528 3360 ἀναπληρώσητε,
1585 3290 1693 3344 τῶν

140 3386 502 3457 ὑπερκοσμίων
551 3383 771 3452 ἀγαθῶν
818 3383 1126 3445 ἐννοοῦντες
1160 3383 1258 3452 τὴν
1288 3381 1524 3453 ἀμοιϐὴν
1554 3422 1568 3445 ,
1600 3382 1695 3434 καὶ

137 3477 222 3546 τὴν
263 3477 529 3547 ἐσομένην
575 3477 688 3538 τοῖς
739 3475 874 3544 παρ’
933 3473 1089 3544 ὑμῶν
1140 3472 1358 3545 ἱδρῶσιν
1405 3472 1691 3540 ἀντίδοσιν,

137 3569 220 3620 καὶ
251 3569 344 3639 τῆς
374 3568 528 3639 παρά
542 3567 678 3638 8εῷ
703 3566 862 3635 δόξης
890 3566 952 3619 τὸ
982 3565 1234 3636 μέγεθος.
1274 3566 1479 3633 Ἤγουν
1507 3566 1693 3635 ἐτερόν

136 3674 182 3711 τι
207 3659 530 3722 σκοποῦντες
555 3657 648 3711 καὶ
676 3656 1036 3726 λογιζόμενοι,
1063 3656 1199 3726 πρὸς
1227 3654 1532 3726 βαθυτέραν
1557 3655 1690 3710 ἰέναι

137 3749 348 3820 θεωρίαν
380 3751 480 3803 οὐκ
511 3751 912 3821 ἀποκνήσομεν.
967 3749 1180 3818 Χρῆναι
1232 3749 1340 3818 γὰρ
1376 3745 1553 3818 οἶμαι,
1596 3750 1692 3803 καὶ

136 3839 240 3893 λίαν
269 3837 323 3893 εὖ
357 3842 501 3912 μάλα
538 3841 848 3912 φιλοθηρεῖν
895 3840 1136 3902 εὐσεϐῶς
1183 3841 1401 3911 ἀπάσης
1453 3841 1686 3913 θεωρίας

134 3933 213 3984 τὶν
245 3935 456 3987 σκοπόν.
489 3934 558 3985 Τί
595 3929 688 3986 οὖν
717 3934 824 4003 ἄρα
851 3933 1001 4002 δηλοῖ
1035 3932 1122 3995 τὸ,
1159 3952 1176 3984 ι
1217 3935 1341 3986 Ἵνα
1369 3936 1400 4004 ὴ
1449 3935 1597 4006 χαρά
1655 3938 1687 4006 ἡ

135 4023 228 4094 ἐςιὴ
342 4029 398 4078 ἐν
441 4027 600 4096 ὑμῖν·
649 4044 668 4076 ι
717 4025 882 4094 ἢτὸ,
934 4025 1015 4076 ὅτι
1059 4027 1249 4092 γέγονε
1304 4025 1424 4078 καθ’
1472 4028 1620 4096 ἡμᾶς
1661 4031 1690 4081 ὁ

133 4115 435 4186 Μονογενὴς,
467 4115 621 4169 τοῦτ’
655 4115 820 4178 ἔστιν,
852 4114 1135 4186 ἄνθρωπος
1166 4116 1290 4186 δίχα
1315 4117 1482 4187 μόνης
1513 4119 1691 4188 ἀμαρ-

132 4205 254 4269 τίις,
290 4209 461 4262 πάντα
506 4206 781 4277 κεκρικὼς
826 4206 1122 4276 ὑπομεῖναι
1171 4208 1265 4259 καὶ
1324 4207 1512 4260 παθεῖν
1545 4210 1688 4261 ὅσων

132 4297 317 4362 ἢγαγεν
351 4300 430 4360 είς
477 4301 672 4369 πεῖραν
703 4298 863 4350 αὐτὸν
896 4299 929 4365 ἡ
963 4298 1239 4367 ἐπάρατος
1263 4297 1371 4351 τῶν
1419 4297 1686 4352 Ἰουδαίων

134 4386 374 4453 ἀπόνοια;
407 4390 731 4460 Εὐρήσομεν
763 4388 872 4457 γὰρ
904 4387 1230 4457 ὑϐρισθέντα
1263 4407 1323 4441 τε
1355 4389 1449 4442 καὶ
1489 4389 1682 4443 διωκό-

1806 1932 1964 2000 plane
2008 1940 2064 1984 ιιι
2089 1931 2160 1983 ob
2194 1938 2520 1984 eventurum
2553 1931 2754 1982 malum
2795 1929 2952 1983 fracti
3003 1938 3056 1984 et
3097 1946 3292 2000 segnes
3319 1933 3385 1986 ad

1804 2024 1941 2076 bene
1976 2021 2246 2090 agendum
2299 2023 2442 2086 sitis,
2497 2022 2590 2075 sed
2655 2033 2713 2074 ut
2759 2022 2844 2076 his
2901 2023 3174 2074 contraria
3229 2023 3386 2077 vobis

1801 2111 2080 2174 eveniant,
2123 2123 2177 2164 et
2221 2112 2482 2179 gaudium
2524 2125 2704 2164 meum
2737 2111 3008 2174 habeatis,
3046 2111 3148 2164 hoc
3181 2120 3286 2171 est,
3327 2119 3385 2164 ut

1801 2202 2056 2271 gaudium
2099 2216 2278 2254 meum
2319 2203 2373 2254 in
2420 2201 2571 2255 vobis
2604 2209 2839 2255 maneat.
2875 2201 3018 2266 Quid
3054 2217 3220 2272 porro
3253 2203 3382 2256 illud

1804 2293 1970 2363 885
2005 2294 2098 2356 sit,
2138 2303 2230 2346 aut
2253 2293 2386 2362 quid
2420 2292 2504 2345 his
2541 2295 2726 2347 verbis
2764 2294 3072 2363 inlclligere
3100 2310 3200 2349 nos
3226 2294 3386 2348 Chri-

1801 2393 1918 2436 stus
1950 2381 2099 2445 velit,
2133 2381 2389 2436 subtilius
2426 2380 2584 2435 nobis
2625 2380 3087 2435 considerandum
3117 2382 3380 2436 arbitror.

1799 2473 1990 2542 Itaque
2041 2473 2335 2542 dupliciter
2413 2480 2498 2526 est
2562 2473 2998 2541 intelligendum.
3072 2474 3181 2527 Aut
3233 2474 3381 2528 enim

1800 2564 2120 2633 simpliciter
2157 2563 2261 2615 hoc
2290 2560 2456 2614 modo
2479 2561 2605 2630 quis
2642 2562 3091 2631 interpretabitur
3118 2581 3134 2619 :
3169 2575 3226 2617 ιιι
3249 2580 3383 2634 gau-

1799 2656 1946 2709 dium
1992 2670 2119 2723 erga
2149 2669 2236 2709 me
2271 2655 2540 2715 habeatis,
2594 2655 2678 2708 vel
2731 2655 2786 2708 in
2843 2671 2948 2710 me.
3004 2654 3096 2710 Sic
3129 2658 3274 2710 enim
3327 2666 3382 2711 et

1799 2746 1902 2815 ipsi
1943 2753 2186 2798 vestrum
2241 2743 2574 2812 implebitis,
2632 2745 3034 2812 perpendentes
3083 2747 3227 2814 apud
3283 2761 3380 2802 vos

1799 2839 2102 2892 cmlestium
2165 2836 2433 2890 bonorum
2489 2836 2950 2900 retributionem,
3009 2845 3062 2890 et
3132 2836 3377 2890 futuram

1798 2931 1997 2985 vestris
2031 2929 2316 2983 laboribus
2359 2928 2896 2996 compensationem,
2942 2936 2995 2980 et
3031 2929 3220 2998 gloria:
3257 2945 3380 2998 quas

1801 3020 1944 3089 apud
1978 3019 2146 3073 Deum
2175 3026 2259 3072 est
2295 3017 2753 3086 magnitudinem.
2795 3018 2903 3071 Aut
2943 3017 3377 3087 aliudquiddam

1800 3109 2194 3178 excogitantes,
2221 3107 2288 3161 ad
2323 3107 2572 3160 altiorem
2602 3108 3128 3176 contemplationem
3158 3109 3236 3162 ire
3266 3122 3378 3162 non

1799 3199 2173 3272 gravabimur.
2209 3198 2479 3253 Existimo
2509 3198 2654 3252 enim
2701 3198 2792 3266 pie
2837 3199 3110 3267 imprimis
3157 3199 3379 3252 investi-

1797 3292 2039 3360 gandum
2097 3306 2222 3346 esse
2298 3291 2472 3343 totius
2547 3291 3042 3359 contemplationis
3124 3306 3375 3360 scopum.

1796 3383 1937 3448 Quid
1987 3398 2120 3451 ergo
2183 3383 2462 3451 signiﬁcat
2497 3382 2657 3444 illud,
2713 3401 2730 3434 ι
2785 3391 2843 3435 ιιι
2887 3382 3150 3452 gaudium
3193 3399 3375 3436 meum

1795 3475 1865 3529 sit
1891 3475 1946 3527 in
1980 3475 2162 3535 vobis,
2206 3491 2224 3522 ι
2263 3474 2369 3526 nisi
2400 3473 2549 3541 quod
2585 3477 2766 3528 l'actus
2801 3474 2874 3526 sit
2912 3474 3076 3527 sicuti
3111 3487 3212 3525 nos
3243 3470 3370 3524 Uni.

1793 3567 2038 3636 genitus,
2069 3565 2122 3617 id
2163 3572 2250 3617 cst
2287 3564 2476 3626 homo,
2513 3565 2726 3632 absque
2757 3572 3149 3632 peccato,cum
3184 3563 3376 3615 volun-

1797 3665 1904 3710 tate
1935 3671 1997 3708 ac
2038 3653 2326 3724 proposito
2357 3669 2420 3707 ea
2459 3652 2731 3722 patiendi,
2777 3667 3121 3720 quaecunque
3151 3649 3371 3705 Judan-

1794 3763 1914 3800 rum
1946 3744 2306 3800 exsecrabilis
2339 3744 2697 3812 intemperies
2753 3743 2936 3811 ipsum
2984 3743 3220 3811 experiri
3279 3757 3373 3795 co-

1792 3839 1937 3909 egit?
1963 3837 2313 3892 Inveniemus
2344 3837 2491 3890 enim
2523 3851 2646 3890 eum
2685 3835 2906 3903 injuriis
2935 3850 2999 3887 ac
3029 3836 3372 3903 persecutio-

1793 3931 1957 3984 nibus
1979 3928 2228 3998 petitum,
2257 3927 2591 3997 probrisque
2613 3927 2830 3980 acerbis
2861 3927 3161 3995 pulsatum,
3193 3927 3370 3994 sputis

1793 4023 2163 4090 inquinatum,
2212 4019 2460 4089 colaphis
2513 4019 2704 4082 ictum,
2751 4019 3076 4072 verberibus
3127 4032 3368 4078 caesum,

1792 4114 2125 4180 tandemque
2151 4111 2305 4165 cruci
2341 4119 2565 4179 propter
2589 4125 2689 4164 nos
2721 4117 2769 4164 el
2810 4125 2908 4178 pro
2939 4109 3101 4163 nobis
3124 4108 3364 4162 aﬂixum.

1791 4206 2004 4272 Quibus
2038 4205 2205 4258 tantis
2253 4219 2317 4258 ac
2357 4215 2466 4256 tam
2504 4203 2776 4272 gravibus
2822 4202 2984 4256 malis
3033 4202 3084 4255 in
3119 4201 3365 4256 dolorem

1791 4311 2138 4366 nequaquam
2178 4295 2452 4348 abductus
2502 4303 2608 4354 est,
2649 4309 2830 4362 neque
2884 4294 3161 4362 passionis
3211 4294 3366 4359 igno-

1791 4390 2017 4442 miniam
2054 4396 2331 4457 quatenus
2379 4387 2816 4456 dispensationis
2871 4401 3006 4454 ergo
3057 4387 3368 4456 patiebatur

137 4499 278 4548 μενον
303 4486 396 4538 καὶ
424 4490 645 4556 πικροῖς
678 4487 907 4539 ὀνείδεσι
932 4486 1448 4554 διακεκρουσμένον,
1477 4485 1686 4552 ἐμπτυ-

1797 4480 2101 4542 exhorruit,
2155 4480 2250 4535 sed
2296 4478 2485 4533 laetitia
2539 4479 2645 4533 sibi
2695 4478 3048 4532 convenienti
3080 4485 3136 4532 et
3165 4478 3366 4547 gaudio

135 4573 310 4628 σθέντα
346 4594 404 4629 τε
450 4579 550 4631 καὶ
597 4577 930 4648 ραπισθέντα
956 4619 968 4642 ,
1010 4577 1104 4630 καὶ
1133 4576 1230 4645 τῆς
1261 4575 1350 4627 διὰ
1403 4573 1684 4643 μαστίγων

133 4665 296 4728 αἰκίας
333 4668 430 4720 οὐκ
465 4671 846 4740 ἀμοιρήσαντα
872 4712 887 4736 ,
937 4671 1030 4723 καὶ⁹
1074 4670 1387 4722 τελευταῖον
1429 4669 1522 4720 ἐπὶ
1564 4667 1696 4720 τούιη

134 4770 232 4817 τοις
258 4757 332 4826 τῷ
375 4759 440 4812 δι’
480 4762 666 4830 ἡμᾶς,
720 4762 814 4813 καὶ
862 4761 1001 4830 ὑπὲρ
1047 4761 1204 4830 ἡμῶν
1261 4759 1686 4831 προσηλωθέντα

137 4847 349 4916 σταυρῷ.
391 4850 514 4902 Ἐπὶ¹
561 4849 618 4902 δέ
662 4850 874 4914 τούτοις
918 4850 1090 4903 ἅπασι
1133 4855 1245 4915 τοῖς
1277 4851 1418 4904 οὓτω
1471 4852 1684 4912 δεινοῖς,

134 4933 184 4984 οὗ
222 4939 570 5009 κατεσπάσθη
603 4941 738 5010 πρὸς
781 4940 988 5011 λύπην,
1022 4941 1163 5010 πλὴν
1205 4943 1328 4994 ὅσον
1356 4941 1451 4993 τοῦ
1489 4941 1686 4994 παθεῖν

134 5027 472 5097 οἰκονομικῶς
509 5032 570 5083 οὐ
621 5033 919 5102 κατέφριξε
953 5033 1050 5103 τὴν
1102 5033 1319 5096 ἀδοξίαν
1345 5072 1359 5096 ,
1414 5033 1548 5085 ἀλλὰ
1588 5034 1687 5103 τῆς

134 5119 429 5189 πρεπούσης
458 5121 724 5191 θυμηδίας
748 5123 919 5192 αὐτῷ,
952 5125 1045 5176 καὶ
1079 5125 1252 5196 χαρᾶς
1281 5123 1564 5185 ἀνάπλεως
1591 5119 1680 5193 ἦν,

133 5209 346 5282 ἐπείπερ
368 5213 632 5266 ἐθεάσατο
659 5214 757 5285 τὴν
783 5214 892 5266 τῶν
921 5215 1245 5284 σωζομένων
1277 5215 1512 5285 πληθὺν,
1545 5215 1684 5285 πλη-

134 5300 372 5370 ρούμενόν
403 5322 466 5357 τε
508 5306 566 5358 τὸ
602 5305 812 5376 θέλημα
843 5306 935 5358 τοῦ
975 5307 1110 5359 Θεοῦ
1159 5309 1254 5360 καὶ
1301 5307 1534 5375 Πατρός.
1579 5308 1680 5361 Διά

130 5393 272 5446 τοῦτο
291 5396 466 5464 χαρὰν
497 5397 740 5450 ἐποιεῖτο
769 5398 868 5468 τὴν
897 5401 1142 5469 ἀτιμίαν,
1171 5401 1382 5470 τρυφὴν
1407 5400 1682 5468 ἐλογίζετο

133 5484 244 5546 τοὺς
269 5487 481 5550 πόνους.
523 5490 715 5542 Καίτοι
741 5492 849 5560 γὰρ
881 5490 1091 5543 πολλῶν
1110 5531 1124 5555 ,
1156 5493 1250 5546 καὶ
1284 5493 1679 5562 ἀπηχεστάτων

133 5575 238 5623 κατ’
276 5575 439 5628 αὑτοῦ
480 5577 843 5649 τολμωμένων
867 5620 882 5646 ,
934 5583 1321 5656 γεγραμμένον
1349 5583 1677 5654 εὑρήσομεν,

198 5743 239 5773 ⁵³
259 5743 442 5803 Matth.
473 5767 550 5822 x1,
576 5754 664 5822 25,
693 5754 782 5808 ‘26.

1789 4572 1983 4640 plenus
2021 4579 2156 4628 erat.
2202 4569 2652 4637 quandoquidem
2687 4568 3078 4622 salvandorum
3112 4567 3365 4620 multitu-

1787 4664 1972 4718 dinem
2003 4661 2244 4723 videbat,
2285 4660 2496 4728 Deique
2525 4675 2588 4713 ac
2620 4659 2798 4714 Patris
2826 4663 3164 4714 voluntatem
3197 4659 3366 4711 adim-

1787 4756 1961 4825 pleri;
2005 4754 2236 4822 ideoque
2287 4753 2471 4822 gaudii
2529 4753 2647 4806 loco
2702 4752 2936 4806 habebat
2978 4749 3358 4820 ignominiam,

1787 4846 2007 4900 labores
2037 4846 2326 4914 reputabat
2375 4843 2623 4898 delicias.
2676 4842 2943 4909 Quamvis
2992 4844 3136 4897 enim
3193 4841 3364 4895 multa

1787 4952 1962 5006 eaque
1995 4936 2381 4990 crudelissima
2425 4935 2480 4987 in
2535 4950 2658 4990 eum
2702 4941 3181 5005 perpetrarentur,
3224 4932 3364 4984 scri-

1790 5041 1938 5099 ptum
1983 5038 2166 5082 tamen
2221 5027 2568 5082 inveniemus
2627 5025 2818 5082 Jesum
2869 5034 2999 5079 tunc
3052 5024 3364 5078 exsultasse

1791 5119 2022 5189 Spiritu,
2055 5128 2110 5173 et
2136 5119 2342 5174 dixisse
2369 5139 2380 5173 :
2414 5139 2431 5170 ι
2459 5119 2738 5174 Conﬁteor
2771 5118 2893 5178 tibi,
2921 5115 3103 5178 Pater,
3134 5116 3362 5168 Domine

1787 5214 1908 5266 εωιὶ
1949 5228 2013 5267 ac
2048 5220 2226 5274 terras,
2257 5212 2386 5280 quia
2423 5209 2772 5264 abscondisti
2809 5209 2922 5260 ιιωο
2953 5223 2982 5260 a
3018 5206 3360 5276 sapientibus

1784 5313 1836 5358 et
1871 5303 2254 5374 prudentibus,
2285 5312 2340 5357 et
2375 5303 2629 5356 revelasti
2657 5315 2719 5354 ea
2750 5301 3014 5367 parvulis.
3049 5299 3145 5362 ita,
3176 5298 3357 5361 Pater,

1787 5397 2044 5466 quoniam
2085 5395 2170 5449 sic
2219 5395 2318 5448 fuit
2359 5394 2618 5463 placitum
2677 5401 2801 5444 ante
2832 5401 2886 5444 te
2919 5391 3016 5444 ⁵⁸..
3063 5390 3238 5444 Audis
3273 5401 3352 5451 ut,

1787 5505 1911 5544 cum
1944 5489 2155 5542 videret
2204 5486 2272 5540 ad
2321 5485 2647 5553 sapientiam
2693 5485 2902 5537 erudiri
2956 5498 3052 5539 eos
3096 5484 3188 5552 qui
3225 5499 3356 5552 par-

1789 5581 1901 5636 vuli
1927 5581 2058 5636 olim
2086 5589 2141 5636 et
2168 5579 2324 5635 stulti
2350 5584 2529 5645 erant,
2555 5579 2790 5649 gaudeat
2815 5580 3060 5650 quidem,
3087 5587 3141 5635 et
3167 5576 3354 5634 exsul-
