3998 6318
578 329 686 388 579

1575 320 1632 386 's.
1674 328 1949 386 CYRILLI
1971 326 2453 385 ALEXANDR-INI
2486 334 2804 391 AltClllEP.

3731 337 3838 393 380

579 455 661 503 tet
687 461 788 519 per
820 442 1112 517 Spiritum,
1141 453 1196 501 et
1239 444 1452 516 gratias
1488 442 1897 515 quodammodo
1925 457 2025 512 pro
2057 457 2158 497 no-

2263 441 2341 494 ότι
2367 445 2487 497 τότε
2521 447 2549 498 ό
2596 445 2802 516 Ἰησοῦς
2843 445 3220 514 ἠγαλλιάσατο
3267 445 3344 516 τῷ
3392 448 3691 519 Πνεύματι,
3739 452 3831 504 καὶ

579 540 668 597 bis
691 549 813 611 agat
845 538 1094 594 servanti
1121 537 1314 593 Patri?
1348 537 1490 604 Quin
1522 545 1576 592 et
1616 553 1741 592 cum
1777 536 2154 590 Samaritano-

581 644 701 684 rum
735 628 1009 699 regionem
1043 636 1396 698 peragraret,
1433 643 1497 682 ac
1531 627 1599 683 de
1637 627 1722 680 via
1772 627 1954 683 lassus
1987 633 2154 692 esset,

580 725 641 772 ut
668 717 936 786 scriptum
963 727 1049 772 est
1070 718 1137 782 ἰ,
1164 719 1230 772 ad
1267 725 1488 788 puteum
1511 716 1682 771 Jacoh
1712 715 1886 781 sedit;
1919 729 2153 784 cumque

580 809 904 863 muliercula
934 810 985 864 ei
1019 809 1316 864 obtulisset
1363 809 1508 863 unde
1557 823 1758 878 aquam
1793 807 2059 871 hauriret,
2101 812 2156 861 et

579 900 843 954 salutaria
869 900 920 955 ei
969 902 1188 955 locutus
1220 909 1328 964 est,
1358 908 1412 954 et
1459 900 1932 954 Samaritanorum
1961 897 2155 951 multi-

578 991 768 1046 tudine
795 1002 1133 1063 exspectata,
1163 992 1478 1048 necessario
1515 1007 1736 1062 quoque
1764 991 1888 1046 cibo
1918 1005 1977 1046 se
2007 989 2154 1044 frau-

547 1081 753 1136 .davit.
806 1081 948 1148 Quid
997 1084 1144 1138 enim
1195 1082 1264 1136 ad
1314 1082 1622 1150 discipulos
1667 1095 1799 1137 suos
1855 1080 2016 1144 dixit,
2057 1079 2154 1149 qui

580 1183 644 1229 ut
682 1175 805 1230 cibo
836 1191 1038 1246 corpus
1073 1175 1327 1230 reticeret
1356 1190 1482 1230 eum
1511 1174 1914 1228 hortabantur?
1952 1191 1970 1223 ι
2005 1170 2156 1228 Meus

581 1268 742 1322 cibus
775 1274 861 1322 est
888 1275 947 1320 ut
990 1267 1187 1322 faciam
1219 1267 1560 1321 voluntatem
1605 1267 1774 1337 886
1813 1265 1992 1319 Patris
2026 1264 2152 1330 mei,

582 1368 636 1413 et
662 1357 945 1428 perﬁciam
976 1359 1100 1429 ejus
1131 1374 1270 1430 opus
1304 1360 1372 1413 ⁵⁵.
1408 1378 1426 1411 ι
1464 1358 1656 1414 Nonne
1701 1359 1866 1429 igitur
1898 1357 1983 1412 vel
2026 1355 2156 1410 hinc

581 1450 798 1520 patebit
824 1450 1053 1508 delicias
1075 1453 1127 1508 ei
1151 1459 1206 1508 et
1236 1453 1493 1524 gaudium
1524 1451 1720 1518 fuisse,
1748 1450 1930 1505 Patris
1960 1450 2156 1505 volun-

579 1548 751 1596 tatem
803 1543 1126 1615 adimplere,
1175 1546 1280 1602 hoc
1323 1553 1430 1610 est,
1480 1560 1576 1601 eos
1626 1545 1721 1615 qui
1761 1545 2036 1615 perierant
2087 1541 2154 1596 ad

485 1649 488 1652 ‘
581 1634 818 1689 salutem
854 1637 1158 1692 revocare?
1188 1636 1424 1691 Dubium
1457 1637 1511 1690 id
1547 1644 1696 1691 certe
1741 1651 1851 1688 non
1879 1642 1984 1690 est.
2029 1631 2156 1686 Hinc

578 1723 749 1795 igitur
778 1727 987 1792 omnia,
1042 1729 1243 1797 inquit,
1281 1728 1500 1782 locutus
1545 1742 1666 1782 sum
1699 1726 1878 1790 vobis,
1930 1735 1988 1779 ut
2018 1738 2148 1795 gau-

2263 531 2452 588 εἶπεν⁸
2492 557 2517 588 ι.
2568 537 3029 609 Ἐξομολογοῦμαί
3079 556 3201 602 σοι,
3249 539 3469 610 Πάτερ,
3520 541 3695 611 Κύριε
3739 541 3831 594 τοῦ

2257 627 2488 698 οὐρανοῦ
2539 630 2633 682 καὶ
2673 629 2774 698 τῆς
2811 631 2948 699 γῆς,
2996 630 3076 683 ὅτι
3123 629 3447 700 ἀπέκρυψας
3494 631 3668 684 ταῦτα
3724 632 3828 684 ἀπὸ

2263 720 2443 788 σοφῶν
2475 721 2566 772 καὶ
2612 721 2867 784 συνετῶν,
2897 722 2990 774 καὶ
3025 721 3378 790 ἀπεκάλυψας
3407 721 3545 775 αὒτά
3591 723 3823 792 νηπίοις.

2257 811 2384 874 Ναὶ,
2414 813 2441 864 ὁ
2463 812 2672 883 Πατὴρ,
2702 813 2782 866 ὅτι
2814 812 2985 876 οὕτως
3012 813 3230 866 εὐδοκία
3267 813 3482 882 ἐγένετο
3517 813 3844 884 ἔμπροσθέν

2258 916 2372 952 σου.
2413 919 2431 951 ι
2476 901 2718 964 Ἀκούεις
2745 945 2758 964 ,
2811 904 2894 956 ὅτι
2947 903 3178 974 ἐπείπερ
3227 902 3416 957 ἐθεᾶτο
3460 905 3826 974 σοφουμένους

2253 992 2378 1055 τοὺς
2405 993 2632 1062 νηπίους
2683 1012 2744 1047 τε
2791 995 2950 1058 ὄντας
3002 995 3098 1048 καὶ
3144 997 3406 1066 ἀνοήτους
3453 997 3604 1059 ποτὲ,
3645 996 3827 1066 χαίρει

2258 1084 2357 1152 μὲν
2403 1085 2494 1138 καὶ
2535 1086 2858 1154 ἀγαλλιᾶται
2897 1087 2984 1141 διὰ
3037 1087 3130 1141 τοῦ
3178 1087 3530 1159 Πνεύματος,
3575 1089 3737 1159 χάριν
3765 1088 3824 1140 δὲ

2255 1174 2443 1247 ὥσπερ
2472 1177 2612 1248 ὑπὲρ
2649 1178 2804 1249 ἡμῶν
2842 1180 3086 1232 ἀνατιθεῖ
3121 1179 3200 1250 τῷ
3245 1180 3567 1245 διασώζοντι
3612 1182 3823 1250 Πατρί;

2268 1267 2426 1321 Ἀλλά
2470 1270 2566 1322 καὶ
2611 1270 2698 1323 ὅτε
2739 1270 2836 1341 τὴν
2883 1269 2992 1324 τῶν
3027 1271 3392 1344 ,Σαμαρειτῶν
3420 1271 3585 1324 διέθει
3617 1269 3826 1340 χώραν,

2254 1361 2502 1430 κέκμηκε
2555 1361 2612 1414 δὲ
2665 1363 2730 1415 ἐκ
2776 1363 2876 1433 τῆς
2905 1363 3244 1433 ὁδοιπορίας,
3297 1362 3442 1415 καθά
3490 1361 3824 1432 γέγραπται.

2255 1452 2545 1517 ἐκαθέζετο
2583 1454 2677 1509 ἐπὶ
2720 1456 2786 1525 τῇ
2823 1457 2974 1525 πηγῇ
3016 1454 3110 1508 τοῦ
3167 1453 3383 1507 Ἰακώϐ.
3426 1453 3648 1523 Ἐπειδὴ
3687 1452 3744 1505 δέ
3771 1453 3832 1504 τὸ

2253 1543 2474 1610 γύναιον
2531 1543 2682 1614 αὐτῷ
2761 1545 3123 1615 προσεκόμιζε
3198 1545 3298 1616 τὴν
3355 1542 3449 1597 τοῦ
3518 1541 3830 1614 ἀρύσασθαι

2255 1633 2465 1705 χρείαν,
2490 1634 2864 1706 προσελάλησέ
2891 1653 2950 1688 τε
2987 1634 3139 1707 αὐτῷ
3163 1635 3232 1688 τὰ
3259 1635 3470 1698 εἰκότα,
3509 1633 3602 1686 καὶ
3649 1634 3834 1703 Σαμα-

2260 1721 2452 1791 ρειτῶν
2480 1721 2636 1790 ὄχλον
2665 1721 2866 1791 ἥξοντα
2903 1722 3270 1792 προσεδόκησε
3304 1722 3399 1774 καὶ
3428 1721 3636 1792 τροφῆς
3665 1722 3836 1786 ἀναγ-

577 1815 730 1872 dium
763 1833 944 1876 meum
977 1820 1049 1874 sit
1071 1820 1125 1874 in
1150 1819 1327 1883 vobis,
1353 1818 1407 1872 id
1440 1825 1544 1882 est,
1578 1826 1638 1876 ut
1666 1817 1736 1872 ob
1763 1817 1855 1870 illa
1886 1816 2152 1869 duntaxat

2260 1812 2420 1876 καίας
2450 1812 2726 1883 ἀλογήσας
2776 1813 3046 1882 φαίνεται.
3097 1813 3161 1866 Τί
3205 1813 3313 1882 γάρ
3358 1813 3464 1882 ἔφη
3511 1813 3649 1882 πρὸς
3707 1813 3836 1873 τοὺς

578 1907 753 1964 laetari
792 1912 993 1977 velitis,
1024 1912 1226 1980 quibus
1260 1910 1474 1981 gaudeo
1503 1923 1632 1978 ego,
1667 1916 1723 1962 ut
1749 1909 1815 1962 ad
1851 1906 2155 1962 certamina

579 1998 754 2053 fortes
793 2000 1131 2066 eﬂiciamini,
1177 2010 1228 2056 et
1271 2016 1368 2072 spe
1416 1999 1812 2055 salvandorum
1865 1999 2153 2052 hominum

578 2095 890 2164 praecincti,
933 2095 1062 2151 licet
1093 2096 1301 2165 aliquid
1345 2095 1554 2150 idcirco
1585 2095 1697 2164 pati
1738 2093 2044 2161 contingat,
2087 2105 2157 2145 ne

578 2185 822 2238 animum
852 2186 1153 2255 dejiciatis,
1185 2201 1374 2240 verum
1407 2193 1564 2239 tanto
1615 2192 1749 2238 tunc
1797 2182 1972 2252 magis
2018 2197 2159 2252 gau-

579 2276 780 2343 deatis,
832 2277 962 2348 quia
995 2293 1092 2347 per
1120 2293 1220 2333 vos
1268 2277 1529 2346 impletur
1577 2276 1835 2330 voluntas
1887 2274 2006 2343 ejus
2061 2273 2156 2342 qui

577 2367 700 2421 vult
731 2382 925 2424 omnes
955 2368 1208 2424 homines
1241 2369 1426 2424 salvos
1456 2366 1596 2432 ﬂeri,
1628 2373 1684 2421 et
1713 2367 1783 2419 ad
1818 2365 2156 2436 agnitionem

577 2458 831 2514 veritatis
863 2460 1052 2516 venire
1080 2461 1147 2516 ".
1171 2445 1411 2516 Gavisus
1441 2460 1586 2514 enim
1620 2473 1748 2514 sum
1783 2457 1855 2512 ob
1889 2457 2005 2512 hac
2029 2470 2154 2526 ego,

577 2555 634 2603 et
682 2549 840 2618 longe
880 2548 1250 2605 suavissimos
1285 2547 1510 2602 labores
1565 2545 1722 2600 duxi.
1787 2543 1925 2599 Cum
1999 2555 2154 2611 ergo,

578 2639 780 2708 inquit,
804 2638 1064 2708 gaudium
1095 2639 1301 2694 habere
1331 2637 1646 2699 volueritis,
1677 2634 1826 2706 quod
1856 2633 1987 2688 mihi
2019 2647 2153 2687 con-

575 2731 765 2786 venire
813 2732 1027 2801 putavi,
1080 2740 1212 2786 tunc
1264 2730 1570 2802 perfectum
1632 2729 1768 2784 illud
1819 2744 1885 2783 ac
1917 2727 2154 2782 solidum

576 2823 716 2878 estis
749 2823 1017 2879 habituri.
1057 2822 1368 2880 Perfectum
1399 2822 1548 2878 enim
1591 2829 1740 2875 certe
1778 2829 1833 2874 et
1861 2819 2154 2874 abundan-

529 2904 536 2913 ’
577 2913 855 2968 tissimum
905 2928 1034 2969 esse
1095 2914 1360 2984 gaudium
1417 2912 1552 2966 illud
1603 2921 1858 2981 putamus
1901 2911 2048 2980 quod
2098 2911 2155 2966 in

578 3001 693 3058 Deo
725 3011 832 3068 est,
867 3012 923 3060 et
963 3012 1191 3075 pmpter
1238 3003 1432 3068 Deum,
1465 3012 1522 3060 et
1553 3005 1622 3059 de
1662 3003 1824 3058 bonis
1869 3002 2152 3073 operibus,

578 3104 808 3163 propter
867 3110 1020 3164 spem
1079 3095 1294 3148 ﬁrmam
1343 3102 1398 3149 et
1447 3093 1871 3157 inconcussam,
1922 3100 1979 3148 et
2022 3093 2150 3162 quia
2183 3123 2226 3180 ο

578 3187 648 3240 de
684 3187 754 3240 iis
779 3185 985 3254 quibus
1014 3200 1114 3256 par
1142 3193 1227 3239 est
1258 3201 1366 3239 non
1399 3187 1576 3240 solum
1609 3201 1730 3250 nos,
1767 3185 1859 3240 sed
1889 3196 1942 3240 et
1969 3185 2152 3255 ipsum

578 3273 768 3332 Iesum
814 3276 986 3330 laetari
1018 3277 1244 3346 contigit
1277 3297 1291 3331 :
1321 3277 1711 3347 imperfectum
1755 3292 1886 3332 vero
1922 3277 2157 3331 tnuuda«

579 3383 712 3422 num
752 3367 1011 3437 gaudium
1046 3368 1182 3422 illud
1226 3368 1551 3430 asserimus,
1583 3383 1706 3422 cum
1758 3375 1982 3437 propter
2020 3367 2157 3421 levi-

579 3464 748 3512 tatem
777 3468 832 3513 et
852 3459 1300 3524 inconstantiam,
1331 3467 1446 3512 tum
1467 3457 1615 3528 quod
1637 3459 1708 3513 ob
1731 3474 1794 3513 ca
1819 3475 1940 3529 quae
1971 3458 2155 3513 minus

577 3549 738 3604 decet
789 3558 1106 3619 peragatur,
1154 3551 1209 3606 id
1254 3558 1341 3606 est
1375 3551 1448 3605 ob
1507 3565 1596 3605 res
1636 3536 1986 3613 'mundanas,
2036 3565 2158 3620 quas

580 3640 1028 3711 phantasmatum
1081 3650 1132 3697 et
1184 3643 1393 3697 umbrae
1437 3642 1614 3699 instar
1654 3643 1919 3697 avolant:
1964 3658 2157 3712 quem-

579 3732 873 3787 admodum
919 3732 1226 3802 perfectum
1278 3734 1464 3788 odium
1514 3749 1639 3789 esse
1695 3735 1954 3799 dicimus,
2009 3733 2158 3804 quod

585 3831 736 3877 recte
770 3832 824 3878 et
846 3823 997 3892 juste
1033 3824 1104 3878 ob
1129 3824 1428 3879 nonnullas
1464 3839 1551 3878 res
1578 3839 1609 3877 a
1643 3825 1804 3879 nobis
1830 3825 2156 3893 suscipitur.

585 3912 760 3969 Sicuti
808 3929 1004 3984 nempe
1037 3914 1231 3970 beatus
1265 3916 1358 3969 ille
1406 3913 1582 3969 David
1626 3915 1695 3970 de
1734 3916 1802 3970 iis
1835 3917 1925 3986 qui
1969 3917 2158 3986 gloriae

581 4004 680 4061 Dei
710 4013 1018 4077 repugnant
1044 4006 1155 4060 ait:
1178 4026 1197 4059 ι
1222 4005 1474 4062 Perfecto
1497 4006 1628 4062 odio
1647 4007 1871 4063 oderam
1896 4009 2080 4065 illos"
2102 4027 2151 4076 ς»

585 4095 881 4166 perfectam
914 4113 1044 4153 vero
1094 4098 1472 4162 dilectionem,
1513 4115 1635 4168 qua!
1687 4099 1796 4156 Deo
1840 4109 1984 4156 totos
2017 4117 2157 4157 con-

579 4188 771 4258 jungit
813 4205 908 4245 eos
941 4189 1035 4260 qui
1073 4189 1224 4244 illam
1259 4191 1614 4261 susceperint
1659 4192 1716 4246 in
1769 4191 1880 4248 Deo
1927 4203 1984 4248 et
2037 4209 2160 4264 pro-

585 4287 706 4349 pter
734 4279 943 4348 Deum,
989 4296 1099 4338 non
1147 4290 1333 4338 autem
1373 4297 1491 4337 eam
1546 4299 1670 4353 quae
1714 4283 1773 4340 in
1815 4288 2054 4342 terrenis
2095 4301 2158 4341 ac

585 4373 741 4426 nihili
778 4375 943 4430 rebus
972 4382 1245 4430 versatur.

2260 1903 2530 1974 μαθητὰς,
2553 1905 2867 1974 ἐδεσμάτων
2901 1904 3048 1974 αὐτῷ
3081 1904 3404 1976 μεταλαϐεῖν
3431 1903 3833 1974 συμϐουλεύον-

2255 2014 2392 2063 τας;
2432 2017 2449 2048 ι
2498 1996 2657 2064 Ἐμὸν
2686 1996 2881 2067 βρῶμά
2926 1999 3093 2059 ἐστιν,
3137 1999 3224 2050 ἵνα
3256 1997 3465 2066 ποιήσω
3505 1996 3566 2049 τὸ
3614 1995 3828 2066 θέλημα

2256 2087 2350 2141 τοῦ
2384 2089 2596 2160 Πατρός
2629 2106 2728 2159 μου
2753 2131 2768 2155 ,
2809 2090 2902 2142 καὶ
2937 2089 3208 2142 τελειώσω
3258 2088 3424 2142 αὐτοῦ
3471 2088 3531 2140 τὸ
3584 2087 3768 2158 ἔργον.
3807 2106 3826 2136 ι

2255 2174 2382 2251 Ἆρ’
2420 2176 2512 2234 οὖν
2551 2181 2846 2233 κάντεῦθεν
2896 2181 2995 2234 οὐκ
3045 2179 3110 2234 ἂν
3159 2180 3369 2248 γένοιτο
3416 2180 3705 2249 συμφανὲς
3752 2178 3832 2230 ὅτι

2256 2271 2468 2342 τρυφὴν
2516 2273 2751 2325 ἐποιεῖτο
2783 2273 2878 2326 καὶ
2929 2271 3102 2342 χαράν
3138 2272 3246 2324 τῶν
3282 2270 3550 2342 πατρῴων
3591 2270 3836 2339 θελημά-

2257 2381 2363 2417 των
2387 2364 2488 2433 τὴν
2536 2363 2854 2434 πλήρωσιν,
2889 2363 3034 2416 τοῦτ’
3069 2363 3220 2428 ἔστι,
3268 2363 3366 2434 τὴν
3416 2365 3495 2426 είς
3553 2363 3833 2433 σωτηρίαν

2256 2453 2568 2525 ἀναδρομὴν
2600 2454 2707 2507 τῶν
2744 2456 2822 2518 είς
2853 2455 3132 2509 ἀπώλειαν
3175 2455 3644 2525 διωλισθηκότων;
3692 2455 3834 2506 Ἀλλ’

2258 2546 2405 2600 ἐστιν
2455 2546 2554 2600 οὐκ
2596 2544 2920 2616 ἀμφίλογον.
2954 2545 3140 2599 Ταῦτα
3197 2546 3376 2599 τοίνυν
3415 2546 3637 2610 πάντα,
3677 2547 3835 2615 φησὶ,

2256 2638 2558 2708 διείλεγμαι
2582 2639 2719 2710 πρὸς
2742 2639 2907 2710 ὑμᾶς,
2946 2640 3035 2692 ἵνα
3064 2641 3097 2709 ἡ
3128 2638 3274 2709 χαρὰ
3304 2639 3336 2707 ἡ
3364 2638 3471 2707 ὲμή
3499 2639 3556 2690 ἐν
3588 2638 3724 2706 ὑμῖν
3820 2656 3834 2668 ’

2255 2728 2402 2782 τοῦτ’
2437 2729 2606 2796 ἐστιν,
2647 2730 2737 2783 ἴνα
2777 2730 2862 2784 ἐπ’
2890 2729 3122 2792 ἐκείνοις
3162 2728 3383 2798 ἐθέλητε
3421 2727 3839 2797 διευθυμεῖσθαι

2259 2821 2444 2890 μόνοις
2469 2863 2484 2888 ,
2525 2821 2611 2890 ἐφ’
2637 2817 2832 2891 οἷσπερ
2868 2819 3022 2888 κάγὼ
3044 2861 3058 2884 ,
3111 2820 3198 2874 ἵνα
3236 2819 3371 2888 πρὸς
3398 2819 3621 2886 ἀγῶνας
3650 2818 3840 2887 ἀνδρί-

2259 2915 2425 2984 σησθε
2450 2953 2465 2978 ,
2515 2913 2610 2968 καὶ
2643 2911 2741 2983 τὴν
2787 2913 2881 2964 ἐπὶ
2913 2915 3025 2975 τοῖς
3069 2911 3398 2982 σωζομένοις
3444 2910 3645 2964 ἐλπίδα
3683 2926 3842 2979 περι⁹

2258 3007 2588 3076 ζωσάμενοι,
2627 3005 2730 3058 κᾶν
2772 3022 2826 3057 τι
2853 3004 2943 3058 διὰ
2971 3002 3130 3056 τοῦτο
3176 3002 3450 3073 συμϐαίνῃ
3503 3001 3724 3067 παθεῖν,
3763 3000 3840 3071 μὴ

2261 3098 2398 3167 πρὸς
2436 3096 2664 3162 ἀκηδίας
2712 3096 2962 3166 ἀδρανεῖς
3003 3093 3386 3164 καταφέρησθε
3420 3092 3660 3162 μᾶλλον,
3715 3093 3840 3163 χαί·

2265 3207 2394 3262 ρητε
2439 3189 2496 3243 δὲ
2535 3189 2656 3243 τότε
2711 3187 3142 3258 πλουσιώτερον,
3176 3186 3406 3257 ἐπείπερ
3443 3185 3539 3240 καὶ
3582 3187 3651 3240 δι’
3683 3185 3844 3256 ὑμῶν

2259 3281 2670 3351 ἀναπληροῦται
2721 3280 2783 3333 τὸ
2835 3279 3045 3350 θέλημα
3089 3279 3183 3332 τοῦ
3236 3278 3448 3342 πάντας
3512 3277 3845 3348 ἀνθρώπους

2260 3372 2508 3434 θέλοντος
2545 3370 2846 3436 σώζεσθαι,
2889 3371 2985 3424 καὶ
3029 3371 3109 3434 είς
3137 3370 3430 3438 ἐπίγνωσιν
3463 3368 3724 3437 ἀληθείας
3753 3370 3847 3421 ὲλο

2261 3460 2395 3514 θεῖν.
2441 3461 2703 3530 Ἔχαιρον
2729 3458 2838 3530 γὰρ
2874 3459 2968 3512 ἐπὶ
2999 3458 3206 3523 τούτοις
3238 3457 3416 3526 κάγὼ,
3444 3458 3539 3512 καὶ
3571 3458 3695 3512 λίαν
3726 3459 3849 3529 ἠδί-

2262 3570 2420 3617 στους
2447 3551 2768 3622 ἐλογιζόμην
2806 3553 2931 3615 τοὺς
2981 3552 3199 3614 πόνους.
3241 3551 3411 3608 Ὅταν
3439 3549 3642 3614 τοίνυν,
3677 3551 3845 3620 φησὶ,

2259 3647 2516 3718 τοιαύτην
2566 3647 2765 3716 ἕλησθε
2805 3646 2949 3716 ἔχειν
2975 3644 3151 3716 χαρὰν
3177 3688 3191 3712 ,
3235 3645 3303 3716 ἢν
3334 3643 3556 3715 ἐμαυτῷ
3602 3644 3848 3714 πρέπειν

2259 3733 2614 3809 ἐλογισάμην,
2646 3739 2765 3791 τότε
2800 3737 3011 3793 τελείαν
3051 3737 3221 3806 αὐτὴν
3254 3736 3404 3802 ἕξετε
3427 3776 3444 3802 ,
3477 3736 3570 3789 καὶ
3612 3735 3847 3805 ὁλόκλη-

2263 3848 2375 3902 ρον.
2431 3830 2819 3900 Πληρεστάτην
2871 3829 2981 3900 γάρ
3044 3828 3213 3892 ὅντως
3267 3828 3361 3882 καὶ
3424 3827 3635 3880 τελείαν
3691 3822 3846 3880 εἶναι

2261 3921 2434 3993 χαράν
2471 3920 2817 3991 λογιζόμεθα,
2855 3920 2954 3991 τὴν
3003 3922 3060 3973 ἐν
3089 3919 3242 3991 Θεῷ,
3278 3920 3372 3973 καὶ⁵
3416 3919 3505 3971 διά
3541 3916 3672 3970 Θεὸν
3694 3958 3712 3979 ,
3749 3917 3850 3969 καὶ

2261 4013 2348 4066 ἐπ’
2380 4013 2562 4084 ἔργοις
2602 4011 2850 4082 ἀγαθοῖς,
2881 4010 2969 4064 διά
3015 4010 3080 4064 τὸ
3107 4010 3376 4080 πεπηγὸς,
3410 4009 3504 4062 καὶ
3543 4006 3848 4077 ἀκλόνητον

2261 4106 2360 4176 τῆς
2388 4105 2602 4169 ἐλπίδος
2626 4121 2640 4136 °
2677 4104 2772 4156 καὶ
2800 4105 2882 4156 ὅτι
2908 4102 3130 4171 γέγονεν
3155 4141 3170 4165 ,
3201 4102 3285 4171 ἐφ’
3314 4094 3396 4164 οἷς
3425 4095 3490 4171 ἧν
3519 4098 3684 4161 εἰκὸς,
3717 4098 3849 4167 οὐχὶ

2266 4200 2460 4269 μόνους
2492 4197 2658 4268 ἡμᾶς,
2693 4194 2833 4250 ἀλλά
2859 4195 2953 4247 καὶ
2981 4193 3144 4247 αὐτὸν
3171 4193 3406 4264 ἡσθῆναι
3448 4193 3539 4244 τὸν
3575 4189 3802 4260 Ἰησοῦν
3830 4207 3846 4221 ·

2262 4289 2426 4360 ἀτελῆ
2457 4289 2514 4342 δὲ
2539 4287 2714 4359 χαρὰν
2739 4287 2838 4356 τὴν
2876 4288 2932 4338 ἐν
2957 4285 3148 4355 κόσμῳ
3169 4283 3368 4354 φαμὲν,
3394 4282 3482 4335 διά
3509 4297 3565 4333 τε
3588 4279 3848 4348 εὐπαρά-

2266 4399 2451 4454 φορον,
2494 4378 2675 4432 καὶτὸ
2707 4378 2790 4446 ἐφ’
2821 4371 2901 4437 οἷς
2935 4376 3134 4446 ἥκιστα
3179 4376 3315 4442 χρῆν
3345 4371 3668 4441 τελουμένην
3698 4369 3848 4439 ὁρᾶ-

587 4462 733 4528 σθαι,
765 4463 908 4518 τοῦτ’
972 4464 1108 4532 ἔστι,
1170 4469 1460 4539 πράγμασι
1517 4471 1822 4537 κοσμικοῖς.
1879 4468 1918 4523 ἃ
1977 4479 2380 4550 φαντασμάτων
2433 4473 2530 4526 καὶ
2588 4471 2746 4532 σκιᾶς
2808 4469 3091 4535 ἐξίπταται
3152 4467 3340 4536 δίκην·
3388 4465 3572 4534 ὥσπερ
3627 4462 3850 4515 τέλειον

588 4559 744 4628 μίσος
767 4551 905 4610 εἶναί
932 4574 1132 4627 φαμεν,
1159 4558 1222 4611 τὸ
1247 4559 1471 4621 δικαίως
1506 4576 1565 4611 τε
1599 4560 1692 4612 καὶ
1721 4559 1894 4630 ὀρθῶς
1931 4564 2022 4617 ἐπί
2059 4584 2166 4622 τισι
2199 4571 2327 4640 παρ’
2351 4566 2506 4638 ἡμῶν
2529 4564 2829 4632 γινόμενον.
2866 4562 3074 4632 ’Ὠσπερ
3101 4556 3194 4614 οὖν
3231 4559 3420 4630 ἀμέλει
3454 4559 3544 4612 καὶ
3589 4559 3616 4610 ό
3649 4558 3847 4626 μακά·

587 4667 702 4722 ριος
755 4649 951 4716 Δαὸὶδ,
998 4651 1266 4720 περὶτῶν
1298 4652 1709 4721 ἀνθεστηκότων
1768 4657 1833 4724 τῇ
1897 4656 2019 4728 δόξῃ
2084 4649 2178 4715 τοῦ
2224 4661 2359 4716 Θεοῦ
2395 4675 2527 4728 φησι
2553 4675 2566 4689 ο
2611 4676 2628 4708 ι
2672 4656 2884 4709 Τέλειον
2927 4657 3080 4724 μῖσος
3119 4653 3344 4724 ἐμίσουν
3402 4650 3618 4713 αὐτούς·
3654 4669 3670 4700 ι
3746 4667 3847 4703 τε-

580 4745 732 4800 λείαν
767 4745 825 4800 δὲ
867 4745 1108 4816 ἀγάπην,
1146 4745 1246 4813 τὴν
1290 4745 1596 4814 ὁλοκλήρως
1623 4747 1942 4802 ἀνακεῖσθαι
1991 4751 2108 4824 Θεῷ
2139 4749 2665 4826 παρασκευάζουσαν
2711 4751 2836 4812 τοὺς
2871 4748 3090 4812 ἑλόντας
3138 4747 3306 4818 αὐτὴν
3356 4747 3414 4800 ἐν
3452 4745 3570 4816 Θεῷ
3612 4745 3708 4798 καὶ
3746 4745 3846 4800 διὰ

581 4837 749 4901 Θεδν,
803 4835 865 4889 οὐ
919 4834 1018 4906 τὴν
1067 4835 1159 4888 ἐπί
1204 4850 1345 4888 τισιν
1392 4836 1691 4902 ἐπιγείοις,
1763 4839 1856 4891 καὶ
1898 4839 2058 4911 λόγου
2096 4845 2322 4916 μηδενὸς
2347 4842 2518 4908 ἀξίοις
2549 4841 2886 4913 πράγμασιν.

655 4971 774 5037 XV,
829 4972 934 5038 12,
977 4973 1066 5027 15.
1113 4970 1228 5024 Hoc
1265 4979 1685 5041 estpra'cepmm
1726 4990 1920 5038 meum,
1955 4986 2010 5028 ut
2035 4976 2160 5030 dili-
2193 4940 2235 4994 Β

583 5066 724 5135 gulis
766 5065 1009 5126 invicem,
1041 5064 1179 5117 sicut
1209 5061 1376 5117 dilexi
1413 5079 1526 5118 vos.
1575 5063 1836 5134 Majorem
1882 5065 1981 5117 hac
2027 5064 2163 5119 dile-

2333 4977 2495 5044 Αὕτη
2542 4975 2714 5030 ἐστὶν
2770 4977 2808 5044 ἡ
2857 4975 3077 5044 ἐντολὴ
3131 4977 3166 5043 ἡ
3205 4975 3318 5044 ἐμὴ
3344 5015 3358 5039 ,
3411 4976 3513 5028 ἵνα
3568 4972 3848 5043 ἀγαπᾶτε

2260 5066 2614 5134 ἀλλήλους,
2666 5066 2861 5132 καθὼς
2910 5068 3072 5137 κάγὼ
3125 5065 3412 5135 ἠγάπησα
3464 5065 3640 5135 ὑμᾶς.
3695 5069 3848 5120 Μεί-

585 5155 812 5208 ctionem
849 5170 998 5207 nemo
1027 5151 1202 5217 habet,
1233 5169 1391 5224 quam
1421 5161 1478 5206 ut
1526 5153 1764 5208 animam
1800 5170 1956 5207 suam
2000 5166 2158 5222 ponat

2261 5156 2399 5219 (ora
2428 5159 2653 5224 ταύτης
2682 5156 2929 5227 ἀγάπην
2977 5157 3178 5223 οὐδεὶς
3233 5157 3395 5227 ἔχει,
3443 5157 3544 5210 ἵνα
3594 5175 3684 5221 τις
3725 5158 3848 5225 τὴν·

583 5245 702 5315 quis
728 5260 825 5314 pro
857 5244 1042 5298 amicis
1073 5246 1206 5300 suis.

657 5375 892 5433 Sensum
926 5394 1115 5434 eorum
1139 5396 1260 5450 qua:
1286 5381 1441 5450 prius
1462 5380 1609 5434 dicta
1649 5387 1780 5434 sunt
1807 5377 2156 5435 manifestius

584 5469 674 5525 his
696 5471 878 5526 verbis
901 5472 1099 5541 aperit,
1123 5473 1226 5527 Itoc
1249 5480 1355 5534 est,
1389 5471 1589 5526 debere
1614 5469 1924 5541 discipulos
1951 5469 2159 5526 habere

585 5561 846 5632 gaudium
881 5561 1002 5632 ejus
1031 5561 1088 5616 in
1117 5561 1336 5632 seipsis.
1358 5559 1495 5632 Ego,
1521 5559 1721 5632 inquit,
1748 5561 1852 5617 hoc
1877 5559 2157 5632 principio,

2265 5246 2478 5316 ψυχὴν
2503 5247 2688 5301 αὑτοῦ
2718 5246 2815 5316 θῇ,
2850 5247 3000 5316 ὑπὲρ
3037 5245 3153 5301 τῶν
3183 5249 3378 5318 φίλων
3411 5247 3598 5302 αὑτοῦ

2350 5378 2799 5450 Ἑμφανεστέραν
2843 5380 2943 5452 ἤδη
2981 5381 3305 5452 καθίστησι,
3353 5379 3441 5434 διὰ
3491 5380 3593 5450 τῆς
3632 5380 3844 5433 τούτων

2264 5471 2561 5540 ἐπαγωγῆς
2586 5510 2600 5536 ,
2662 5470 2772 5524 τῶν
2831 5473 2929 5543 ἤδη
2985 5472 3396 5544 προειρημένων
3455 5471 3553 5542 τὴν
3584 5471 3841 5541 δύναμιν,

2267 5561 2408 5618 τοῦτ’
2442 5560 2597 5628 ἐστι,
2647 5561 2711 5616 τὸ
2765 5563 2960 5636 χρῆναι
3002 5565 3129 5629 τοὺς
3181 5564 3468 5638 μαθητὰς,
3525 5562 3626 5634 τὴν
3670 5562 3846 5618 αὐτοῦ

661 5743 708 5774 ³⁸
749 5740 908 5797 Joan.
950 5755 1024 5794 ιν.
1100 5740 1144 5772 ³⁵
1197 5737 1354 5796 Joau.
1390 5757 1541 5809 xxxi,
1573 5741 1664 5797 5i.
1743 5741 1788 5773 “
1843 5742 1862 5798 l
1905 5740 2044 5801 Tim.
2079 5763 2138 5814 ιι,

2316 5744 2358 5774 ⁵⁷
2401 5743 2543 5801 Psal.
2583 5760 2811 5814 cxxvm,
2843 5745 2934 5799 22.
