3998 6318
155 352 239 408 581
1184 357 1249 413 ΙΝ
1289 358 1572 417 JOANNIS
1605 361 1702 418 ΕΝ.

1803 364 2058 424 GELIUM
2106 367 2236 424 LIB.
2278 369 2345 424 Χ.

3286 375 3392 431 588

154 470 309 542 χαράν
349 467 487 538 ἔχειν
525 468 583 522 ἐν
622 470 855 534 ἐαυτοῖς.
925 473 1251 544 Ἀναφανδὺν
1295 479 1352 532 δέ
1406 496 1570 548 φησιν
1621 480 1701 534 ὅτι

1807 483 2000 538 ethoc
2036 485 2210 540 doceo
2271 485 2584 540 faciendum
2644 501 2708 542 ac
2767 488 3115 545 sentiendum
3169 491 3238 546 iis
3297 496 3388 564 qui

155 563 293 616 τοῦτο
337 559 647 632 ἐντέλλομαι
677 604 692 628 ,
746 563 838 617 καὶ
874 563 1031 618 τοῦτο
1066 566 1306 622 διδάσκω
1343 570 1478 642 δρᾷν
1520 587 1579 623 τε
1611 571 1704 624 καὶ

155 657 373 726 φρονεῖν,
403 655 528 718 τοὺς
553 655 787 711 ἔπεσθαι
831 657 943 711 δεῖν
984 659 1264 731 οἰομένους
1291 664 1435 732 ἐμοὶ,
1464 667 1702 718 τοιουτό-

153 758 333 817 τροπον
359 746 437 807 εἰς
462 745 727 817 ἀλλήλους
755 749 1061 821 ἐκμελετᾷν
1106 753 1206 823 τὴν
1235 754 1478 824 ἀγάπην,
1512 756 1704 810 ὁποίαν

152 837 251 906 ἐγὼ
313 837 518 906 φθάσας
561 839 928 911 ἐπεδειξάμην
984 844 1078 896 καὶ
1129 844 1492 915 πεπλήρωκα.
1545 848 1705 900 Ποῖον

152 926 232 982 οὖν
258 929 356 998 ἄρα
387 928 446 981 τὸ
473 929 670 1000 μέτρον
704 931 982 1003 θεωρήσαι
1011 952 1094 997 τις
1121 934 1187 988 ἂν
1219 938 1319 1006 τῆς
1347 938 1568 1008 ἀγάπης
1608 937 1704 992 τοῦ

152 1019 388 1090 Χριστοῦ,
420 1019 584 1073 πάλιν
634 1021 796 1086 αὐτὸς
825 1024 1100 1095 ὑπέφηνεν
1120 1067 1134 1091 ,
1188 1027 1392 1094 εἰπὼν,
1427 1029 1488 1082 τὸ
1521 1029 1740 1099 μεῖζον“’

153 1106 274 1162 εἶναι
331 1108 494 1179 μηδὲν
552 1113 651 1182 τῆς
703 1112 955 1184 τοιαύτης
1003 1116 1265 1187 ἀγάπης,
1317 1119 1352 1189 ἢ
1397 1120 1492 1172 καὶ
1534 1121 1704 1192 αὐτὴν

155 1198 394 1268 προέσθαι
434 1198 536 1270 τὴν
575 1200 752 1271 ψυχὴν
785 1203 923 1273 ὑπὲρ
961 1205 1069 1259 τῶν
1101 1209 1485 1278 ἀγαπωμένων
1517 1212 1704 1265 διακε-

151 1291 365 1344 λεύεται.
408 1290 506 1346 Ἐκ
560 1293 624 1364 δὴ
675 1295 882 1350 τούτων
939 1299 1194 1353 ἀπάντων
1251 1303 1534 1374 μονονουχὶ
1591 1306 1704 1367 τοῖς

156 1384 287 1448 ἰδίοις
307 1384 678 1440 διακελεύεται
716 1388 1006 1459 μαθηταῖς,
1037 1393 1118 1446 ὅτι
1149 1395 1418 1464 προσήκει
1451 1394 1704 1448 τοσοῦτον

152 1474 426 1543 ἀφεστάναι
452 1475 548 1528 τοῦ
576 1476 806 1531 δεδιέναι
843 1479 1018 1547 φιλεῖν
1063 1481 1189 1544 τοὺς
1221 1480 1362 1550 ὑπὲρ
1393 1481 1501 1534 τῶν
1538 1479 1705 1544 σωζο-

151 1565 310 1637 μένων
339 1566 578 1634 ἀγῶνας,
607 1569 701 1621 καὶ
731 1569 893 1623 αύτὺν
923 1571 1248 1634 ἀοκνότατα,
1282 1572 1378 1624 καὶ
1417 1571 1535 1625 λίαν
1567 1571 1704 1624 ἐτοί-

151 1676 254 1729 μως
275 1656 411 1729 ἔχειν
441 1660 748 1732 ὑποστῆναι
792 1661 885 1716 τὸν
910 1665 1009 1731 τῆς
1041 1663 1243 1735 σαρκὸς
1271 1663 1522 1718 θάνατον.
1551 1662 1702 1716 Καθ·

151 1749 279 1802 ίκετο
326 1749 433 1821 γὰρ
492 1752 586 1805 καὶ
640 1752 802 1822 μέχρι
855 1753 1008 1806 τοῦδε
1053 1753 1147 1807 τοῦ
1201 1755 1404 1825 μέτρου
1461 1756 1562 1824 τῆς
1607 1754 1700 1807 τοῦ

146 1841 373 1913 Σωτῆρος
417 1841 580 1912 ήμῶν
641 1842 864 1914 ἀγάπης
915 1846 948 1914 ή
1005 1845 1254 1915 δύναμις.
1307 1847 1380 1898 Τὸ
1429 1846 1486 1900 δέ
1531 1846 1702 1900 ταῦτα

145 1933 306 2002 λέγειν
333 1931 520 2005 ἕτερὸν
571 1931 640 2006 ἦν
689 1935 924 2008 δρῶντος
969 1937 1161 2000 οὐδὲν,
1205 1937 1238 2010 ἢ
1286 1937 1701 2008 παραθήσοντος

145 2023 260 2098 [ισ.
288 2026 697 2098 παραθήγοντος
723 2027 742 2099 ]
786 2029 886 2098 μὲν
918 2031 998 2092 είς
1044 2030 1302 2101 ὑπερφυᾶ
1331 2047 1390 2082 τε
1424 2030 1520 2083 καὶ
1563 2029 1704 2094 ἐξαί-

145 2134 286 2188 ρετον
337 2119 584 2190 ἀνδρείαν
640 2121 765 2184 τοὺς
826 2119 1110 2191 μαθητὰς,
1173 2120 1604 2184 διανιστάνοντος
1646 2120 1704 2173 δὲ

145 2211 252 2263 λίαν
279 2212 354 2273 είς
377 2210 760 2280 ἀκμαιοτάτην
792 2211 1166 2280 φιλαδελφίαν,
1208 2214 1302 2265 καὶ
1336 2212 1595 2283 φρόνημα
1638 2211 1701 2266 τὸ

145 2301 372 2354 νεανικὸν
407 2302 506 2354 καὶ
543 2303 792 2372 φιλόθεον
822 2302 1282 2372 ἐγχαλκεύοντος,
1321 2303 1417 2356 καὶ
1460 2305 1540 2367 είς
1570 2303 1705 2373 ἀμα-

145 2393 228 2463 χόν
254 2411 387 2457 τινα,
419 2394 518 2448 καὶ
551 2395 993 2463 ἀκαταγώνιστον
1038 2396 1342 2466 ἐγείροντος
1371 2395 1700 2466 προθυμίαν,

145 2487 216 2548 είς
239 2486 297 2539 τὸ
327 2487 506 2540 πάντα
538 2487 837 2559 κατορθοῦν
869 2487 1181 2554 ἐπείγεσθαι
1208 2487 1424 2557 γοργῶς
1449 2487 1520 2540 τά
1552 2486 1703 2557 αύτῷ

147 2576 541 2649 θυμηρέστατα.
576 2579 826 2633 Τοιοῦτον
860 2581 991 2650 ἡμῖν
1013 2578 1202 2632 ἐαυτὸν
1226 2578 1506 2632 ἐπεδείκνυ
1529 2577 1702 2648 λέγων

146 2669 172 2721 6
198 2669 391 2732 Παῦλος
421 2685 436 2700 ⁸
481 2690 500 2722 ι
553 2671 704 2741 Ἐμοὶ
764 2671 873 2742 γάρ
914 2672 974 2724 τὸ
1017 2673 1115 2744 ζῇν
1151 2673 1426 2746 Χριστὸς,
1488 2673 1583 2726 καὶ
1642 2672 1704 2726 τὸ

145 2759 415 2815 ἀποθανεῖν
710 2781 729 2813 ι
763 2765 873 2816 Καὶ
922 2764 1122 2817 πάλιν·
1164 2785 1182 2817 ι
1232 2765 1296 2818 Ἦ
1349 2765 1459 2836 γὰρ
1506 2764 1702 2834 ἀγάπη

145 2849 226 2903 τοῦ
251 2850 487 2922 Χριστοῦ
517 2851 733 2922 συνέχει
767 2853 916 2922 ἡμᾶς
959 2853 1252 2923 κρίναντας
1294 2853 1472 2918 τοῦτο,
1506 2853 1588 2908 ὅτι
1622 2847 1705 2916 εἷς

145 2942 271 3012 ὑπὲρ
296 2943 518 2996 πάντων
545 2943 820 2996 ἀπέθανεν
845 2960 857 2972 ·
887 2943 994 3013 ἄρα
1028 2945 1078 2997 οί
1119 2945 1318 3008 πάντες
1354 2944 1646 2998 ἀπέθανον.
1677 2963 1696 2996 ι

142 3034 242 3088 Καὶ
273 3036 402 3106 πρὸς
431 3035 647 3100 τούτοις
685 3035 766 3091 ἐτι
792 3052 806 3067 ο
845 3056 863 3087 ι
909 3037 1004 3102 Τίς
1034 3039 1179 3108 ἡμᾶς
1217 3037 1442 3108 χωρίσει
1471 3037 1577 3091 ἀπὸ
1604 3036 1702 3107 τῆς

1807 590 1893 630 me
1928 575 2084 645 sequi
2124 576 2444 644 statuerint,
2507 575 2668 630 talem
2725 579 2868 634 inter
2924 596 2983 636 se
3031 581 3389 638 dilectionem

1803 681 2084 734 exercere,
2125 669 2342 734 qualem
2377 683 2480 738 ego
2524 669 2682 738 prius
2741 671 2964 725 exhibui
3019 679 3072 727 et
3132 673 3384 742 implevi.

1806 754 2022 821 Quanta
2053 772 2186 812 vero
2216 757 2382 828 88³1
2411 758 2484 813 sit
2513 759 2830 816 dilectionis
2857 761 3084 818 Christi.
3105 779 3388 827 mensura,

1807 845 1924 914 ipse
1957 861 2155 902 rursus
2209 847 2567 917 signilicavit,
2619 848 2807 905 dicens
2858 851 2991 904 nihil
3041 867 3164 908 esse
3204 855 3388 922 majus

1805 952 1865 992 ea
1906 937 2206 992 dilectione
2241 954 2362 1008 quae
2405 940 2489 994 vel
2532 941 2772 995 animam
2817 942 2989 1011 ipsam
3041 959 3140 1013 pro
3197 946 3389 1000 amicis

1800 1026 1988 1096 julneat
2023 1025 2378 1096 profundere.
2409 1029 2488 1084 Ex
2522 1029 2611 1085 his
2635 1031 2912 1095 omnibus,
2943 1033 3060 1086 suis
3092 1047 3388 1103 propemo-

1806 1117 1933 1172 dum
1972 1119 2196 1172 mandat
2242 1121 2532 1191 discipulis
2561 1138 2735 1191 usque
2768 1122 2905 1176 adeo
2943 1138 3052 1178 non
3094 1140 3217 1179 esse
3271 1141 3389 1178 me-

1809 1211 2007 1265 tuenda
2039 1227 2138 1282 pro
2172 1213 2456 1269 salvandis
2493 1213 2810 1268 hominibus
2843 1215 3170 1278 certamina,
3217 1224 3275 1269 ut
3303 1217 3384 1270 vel

1805 1302 1980 1372 ipsam
2027 1304 2212 1359 carnis
2261 1312 2496 1361 mortem
2530 1313 2757 1361 strenue
2816 1315 2870 1362 et
2918 1307 3149 1376 impigre
3201 1308 3390 1362 subire

1785 1392 2196 1450 'detrectemus.
2231 1394 2310 1448 Eo
2336 1397 2483 1450 enim
2527 1395 2834 1452 Salvatoris
2870 1399 3045 1452 nostri
3072 1398 3388 1452 dilectionis

1803 1482 1888 1538 vis
1937 1486 2206 1554 pervenit.
2256 1485 2370 1541 Hoc
2420 1495 2606 1541 autem
2655 1488 2873 1552 dicere,
2929 1487 3080 1542 aliud
3120 1488 3252 1542 nihil
3307 1499 3391 1543 est

1803 1590 1967 1644 quam
2005 1576 2074 1630 ad
2123 1579 2604 1645 supernaluralem
2661 1586 2718 1633 et
2758 1578 3020 1632 eximiam
3071 1579 3238 1632 animi
3274 1581 3388 1632 vir-

1805 1675 1974 1721 tutem
2007 1682 2070 1721 ac
2124 1668 2428 1722 maximum
2488 1668 2722 1722 fratrum
2779 1684 3023 1722 amorem
3079 1669 3388 1739 discipulos

1803 1758 2074 1824 excitare,
2129 1759 2182 1812 in
2234 1760 2426 1828 eisque
2474 1776 2800 1829 generosum
2835 1775 2899 1814 ac
2940 1761 3088 1830 pium
3143 1762 3386 1816 animum

1805 1849 2031 1913 cudere,
2059 1858 2112 1902 et
2146 1849 2214 1902 ad
2286 1849 2555 1904 invictum
2614 1866 2678 1904 ac
2725 1850 3094 1918 insuperabile
3143 1849 3388 1905 studium

1805 1942 2039 2012 erigere,
2077 1941 2144 1996 ad
2181 1944 2367 1996 omnia
2407 1952 2660 2013 prompte
2705 1943 3012 2012 praestanda
3043 1957 3389 2012 quaecunque

1805 2035 1855 2088 ei
1889 2033 2222 2103 placuerint.
2259 2034 2445 2089 Talem
2493 2051 2552 2090 se
2609 2035 2772 2090 nobis
2813 2033 3022 2088 Paulus
3067 2033 3384 2098 exhibebat,

1804 2123 1994 2180 dicens
2026 2137 2042 2176 :
2092 2143 2110 2176 ι
2141 2125 2276 2178 Mihi
2309 2125 2455 2180 enim
2486 2127 2670 2180 vivere
2711 2125 2967 2180 Christus
3002 2134 3109 2188 est,
3145 2136 3201 2179 et
3246 2124 3387 2178 mori

1781 2217 2024 2270 lucrum
2054 2217 2132 2283 '3;
2175 2235 2193 2268 ι
2237 2226 2288 2272 et
2324 2233 2565 2274 rursus:
2621 2236 2639 2268 ι
2681 2217 2938 2274 Charitas
2989 2218 3136 2271 enim
3173 2216 3382 2270 Christi

1805 2315 1964 2376 urget
1993 2321 2118 2370 nos,
2146 2307 2487 2362 aestimantes
2529 2307 2658 2372 hoc,
2697 2309 2980 2378 quoniam,
3023 2307 3068 2362 si
3113 2321 3257 2360 unus
3288 2321 3387 2374 pro

1804 2397 2064 2452 omnibus
2096 2404 2352 2451 mortuus
2375 2405 2481 2463 est,
2513 2412 2646 2465 ergo
2674 2412 2868 2452 omnes
2894 2397 3097 2451 mortui
3124 2404 3254 2450 sunt
3281 2397 3380 2449 δ’.»

1804 2485 2073 2542 Praeterea
2109 2505 2122 2541 :
2172 2505 2191 2538 ι
2240 2486 2381 2553 Quis
2411 2503 2515 2542 nos
2551 2489 2832 2558 separabit
2858 2503 2887 2542 a
2923 2487 3198 2541 charitate
3225 2487 3388 2542 Ohri-

1806 2579 1912 2634 sti?
1948 2577 2280 2642 Tribulatio,
2315 2592 2383 2630 an
2424 2579 2702 2647 angustia,
2737 2593 2806 2632 an
2843 2579 3089 2644 nuditas,
3136 2593 3203 2632 an
3236 2581 3385 2647 peri-

1805 2669 2028 2733 culum,
2081 2683 2149 2720 an
2196 2668 2413 2737 gladius
2458 2669 2544 2720 ‘°?
2589 2687 2609 2719 ι
2665 2669 2840 2723 Audis
2891 2683 3001 2738 quo
3056 2677 3219 2739 pacto
3252 2668 3387 2721 nihil

1805 2773 1900 2812 cos
1932 2771 1962 2810 a
1995 2757 2203 2812 Christi
2244 2757 2540 2811 dilectione
2565 2757 2741 2827 possit
2777 2755 3070 2826 seiungere
3095 2756 3118 2808 ?
3148 2755 3301 2821 Quod
3339 2755 3388 2809 si

1807 2865 2000 2920 greges
2033 2860 2086 2904 et
2117 2864 2288 2920 agnos
2325 2849 2536 2903 Christi
2571 2863 2816 2918 pascere,
2853 2855 2939 2903 est
2969 2848 3148 2917 ipsum
3175 2860 3384 2909 amare,

1807 2943 2086 3012 quomodo
2113 2943 2629 2999 manifestissimum
2672 2957 2781 2996 non
2825 2943 2933 2998 erit
2965 2949 3142 2995 morte
3171 2947 3220 2993 et
3259 2954 3386 3009 per-

1807 3032 2192 3087 sccutionibus
2228 3033 2572 3102 superiorem
2605 3031 2746 3096 fore,
2783 3045 2979 3086 omnes
3006 3029 3246 3098 denique
3276 3043 3389 3082 an—

143 3127 345 3198 ἀγάπης
387 3127 489 3182 τοῦ
540 3128 812 3200 Χριστοῦ;
863 3128 1096 3199 Θλίψις,
1153 3129 1187 3200 ἢ
1239 3129 1614 3200 στενοχωρία,
1663 3127 1695 3199 ἢ

1803 3126 2016 3194 gustius
2064 3139 2166 3194 pro
2205 3125 2380 3180 nihilo
2431 3125 2742 3178 habiturum
2782 3139 2906 3178 eum
2954 3122 3048 3193 qui
3087 3123 3387 3179 salutarem

146 3213 322 3286 λιμὸς,
370 3217 403 3287 ἢ
459 3219 772 3288 γυμνότης,
825 3217 858 3289 ἢ
919 3218 1200 3284 κίνδυνος,
1259 3219 1292 3289 ἢ
1347 3220 1632 3290 μάχαιρα;
1677 3238 1695 3271 ι

157 3304 417 3373 Ἀκούεις,
470 3307 624 3370 ὅπως
670 3307 824 3361 οὐδὲν
868 3307 1005 3370 ὅλως
1055 3307 1197 3372 ἕξειν
1233 3309 1295 3361 τὸ
1343 3307 1701 3363 ἀντιστατοῦν

147 3396 522 3466 ἐπαγγέλλεται
549 3437 565 3461 ,
626 3398 794 3470 ἤγουν
849 3398 1163 3453 διακόπτειν
1225 3399 1406 3470 ἰσχύον
1459 3401 1561 3469 τῆς
1619 3399 1700 3462 είς

145 3489 359 3559 Χριστὸν
401 3491 630 3561 ἀγάπης
676 3489 912 3556 αύτούς;
965 3491 1028 3544 El
1075 3491 1132 3544 δὲ
1176 3491 1237 3544 τὸ
1291 3491 1603 3561 ποιμαίνειν
1633 3489 1703 3544 τὰ

148 3581 354 3651 ποίμνια
388 3583 485 3636 καὶ
547 3583 608 3636 τὸ
667 3583 886 3653 βόσκειν
951 3584 1020 3637 τά
1067 3584 1230 3655 ἀρνία
1287 3583 1382 3637 τοῦ
1439 3583 1702 3654 Χριστοῦ,

146 3673 286 3726 τοῦτο
310 3674 373 3729 ἂν
403 3674 492 3745 είη
533 3675 594 3728 τὸ
621 3676 842 3746 ἀγαπᾷν
887 3675 1069 3740 αὐτὸν,
1105 3675 1223 3739 πῶς
1252 3675 1352 3728 οὐκ
1385 3675 1540 3728 ἐσται
1575 3691 1706 3744 προ-

147 3764 437 3836 δηλότατον,
486 3769 572 3821 ὅτι
611 3769 706 3822 καὶ
743 3767 975 3823 θανάτου
1012 3768 1278 3840 κρείττων
1314 3768 1521 3833 ἔσεται,
1547 3767 1701 3838 φησὶ,

145 3858 380 3929 διωγμῶν
427 3875 489 3912 τε
541 3859 634 3912 καὶ
683 3861 958 3930 μαχαίρας
1019 3860 1300 3929 ἀμείνων,
1358 3861 1617 3930 ἀλογήσει
1647 3859 1704 3912 δὲ

147 3947 406 4011 παντελῶς
434 3948 532 4002 κα)⁸
561 3950 922 4021 στενοχωρίας
962 3951 990 4002 ὁ
1027 3950 1118 4002 τὸν
1153 3948 1420 4020 σωτήριον
1452 3953 1566 4012 τοῖς
1604 3949 1704 4002 οὐκ

145 4035 292 4090 είδόσι
329 4037 457 4091 Θεὸν
495 4037 878 4109 διακηρύττων
911 4039 1101 4105 λόγον;
1137 4041 1199 4092 Εἰ
1236 4039 1292 4091 δὲ
1337 4038 1401 4108 δὴ
1438 4039 1704 4109 προσήκοι

145 4127 219 4180 διὰ
236 4128 328 4197 τὴν
351 4128 445 4181 τοῦ
483 4129 760 4199 νοήματος
802 4128 1111 4200 συστροφὴν
1133 4167 1146 4190 ,
1197 4129 1289 4181 τὸν
1330 4127 1423 4180 τοῦ
1455 4127 1706 4198 Σωτῆρος

145 4219 554 4287 συνενεγκόντας
600 4219 793 4285 λόγον,
850 4218 1391 4288 κεφαλαιωδέστερον
1444 4219 1622 4271 εἰπεῖν
1677 4216 1706 4269 ὃ

145 4305 374 4375 βούλεται
418 4311 555 4381 δρᾷν
595 4310 720 4372 τοὺς
754 4308 948 4362 ἐαυτοῦ
985 4307 1253 4378 μαθητάς,
1289 4307 1616 4361 ἀοκνότατόν
1645 4325 1703 4360 τε

142 4397 226 4450 καὶ
251 4401 445 4463 παντὸς
476 4398 584 4465 ἔξω
623 4397 916 4469 δείματος,
953 4397 1046 4450 τὸν
1091 4399 1292 4451 οίκεῖον
1337 4397 1703 4462 διασώζοντας

1802 3215 2110 3270 doctrinam
2137 3214 2304 3271 Deum
2337 3217 2727 3287 ignorantibus
2747 3215 3046 3286 praedicat?
3066 3213 3122 3269 ln
3147 3228 3391 3277 summa,

1806 3308 2069 3362 Servator
2097 3307 2183 3362 his
2216 3307 2404 3364 verbis
2457 3323 2590 3364 suos
2628 3307 2937 3378 discipulos
2982 3306 3141 3376 jubet
3188 3307 3389 3359 incun-

1803 3409 2020 3456 ctanter:
2053 3409 2107 3455 et
2159 3400 2431 3472 intrepide
2469 3400 2594 3454 fidei
2649 3400 2962 3456 doctrinam
3017 3398 3385 3462 sanctiﬁcare,

1803 3499 1856 3546 et
1888 3489 2147 3544 omnibus
2173 3505 2270 3558 per
2313 3489 2636 3545 universum
2671 3491 2862 3544 orbem
2902 3488 3224 3542 hominibus
3266 3500 3385 3540 ma-

1804 3580 2073 3636 nifestare
2137 3578 2517 3649 Evangelium.
2591 3579 2838 3648 ldipsum
2916 3586 3103 3632 autem
3159 3577 3234 3630 ait
3291 3591 3388 3645 per

1807 3672 1962 3727 Isaiae
2000 3685 2186 3724 vocem
2219 3688 2232 3722 :
2271 3689 2288 3720 ι
2327 3667 2506 3742 Super
2540 3679 2784 3723 montem
2812 3671 3092 3724 excelsum
3123 3667 3381 3729 ascende,

1804 3763 1899 3833 qui
1939 3761 2285 3832 evangelizas
2317 3761 2486 3828 Sion;
2517 3761 2698 3815 exalta
2735 3760 2790 3814 in
2838 3758 3162 3815 fortitudine
3195 3772 3387 3812 vocem

1807 3863 1980 3919 tuam,
2017 3854 2113 3922 qui
2141 3853 2500 3923 evangelizas
2538 3851 2846 3908 Jerusalem
2875 3870 2890 3918 ;
2923 3850 3180 3913 cxaltate,
3217 3847 3390 3903 nolite

1806 3947 2091 4002 timere“.
2118 3965 2135 3996 ι
2159 3944 2318 4010 Quod
2347 3953 2406 3998 ut
2435 3943 2616 4000 facere
2643 3952 2874 4014 possent
2905 3943 3078 3998 sancti
3102 3940 3383 4010 discipuli,

1807 4039 2153 4094 inveniemus
2200 4053 2298 4092 eos
2352 4037 2838 4092 vehementissima
2892 4035 3146 4090 oratione
3192 4048 3223 4086 a
3274 4032 3386 4088 Deo

1807 4139 2012 4201 petere,
2063 4143 2189 4182 cum
2229 4127 2544 4182 Judaeorum
2601 4127 2845 4182 furorem
2898 4135 2953 4180 et
3003 4124 3385 4194 intemperiem

1807 4225 2136 4274 accusantes
2167 4217 2431 4272 dicebant
2469 4237 2481 4272 :
2519 4236 2538 4268 ι
2571 4216 2636 4270 Et
2666 4232 2836 4281 nunc,
2878 4215 3130 4277 Domine,
3171 4215 3386 4284 respice

1807 4309 1862 4362 in
1897 4309 2073 4362 minas
2098 4323 2314 4370 eorum,
2338 4315 2394 4362 et
2419 4308 2485 4362 da
2524 4307 2701 4361 servis
2729 4305 2840 4360 tuis
2867 4320 2993 4359 cum
3032 4305 3203 4376 888
3234 4303 3386 4357 omni

1808 4399 2006 4454 ﬁducia
2039 4399 2190 4468 loqui
2223 4398 2455 4459 verbum
2481 4406 2637 4451 tuum
2665 4396 2731 4448 ⁸³.
2775 4415 2792 4448 ι
2839 4395 2999 4450 Multi
3045 4397 3191 4448 enim
3223 4408 3384 4463 pror—

140 4487 273 4551 νοῦν,
298 4490 388 4544 τὸν
413 4491 514 4560 τῆς
541 4492 621 4553 είς
648 4490 810 4544 αὑτὸν
837 4490 1071 4552 πίστεως
1101 4489 1455 4561 ίερουργῆσαι
1490 4488 1700 4542 κελεύει

1807 4508 1904 4548 sus
1955 4491 2323 4546 adversantur
2372 4489 2441 4545 iis
2494 4489 2587 4559 qui
2634 4490 2983 4544 sanctilicant
3022 4487 3384 4558 Evangelium

141 4575 302 4646 λόγον,
333 4581 565 4644 καὶτοῖς
593 4581 694 4633 ἀνά
733 4583 912 4634 πᾶσαν
960 4580 1057 4650 τὴν
1098 4581 1426 4650 οἰκουμένην
1455 4581 1702 4650 ἐμφανὲς

140 4671 464 4740 καταστῆσαι
508 4671 571 4723 τὸ
611 4671 961 4738 Εὑαγγέλιον.
1008 4669 1151 4723 Αὐτὸ
1174 4669 1230 4721 δὲ
1260 4669 1452 4731 τοῦτο,
1492 4670 1587 4722 καὶ
1615 4669 1703 4723 διά

141 4764 310 4832 φωνῆς
345 4763 573 4817 Ἡσαΐου
602 4763 765 4831 φησίν
789 4778 801 4793 ν
829 4781 847 4813 ι
899 4763 1015 4816 Ἐπ’
1038 4761 1165 4832 ὅρος
1207 4761 1411 4832 ὑψηλὸν
1444 4761 1699 4831 ἀνάϐηθι,

138 4850 164 4902 6
188 4850 667 4921 εὐαγγελιζόμενος
694 4849 831 4904 Σιών
853 4867 868 4881 θ
913 4849 1130 4920 ῦψωσον
1161 4853 1228 4922 τῇ
1274 4851 1418 4921 ἰσχύϊ
1449 4852 1547 4922 τὴν
1591 4869 1704 4920 φω-

137 4940 225 5009 νήν
263 4958 377 5005 σου,
402 4944 430 4995 ὁ
460 4941 949 5011 εὐαγγελιζόμενος
982 4942 1342 5012 Ἰερουσαλήμ
1363 4957 1375 4970 ο
1414 4941 1696 5013 ίσχύσατε,

141 5029 206 5100 μὴ
233 5031 504 5100 φοϐεῖσθε.
555 5052 574 5085 ι
616 5035 684 5086 Ὃ
730 5033 825 5086 καὶ
857 5033 1111 5087 δύνασθαι
1153 5033 1500 5098 ἐξαιτοῦντας
1551 5035 1702 5106 παρά

137 5122 260 5176 Θεοῦ
305 5125 608 5197 κατορθοῦν
647 5126 712 5180 δι’
761 5127 1154 5194 ἐκτενεστάτης
1207 5128 1558 5198 προσευχῆς,
1609 5129 1703 5181 καὶ

135 5213 320 5278 αὐτοὺς
372 5217 681 5288 εὑρήσομεν
736 5217 863 5279 τοὺς
900 5217 1087 5286 ἁγίους
1134 5217 1412 5288 μαθητὰς,
1461 5219 1550 5270 ὅτε
1602 5219 1701 5288 τῆς

145 5304 402 5360 Ἰουδαίων
419 5309 854 5378 κατηγοροῦντες
872 5309 1130 5372 ἀπονοίας
1157 5308 1413 5377 ἔφασκον·
1446 5329 1463 5359 ι
1493 5308 1602 5361 Καὶ
1627 5309 1696 5362 τά

133 5390 238 5456 νῦν,
269 5395 444 5466 Κύριε
465 5437 480 5462 ,
516 5396 664 5448 ἔπιδε
710 5397 804 5450 ἐπὶ
847 5397 944 5460 τὰς
973 5396 1204 5459 ἀπειλὰς
1239 5396 1440 5458 αὐτῶν,
1485 5397 1578 5448 καὶ
1609 5396 1698 5460 δὸς

130 5486 233 5548 τοῖς
259 5486 469 5550 δούλοις
513 5504 605 5540 σου
643 5488 778 5558 μετὰ
818 5489 1133 5559 παρρησίας
1179 5487 1362 5542 λαλεῖν
1407 5487 1498 5540 τὸν
1537 5488 1695 5556 λόγον

131 5589 237 5628 σου.
276 5595 294 5627 ι
336 5575 822 5647 Ὀμολογουμένως
851 5577 948 5646 μὲν
985 5577 1095 5648 γάρ
1118 5579 1228 5640 τοίς
1258 5577 1608 5649 ίερουργοῦσι
1635 5577 1695 5631 τὺ

197 5687 242 5720 ⁸⁸
262 5688 503 5758 Philipp.
539 5705 576 5749 ι,
611 5689 700 5743 2!.
794 5689 899 5743 1⁵¹ἸΙ
932 5689 1058 5746 Cor.
1093 5707 1145 5758 v,
1189 5690 1274 5746 Η.

137 5755 188 5821 2,
215 5757 266 5813 3.
366 5755 638 5828 “Ephes.
674 5776 732 5827 ιι,
772 5761 854 5814 l2.

1363 5691 1407 5724 ‘°
1434 5690 1593 5748 Rom.
1630 5710 1752 5764 vm,
1790 5698 1877 5754 55.

1780 4583 2043 4646 'Christi,
2094 4582 2364 4651 multique
2420 4582 2797 4650 obstrepunt:
2861 4580 2956 4635 sed
3018 4581 3148 4634 licet
3202 4577 3385 4649 gravis

1801 4684 1984 4728 metus
2019 4674 2262 4744 ingruat,
2302 4681 2357 4728 et
2391 4672 2723 4744 ipsidiarum
2770 4671 3248 4726 vehementissimi
3283 4669 3384 4722 llu-

1800 4769 1928 4815 ctus
1965 4761 2284 4830 insurgant,
2316 4760 2586 4829 supplicia
2626 4767 2812 4815 tamen
2844 4775 2953 4815 non
2997 4759 3382 4814 detrectahunt

1801 4867 1929 4906 vere
1968 4849 2265 4920 discipuli,
2317 4851 2494 4906 donec
2542 4850 2608 4905 ad
2649 4852 2858 4906 exitum
2905 4850 3221 4906 dilectionis
3267 4865 3381 4904 sua:

1798 4957 1966 5012 opera
2021 4940 2413 5011 perduxerint,
2481 4941 2838 5005 dilectionis,
2906 4941 3154 5009 inquam,
3212 4939 3378 5004 talis,

1799 5035 2021 5104 qualem
2056 5033 2217 5088 nobis
2247 5033 2505 5087 Servator
2539 5033 2808 5097 exhibuit,
2841 5033 2932 5102 qui
2967 5032 3086 5085 loco
3111 5031 3380 5100 propositi

1800 5127 1906 5181 sibi
1951 5125 2136 5196 gaudii
2192 5140 2415 5180 crucem
2463 5125 2751 5190 sustinuit,
2795 5121 3098 5193 ignominia
3129 5131 3380 5176 contem—

1800 5226 1914 5284 pta,
1949 5225 2004 5268 ut
2052 5217 2439 5285 peccatoribus
2493 5217 2732 5271 salutem
2786 5213 3074 5285 perliceret
3107 5213 3172 5267 ⁵³.
3202 5213 3378 5282 ,ρυοίι

1806 5314 1852 5367 si
1880 5326 1979 5382 pro
2019 5311 2182 5366 nobis
2208 5312 2319 5381 pati
2350 5312 2642 5376 noluisset,
2670 5308 2872 5363 mortui
2907 5307 3085 5361 adhuc
3103 5322 3374 5365 essemus.

1805 5402 2010 5457 diaboli
2064 5401 2290 5469 famuli,
2333 5403 2490 5457 stulti
2537 5417 2602 5456 ac
2635 5401 2790 5465 caeci,
2836 5407 3002 5470 atque
3045 5399 3195 5454 omni
3229 5398 3378 5453 bono

1805 5493 2091 5556 destituti,
2123 5493 2272 5548 servi
2318 5492 2618 5560 voluptatis
2650 5497 2704 5545 et
2753 5489 3007 5560 peccati,
3057 5504 3210 5558 spem
3267 5503 3376 5542 non

1805 5584 2092 5649 habentes,
2129 5590 2184 5638 et
2222 5583 2342 5640 sine
2376 5583 2484 5638 Deo
2519 5582 2578 5637 in
2609 5581 2713 5638 hoc
2741 5580 2950 5637 mundo
2989 5580 3054 5635 “.
3085 5577 3242 5634 Nunc
3279 5593 3381 5632 au-

1972 5697 2014 5730 “
2037 5694 2140 5753 lsa.
2173 5710 2265 5762 ιιι,
2297 5696 2351 5752 9.
2469 5697 2514 5729 “
2546 5695 2668 5752 Act.
2699 5712 2774 5765 IV,
2803 5696 2895 5753 9.9.
3002 5696 3048 5729 “
3073 5693 3238 5751 llebr.
3271 5703 3370 5758 ιιι,
