3998 6318
563 372 669 430 383

1607 368 1663 425 3.
1695 369 1971 428 CYRILLI
2010 374 2479 435 ALEXANDRINI
2519 380 2842 437 ARCHIEP.

3724 387 3829 445 εει

562 495 674 544 tem
707 488 870 544 etiam
901 489 1074 558 ipsam
1119 501 1219 558 pro
1249 487 1411 543 nobis
1441 490 1679 543 animam
1725 505 1826 559 pro
1872 507 1972 545 sua
2012 508 2139 562 erga

2261 496 2579 565 Ξύαγγὲλιον
2620 499 2713 553 τοῦ
2749 499 3021 571 Χριστοῦ,
3068 499 3252 554 πολλοὶ
3301 500 3420 555 λίαν
3473 502 3522 556 οἱ
3565 501 3822 558 ἀνθιστά-

564 597 671 638 nos
704 582 1003 637 dilectione
1029 578 1293 635 Servator
1326 582 1532 651 posuit,
1573 589 1627 637 et
1653 581 2141 652 incomparabilem

563 673 856 743 quamdam
911 672 1214 727 bonitatem
1265 688 1394 743 erga
1459 687 1560 728 nos
1605 673 1911 736 exhibens,
1954 675 2144 731 beatos

565 766 819 828 reddidit,
853 780 918 821 ac
948 774 1032 821 ter
1066 765 1275 831 felices,
1306 768 1513 822 nullius
1539 768 1702 837 plane
1729 769 1857 822 boni
1897 770 2139 841 indigos.

564 856 772 911 Testus
796 859 980 926 itaque
1009 858 1279 927 propositi
1310 873 1508 913 sensus
1541 858 1702 928 juxta
1733 862 1879 914 hunc
1915 876 2141 932 scopum

565 948 768 1001 divinis
808 947 1210 1016 discipulorum
1260 948 1536 1018 capitibus
1581 950 1858 1004 convenit.
1906 950 2063 1017 Quod
2097 954 2144 1007 si

566 1041 629 1089 uel
660 1039 798 1091 alios
828 1054 1021 1093 omnes
1048 1039 1253 1092 dictum
1282 1037 1417 1092 illud
1456 1040 1808 1105 extendatur,
1837 1042 2097 1098 nimirum
2127 1063 2141 1099 :

573 1148 591 1180 ι
633 1130 746 1184 Hoc
777 1140 860 1186 est
900 1140 1229 1201 praeceptum
1260 1146 1439 1185 meum
1472 1140 1532 1185 ut
1578 1132 1825 1202 diligatis
1862 1134 2137 1200 invicem,

568 1225 712 1278 sicut
750 1226 911 1279 dilexi
949 1239 1048 1279 vos
1087 1224 1168 1288 “,
1222 1242 1239 1275 ι
1297 1224 1529 1276 multum
1582 1225 1838 1281 utilitatis
1889 1226 2146 1283 omnibus

567 1316 850 1383 continget
881 1329 945 1366 ex
989 1313 1137 1366 illius
1175 1312 1451 1380 indagine.
1488 1310 1622 1366 Nam
1665 1314 1713 1368 si
1745 1315 1991 1369 omnium
2022 1315 2146 1368 Sal-

570 1406 777 1459 vatoris
811 1405 980 1458 nostri
1015 1404 1398 1457 mandatorum
1442 1406 1973 1461 consummationem
2006 1421 2147 1461 con-

571 1498 708 1550 tinet
745 1510 809 1549 ac
840 1506 1105 1566 operatur
1148 1494 1381 1550 fratrum
1428 1495 1675 1562 dilectio,
1725 1500 2007 1568 quomodo
2037 1516 2147 1555 non

569 1585 726 1640 valde
753 1587 1037 1640 mirandus
1068 1594 1154 1641 est
1199 1587 1295 1654 qui
1337 1587 1478 1642 hanc
1505 1589 1721 1643 sincere
1763 1598 1817 1645 et
1868 1590 2149 1661 inculpate

568 1677 723 1743 colit,
752 1692 874 1731 cuni
903 1678 1167 1740 omnium,
1195 1684 1255 1730 ut
1283 1677 1452 1731 semel
1473 1677 1671 1742 dicam,
1693 1679 1959 1734 virtutum
1984 1688 2151 1752 caput

570 1767 626 1822 in
662 1783 726 1822 ea
758 1769 1148 1823 contineatur?
1185 1768 1437 1823 Secunda
1479 1771 1625 1824 enim
1659 1780 1743 1825 est
1779 1784 1901 1842 post
1940 1772 2034 1829 Dei
2068 1774 2149 1829 di-

2250 605 2435 657 μενοι,
2484 591 2581 643 καὶ
2638 591 2915 656 δυσσεϐῶς
2983 590 3391 663 ἐπιτρίζοντες·
3447 593 3564 648 ἀλλ’
3620 598 3669 649 εἰ
3727 600 3818 651 καὶ

2246 677 2440 749 δριμὺς
2471 682 2499 733 6
2529 681 2722 750 φόϐος,
2757 684 2848 736 καὶ
2881 682 3162 737 δεινότατα
3197 684 3267 736 τά
3304 684 3368 737 ἐκ
3397 685 3495 755 τῆς
3529 685 3821 756 ἐπιϐουλῆς

2245 770 2581 825 διανίσταται
2612 773 2851 844 κύματα,
2886 775 3046 843 λόγος
3076 774 3168 828 τοῦ
3200 774 3396 828 παθεῖν
3436 776 3642 842 ούδεὶς,
3676 780 3823 849 παρά

2246 876 2310 926 γε
2352 865 2465 925 τοῖς
2503 862 2717 931 ἀληθῶς
2754 866 3022 934 μαθηταῖς
3046 907 3060 931 ,
3115 865 3227 917 ἔστ’
3255 865 3321 919 ἂν
3351 867 3435 936 εἴη
3481 867 3622 937 πρὸς
3665 868 3821 938 ἔργον

2248 952 2431 1016 αὐτοῖς
2465 954 2537 1007 τά
2582 956 2645 1008 ἐκ
2674 956 2771 1025 τῆς
2808 957 3028 1027 ἀγάπης
3056 956 3479 1029 κατορθώματα,
3516 959 3738 1030 ἀγάπης
3765 960 3819 1012 δέ

2248 1062 2390 1115 φημι
2419 1045 2517 1115 τῆς
2550 1045 2838 1118 τοιαύτης,
2890 1049 3081 1103 ὁποίαν
3131 1049 3268 1121 πρὸς
3310 1051 3460 1121 ἡμᾶς
3488 1049 3772 1115 ὑπέδειξεν
3795 1053 3824 1104 6

2247 1136 2472 1207 Σωτὴρ,
2515 1136 2575 1200 ὃς
2604 1134 2735 1191 ’ἀντὶ
2778 1139 2877 1210 τῆς
2911 1140 3280 1211 προκειμένης
3316 1139 3465 1210 αύτῷ
3516 1143 3695 1211 χαρᾶς
3722 1142 3824 1193 ῦπ-

2248 1226 2433 1297 έμεινε
2462 1228 2695 1299 σταυρὸν
2715 1271 2729 1293 ,
2759 1231 3023 1300 αἰσχύνης
3072 1233 3495 1302 καταφρονήσας
3517 1273 3534 1297 ,
3581 1231 3671 1284 ἵνα
3715 1235 3825 1295 τοῖς

2250 1316 2595 1387 ἡμαρτηκόσι
2644 1317 2967 1390 κατορθώσῃ
3018 1317 3114 1388 τὴν
3174 1317 3468 1388 σωτηρίαν.
3527 1318 3590 1369 Et
3640 1316 3698 1369 δὲ
3751 1317 3824 1386 μὴ

2250 1406 2445 1461 παθεῖν
2487 1407 2751 1477 ἠθέλησεν
2802 1409 2943 1479 ὑπὲρ
2990 1408 3169 1478 ἡμῶν,
3206 1404 3347 1479 ἦμεν
3386 1408 3452 1461 ἂν
3482 1407 3563 1460 ἐτι
3618 1407 3824 1477 νεκροὶ,

2250 1499 2457 1552 οἰκέται
2492 1497 2739 1552 διαϐόλου
2765 1541 2780 1565 ,
2836 1500 3048 1571 μωροὶ,
3100 1500 3194 1553 καὶ
3224 1498 3446 1567 τυφλοὶ,
3485 1500 3581 1553 καὶ
3626 1498 3827 1560 παντὸς

2254 1591 2507 1660 μένοντες
2529 1590 2757 1654 ἐπιδεεῖς
2779 1590 3009 1660 ἀγαθοῦ,
3034 1591 3228 1662 ἡδονῆς
3254 1592 3313 1644 δὲ
3333 1590 3511 1644 δοῦλοι
3533 1592 3630 1644 καὶ
3656 1592 3831 1660 ἀμαρο

2250 1681 2393 1745 τίας,
2422 1681 2610 1734 ἐλπίδα
2644 1682 2719 1752 μὴ
2746 1681 2984 1752 ἔχοντες.
3027 1682 3123 1735 καὶ
3170 1680 3320 1734 ἄθεοι
3370 1683 3427 1733 ἐν
3477 1680 3556 1751 τῷ
3608 1681 3822 1750 κόσμῳ.

2253 1769 2392 1823 Νυνὶ
2418 1769 2476 1823 δὲ
2505 1772 2597 1824 καί
2630 1771 2800 1841 αὐτὴν
2835 1771 2975 1842 ὑπὲρ
3007 1774 3039 1842 ή
3050 1770 3166 1841 μῶν
3190 1770 3402 1824 τέθεικε
3429 1770 3529 1840 τὴν
3558 1769 3739 1840 ψυχὴν
3767 1770 3829 1833 ἐξ

570 1856 886 1919 lectionem,
911 1858 963 1911 in
1000 1858 1199 1912 fratres
1230 1858 1497 1923 charitas,
1527 1866 1582 1913 et
1610 1841 1793 1915 omnis
1822 1876 1948 1931 erga
1976 1861 2143 1916 Deum

2261 1860 2473 1932 ἀγάπης
2495 1861 2593 1930 τῆς
2617 1862 2696 1923 εἰς
2731 1862 2883 1931 ἡμᾶς
2915 1841 3180 1933 ὁίΣωτὴρ.
3208 1863 3299 1915 καὶ
3342 1862 3676 1932 άσύγκριτὸν
3706 1878 3825 1914 τινα

571 1947 793 2017 pietatis
826 1950 907 2004 vis
949 1949 1050 2003 hoc
1092 1963 1201 2003 uno
1228 1950 1400 2003 verbo
1442 1950 1854 2020 quodammodo
1896 1968 2145 2024 compre-

571 2036 832 2091 henditur
865 2059 877 2094 :
916 2058 936 2091 ‹
989 2037 1194 2108 Diliges
1248 2039 1562 2108 proximum
1615 2046 1771 2094 tuum
1822 2041 1967 2097 sicut
2003 2044 2146 2114 teip-

572 2142 695 2184 Sum
720 2129 785 2183 ⁸⁸.
826 2148 845 2181 ι

2251 1953 2351 2023 τὴν
2410 1952 2820 2024 φιλανθρωπίαν
2879 1952 3313 2024 ἐπιδειξάμενος,
3390 1954 3669 2025 ζηλωτοὺς
3726 1954 3829 2005 ἀπ-

2255 2047 2442 2116 έφηνε,
2470 2047 2562 2098 καὶ
2588 2046 3039 2116 τρισμακαρίους,
3088 2046 3297 2109 οὐδενὸς
3326 2046 3386 2098 τὸ
3427 2046 3693 2116 παράπαν
3722 2043 3828 2095 τῶν

2258 2136 2481 2204 ἀγαθῶν
2516 2137 2768 2200 ἐπιδεεῖς.
2811 2137 3069 2207 Ἀρμὸσει
3108 2139 3206 2207 μὲν
3246 2132 3340 2191 οὗν
3385 2136 3494 2189 τῶν
3532 2135 3834 2205 προκειμᾲ

573 2221 738 2290 νωνή
771 2220 1021 2291 δύναμις,
1051 2220 1192 2274 κατά
1220 2219 1407 2274 τοῦτον
1446 2215 1601 2292 οἶμαι
1649 2221 1740 2274 τὸν
1786 2223 1986 2275 σκοπὸν
2031 2227 2152 2288 ταῖς
2188 2224 2569 2290 θεοπνεύστοις
2600 2226 2709 2280 τῶν
2759 2226 3018 2298 μαθητῶν
3056 2228 3336 2295 κεφαλαῖς.
3381 2226 3443 2280 Et
3485 2225 3540 2277 δὲ
3607 2224 3675 2295 δὴ
3740 2221 3834 2275 καὶ

572 2313 656 2375 εἰς
683 2311 926 2373 ἅπαντας
962 2310 1091 2375 ἐξίοι
1128 2310 1190 2363 τὸ
1222 2311 1531 2381 εἰρημένον,
1570 2310 1714 2363 τοῦτ’
1736 2310 1901 2377 ἔστιν,
1940 2329 1959 2361 t
1993 2310 2140 2383 Αῦτη
2180 2312 2328 2365 ἐστὶν
2354 2314 2387 2383 ή
2414 2313 2599 2386 ἐντολὴ
2629 2317 2662 2385 ὴ
2695 2315 2822 2386 ἐμὴ,
2859 2317 2945 2369 ῖνα
3005 2317 3255 2383 ἀγαπᾶτε
3323 2314 3611 2385 ἀλλήλους,
3652 2309 3837 2371 καθὼς

573 2401 835 2474 ἠγάπησα
865 2404 1044 2474 ὑμᾶς·
1077 2421 1094 2453 ι
1133 2402 1269 2455 πολύ
1341 2420 1393 2456 τι
1435 2406 1550 2466 τοῖς
1601 2403 1744 2464 ὅλοις
1788 2403 2067 2466 λυσιτελὲς
2136 2403 2223 2457 διὰ
2260 2406 2360 2473 τῆς
2393 2408 2624 2477 ἐρεύνης
2667 2408 3001 2478 εἰσϐήσεται.
3048 2409 3111 2461 Ei
3164 2408 3271 2479 γάρ
3321 2406 3543 2473 ἀπάσης
3589 2403 3693 2472 τῆς
3740 2399 3836 2453 τοῧ

575 2499 827 2569 Σωτῆρος
861 2498 1017 2569 ήμῶν
1064 2497 1284 2567 ἐντολῆς
1310 2496 1409 2568 τὴν
1440 2497 1739 2568 πλήρωσιν,
1775 2499 1808 2567 ἡ
1864 2499 1943 2561 είς
1987 2498 2251 2567 ἀδελφοὺς
2276 2500 2469 2570 ἀγάπη
2494 2506 2655 2573 τηρεῖ
2720 2504 2814 2557 καὶ
2854 2504 3166 2574 ἐργάζεται,
3238 2500 3354 2563 πῶς
3410 2501 3471 2553 ού
3531 2498 3650 2551 λίαν
3686 2495 3836 2559 ἀξιο-

574 2591 890 2660 θαύμαστος
916 2592 943 2643 6
969 2582 1173 2660 ταύτην
1216 2589 1299 2641 ὅτι
1363 2588 1600 2658 μάλιστα
1671 2589 1974 2660 κατορθοῦν
2018 2590 2344 2661 ἐπιχειρῶν,
2386 2592 2749 2663 ἀλοιδορήτως
2810 2611 2869 2646 τε
2912 2595 3007 2648 καὶ
3047 2594 3408 2656 ἀνυπαιτίως,
3478 2591 3566 2644 ὅτε
3624 2586 3835 2649 πασῶν.

573 2683 649 2745 ώς
679 2682 807 2745 ἔπος
832 2682 1036 2741 εἰπεῖν,
1071 2678 1179 2732 τῶν
1223 2678 1434 2749 ἀρετῶν
1481 2681 1833 2734 ἐναπόκειται
1885 2681 1945 2733 τὸ
1978 2681 2315 2748 κεφάλαιονς
2385 2685 2627 2755 Δευτέρα
2680 2686 2789 2757 γὰρ
2833 2686 2935 2755 τῆς
2982 2688 3063 2749 είς
3103 2686 3235 2739 Θεὸν
3310 2686 3574 2754 ἀγάπης,
3651 2683 3688 2751 ἡ
3758 2682 3837 2742 εἷς
3938 2736 3945 2749 ,

574 2772 838 2843 ἀλλήλους
894 2772 1028 2835 ἐστὶ,
1079 2767 1174 2820 καὶ
1217 2771 1367 2825 πᾶσα
1411 2770 1513 2839 τῆς
1568 2770 1647 2832 είς
1690 2771 1822 2823 Θεὸν
1862 2770 2144 2834 εὐσεϐείας
2176 2772 2209 2841 ή
2244 2770 2474 2843 δύναμις
2502 2773 2578 2837 ώς
2618 2775 2676 2826 ἐν
2720 2774 2800 2827 ἐνὶ
2842 2772 3016 2845 τούτῳ
3073 2772 3508 2845 συμπεραιοῦται
3544 2770 3728 2839 λόγῳ,
3781 2770 3840 2822 ἐν

574 2866 675 2938 τῷ,
711 2885 729 2917 ι
754 2867 1080 2937 Ἀγαπήσεις
1109 2867 1201 2919 τὸν
1228 2865 1454 2935 πλησίον
1483 2882 1597 2929 σου,
1630 2866 1705 2928 ὡς
1729 2866 1941 2919 ἑαυτόν.
1983 2885 2002 2917 ι

645 2957 767 3023 XV,
810 2958 909 3023 M,
952 2958 1038 3012 i5.
1100 2954 1204 3010 Vos
1251 2957 1413 3009 amici
1463 2956 1565 3009 mei
1613 2956 1777 3019 estis,
1821 2957 1867 3009 si
1922 2956 2153 3025 feceritis

578 3067 695 3124 quae
715 3067 808 3121 ego
833 3051 1081 3120 praecipio
1114 3049 1277 3103 vobis.
1313 3049 1437 3103 lam
1472 3064 1575 3101 non
1604 3047 1780 3101 dicam
1824 3065 1911 3104 vos
1938 3067 2115 3105 servos
2137 3094 2151 3118 ,

579 3145 705 3213 quia
748 3157 928 3196 servus
979 3142 1143 3194 nescit
1192 3139 1319 3209 quid
1369 3138 1534 3209 faciat
1568 3138 1814 3194 dominus
1866 3141 1980 3210 ejus
2010 3159 2029 3196 :
2064 3160 2154 3198 vos

581 3244 759 3290 autem
790 3234 904 3287 dixi
936 3234 1157 3295 amicos,
1191 3234 1316 3302 quia
1350 3231 1529 3286 omnia
1574 3247 1891 3304 quazcunque
1915 3233 2094 3289 audivi
2125 3252 2158 3289 a

590 3323 749 3381 Patre
782 3340 891 3377 meo
921 3334 1047 3377 nota
1078 3320 1178 3392 feci
1210 3321 1374 3376 vobis.

653 3415 923 3487 Opposuit
970 3430 1163 3470 rursus
1208 3415 1489 3470 eventuris
1542 3414 1841 3484 aliquando
1897 3432 1965 3471 ex
2022 3417 2153 3473 obe-

592 3512 789 3567 dientia
822 3517 876 3566 et
922 3509 1137 3583 virtutis
1185 3509 1368 3564 studio
1416 3510 1678 3579 periculis
1728 3524 1792 3563 ac
1848 3510 2159 3566 terroribus

589 3601 798 3656 lucrum
836 3601 983 3670 quod
1018 3615 1083 3655 ex
1113 3615 1297 3654 amore
1340 3615 1469 3669 erga
1523 3616 1583 3656 se
1619 3602 1954 3671 reportaturi
2004 3609 2158 3667 sunt,

589 3704 640 3746 ut
676 3693 876 3764 gaudio
912 3691 1038 3746 inde
1066 3700 1332 3761 concepto
1362 3701 1416 3746 et
1452 3693 1506 3746 in
1542 3693 1722 3761 majus
1772 3694 2160 3763 progrediendi

591 3785 904 3854 cupiditate,
953 3800 1143 3839 eorum
1176 3786 1589 3853 abSiergeretur
1626 3785 1902 3851 molestia,
1929 3794 1983 3839 et
2015 3785 2162 3855 quod

590 3893 749 3934 t'rave
808 3875 1139 3947 quandoque
1184 3876 1404 3929 videtur
1464 3876 1517 3928 in
1578 3875 1812 3928 nihilum
1868 3876 2161 3931 recideret.

592 3970 771 4025 Dulcis
802 3970 946 4021 enim
995 3976 1108 4019 tum
1151 3967 1305 4019 labor
1343 3973 1428 4020 est
1469 3965 1639 4019 Deum
1682 3965 2000 4020 amantibus
2036 3982 2162 4021 cum

589 4059 835 4126 proxima
884 4064 939 4111 et
978 4057 1203 4125 copiosa
1258 4063 1343 4109 est
1396 4070 1629 4110 merces.
1675 4054 1745 4109 At
1788 4054 1921 4124 quid
1960 4056 2161 4124 majus,

595 4158 684 4206 aut
722 4149 995 4203 illustrius
1024 4148 1193 4218 889
1224 4147 1333 4201 dici
1365 4154 1550 4216 potest
1574 4163 1735 4217 quam
1769 4147 1980 4203 Christi
2026 4150 2166 4202 ami-

596 4255 715 4293 tum
748 4248 953 4295 etesse
997 4249 1050 4294 et
1084 4239 1381 4310 appellari?
1426 4240 1670 4293 Observa
1710 4240 1856 4293 enim
1894 4248 2165 4308 quantum

595 4328 705 4384 haac
754 4329 992 4399 dignitas
1045 4337 1255 4384 naturte
1289 4329 1541 4383 humanm
1596 4331 1860 4385 terminos
1916 4330 2163 4382 excedat.

592 4419 789 4473 Omnia
834 4420 980 4473 enim
1033 4417 1281 4474 Creatori
1332 4420 1602 4481 serviunt,
1646 4418 1804 4489 juxta
1858 4418 2168 4473 Psalmista‘.

2345 2953 2532 3023 Ὑμεῖς
2568 2955 2733 3023 φίλοι
2756 2955 2875 3022 μού
2928 2956 3106 3020 ἐστε,
3155 2953 3265 3007 ἐὰν
3314 2954 3525 3024 ποιῆτε
3565 2955 3686 3011 ὅσα
3720 2959 3841 3029 ἐγὼ

2259 3046 2615 3115 ἐντέλλομαι
2655 3045 2817 3115 ὑμῖν.
2870 3046 3079 3100 Οὐκέτι
3128 3046 3283 3117 λέγω
3332 3045 3487 3116 ὑμᾶς
3545 3048 3839 3116 δούλους,

2184 3170 2225 3227 C
2261 3134 2351 3189 ὅτι
2379 3139 2413 3189 ό
2455 3135 2678 3202 δοῦλος
2718 3139 2829 3191 οὐκ
2860 3134 2984 3192 οἵδε
3013 3138 3072 3191 τί
3104 3138 3266 3191 ποιεῖ
3290 3139 3478 3194 αὑτοῦ
3519 3144 3552 3194 ὁ
3588 3142 3803 3209 κύριος
3825 3160 3841 3173 ·

2258 3225 2416 3296 ὑμᾶς
2463 3227 2531 3280 δὲ
2576 3230 2793 3298 εἴρηκα
2842 3231 3095 3299 φίλους,
3145 3231 3236 3285 ὅτι
3265 3230 3463 3284 πάντα
3517 3229 3556 3285 ἆ
3594 3231 3849 3301 ἥκουσα

2245 3307 2419 3387 ’παρὰ
2451 3319 2558 3373 τοῦ
2587 3322 2818 3389 Πατρός
2841 3340 2961 3391 μου
3003 3321 3297 3392 ἐγνώρισα
3322 3321 3483 3392 ὑμῖν.

2345 3409 2628 3477 Ἀντέταξε
2676 3412 2837 3467 πάλιν
2874 3415 2986 3477 τοῖς
3025 3414 3090 3466 ἐκ
3135 3414 3234 3482 τῆς
3280 3414 3526 3482 ὑπακοῆς
3567 3414 3660 3467 καὶ
3722 3414 3852 3482 φιλ-

2260 3505 2458 3575 αρέτου
2484 3505 2712 3576 γνώμης
2756 3507 3036 3577 ἐσομένοις
3055 3505 3177 3578 ,ἔσθ’
3204 3507 3293 3559 ὅτε
3330 3506 3573 3576 δείμασι,
3610 3506 3715 3575 τῆς
3765 3508 3854 3569 είς

2262 3596 2422 3650 αὑτὸν
2454 3597 2635 3667 φιλίας
2664 3598 2724 3651 τὸ
2751 3597 2961 3669 κέρδος,
2993 3598 3081 3652 ἵνα
3110 3601 3230 3661 ταῖς
3266 3596 3514 3651 ἐντεῦθεν
3547 3596 3854 3666 εὐθυμίαις

2262 3689 2359 3742 καὶ
2385 3690 2450 3759 τῇ
2481 3688 2619 3759 πρὸς
2648 3688 2708 3741 1:6
2741 3687 2925 3758 μεῖζον
2954 3688 3161 3756 ἐφέσει,
3195 3687 3255 3740 τὸ
3293 3688 3351 3739 ἐν
3380 3688 3604 3750 ἐκείνοις
3636 3689 3853 3757 ἀφανί-

2264 3780 2427 3850 ζηται
2458 3780 2738 3849 φορτικὸν,
2766 3781 2860 3833 καὶ
2894 3779 2954 3833 τὺ
2989 3780 3179 3833 λυπεῖν
3213 3779 3324 3833 ἐσθ’
3350 3781 3439 3833 ὅτε
3466 3778 3652 3833 δοκοῦν
3680 3782 3851 3851 οἰχή-

2265 3884 2417 3922 σεται
2441 3868 2579 3939 πρὸς
2601 3868 2662 3921 τὸ
2693 3869 2882 3939 μηδέν.
2913 3869 3125 3933 Γλυκὺς
3148 3869 3258 3940 γὰρ
3282 3870 3403 3923 τότε
3428 3873 3539 3932 τοῖς
3568 3870 3856 3939 φιλοθέοις

2263 3960 2292 4011 6
2323 3960 2524 4023 πόνος,
2573 3961 2663 4013 ὅτε
2707 3959 2907 4028 γείτων
2959 3962 3066 4032 ἄρα
3125 3962 3220 4015 καὶ
3275 3961 3528 4025 πλούσιος
3558 3964 3585 4015 6
3624 3964 3853 4033 μισθός.

2265 4047 2399 4104 Εἶτα
2429 4052 2512 4115 τίς
2543 4052 2607 4107 ἂν
2635 4052 2847 4123 οἰηθείη
2891 4054 2944 4106 τί
2981 4053 3164 4124 μεῖζον
3187 4094 3203 4120 ,
3244 4054 3295 4107 τί
3329 4054 3384 4107 δὲ
3414 4050 3551 4109 εῖναι
3590 4054 3859 4127 λαμπρός-

2265 4161 2423 4215 τερον
2464 4146 2582 4216 ἐρεῖ
2618 4145 2711 4198 τοῦ
2749 4145 2900 4214 φίλον
2947 4141 3087 4199 εἶναι
3130 4146 3226 4199 καὶ
3269 4147 3527 4215 λέγεσθαι
3556 4145 3855 4215 Χριστοῦ;

2267 4234 2377 4287 Θέα
2407 4235 2514 4306 γὰρ
2549 4236 2698 4299 ὅπως
2744 4236 2839 4288 καὶ
2888 4237 3026 4307 ὑπὲρ
3063 4238 3262 4300 αὐτούς
3309 4239 3434 4301 τοὺς
3490 4237 3590 4307 τῆς
3629 4237 3858 4310 ἀνθρω-

2269 4328 2430 4390 πείας
2455 4328 2669 4397 φύσεως
2701 4328 2858 4398 ὄρους
2893 4329 3009 4381 ἐστὶ⁵
3043 4328 3104 4382 τὸ
3132 4329 3367 4399 ἀξίωμα.
3400 4329 3570 4383 Δοῦλα
3609 4331 3709 4401 μὲν
3743 4336 3861 4403 γὰρ

2268 4420 2448 4473 πάντα
2467 4418 2562 4472 τοῦ
2590 4419 2947 4487 πεποιηκότος
2980 4421 3139 4484 αὐτὰ,
3176 4421 3316 4474 κατά
3344 4422 3444 4491 τὴν
3478 4421 3574 4474 τοῦ
3601 4423 3863 4479 Ψάλλον-

593 4526 782 4566 vocem
814 4511 881 4576 θ’,
917 4525 1018 4564 nec
1051 4512 1158 4564 ulla
1197 4527 1285 4566 res
1315 4519 1400 4566 est
1424 4521 1608 4566 creata
1644 4526 1766 4580 qua:
1799 4509 2023 4564 subdita
2055 4524 2158 4563 non

2272 4526 2363 4573 τος
2384 4509 2599 4579 φωνὴν,
2633 4509 2727 4561 καὶ
2756 4508 2909 4561 οὐδὲν
2931 4549 2945 4572 ,
2978 4504 3130 4578 οἶμαι
3156 4549 3170 4574 ,
3211 4510 3317 4563 τῶν
3343 4512 3645 4578 γεγονότων
3700 4514 3863 4567 ἐστὶν

593 4605 667 4659 sit
700 4602 833 4673 jugo
872 4603 1180 4665 servitutis,
1229 4606 1273 4658 si
1313 4606 1452 4658 ratio
1490 4605 1772 4683 Creatoris
1801 4611 1856 4657 et
1902 4611 2173 4657 creature

594 4700 888 4763 spectetur.
944 4692 1051 4746 Nec
1089 4694 1235 4747 enim
1268 4695 1493 4763 mqualis
1529 4701 1615 4747 est
1667 4702 1923 4748 creatura
1979 4692 2173 4747 factori

595 4799 719 4848 suo,
761 4784 913 4837 nullo
944 4783 1106 4836 modo
1142 4802 1154 4837 :
1189 4784 1283 4837 sed
1320 4785 1553 4851 imperat
1587 4784 1773 4852 potius
1804 4793 1858 4839 ct
1910 4783 2174 4854 praeposi-

596 4883 684 4930 tus
711 4883 793 4930 est
820 4876 916 4945 qui
948 4890 1113 4943 supra
1142 4890 1334 4928 omnes
1365 4884 1449 4928 est
1482 4873 1647 4929 Deus.
1682 4875 1960 4943 Subjectis
2009 4876 2175 4946 igitur

595 4970 872 5033 omnibus,
904 4976 957 5023 et
1020 4968 1130 5023 Deo
1181 4967 1514 5032 substratis,
1573 4966 1639 5021 ad
1696 4970 2173 5037 supernaturalem

596 5060 825 5131 gloriam
869 5068 1096 5115 sanctos
1137 5059 1396 5113 mandata
1430 5073 1527 5113 sua
1580 5068 1865 5115 servantes
1908 5059 2176 5115 Dominus

596 5151 780 5222 erigit,
808 5159 861 5206 et
891 5151 955 5205 ad
999 5151 1334 5219 inculpatam
1363 5149 1759 5217 subjectionem
1786 5150 1942 5219 quasi
1980 5165 2176 5204 mune-

596 5244 674 5297 ris
708 5244 831 5297 loco
882 5242 1129 5297 deducit.
1165 5241 1329 5321 Clara
1358 5241 1523 5311 igitur
1552 5250 1605 5295 et
1650 5242 1883 5295 illustris
1911 5241 2068 5295 valde
2093 5250 2178 5297 est

597 5350 810 5390 merces
845 5351 858 5388 :
893 5341 1271 5389 verumtamen
1308 5333 1437 5386 illud
1471 5333 1561 5386 hic
1600 5331 1874 5401 imprimis
1914 5331 2173 5387 conside-

599 5426 833 5481 randum
868 5434 955 5481 est
991 5425 1114 5496 (nec
1155 5428 1301 5480 enim
1353 5440 1544 5495 parum
1591 5423 1905 5491 conducet),
1939 5424 2082 5493 quod
2121 5425 2167 5480 si

601 5516 726 5571 Filii
757 5532 908 5571 amor
948 5517 1016 5571 ad
1059 5517 1328 5572 libertatis
1376 5514 1718 5583 dignitatem,
1764 5521 1929 5585 atque
1956 5524 2018 5569 ut
2064 5531 2174 5570 non

564 5670 570 5677 _
604 5608 838 5680 amplius
866 5608 1009 5665 servi
1061 5614 1350 5671 vocentur,
1405 5606 1684 5663 nonnullis
1723 5607 1894 5663 suffici
1911 5614 1987 5673 at,
2034 5623 2174 5679 quo-

2270 4598 2299 4651 6
2330 4599 2405 4669 μὴ
2432 4599 2511 4668 τῷ
2548 4599 2648 4668 τῆς
2679 4582 2935 4662 δουλείαξ
2969 4598 3249 4671 ὑπηνέχθη
3281 4600 3448 4672 ζυγῷ,
3486 4603 3626 4657 κατά
3654 4620 3717 4670 γε
3763 4605 3864 4657 τὸν

2273 4690 2553 4761 πρέποντα
2591 4689 2751 4758 λόγον
2786 4691 2879 4744 καὶ
2912 4690 3255 4761 δημιουργῷ,
3297 4694 3392 4746 καὶ
3435 4696 3723 4766 ποιήματι.
3781 4699 3863 4750 Οὐ

2271 4781 2381 4851 γὰρ
2425 4783 2482 4834 ἐν
2518 4779 2617 4849 ἴσῳ
2662 4780 2723 4833 τὸ
2786 4780 3010 4852 ποιηθὲν
3067 4781 3146 4852 τῷ
3201 4784 3589 4855 τεκτηναμένῳ
3662 4786 3861 4847 ποθὲν,

2272 4868 2534 4941 κατάρξει
2575 4870 2631 4923 δὲ
2687 4869 2924 4940 μᾶλλον,
2976 4871 3073 4924 καὶ
3124 4871 3503 4943 καθηγήσεται
3547 4873 3657 4926 τῶν
3705 4875 3866 4928 ἰδίων

2273 4962 2447 5033 ἔργων
2472 4963 2500 5014 6
2534 4962 2626 5014 ἐπὶ
2652 4962 2861 5025 πάντας
2896 4962 3048 5025 Θεός.
3092 4962 3553 5035 ’Υπεζευγμένων
3604 4961 3701 5020 οὖν
3748 4967 3867 5037 ἄρα

2273 5053 2382 5106 τῶν
2425 5054 2595 5117 ὅλων,
2647 5054 2741 5106 καὶ
2774 5052 2959 5106 δοῦλον
3000 5055 3433 5126 ύπεστρωκότων
3471 5057 3550 5126 τῷ
3598 5057 3724 5126 Θεῷ
3768 5060 3868 5110 τὸν

2274 5147 2499 5217 αὐχένα,
2539 5144 2674 5215 πρὸς
2697 5144 2795 5215 τὴν
2827 5144 2968 5216 ὑπὲρ
2999 5146 3160 5214 φύσιν
3193 5146 3516 5217 ἀνακομίζει
3542 5145 3704 5211 δόξαν
3734 5149 3869 5210 τοὺς

2274 5239 2461 5305 ἁγίους
2506 5238 2534 5288 6
2584 5234 2819 5304 Κύριος,
2874 5236 2923 5286 εἰ
2964 5235 3094 5306 δρᾷν
3138 5235 3416 5299 ἐθέλοντες
3458 5237 3744 5305 φαίνοιντο
3799 5237 3870 5289 τά

2280 5328 2538 5383 δοκοῦντα
2564 5325 2711 5394 αύτῷ
2740 5366 2754 5391 ,
2790 5326 2883 5378 καὶ⁵
2913 5326 3168 5397 καθάπερ
3208 5330 3266 5380 ὲν
3300 5327 3453 5393 τάξει
3492 5329 3863 5399 δωροφορίας,

2280 5418 2697 5488 ἀκατηγόρητον
2768 5417 2917 5487 αὐτῷ
2973 5416 3336 5489 προσκομίζει
3393 5420 3493 5491 τὴν
3549 5422 3865 5490 ύποταγήν.

2283 5510 2549 5583 Λαμπρὸς
2572 5506 2665 5562 οὖν
2694 5508 2823 5579 ἄρα,
2852 5509 2948 5561 καὶ
2991 5508 3352 5582 ἁξιοζήλωτοξ
3378 5513 3406 5564 6
3443 5511 3635 5582 μισθός
3660 5527 3674 5540 ·
3719 5511 3870 5581 πλὴν

2283 5607 2459 5659 ἐκεῖνο
2484 5600 2894 5657 κατασκεπτέον
2914 5601 2972 5656 ἐν
2997 5602 3207 5667 τούτοις
3230 5599 3288 5658 εὖ
3318 5603 3463 5674 μάλα
3493 5602 3871 5675 (λυσιτελήσει

681 5782 902 5840 "Joan.
937 5798 1025 5852 xv,
1054 5786 1138 5843 i2.
1220 5788 1262 5819 ⁸⁵
1296 5786 1486 5843 Matth.
1510 5803 1562 5855 v,
1605 5791 1681 5845 ιδ.
1762 5791 1802 5823 ⁸⁷
1843 5792 1989 5849 l‘sal.
2019 5809 2184 5848 omni
2215 5833 2227 5859 ,
2264 5792 2352 5850 9|.
