3998 6318
127 296 219 354 385

1115 275 1182 332 1N
1207 273 1489 331 JOANNIS
1526 269 1975 329 EVANGELIUM
2015 268 2145 324 LIB.
2186 269 2256 323 Χ.

3234 273 3339 331 380

125 404 221 475 γὰρ
245 399 302 453 ού
340 393 623 469 μικρῶς),
672 393 720 445 εί
766 390 871 461 γὰρ
910 389 1192 460 ἐξαρκέσει
1229 389 1371 441 τισὶν
1406 390 1487 451 είς
1519 385 1709 445 ὲ).εύ-,

1787 381 1938 437 modo
1971 395 2166 437 servus
2195 379 2334 446 erit,
2372 386 2467 433 aut
2500 387 2759 450 tanquam
2808 386 3060 435 creatura
3105 390 3158 436 et
3196 396 3352 440 crea-

126 495 268 567 θερον
293 489 526 557 ἀξίωμα,
559 483 813 555 καὶπρὸς
838 484 897 535 τὸ
920 480 1119 552 μηκέτι
1145 479 1428 533 καλεῖσθαι
1452 478 1671 540 δούλους

126 587 155 656 ἡ
187 582 309 653 πρὸς
339 578 427 632 τὸν
462 576 590 631 Υίὸν
622 573 806 644 φιλία,
852 572 969 634 πῶς
1014 570 1080 625 ἂν
1131 570 1217 639 εἴη
1251 568 1436 632 δοῦλος
1458 609 1473 633 ,
1522 569 1555 639 ἢ
1598 568 1673 629 ὼς

128 674 342 742 ποίημα,
388 667 482 721 καὶ
509 664 754 734 γενητὸς,
788 663 929 717 κατὰ
956 665 1051 733 τήν
1074 677 1235 716 τινων
1262 659 1556 726 ἀϐουλίαν;
1598 659 1670 711 Ού

128 764 224 834 γὰρ
249 761 310 831 δὴ
335 760 453 821 τοῖς
490 754 697 826 ἑτέροις
738 754 837 823 τὴν
887 753 986 823 μὲν
1020 752 1116 821 τῆς
1149 749 1460 819 ἐλευθερίας
1507 747 1674 817 τιμὴν

127 854 380 924 διανέμειν
404 849 554 902 ἐστὶν
594 845 776 907 ἱκανὸς
796 884 810 907 ,
850 843 1054 913 ἔρημον
1079 842 1136 894 δὲ
1171 840 1374 910 ταύτης
1406 839 1504 908 τὴν
1541 836 1675 889 ίδίαν

128 944 226 1012 ἔξει
245 941 397 1011 φύσιν
418 954 430 967 ·
461 936 657 1008 χρῆναι
691 933 801 1004 γὰρ
824 927 997 1001 οἶμαι,
1028 929 1132 999 πρὸ
1169 927 1277 981 τῶν
1311 926 1484 982 ἄλλων
1514 925 1675 979 αὐτὸν

128 1031 346 1089 τοιοῦτον
382 1023 521 1080 εἶναι
560 1020 865 1093 φαίνεσθαι.
927 1018 1096 1071 Δώσει
1154 1016 1263 1086 γὰρ
1296 1015 1417 1068 τότε
1452 1030 1675 1085 πρεπω-

128 1124 355 1188 δέστερον
384 1118 497 1179 τοῖς
526 1115 628 1168 ούκ
657 1113 841 1182 ἔχουσι
870 1110 930 1163 τὸ
953 1109 1094 1162 ῐδιον
1109 1107 1330 1175 ἀγαθόν.
1376 1104 1538 1159 Ἀλλὰ
1562 1107 1674 1168 τοῖς

130 1213 286 1282 ἁγίοις
313 1205 632 1268 ἀποστόλοις
655 1246 669 1271 ,
710 1204 743 1275 ἢ
776 1202 867 1255 καὶ
901 1203 1010 1263 τοῖς
1052 1198 1233 1261 ἄλλοις
1289 1196 1462 1251 ἅπασι
1515 1195 1676 1265 τυχὸν

127 1308 224 1367 τοῖς
249 1301 331 1355 διὰ
364 1298 602 1360 πίστεως
643 1296 722 1358 είς
757 1292 940 1362 φιλίαν
989 1288 1341 1344 ἀναϐαίνουσι
1389 1288 1488 1355 τὴν
1537 1285 1675 1356 πρὸς

128 1397 206 1450 τὸν
231 1392 426 1456 Κύριον
460 1389 616 1462 ήμῶν
656 1385 863 1473 Ἰησοῦν
906 1383 1140 1454 Χριστὸν
1164 1421 1178 1445 ,
1217 1380 1452 1434 ἐπακτὸν
1484 1379 1550 1432 ἂν
1588 1378 1672 1473 atq

128 1482 210 1537 καὶ
236 1479 377 1534 δοτὺν
402 1518 418 1543 ,
467 1478 541 1540 ὡς
571 1478 629 1529 ὲν
676 1467 826 1538 τάξει
856 1474 1021 1542 τιμῆς
1054 1471 1114 1523 τὸ
1148 1470 1364 1539 ἀξίωμα
1387 1510 1402 1535 ,
1450 1468 1571 1538 ἔχον
1619 1467 1675 1520 δὲ

128 1571 290 1627 οὐκέτι
313 1568 455 1623 κατὰ
483 1568 576 1620 τὸν
605 1568 721 1620 ἴσον
748 1564 970 1634 τρόπον.
1007 1563 1069 1614 Οἱ
1111 1560 1219 1632 γὰρ
1252 1563 1317 1632 τῇ
1349 1558 1485 1629 πρὸς
1512 1558 1675 1613 αὑτὸν

127 1661 354 1733 ὁμοιώσει
410 1659 549 1731 πρὸς
616 1656 715 1729 τὴν
769 1655 867 1726 τῆς
914 1652 1225 1725 ἐλευθερίας
1282 1648 1672 1720 ἁνατρέχοντες

1775 478 1886 537 tus,
1914 477 1973 523 ut
2012 467 2267 538 imperite
2295 467 2516 537 quidam
2557 468 2859 522 asserunt?
2898 467 3009 524 Nec
3045 470 3190 524 enim
3227 472 3349 526 aliis

1775 561 2052 615 libertatis
2083 561 2349 614 honorem
2376 557 2615 613 tribuere
2646 566 2847 628 potest,
2890 560 2984 628 qui
3014 571 3220 614 natura
3252 577 3353 617 sua

1773 664 1971 716 expers
2002 648 2122 718 ejus
2162 649 2256 712 sit,
2293 646 2386 702 sed
2420 660 2529 715 pra:
2556 647 2771 702 caeteris
2809 648 2992 718 ipsum
3031 648 3196 702 talem
3231 663 3355 706 esse

1775 738 1979 792 debere
2033 744 2278 791 autumo.
2341 735 2497 790 Tunc
2554 737 2701 790 enim
2741 738 3092 792 eonveuienti
3140 740 3355 794 ratione

1777 829 1982 883 bonum
2013 842 2175 882 suum
2213 828 2555 896 impertit-tur
2588 842 2653 881 eo
2684 827 2987 884 destitutis.
3012 826 3119 883 Sed
3144 830 3354 884 sanctis

1776 918 2066 988 apostolis,
2100 918 2210 972 imo
2243 919 2457 972 caeteris
2504 918 2688 973 forsan
2723 919 2983 973 omnibus
3027 921 3122 988 qui
3162 936 3261 989 per
3293 919 3356 974 ﬁ-

1776 1008 1899 1064 dem
1932 1010 2000 1063 ad
2039 1010 2334 1064 amicitiam
2366 1008 2584 1064 Domini
2618 1010 2794 1065 nostri
2836 1007 2967 1064 Jesu
2999 1007 3205 1063 Christi
3231 1025 3357 1064 eve-

1776 1098 2005 1164 huntur,
2066 1099 2364 1154 adventitia
2413 1109 2496 1154 est
2536 1107 2702 1169 atque
2756 1099 2984 1154 honoris
3045 1098 3167 1151 loco
3226 1098 3356 1152 data

1776 1190 2033 1259 dignitas,
2072 1204 2179 1245 non
2222 1199 2404 1245 tamen
2439 1191 2635 1260 aequali
2669 1189 2849 1245 modo.
2882 1188 2946 1242 lli
2983 1189 3125 1244 enim
3160 1188 3358 1243 simili-

1777 1279 1966 1334 tudine
1999 1294 2121 1333 cum
2154 1282 2275 1350 ipso
2309 1282 2373 1335 ad
2410 1280 2677 1335 libertatis
2709 1281 2940 1349 gloriam
2973 1280 3185 1346 evecti,
3224 1277 3276 1332 id
3308 1281 3387 1355 ei‘

1777 1384 1841 1424 ac
1874 1370 1976 1425 soli
2010 1372 2340 1426 naturaliter
2370 1373 2554 1426 inesse
2590 1362 2954 1426 ostenderint.
3007 1368 3162 1434 Quod
3208 1372 3358 1425 enim

1776 1459 2094 1530 adoptivum
2129 1469 2213 1514 est
2242 1462 2479 1515 naturali
2510 1475 2726 1531 semper
2757 1460 3118 1515 assimilatur.
3151 1458 3357 1515 Obser-

1776 1553 2013 1605 vandum
2055 1561 2235 1607 tamen
2272 1553 2504 1622 (etenim
2546 1568 2641 1623 per
2671 1567 2833 1607 omne
2867 1568 3040 1621 genus
3086 1552 3357 1621 indaginis

1777 1641 2039 1704 eundum,
2064 1656 2184 1710 quae
2218 1641 2281 1695 ad
2311 1642 2705 1712 expositionem
2740 1641 2888 1695 utilis
2916 1642 2985 1695 sit
3014 1655 3079 1695 ac
3103 1655 3355 1695 necessa-

125 1723 296 1814 66Eatv,
331 1723 482 1817 αύτῷ
513 1746 580 1813 δὴ
618 1723 792 1814 τούτῳ
825 1723 936 1795 *καὶ
986 1723 1131 1811 μόνῳ
1188 1738 1390 1809 προσὸν
1424 1738 1668 1806 φυσικῶς
1704 1723 1709 1777 ί

1787 1731 1878 1801 ria)
1897 1731 2260 1800 antiquiorem
2286 1748 2409 1787 esse
2432 1733 2860 1787 declarationem
2886 1733 3117 1801 justitia:
3141 1747 3264 1802 quae
3289 1748 3357 1787 ex

127 1840 465 1906 ἀποδείξειαν.
493 1836 581 1906 Τῷ
616 1835 724 1906 γὰρ
748 1832 890 1888 κατὰ
919 1831 1101 1902 φύσιν,
1134 1831 1220 1883 ἀεὶ
1248 1830 1310 1883 τὸ
1343 1830 1484 1883 κατὰ
1520 1828 1673 1881 θέσιν

127 1928 521 2000 παρεικάζεται.
554 1923 894 1995 Σημειωτέον
939 1939 1001 1989 γε
1051 1921 1157 1991 μὴν
1204 1919 1351 1990 (δεῖν
1381 1917 1492 1989 γὰρ
1519 1914 1672 1988 οἶμαι

127 2022 201 2075 διὰ
235 2020 423 2082 παντὸς
461 2018 598 2072 ίέναι
627 2014 983 2086 θεωρήματος
1020 2011 1294 2083 χρησίμου
1332 2026 1393 2062 τε
1434 2008 1526 2061 καὶ
1554 2008 1673 2061 λίαν

128 2109 416 2179 ἀναγκαίαν
468 2106 683 2177 ἔχοντος
732 2105 831 2175 τὴν
886 2101 1183 2173 ἐξήγησιν)
1253 2101 1334 2153 ὅτι
1384 2098 1485 2168 τῆς
1533 2097 1672 2151 κατὰ

127 2203 273 2274 νόμον
301 2199 650 2270 δικαιοσύνης
671 2238 687 2263 ,
736 2199 770 2268 ή
807 2197 873 2249 ὲκ
926 2197 1162 2257 πίστεως
1194 2193 1294 2263 τῆς
1328 2194 1408 2255 εἰς
1438 2191 1674 2262 Χριστὸν

128 2292 470 2364 ἀρχαιοτέραν
506 2289 620 2360 ἔχει
667 2287 765 2358 τὴν
798 2286 1066 2350 ἀνάδειξιν
1090 2301 1103 2314 ο
1143 2284 1238 2337 καὶ
1270 2283 1407 2354 πρὸς
1443 2281 1672 2343 τούτοις,

1773 1820 1877 1875 ﬁde
1910 1822 1964 1875 in
1992 1820 2294 1886 Christum,
2328 1836 2491 1891 quam
2524 1822 2593 1875 sit
2619 1822 2847 1891 justitite
2869 1822 3058 1892 legalis
3084 1840 3097 1876 :
3124 1836 3187 1875 ac
3217 1836 3357 1890 pne-

1774 1920 1924 1968 terea
1944 1911 2301 1967 credentibus
2320 1923 2373 1967 et
2389 1913 2772 1968 obedientibus
2790 1913 3030 1976 ChriSto,
3051 1913 3357 1968 divinorum

1771 2005 2161 2077 mysteriorum
2197 2004 2566 2074 cognitionem
2588 2005 2843 2071 revelari,
2865 2018 2919 2059 et
2947 2003 3041 2060 Dei
3082 2020 3144 2058 ac
3175 2002 3357 2059 Patris

1773 2100 2108 2153 voluntatem
2137 2112 2165 2151 a
2197 2095 2357 2161 Filio,
2386 2098 2480 2168 qui
2511 2112 2629 2152 eam
2657 2098 2836 2161 novit,
2871 2098 3093 2168 aperiri,
3116 2096 3357 2151 inﬁdeli-

1780 2188 1885 2244 bus
1926 2202 2032 2241 non
2075 2188 2356 2259 item.Age
2397 2203 2526 2243 vero
2566 2188 2805 2258 idipsum
2840 2204 3036 2244 rursus
3068 2204 3136 2243 ex
3160 2187 3357 2243 divinis

1782 2279 2006 2334 Litteris
2034 2278 2415 2345 ostendamus,
2455 2295 2556 2335 nos
2589 2280 2800 2335 utiliter
2831 2281 2885 2335 in
2919 2282 2988 2337 iis
3019 2286 3356 2335 exercentes.

126 2387 197 2438 ὅτι
246 2385 351 2449 τοῖς
402 2380 723 2437 πιστεύουσι
782 2378 877 2433 καὶ
955 2375 1293 2432 ὑπακούουσι
1339 2374 1417 2445 τῷ
1472 2369 1714 2444 Χριστῷ,
1790 2371 1823 2440 ὴ
1877 2369 1983 2421 τῶν
2034 2368 2196 2424 θείων
2262 2370 2575 2443 μυστηρίων
2633 2370 3081 2427 ἀποκαλύπτεται
3133 2368 3357 2438 γνῶσις,

129 2479 211 2531 καὶ
280 2479 312 2547 ή
359 2476 456 2530 τοῦ
506 2473 641 2528 Θεοῦ
694 2475 787 2527 καὶ
849 2471 1057 2542 Πατρδς
1119 2467 1476 2540 ἑρμηνεύεται
1550 2464 1711 2536 βουλὴ
1750 2462 1901 2533 παρὰ
1949 2463 2043 2516 τοῦ
2097 2463 2302 2531 ταύτην
2352 2464 2551 2528 είδότος
2602 2466 2770 2518 Υίοῦο
2817 2469 2930 2529 τοῖς
2980 2465 3037 2518 δὲ
3127 2463 3357 2534 ἀπειθή-

134 2583 273 2620 σασιν
340 2563 549 2618 οὐκέτι.
603 2562 715 2615 Καὶ
760 2560 893 2631 φέρε
941 2559 1103 2613 πάλιν
1150 2556 1318 2622 αὐτὸ,
1367 2554 1456 2608 διὰ
1515 2554 1612 2623 τῆς
1680 2551 2043 2606 θεοπνεύστου
2114 2551 2446 2622 δεικνύωμεν
2516 2554 2771 2625 Γραφῆς,
2844 2555 3000 2623 όλίγα
3059 2555 3349 2626 χρησίμως

130 2659 364 2730 ἀδολεσχή
372 2671 583 2717 σαντες.

187 2726 492 2823 Γέγραπται
540 2745 718 2799 τοίνυν
767 2744 826 2796 ὲν
875 2740 1041 2812 βίὸλῳ
1091 2737 1353 2803 Μωσέως,
1397 2738 1478 2790 ὅτι
1525 2735 1683 2789 πεπί-

1859 2726 2135 2797 Scriptum
2163 2736 2247 2782 est
2292 2727 2459 2798 igitur
2504 2727 2558 2781 in
2604 2728 2744 2783 libro
2794 2728 3022 2799 Moysis,
3058 2732 3358 2792 credidisse

131 2818 304 2900 στευκε
344 2842 442 2913 μὲν
484 2836 737 2910 ’Δϐραὰμ
768 2834 846 2905 τῷ
871 2832 1010 2903 Θεῷ,
1039 2831 1179 2902 πλὴν
1217 2832 1250 2902 ή
1300 2831 1486 2893 πίστις
1534 2826 1680 2898 αὐτῷ

1787 2819 2007 2890 quidem
2036 2819 2310 2874 Abraham
2363 2818 2496 2882 Deo,
2527 2830 2580 2874 et
2636 2819 2790 2874 ﬁdem
2818 2821 2866 2875 ei
2898 2831 3204 2892 reputatam
3239 2843 3358 2883 esse

128 2911 404 3003 λελόγισται
445 2930 532 2993 είς
563 2925 924 2996 δικαιοσύνην,
950 2923 1047 2978 καὶ
1078 2922 1231 2992 φίλος
1268 2920 1403 2974 Θεοῦ
1453 2919 1677 2990 ἐκλήθη.

1787 2912 1852 2966 ad
1882 2912 2153 2981 justitiam
2191 2911 2257 2975 “,
2288 2920 2342 2966 et
2375 2912 2612 2966 altricum
2665 2911 2756 2967 Dei
2793 2922 3171 2983 nuncupatum
3216 2932 3359 2973 esse.

129 3026 224 3079 Καὶ
246 3024 323 3086 τίς
350 3022 377 3074 ὁ
398 3021 502 3091 τῆς
519 3019 753 3080 πίστεως
780 3012 1050 3086 τρόπο;,ἢ
1075 3011 1191 3074 πῶς
1212 3011 1321 3081 ἄρα
1343 3008 1493 3078 φίλος
1518 3008 1680 3100 ὲκλήῗ

1787 3004 2048 3071 Quaenam
2105 3011 2289 3056 autem
2345 3011 2429 3058 est
2470 3002 2565 3063 illa
2609 3002 2734 3057 ﬁdei
2763 3005 2924 3070 ratio,
2960 3013 3053 3058 aut
3083 3008 3359 3076 quomodo

129 3115 188 3185 θη
216 3112 377 3178 Θεοῦ;
405 3112 683 3164 Ἤκουσεν
708 3124 722 3138 ·
763 3125 782 3158 ι
808 3103 1029 3171 Ἔξελθε
1063 3104 1128 3155 ἐκ
1158 3100 1257 3171 τῆς
1286 3101 1389 3170 γῆς
1427 3115 1552 3162 σου,
1588 3098 1682 3151 καὶ

1788 3096 1996 3150 amicus
2042 3094 2138 3149 Dei
2176 3102 2403 3150 vocatus
2453 3095 2578 3149 est?
2614 3094 2780 3165 890
2828 3095 3059 3154 Audiit:
3098 3117 3116 3149 ι
3159 3097 3257 3153 Exi
3296 3100 3364 3156 de

134 3208 189 3261 ὲκ
211 3208 301 3277 τῆς
338 3200 662 3273 συγγενείας
713 3215 805 3252 σου
831 3237 846 3263 ,
876 3196 970 3250 καὶ
1018 3193 1176 3266 δεῦρο
1207 3193 1286 3255 είς
1324 3191 1423 3263 τὴν
1457 3191 1580 3261 γῆν,
1618 3190 1685 3262 ἣν

1788 3195 1934 3242 terra
1969 3193 2063 3240 tua
2094 3195 2149 3241 et
2177 3185 2245 3239 de
2274 3186 2601 3256 cognatione
2651 3195 2765 3251 tua,
2806 3195 2860 3241 et
2890 3189 3013 3241 veni
3067 3190 3123 3243 in
3160 3199 3359 3244 terram

135 3299 190 3352 ἄν
218 3314 292 3351 σοι
329 3296 507 3363 δείξω.
553 3312 572 3346 ι
609 3291 768 3345 Ἀλλὰ
809 3289 903 3343 καὶ
952 3290 1039 3342 ὅτε
1083 3286 1175 3339 τὸν
1218 3283 1483 3354 μονογενῆ
1514 3299 1684 3352 προσ-

135 3389 361 3443 ετάττετο
412 3387 564 3441 θύειν
606 3384 686 3447 είς
717 3382 887 3434 τύπον
928 3377 1188 3451 Χριστοῦ,
1224 3376 1313 3430 τὸν
1363 3378 1419 3429 ὲν
1449 3376 1528 3445 τῷ
1569 3374 1686 3445 Θεῷ

137 3478 493 3550 κεκρυμμένον
526 3476 837 3531 ὲδιδὰσκετο
870 3472 1089 3526 σκοπόν.
1131 3469 1238 3522 Καὶ
1282 3464 1412 3533 γοῦν
1441 3469 1469 3519 6
1500 3465 1687 3535 Σωτὴρ

138 3571 227 3641 ἔφη
255 3572 374 3642 περὶ
408 3568 575 3623 αὑτοῦ
610 3570 719 3630 τοῖς
753 3566 988 3627 ἀνοσίοις
1038 3560 1311 3622 Ἰουδαίοις
1340 3555 1684 3629 προσλαλῶν⁹

143 3678 160 3711 ι
198 3661 432 3732 Ἀϐραὰμ
468 3661 498 3715 ὁ
542 3656 729 3727 Πατὴρ
770 3653 923 3725 ὑμῶν
952 3649 1338 3722 ἠγαλλιάσατο,
1368 3645 1455 3698 ἵνα
1483 3644 1564 3713 ἴδῃ
1592 3642 1689 3713 τὴν

139 3753 325 3823 ἡμέραν
348 3751 442 3822 τὴν
473 3748 638 3821 ἐμὴν,
675 3748 770 3800 καὶ
811 3742 941 3809 εἶδε,
970 3743 1064 3795 καὶ
1092 3741 1287 3811 ἐχάρη.
1320 3758 1338 3789 ι
1374 3735 1584 3789 Οὐκοῦν
1621 3732 1689 3785 δι’

141 3844 383 3915 ὑπακοῆς,
432 3843 533 3896 καὶ
592 3839 780 3902 θυσίας
835 3839 864 3891 6
913 3834 1199 3893 θεσπέσιος
1240 3828 1492 3900 Ἀϐραὰμ
1540 3825 1691 3895 φίλος

139 3932 319 4003 ἐκλήθη
375 3930 511 3986 Θεοῦ
539 3970 554 3995 ,
584 3930 678 3983 καὶ
733 3928 793 3982 τὸ
847 3925 949 3995 τῆς
997 3921 1342 3991 δικαιοσύνης
1394 3918 1693 3987 ἀνεδήσατο

140 4021 377 4093 καύχημα
412 4038 425 4051 ο
477 4020 575 4074 xui
619 4019 739 4089 οὐχὶ
792 4017 949 4070 τοῦτο
993 4015 1150 4085 μόνον
1174 4051 1189 4076 ,
1213 4011 1348 4065 ἀλλὰ
1395 4009 1489 4062 καὶ
1534 4007 1693 4060 θείων

141 4111 326 4183 ἠξιώθη
355 4113 551 4180 λόγων,
581 4110 676 4163 καὶ
700 4108 892 4179 βουλὴν
927 4105 1066 4172 ἔγνω
1098 4101 1255 4165 Θεοῦ,
1290 4101 1389 4170 τὴν
1422 4095 1691 4165 ἐπ’ὲσχὰ-

141 4219 239 4266 τοις
267 4204 564 4273 γενομένην
585 4202 814 4270 καιροῖς.
849 4196 970 4251 Ἐπὶ
994 4191 1272 4262 συντελείᾳ
1293 4190 1401 4260 γὰρ
1430 4187 1536 4242 τῶν
1565 4184 1695 4238 αίώ-

142 4310 234 4346 νων
265 4295 398 4365 ὑπὲρ
422 4293 584 4364 ἡμῶν
626 4290 897 4345 ἀπέθανεν
927 4289 956 4340 6
989 4283 1242 4356 Χριστὸς,
1273 4281 1333 4335 τὸ
1360 4279 1500 4351 ίερὸν
1529 4279 1696 4342 ὅντως

1786 3293 1948 3349 quam
1981 3288 2358 3334 monstravere
2397 3278 2492 3331 tibi
2528 3279 2595 3330 ⁵ο.
2646 3296 2664 3328 ›
2712 3275 2818 3333 Sed
2857 3287 2914 3333 et
2946 3293 3071 3334 cum
3103 3282 3359 3350 unigeni-

1789 3377 1901 3422 tum
1932 3384 2092 3422 sunm
2116 3369 2305 3437 jussus
2331 3376 2416 3423 est
2466 3368 2750 3423 immolare
2779 3369 2833 3423 in
2870 3369 3099 3440 ﬁguram
3136 3370 3360 3435 Christi,

1789 3459 2170 3513 absconditum
2208 3460 2262 3512 in
2293 3458 2403 3513 Deo
2440 3472 2664 3527 scopum
2692 3458 2922 3515 edoctus
2971 3468 3074 3515 est.
3132 3458 3200 3512 Et
3236 3475 3369 3515 sane

1791 3549 2045 3604 Salvator
2087 3548 2290 3605 Judaais
2333 3550 2515 3619 impiis
2567 3550 2635 3605 de
2674 3551 2795 3618 ipso
2853 3551 3085 3621 loquens
3140 3551 3361 3603 aiebat:

1800 3659 1818 3692 ι
1859 3642 2134 3696 Abraham
2163 3640 2327 3695 Pater
2366 3650 2547 3696 vester
2573 3641 2869 3697 exsultavit
2904 3650 2962 3695 ut
2992 3642 3198 3697 videret
3222 3642 3361 3696 diem

1792 3746 1972 3786 meum
2002 3751 2014 3786 :
2062 3730 2232 3796 vidit,
2256 3739 2310 3787 et
2359 3732 2582 3801 gavisus
2618 3743 2702 3786 cst
2731 3733 2798 3786 ⁷ο.
2836 3751 2854 3783 ι
2905 3732 3075 3803 Igitur
3104 3749 3201 3804 per
3237 3734 3360 3787 obe-

1793 3822 2055 3878 dientiam
2104 3833 2158 3877 et
2194 3823 2527 3878 sacriﬁcium
2578 3823 2797 3878 divinus
2855 3824 3124 3886 Abraham
3161 3825 3371 3879 amicus

1794 3909 1888 3968 Dei
1923 3921 2157 3968 vocatus
2188 3922 2291 3977 est,
2322 3919 2376 3969 et
2399 3914 2629 3982 justitiaa
2678 3915 2852 3983 gloria
2905 3914 3194 3977 redimitus
3236 3922 3367 3967 est:

1794 4015 1974 4070 neque
2012 4001 2063 4055 id
2100 4009 2335 4066 tantum,
2381 4002 2476 4057 sed
2518 4010 2573 4057 et
2624 4002 2831 4058 divinis
2877 4006 3226 4058 sermonibus
3269 4005 3369 4057 ho-

1794 4096 2044 4145 nestatus
2067 4098 2172 4156 est,
2196 4100 2252 4145 et
2280 4092 2572 4146 consilium
2602 4091 2697 4147 Dei
2726 4093 2993 4148 extremis
3031 4095 3370 4162 temporibus

1796 4179 1862 4233 ad
1911 4181 2118 4235 exitum
2168 4181 2579 4248 perducendum
2615 4182 2862 4253 agnovit.
2916 4183 2974 4237 In
3019 4198 3370 4238 consumma-

1798 4268 1948 4324 tione
2006 4272 2210 4339 quippe
2267 4271 2591 4325 saeculorum
2643 4287 2741 4340 pro
2780 4272 2940 4326 nobis
2991 4282 3243 4327 mortuus
3289 4285 3369 4328 est

144 4387 224 4437 καὶ
246 4360 392 4453 ἅγιον
421 4360 573 4456 θῦμα
600 4383 660 4437 τὸ
696 4377 849 4451 αἷρον
890 4379 988 4449 τὴν
1037 4374 1311 4446 ἁμαρτίαν
1339 4371 1434 4424 τοῦ
1465 4372 1686 4440 κόσμου.

1796 4360 2073 4424 Christus,
2106 4376 2263 4416 sacra
2317 4361 2410 4415 illa
2459 4377 2585 4416 vere
2621 4371 2676 4417 et
2725 4370 2918 4416 saneta
2961 4364 3208 4429 victima,
3253 4379 3371 4432 qua!

155 4476 278 4528 Ἀλλ’
304 4479 403 4547 ὅρα
439 4491 532 4547 μοι
560 4472 719 4527 πάλιν
751 4472 818 4525 τὰ
850 4469 944 4523 ἴσα
967 4464 1323 4539 πληρούμενα
1354 4463 1448 4516 καὶ
1472 4462 1565 4514 ἐπὶ
1589 4460 1694 4513 τῶν

145 4564 221 4617 διὰ
248 4565 473 4627 πίστεως
509 4564 592 4625 είς
638 4561 819 4630 φιλίαν
874 4554 1268 4623 ἀναϐαινόντων
1316 4551 1412 4604 τοῦ
1447 4550 1699 4620 Σωτῆρος

147 4653 283 4722 ἡμῶν
306 4652 565 4724 Χριστοῦ.
592 4651 866 4702 Ἤκουσαν
907 4647 999 4700 καὶ
1024 4644 1208 4698 αὐτοί*
1249 4640 1469 4706 Ἔξελθε
1504 4643 1568 4693 ὲκ
1600 4639 1700 4707 τῆς

146 4743 234 4811 γῆς
255 4760 365 4806 σου,
382 4743 479 4796 καὶ
498 4742 582 4794 ὃτι
607 4738 894 4809 δεδράκασι
918 4734 1233 4806 προθύμως,
1250 4732 1413 4786 ἄκουε
1435 4732 1487 4784 τί
1514 4744 1696 4798 φασινο

152 4852 168 4884 ι
201 4835 269 4887 Οὐ
291 4834 396 4904 γὰρ
420 4833 619 4903 ἔχομεν
640 4826 739 4884 ὧδε
778 4828 1043 4898 μένουσαν
1069 4825 1242 4890 πόλιν,
1277 4824 1412 4878 ἀλλὰ
1446 4823 1545 4892 τήν
1574 4821 1700 4891 μέλ-

147 4925 323 4978 λουσαν
354 4921 720 4995 ἐπιζητοῦμεν
739 4938 753 4950 ·
786 4939 806 4973 ι
838 4917 902 4992 ἧς
929 4919 1176 4989 τεχνίτης
1205 4917 1299 4971 καὶ
1318 4913 1644 4986 δημιουργὸς
1672 4913 1702 4963 6

146 5015 280 5079 Θεός.
314 5017 572 5071 Μέτοικοι
615 5013 725 5083 γάρ
762 5013 868 5064 εἱσι
892 5052 906 5076 ,
934 5012 1027 5063 καὶ
1068 5006 1440 5079 παρεπίδημοι
1472 5004 1564 5056 ἐπὶ
1605 5002 1702 5072 τῆς

146 5104 254 5173 γῆς,
274 5107 384 5167 τοῖς
411 5103 528 5157 ἀνω
550 5099 977 5169 πολιτευόμενοι,
1009 5097 1105 5150 καὶ
1124 5096 1224 5162 τὴν
1249 5093 1348 5161 μὲν
1376 5089 1703 5159 ἑνεγκοῦσαν

147 5194 358 5262 ἀφέντες
387 5234 402 5257 ,
433 5196 557 5248 ὅσον
590 5188 727 5265 ἧκεν
757 5192 930 5243 εἰπεῖν
960 5190 1039 5251 είς
1072 5187 1325 5258 φρόνημα
1350 5183 1411 5236 τὸ
1439 5180 1703 5251 φιλόθεον,

147 5286 438 5355 γλιχόμενοι
475 5286 537 5339 δὲ
584 5286 683 5353 τῆς
735 5284 846 5338 ἄνω
877 5280 1062 5352 μονῆς.
1094 5276 1309 5347 Ταύτην
1340 5276 1444 5346 γὰρ
1470 5275 1651 5335 αὐτοῖς
1671 5274 1700 5325 ὁ

147 5376 320 5448 Σωτήρ
356 5376 600 5441 ὑπέδειξε
642 5375 848 5443 λέγων·
877 5392 895 5423 ι
943 5369 1251 5440 Πορεύομαι
1287 5366 1380 5420 καὶ
1426 5363 1700 5433 ἑτοιμάσω

145 5466 294 5521 τόπον
321 5468 451 5539 ύμῖν
477 5484 492 5498 ο
525 5468 614 5521 ὅτε
659 5466 717 5520 δὲ
759 5464 895 5518 ἔλθω
917 5505 933 5531 ,
967 5460 1358 5533 παραλήψομαι
1394 5458 1536 5527 ὑμᾶς
1583 5456 1699 5525 μετ’

229 5647 273 5679 ⁸⁸
316 5647 451 5704 Gen.
497 5664 583 5714 xv,
615 5646 667 5704 6.
746 5648 789 5681 ⁶⁹
828 5648 961 5705 Gen.
996 5662 1095 5713 xu,
1140 5645 1187 5699 l.

1798 4453 1938 4509 tollit
1975 4463 2257 4521 peccatum
2297 4452 2487 4507 mundi
2538 4453 2603 4506 ⁷¹.
2640 4452 2747 4508 Sed
2801 4452 2925 4507 vide
2976 4454 3130 4518 mihi,
3162 4470 3372 4523 quaeso.

1794 4545 1983 4599 eadem
2039 4544 2252 4614 impleri
2310 4559 2532 4614 quoque
2588 4546 2644 4598 in
2703 4545 2772 4601 iis
2822 4546 2913 4615 qui
2966 4547 3034 4600 ad
3075 4548 3372 4600 amicitiam

1800 4633 2111 4691 Servatoris
2145 4636 2325 4691 nostri
2355 4637 2555 4690 Christi
2604 4637 2936 4694 evehuntur.
2967 4639 3277 4693 Audierunt
3319 4646 3370 4691 et

1800 4727 1903 4795 ipsi
1932 4746 1944 4782 :
1980 4747 1999 4779 ‹
2028 4727 2126 4781 Exi
2149 4726 2218 4782 de
2241 4735 2387 4783 terra
2412 4739 2540 4784 tua:
2569 4746 2588 4779 ›
2623 4729 2770 4798 quod
2802 4743 2965 4800 quam
2999 4737 3224 4784 strenue
3254 4743 3370 4797 ege-

1799 4821 1930 4883 rint,
1961 4819 2088 4873 audi
2144 4820 2274 4888 quid
2311 4820 2538 4875 dicant:
2584 4840 2603 4872 ι
2639 4819 2758 4876 Non
2789 4823 2936 4877 enim
2970 4821 3240 4874 habemus
3283 4819 3374 4873 hic

1799 4919 2110 4965 manentem
2142 4910 2445 4976 civitatem,
2475 4913 2568 4968 sed
2599 4912 2838 4968 futuram
2874 4911 3210 4981 inquirimus
3239 4911 3308 4972 ",
3349 4928 3369 4959 ι

1801 5003 1959 5072 cujus
1992 5001 2171 5071 opifex
2202 5011 2257 5057 et
2287 5002 2544 5059 conditor
2572 5012 2657 5059 est
2690 5002 2853 5058 Deus.
2898 5000 3182 5069 Peregrini
3227 5000 3370 5054 enim

1804 5099 1936 5147 sunt
1981 5100 2036 5147 et
2088 5092 2313 5147 advenae
2346 5093 2577 5148 interra
2628 5094 2719 5163 qui
2747 5093 3023 5146 caelestem
3061 5090 3227 5143 vitam
3272 5090 3368 5145 duo

1805 5190 1957 5245 cunt,
1988 5188 2042 5236 et
2075 5190 2276 5237 terram
2299 5182 2499 5238 affectu
2527 5198 2590 5237 ac
2609 5184 2796 5238 studio
2813 5180 3033 5250 pietatis
3058 5195 3185 5250 erga
3208 5180 3371 5234 Deum

1804 5275 2149 5344 relinquunt,
2199 5290 2449 5344 supernae
2496 5274 2797 5329 mansionis
2824 5272 3144 5327 desiderio:
3177 5270 3377 5341 quippe

1805 5364 1946 5419 hanc
1977 5366 2059 5420 eis
2089 5365 2339 5421 Salvator
2368 5365 2626 5428 ostendit,
2664 5364 2855 5417 dicens
2891 5379 2905 5417 :
2942 5382 2960 5415 ‹
3001 5361 3153 5417 Vado
3183 5376 3380 5432 parare

1813 5456 1966 5512 vobis
1996 5456 2175 5511 locum
2201 5472 2217 5521 ;
2245 5470 2369 5510 cum
2397 5464 2576 5509 autem
2607 5469 2833 5523 venero,
2884 5454 3145 5526 accipiam
3180 5466 3276 5509 vos
3309 5452 3373 5507 ad

1264 5648 1310 5679 το
1356 5643 1511 5699 Joan.
1546 5658 1601 5707 ll,
1644 5638 1733 5696 ‘26.
1810 5643 1850 5673 ⁷¹
1876 5639 2033 5696 Joan.
2060 5678 2096 5705 .,
2124 5640 2214 5696 9.9.
2293 5641 2335 5671 ⁷¹
2360 5637 2526 5694 Hebr.
2552 5654 2673 5703 xm,
2700 5637 2786 5692 Η.
