3998 6318
549 310 658 371 587

1547 295 1602 350 S.
1653 287 1924 350 CYRILLI
1987 283 2450 340 ALEXANDRINI
2495 285 2810 343 ARCHIEP.

3699 296 3805 351 383

548 431 861 500 meipsum,
928 431 986 479 ut
1037 420 1126 477 ubi
1187 435 1306 476 sum
1369 433 1490 492 ego,
1542 428 1596 474 et
1647 432 1746 472 vos
1803 416 1924 471 sitis
1973 414 2040 469 ⁷³.
2099 430 2116 462 ι

2230 409 2489 480 ἐμαυτοῦ,
2525 411 2611 465 ἵνα
2643 412 2775 465 ὅπου
2804 410 2918 482 εἰμὶ
2947 411 3075 479 ἐγὼ,
3097 410 3189 465 καὶ
3223 411 3383 482 ὑμεῖς
3408 407 3528 486 ἦτε.
3554 431 3572 465 ι
3603 412 3808 467 Ἤκου-

549 519 856 575 Audierant.
919 511 1227 566 exeundum
1286 525 1411 564 esse
1475 507 1543 562 de
1607 505 1938 576 cognatione
1999 516 2119 556 sua.

551 614 621 667 At
661 605 935 680 quomodo
995 603 1138 656 istud
1191 598 1750 656 demonstrabimus?
1803 595 1984 666 Ipsum
2023 593 2122 647 tibi

552 701 828 758 Christum
861 697 1210 764 interpretem
1241 691 1613 746 adducemus:
1655 708 1673 740 ι
1712 688 1814 754 Qui
1850 694 1998 740 amat
2031 699 2124 754 pa-

551 803 690 847 trem
737 797 830 843 aut
862 795 1091 841 matrem
1135 785 1258 854 plus
1288 797 1455 852 quam
1490 795 1596 843 me,
1631 795 1737 834 non
1773 787 1856 832 est
1907 792 1991 831 me
2041 775 2125 830 di-

553 899 692 954 gnus
716 881 784 935 ⁷⁸.
827 899 844 931 ι
881 877 1037 944 Quod
1083 885 1264 929 autem
1317 873 1563 927 terrestri
1599 881 1650 926 et
1679 871 1891 926 carnali
1924 885 2126 938 cogna-

552 976 688 1030 tioni
739 979 958 1043 praestet
994 969 1087 1023 Dei
1138 965 1401 1031 amicitia,
1429 972 1482 1018 et
1525 964 1667 1031 apud
1730 963 1850 1031 ejus
1881 961 2125 1015 cultores

552 1065 713 1133 longe
747 1061 926 1130 potior
959 1059 1028 1114 sit
1080 1057 1133 1110 in
1163 1056 1436 1110 Christum
1475 1054 1720 1117 dileCtio,
1754 1053 1940 1122 utique
1965 1050 2124 1105 dubi-

553 1157 780 1210 tandum
826 1169 934 1208 nou
986 1161 1087 1206 est.
1143 1149 1208 1202 Et
1254 1149 1449 1203 beatus
1489 1146 1708 1217 quidem
1741 1145 2015 1199 Abraham
2061 1142 2124 1195 ﬁ-

553 1250 691 1304 lium
731 1261 891 1301 suum
941 1244 994 1297 in
1036 1243 1257 1296 odorem
1292 1239 1579 1294 suavitatis
1619 1234 1815 1290 oﬁ‘erre
1857 1234 1966 1288 Deo
2002 1233 2124 1302 jus-

556 1355 653 1395 sus
681 1345 764 1392 est
790 1336 870 1384 "z
913 1333 964 1387 hi
1000 1348 1126 1388 vero
1157 1331 1374 1400 justitia
1422 1329 1543 1383 ﬁdei
1587 1327 1887 1397 prmeiucti,
1919 1339 2126 1394 nequa-

556 1445 718 1500 quam
751 1427 909 1491 alios,
941 1425 1033 1480 sed
1071 1425 1282 1494 seipsos
1314 1423 1458 1492 jussi
1491 1428 1620 1475 sunt
1656 1418 1872 1473 offerre.
1899 1437 1918 1468 ι
1957 1417 2124 1472 Exhi-

555 1519 732 1574 beatis
789 1518 962 1581 enim,
1001 1515 1198 1584 inquit,
1251 1527 1486 1582 corpora
1532 1518 1713 1566 vestra
1764 1508 1999 1563 hostiam
2045 1507 2126 1560 vi-

553 1619 796 1674 ventem,
840 1616 1110 1669 sanctam,
1143 1606 1252 1660 Deo
1285 1605 1612 1674 placentem,
1666 1601 1994 1657 rationabile
2030 1599 2126 1654 ob-

555 1702 806 1770 sequium
843 1708 1084 1754 vestrum
1110 1699 1181 1764 ",
1219 1715 1237 1747 ι
1274 1711 1396 1752 cum
1427 1705 1480 1751 et
1513 1695 1578 1750 de
1608 1695 1676 1750 iis
1703 1695 1968 1763 scriptum
2011 1692 2122 1748 sit:

560 1811 579 1844 ι
619 1792 722 1858 Qui
749 1801 926 1846 autem
959 1798 1087 1844 sunt
1134 1789 1336 1843 Christi
1366 1786 1520 1851 Jesu,
1550 1801 1772 1840 carnem
1803 1799 1958 1840 suam
1994 1799 2123 1838 cru-

555 1884 846 1939 citixerunt
875 1897 998 1936 cum
1032 1882 1179 1935 vitiis
1231 1888 1285 1933 et
1315 1878 1776 1948 concupiscentiis
1807 1877 1874 1930 ".
1919 1894 1938 1927 ι
1985 1875 2127 1929 Prae-

554 1985 705 2032 terea
738 1982 1113 2046 cognoverunt
1144 1973 1250 2042 ipsi
1279 1986 1500 2041 quoque
1539 1970 1746 2024 Christi
1776 1967 2125 2040 mysterium.

557 2067 752 2124 Sciunt
777 2068 928 2122 enim
961 2066 1194 2119 virtutes
1238 2064 1404 2118 futuri
1437 2063 1646 2128 saeculi,
1680 2071 1734 2117 et
1761 2075 1879 2130 qua:
1910 2060 1965 2114 in
1997 2058 2127 2113 ulti—

556 2159 662 2212 mis
695 2157 876 2212 futura
910 2163 1040 2210 sunt
1065 2155 1430 2225 temporibus,
1470 2155 1575 2210 sibi
1603 2169 1827 2208 suorum
1879 2152 2128 2206 laborum

556 2251 780 2320 przemia
810 2250 996 2304 datum
1028 2248 1117 2311 iri,
1149 2255 1202 2302 et
1229 2247 1452 2317 pietatis
1484 2247 1539 2300 in
1572 2245 1856 2300 Christum
1892 2242 2124 2298 retribu-

555 2341 784 2394 tionem.
819 2339 979 2410 891
1032 2340 1218 2406 Itaque
1243 2340 1380 2408 justi
1417 2346 1471 2394 et
1503 2338 1664 2392 amici
1698 2336 1790 2390 Dei
1841 2349 2128 2404 nuncupa-

557 2430 762 2490 bimur,
797 2430 958 2486 sicuti
980 2428 1276 2483 Abraham.
1301 2429 1488 2498 Longe
1515 2442 1646 2482 vero
1669 2427 1827 2497 legali
1851 2426 2131 2496 antiquior

557 2526 640 2574 est
692 2519 1002 2590 evangelica
1037 2518 1402 2583 conversatio,
1437 2519 1487 2570 id
1518 2526 1603 2572 est
1642 2518 1732 2571 illa
1769 2532 1891 2587 qua:
1939 2531 2036 2585 per
2063 2513 2129 2568 ﬁ-

558 2611 681 2666 dem
711 2607 765 2664 et
794 2610 1094 2664 amicitiam
1125 2609 1217 2664 Dei
1242 2610 1296 2664 in
1334 2610 1508 2680 primo
1544 2609 1786 2679 quidem-
1822 2617 1955 2664 tunc
1989 2608 2128 2678 ﬁgu-

556 2712 675 2759 rata
706 2715 788 2759 est
828 2703 1162 2766 Abrahamo,
1215 2711 1275 2757 ut
1319 2705 1374 2756 in
1409 2704 1627 2774 generis
1668 2703 1968 2758 secundum
2004 2716 2128 2755 car-

556 2810 702 2858 nem,
745 2793 846 2847 hoc
877 2801 963 2848 est
996 2793 1215 2847 lsraelis
1245 2792 1534 2861 principio,
1563 2791 1660 2845 sed
1695 2808 1840 2846 nunc
1867 2801 2127 2860 tanquam

557 2901 589 2941 a
625 2893 752 2956 typo
791 2884 858 2938 ad
904 2885 1187 2939 veritatem
1225 2883 1494 2953 pervenit,
1529 2890 1584 2936 et
1623 2883 1678 2935 in
1734 2881 1944 2936 sanctis
1992 2880 2128 2950 ipsis

557 2976 845 3045 discipulis
876 2977 1024 3030 velut
1055 2976 1108 3028 in
1142 2974 1404 3044 primitiis
1431 2972 1647 3043 generis
1676 2972 1976 3028 secundum
2021 2971 2130 3041 spi-

2225 519 2324 555 σαν
2373 501 2608 566 ἐξελθεῖν
2641 503 2748 555 ἀπὸ
2791 502 2892 572 τῆς
2947 502 3263 572 συγγενείας
3299 502 3498 558 αὐτῶν.
3541 505 3657 557 Καὶ
3690 504 3808 568 πῶς

2223 593 2382 646 τοῦτο
2425 592 2708 664 δείξομεν;
2743 594 2913 646 Αὐτόν
2947 612 3028 647 σοι
3077 595 3410 666 παροίσομεν
3454 595 3684 663 λέγοντα
3715 597 3808 648 τὸν

2225 686 2487 756 Χριστόν·
2522 706 2539 738 ι
2562 687 2621 739 Ὀ
2653 685 2819 755 φιλῶν
2845 687 3111 757 πατέραῆ
3139 687 3350 758 μητέρα
3389 688 3530 758 ὑπὲρ
3564 688 3806 758 ἐμέ,οί.κ

2224 779 2338 831 ἐστι
2371 796 2473 848 μου
2503 779 2668 843 ἄξιος.
2686 798 2703 830 ι
2733 781 2855 834 Ὀτι
2881 779 2934 832 δέ
2962 782 3280 849 συγγενείας
3307 781 3405 850 τῆς
3437 781 3684 846 ἐπιγείου
3713 781 3804 832 καὶ

2227 872 2496 941 σαρκικῆς
2538 873 2929 943 προτετίμηται
2958 872 3026 926 τὰ
3057 872 3207 943 παρὰ
3249 871 3406 936 Θεοῦ,
3438 872 3534 925 καὶ
3579 871 3712 924 πολὺ
3739 871 3801 942 δὴ

2224 965 2489 1034 κρείττων
2531 965 2564 1034 ἡ
2619 967 2698 1028 είς
2740 966 2970 1036 Χριστὸν
3005 966 3193 1035 ἀγάπη
3241 965 3516 1030 τέθειται,
3556 964 3710 1033 παρά
3741 977 3802 1031 γε

2223 1058 2334 1119 τοῖς
2359 1055 2671 1126 σεϐομένοις
2703 1057 2894 1123 αὑτὸν,
2919 1057 3132 1127 άληθῶς
3155 1057 3256 1110 οὐκ
3282 1057 3604 1127 ἀμφίλογον.
3640 1055 3748 1108 Καὶ
3776 1057 3803 1108 ὁ

2229 1150 2328 1219 μὲν
2351 1151 2620 1220 μακάριος
2648 1149 2900 1222 Ἀϐραὰμ
2923 1150 3012 1204 τὸν
3058 1151 3187 1204 ῐδιον
3228 1150 3340 1204 υἱὸν
3382 1151 3462 1214 εἰς
3495 1149 3672 1220 ὀσμὴν
3711 1149 3803 1202 εὖ·

2224 1240 2388 1304 ωδίας
2411 1243 2782 1310 προσαγαγεῖν
2809 1241 2887 1310 τῷ
2911 1241 3029 1311 Θεῷ
3062 1228 3392 1294 διεκελεύετο
3410 1257 3424 1270 ·
3462 1243 3509 1294 οί
3541 1241 3596 1293 δὲ
3617 1238 3718 1310 τὴν
3747 1241 3804 1292 ἐν

2228 1331 2407 1384 πίστει
2429 1331 2771 1402 δικαιοσύνην
2793 1332 3250 1403 περιζωσάμενοι,
3269 1333 3368 1402 οὐχ
3397 1331 3615 1403 ἐτέρους
3638 1348 3806 1401 προσ-

2227 1421 2474 1488 αγαγεῖν,
2503 1420 2615 1474 ἀλλ’
2645 1423 2868 1485 ἑαυτοὺς
2902 1421 3320 1491 ἐκελεύσθησαν.
3360 1440 3378 1473 ι
3408 1420 3803 1491 Παραστήσατε

2226 1509 2355 1580 γὰρ,
2394 1511 2544 1581 φησὶ,
2577 1511 2646 1565 τά
2689 1511 2914 1582 σώματα
2959 1510 3112 1582 ὑμῶν
3158 1509 3349 1564 θυσίαν
3390 1508 3591 1574 ζῶσαν,
3619 1510 3802 1577 ἁγίαν,

2228 1601 2519 1672 εὐάρεστον
2545 1601 2624 1674 τῷ
2671 1601 2811 1674 Θεῷ,
2856 1602 2952 1672 τὴν
2999 1602 3221 1673 λογικὴν
3259 1602 3514 1673 λατρείαν
3563 1602 3746 1671 ὑμῶν,-
3780 1619 3798 1652 ι

2228 1693 2317 1744 ὅτε
2353 1693 2445 1746 καὶ
2479 1694 2785 1766 γέγραπται
2813 1695 2939 1764 περὶ
2986 1693 3165 1747 αὐτῶν
3195 1710 3209 1722 ·
3242 1711 3262 1746 ‹
3309 1693 3372 1746 υῖ
3407 1694 3515 1764 γὰρ
3539 1694 3632 1746 τοῦ
3673 1693 3806 1764 Χρι-

2230 1782 2354 1836 στοῦ
2400 1785 2576 1854 Ἰησοῦ
2626 1785 2725 1856 τὴν
2760 1786 2940 1855 σάρκα
2967 1784 3318 1856 ἐσταύρωσαν
3350 1785 3448 1838 σὺν
3484 1787 3595 1848 τοῖς
3625 1785 3816 1855 παθή-“

2231 1889 2363 1941 μασι
2412 1875 2505 1929 καὶ
2548 1877 2664 1938 ταῖς
2710 1875 3043 1946 ἐπιθυμίαις.
3079 1895 3097 1928 ι
3133 1876 3415 1943 Ἔγνωσαν
3436 1873 3492 1928 δὲ
3526 1875 3622 1928 καὶ
3652 1875 3806 1927 αὐτοὶ

2226 1969 2288 2022 τὸ
2319 1970 2376 2021 ἐν
2406 1966 2625 2038 Χριστῷ
2665 1966 2984 2037 μυστήριον.
3019 1967 3193 2019 ’Ἰσασι
3221 1967 3329 2037 γὰρ
3374 1948 3632 2036 δυνάμεις
3680 1965 3806 2035 μέλ-

2227 2058 2408 2122 λοντος
2436 2057 2630 2120 αἰῶνος
2655 2094 2670 2120 ,
2698 2055 2883 2109 καὶτὰ
2926 2057 2984 2108 ἐν
3013 2057 3262 2126 ἐσχάτοις
3307 2056 3541 2125 ἐσόμενα
3566 2059 3804 2125 καιροῖς,

2227 2152 2311 2206 ὅτι
2352 2150 2460 2203 τῶν
2492 2151 2637 2203 ίδίων
2664 2148 3028 2219 ἀπολήψονται
3067 2148 3244 2203 πόνων
3274 2150 3400 2212 τοὺς
3433 2148 3681 2218 μισθοὺς,
3713 2147 3807 2201 καὶ

2227 2246 2327 2316 τῆς
2350 2247 2428 2309 είς
2473 2244 2711 2313 Χριστὸν
2748 2244 3030 2308 εὐσεϐείας
3061 2243 3499 2316 άντικομιοῦνται
3523 2243 3625 2313 τὴν
3646 2243 3807 2312 ἀμοι-

2229 2337 2350 2408 ϐήν.
2369 2337 2577 2391 Οὐκοῦν
2609 2337 2808 2390 δίκαιοί
2835 2353 2894 2390 τε
2921 2336 3015 2390 καὶ
3041 2336 3181 2406 φίλοι
3203 2335 3336 2389 Θεοῦ
3369 2334 3804 2407 χρηματιοῦμεν,

2229 2427 2480 2499 καθάπερ
2541 2426 2813 2499 Ἀϐραάμ.
2852 2427 3207 2498 Ἀρχαιοτέρα
3238 2426 3294 2479 δὲ
3347 2426 3549 2497 σφόδρα
3581 2425 3684 2496 τῆς
3721 2443 3807 2478 νο-

2232 2521 2398 2590 μικῆς
2442 2519 2779 2590 πολιτείαςὴ
2829 2518 3196 2588 εὐαγγελικὴ,
3233 2517 3376 2571 τοῦτ’
3433 2517 3602 2582 ἐστιν,
3640 2519 3674 2589 ἡ
3717 2517 3809 2571 διὰ

2229 2611 2465 2673 πίστεως
2488 2651 2502 2674 ,
2531 2608 2626 2662 καὶ
2659 2608 2840 2677 φιλίας
2886 2607 3043 2671 Θεοῦ,
3070 2611 3128 2662 ἐν
3165 2608 3365 2679 πρώτῳ
3405 2609 3503 2679 μὲν
3542 2609 3664 2662 τότε
3690 2609 3809 2664 δια-

2229 2699 2588 2770 πεπλασμένη
2633 2699 2710 2769 τῷ
2779 2698 3162 2770 Ἀϐραὰμ,ὠς
3213 2701 3270 2752 ἐν
3317 2699 3456 2770 ἀρχῇ
3508 2698 3604 2752 τοῦ
3661 2699 3810 2754 κατὰ

2231 2791 2408 2862 σάρκα
2434 2791 2624 2859 γένους
2643 2831 2658 2856 ,
2687 2791 2832 2845 τοῦτ’
2877 2791 2992 2844 ἔστι
3028 2793 3123 2846 τοῦ
3167 2792 3382 2864 Ἰσραήλ
3403 2808 3417 2820 ’
3449 2791 3718 2864 ἐρχομένη
3748 2791 3808 2846 δὲ

2230 2885 2364 2947 νυνὶ,
2396 2884 2647 2954 καθάπερ
2673 2884 2737 2935 ἐκ
2769 2882 2939 2936 τύπου
2968 2883 3103 2954 πρὸς
3149 2883 3426 2954 ἀλήθειαν,
3450 2882 3808 2954 πληρουμένη

2228 2993 2288 3029 τε
2342 2974 2520 3038 καλῶς
2565 2977 2622 3028 ἐν
2673 2976 2854 3039 αὐτοῖς
2905 2978 3018 3039 τοῖς
3065 2977 3238 3044 ἁγίοις
3295 2976 3592 3046 μαθηταῖς,
3620 2977 3699 3039 ὡς
3747 2979 3809 3028 ἐν

557 3066 730 3122 ritum
766 3075 913 3122 recte
940 3065 1292 3135 adimpletur,
1321 3065 1470 3134 quod
1507 3064 1796 3133 acquisivit
1837 3065 1892 3118 in
1937 3064 2122 3133 acqui-

2230 3068 2446 3138 άπαρχῇ
2483 3066 2573 3120 τοῦ
2606 3068 2744 3120 κατὰ
2773 3067 2990 3138 πνεῦμα
3015 3067 3223 3136 γένους,
3239 3067 3334 3120 τοῦ
3366 3069 3460 3122 καὶ
3487 3085 3810 3138 περιποιου-

560 3159 812 3214 sitionem
862 3157 1072 3228 populi,
1109 3156 1204 3226 qui
1251 3164 1303 3210 et
1326 3171 1460 3227 gens
1506 3165 1716 3220 sancta,
1749 3165 1802 3211 et
1829 3157 2010 3226 regale
2041 3172 2131 3210 sa-

559 3251 864 3306 cerdotium
897 3261 1247 3318 nuncupatur
1279 3251 1342 3304 ⁷⁸.
1375 3249 1608 3320 Ideoque
1640 3258 1693 3305 et
1717 3251 1784 3305 ad
1819 3249 2129 3304 Judzeorum

559 3348 814 3404 matrem,
844 3340 898 3394 id
928 3349 1014 3396 est
1059 3339 1427 3411 Synagogam,
1463 3357 1560 3410 per
1597 3338 1900 3395 Psalmistm
1938 3354 2131 3394 vocem

561 3433 769 3490 dictum
799 3440 883 3488 est
911 3450 926 3487 :
965 3452 984 3485 ι
1015 3433 1124 3488 Pro
1151 3434 1400 3503 patribus
1428 3433 1535 3488 tuis
1586 3433 1700 3486 nati
1750 3440 1880 3488 sunt
1919 3432 2016 3486 tibi
2072 3431 2132 3484 ﬁo

560 3525 621 3580 lii
651 3525 719 3578 "’.
755 3544 774 3576 ι
812 3523 1075 3591 Quamvis
1129 3528 1276 3580 enim
1311 3533 1490 3581 essent
1545 3525 1640 3579 lilii
1689 3524 1987 3596 Syuagogte
2035 3522 2133 3580 Ju-

561 3617 804 3672 daeorum
845 3617 1012 3670 divini
1065 3617 1323 3686 discipuli
1371 3617 1642 3688 (moribus
1691 3618 1837 3673 enim
1881 3616 2132 3672 Judaicis

563 3705 814 3761 innutriti
867 3707 1134 3776 fuerant),
1193 3709 1247 3763 in
1308 3716 1491 3778 patres
1547 3717 1732 3762 tamen
1791 3709 1924 3762 facti
1981 3715 2131 3774 sunt,

561 3795 856 3852 Abrahami
909 3799 1090 3853 locum
1149 3807 1420 3864 tenentes,
1481 3807 1537 3854 et
1591 3798 1810 3868 generis
1866 3798 2133 3868 spiritalis

562 3889 890 3958 principium
921 3887 1052 3942 facti
1080 3898 1227 3950 sunt,
1265 3897 1428 3958 atque
1461 3887 1667 3943 idcirco
1698 3887 1860 3957 primi
1891 3903 1988 3957 per
2019 3888 2135 3942 uni-

565 3995 786 4035 versum
835 3981 1022 4034 orbem
1063 3979 1348 4032 constituti
1383 3986 1534 4040 sunt,
1567 3987 1623 4033 et
1662 3979 1754 4048 qui
1791 3979 2135 4033 immolarent

561 4071 1016 4141 [sanctiﬁcarent]
1052 4069 1407 4141 Evangelium
1444 4070 1672 4136 Christi,
1696 4072 1843 4127 sicut
1872 4071 1966 4126 ille
1990 4071 2044 4124 in
2074 4070 2135 4125 ﬁ-

563 4153 699 4232 guia
732 4162 934 4217 Christi
970 4161 1138 4216 tilium
1171 4177 1334 4216 suum
1367 4163 1540 4218 Isaac.
1571 4161 1696 4217 Hac
1747 4163 2004 4226 dicimus,
2042 4177 2134 4217 ne-

563 4267 835 4322 quaquam
857 4253 1039 4309 debita
1067 4263 1120 4309 et
1143 4255 1490 4310 convenienti
1512 4256 1686 4326 gloria
1709 4256 1927 4311 beatum
1959 4256 2136 4310 Abra-

563 4343 783 4398 hamum
832 4343 1242 4410 defraudantes,
1276 4347 1374 4402 sed
1421 4347 1779 4402 ostendentes
1822 4349 1878 4402 in
1913 4363 1977 4402 eo
2011 4357 2132 4402 tan-

562 4441 734 4503 quam
773 4435 826 4487 in
859 4443 986 4506 typo
1028 4438 1342 4508 dispensata
1393 4438 1564 4494 fuisse
1597 4455 1692 4508 per
1741 4439 2020 4494 Christum
2067 4454 2130 4493 ea

563 4537 686 4592 quas
717 4523 1033 4579 novissimis
1059 4527 1396 4597 temporibus
1424 4530 1794 4600 contigerunt.
1828 4529 2132 4584 Comitatur

564 4614 769 4683 itaque,
797 4623 852 4668 et
875 4615 1132 4686 colligata
1173 4626 1256 4674 est
1285 4621 1692 4690 quodammodo
1722 4623 1964 4677 libertati
2007 4624 2129 4679 ﬁdei

564 4706 770 4761 amoris
814 4722 942 4777 erga
985 4707 1153 4764 Deum
1199 4710 1474 4781 dignitas:
1523 4713 1666 4783 quod
1699 4715 1875 4770 visum
1909 4716 2129 4786 quidem

563 4805 644 4850 est
675 4803 806 4850 tunc
838 4795 892 4850 in
924 4797 1101 4866 primo
1128 4799 1582 4857 illoAbrahamo:
1621 4819 1768 4860 nunc
1796 4813 1978 4861 autem
2007 4823 2133 4862 rur-

565 4901 660 4942 sus
715 4888 770 4941 in
821 4891 1029 4944 sanctis
1083 4890 1374 4962 discipulis
1427 4902 1686 4964 tanquam
1744 4897 1800 4952 in
1851 4901 2129 4968 primitiis.

564 4978 721 5044 Quod
756 4987 813 5033 ut
845 4997 1158 5039 asseramus
1185 4983 1405 5040 divinus
1432 4987 1523 5043 ille
1552 4987 1754 5045 Paulus
1796 5007 1900 5048 nos
1937 4993 2131 5063 adigit,

567 5071 660 5138 qui
690 5085 813 5125 cum
842 5071 1048 5130 ludatis
1085 5077 1247 5132 enixe
1294 5081 1662 5136 contendebat
1694 5081 1817 5138 ﬁdei
1863 5084 2133 5153 justitiam

565 5158 726 5230 longe
772 5163 1138 5234 antiquiorem
1182 5183 1305 5224 esse
1336 5168 1518 5241 legali.
1568 5172 1704 5226 Cum
1743 5173 1890 5227 enim
1923 5174 1990 5228 de
2024 5174 2132 5228 cir-

565 5251 906 5310 cumcisione
955 5259 1141 5315 carnis
1194 5261 1364 5317 verba
1417 5262 1655 5329 faceret,
1692 5279 1802 5318 non
1861 5265 2024 5319 aliam
2059 5265 2133 5321 ob

563 5355 786 5398 causam
816 5345 996 5401 datam
1029 5364 1154 5405 esse
1196 5350 1340 5407 hanc
1370 5353 1592 5422 generis
1622 5354 1901 5423 primitiis,
1953 5355 2006 5408 id
2051 5366 2136 5412 est

565 5430 895 5501 Abrahamo,
924 5439 1290 5506 conﬁrmavit,
1325 5458 1490 5512 quam
1543 5454 1602 5498 ut
1635 5455 2016 5515 argumentum
2045 5462 2134 5504 es-

565 5526 650 5576 set
678 5536 743 5576 ac
788 5525 1126 5596 signaculum
1156 5530 1280 5585 ﬁdei
1315 5546 1435 5600 qua:
1466 5532 1519 5586 in
1564 5537 1848 5605 praeputio.
1878 5535 2032 5603 Quod
2081 5538 2128 5594 si

565 5723 626 5776 tt,
669 5709 721 5764 9.
815 5712 858 5742 ⁷³
884 5711 1030 5766 Psal.
1071 5729 1215 5777 πων,
1249 5717 1300 5768 7.

635 5637 1195 5734 ’LJoattﬁ‘tvjﬁ.“
1219 5647 1408 5734 hiauit.
1438 5651 1596 5716 LS7.
1677 5657 1721 5688 ⁷³
1747 5657 1860 5713 Gt'n
1911 5676 2048 5728 xm,
2088 5664 2107 5715 1
2145 5678 2295 5734 seqq.

2234 3159 2397 3230 μένου
2443 3159 2522 3222 είς
2571 3159 2917 3230 περιποίησιν
2949 3159 3098 3226 λαοῦ,
3130 3159 3188 3223 ὃς
3222 3160 3315 3214 καὶ
3341 3160 3489 3224 ἔθνος
3517 3161 3668 3229 ἅγιον
3706 3161 3810 3213 καὶ

2233 3250 2503 3321 βασίλειον
2549 3250 2844 3322 ἱεράτευμα
2895 3251 3379 3322 προσαγορεύεται.
3419 3251 3508 3306 Διδ
3537 3250 3813 3322 καὶπρὸς

2231 3343 2329 3412 τὴν
2353 3342 2459 3395 τῶν
2493 3343 2758 3396 Ἰουδαίων
2792 3342 3021 3414 μητέρα,
3055 3344 3197 3415 φημὶ
3229 3343 3293 3414 δὴ
3321 3344 3420 3416 τὴν
3450 3346 3813 3416 Συναγωγὴν,

2231 3433 2320 3486 διὰ
2357 3436 2453 3504 τῆς
2491 3435 2584 3487 τοῦ
2610 3435 2918 3498 Ψάλλοντος
2959 3435 3172 3507 εἴρηται
3207 3437 3419 3508 φωνῆς·
3457 3457 3477 3492 ι
3518 3440 3655 3493 Ἀντὶ
3691 3441 3815 3494 τῶν

2234 3523 2483 3594 πατέρων
2527 3520 2634 3576 σοῦ’
2690 3523 3058 3594 ἐγεννήθησαν
3120 3526 3170 3578 οἱ
3227 3526 3332 3579 υίοί
3391 3545 3504 3582 σου.
3547 3546 3564 3579 ι
3605 3529 3815 3582 Καίτοι

2233 3615 2340 3687 γὰρ
2373 3615 2524 3678 ὄντες
2546 3615 2651 3668 υἱοὶ
2669 3615 2769 3685 τῆς
2792 3615 3065 3670 Ἰουδαίων
3096 3617 3424 3688 Συναγωγῆς
3449 3619 3498 3671 οἱ
3527 3618 3816 3673 θεσπέσιοι
3853 3675 3856 3677 _

2237 3707 2474 3779 μαθηταὶ
2513 3707 2680 3778 (ἔθεσι
2724 3707 2834 3779 γάρ
2875 3709 3258 3780 ἀνετράφησαν
3305 3713 3412 3774 τοῖς
3445 3711 3813 3781 Μωσαῖκοίς),

2234 3802 2629 3869 γεγόνασινείς
2671 3801 2935 3872 πατέρας,
2960 3802 3058 3872 τὴν
3093 3800 3187 3856 τοῦ
3232 3802 3484 3874 Ἀϐραὰμ
3511 3804 3814 3874 ἐπέχοντες

2235 3893 2404 3957 τάξιν,
2430 3893 2522 3945 καὶ
2551 3893 2737 3961 γένους
2753 3893 2898 3963 ἀρχὴ
2921 3894 3258 3964 κατέστησαν
3287 3894 3383 3948 τοῦ
3407 3897 3810 3966 πνευματικοῦ,

2234 3982 2492 4053 ἄρχοντές
2521 3999 2580 4034 τε
2608 3981 2695 4035 διὰ
2738 3982 2897 4035 τοῦτο
2945 3982 3412 4054 κεχειροτόνηνται
3447 3983 3584 4037 κατὰ
3617 3984 3814 4037 πᾶσαν

2234 4074 2331 4143 τὴν
2385 4073 2708 4142 οἰκουμένην
2770 4073 3176 4144 ἱερουργοῦντες
3223 4074 3283 4127 τὸ
3330 4073 3653 4142 Εὑαγγέλιον
3703 4073 3812 4127 τοῦ

2234 4166 2507 4237 Χριστοῦ,
2541 4166 2794 4236 καθάπερ
2849 4168 3056 4230 ἐκεῖνος
3107 4167 3164 4219 ἐν
3213 4165 3366 4238 τύπῳ
3420 4167 3652 4238 Χριστοῦ
3709 4168 3814 4220 τὸν

2248 4258 2450 4312 Ἰσαάκ.
2509 4258 2692 4312 Ταῦτά
2724 4275 2923 4328 φαμεν,
2964 4259 3083 4329 οὐχὶ
3133 4260 3233 4328 τῆς
3263 4259 3612 4330 ὀφειλομένης
3650 4260 3814 4331 αὺτῷ

2239 4352 2330 4404 καὶ
2388 4349 2706 4420 πρεπούσης
2749 4349 2906 4420 δόξης
2963 4350 3065 4414 ἔξω
3105 4351 3343 4414 τιθέντες
3392 4350 3483 4404 τὸν
3535 4351 3814 4421 μακάριον

2247 4445 2518 4515 Ἀϐραάμ,
2547 4443 2661 4496 ἀλλ’
2692 4442 2767 4504 ὼς
2788 4444 2846 4495 ἐν
2877 4442 3032 4514 τύπῳ
3075 4443 3412 4507 δεικνύοντες
3456 4445 3511 4496 ἐν
3553 4445 3697 4514 αὐτῷ
3736 4446 3815 4499 τὰ

2231 4539 2288 4589 ἐν
2340 4535 2591 4604 ἐσχάτοις
2653 4536 2865 4605 καιροῖς
2921 4534 3342 4603 οίκονομηθέντα
3405 4534 3492 4588 διὰ
3539 4534 3811 4604 Χριστοῦ.

2231 4625 2542 4696 Παρέπεται
2593 4626 2771 4678 τοίνυν
2814 4625 2908 4677 καὶ¹
2961 4624 3309 4687 συνέζευκται
3353 4643 3469 4688 πως
3499 4628 3562 4695 τῇ
3593 4624 3682 4678 διὰ
3715 4626 3817 4678 πί-

2233 4736 2402 4780 στεως
2429 4717 2729 4789 ἐλευθερίᾳ,
2751 4717 2814 4770 τὸ
2835 4717 2933 4786 τῆς
2965 4717 3099 4787 πρὸς
3128 4716 3260 4770 θεὸν
3287 4717 3467 4785 φιλίας
3487 4717 3546 4770 τὺ
3564 4716 3811 4786 ἀξίωμα,

2231 4812 2366 4880 ὅπερ
2397 4809 2554 4878 ὤφθη
2587 4808 2682 4879 μὲν
2717 4810 2773 4862 ἐν
2803 4808 3004 4878 πρώτῳ
3034 4808 3154 4860 τότε
3180 4807 3258 4878 τῷ
3298 4808 3572 4879 Ἀϐραάμ·
3604 4811 3723 4861 νυνὶ
3749 4811 3815 4864 δὲ

2231 4901 2412 4963 πάλιν,
2447 4900 2522 4962 ὡς
2563 4901 2620 4952 ἐν
2649 4899 2872 4968 ἀπαρχῇ
2907 4900 3018 4960 τοῖς
3065 4897 3239 4965 ἁγίοις
3299 4896 3585 4967 μαθηταῖς.
3616 4898 3818 4966 Παρα-

2230 4991 2452 5063 κομίσαι
2486 4991 2542 5044 δέ
2570 5008 2686 5053 πως
2730 4992 2822 5043 ἐπὶ
2868 4991 2929 5042 τὸ
2966 4987 3137 5041 ταῦτα
3179 4988 3374 5058 χρῆναι
3399 4987 3576 5055 λέγειν
3606 4989 3760 5056 ἡμεῖς
3783 4989 3817 5041 ὁ

2233 5081 2520 5143 θεσπέσιος
2547 5079 2778 5141 Παῦλος,
2809 5079 2869 5132 οὐ
2925 5077 3160 5149 μετρίως
3197 5080 3308 5141 τοῖς
3345 5076 3618 5139 Ἰουδαίοις
3660 5075 3818 5144 φιλο-

2233 5172 2548 5238 νεικῶν,ὄτι
2581 5173 2681 5242 τῆς
2716 5168 2858 5222 κατά
2883 5170 3048 5240 νόμον
3073 5167 3418 5237 δικαιοσύνης
3453 5165 3726 5238 πρεσδυτέ
3739 5183 3816 5235 pa

2235 5265 2355 5319 λίαν
2390 5265 2535 5317 ἐστὶν
2582 5264 2615 5332 ἡ
2661 5263 2726 5314 ἐκ
2773 5261 3026 5324 πίστεως.
3066 5261 3192 5313 Ὅτε
3245 5259 3355 5331 γὰρ
3397 5259 3490 5312 τὸν
3525 5257 3626 5328 τῆς
3662 5258 3816 5312 κατὰ

2238 5357 2418 5427 σάρκα
2464 5354 2768 5426 περιτομῆς
2801 5354 3037 5406 ἐποιεῖτο
3069 5352 3264 5420 λόγον,
3290 5351 3390 5422 οὐχ
3432 5350 3622 5422 ἐτέρου
3659 5350 3817 5413 τινὸς

2235 5452 2394 5522 χάριν
2435 5445 2680 5501 δεδόσθαι
2729 5445 2933 5518 ταύτην
2975 5446 3348 5516 διῖσχυρίσατο
3393 5446 3461 5514 τῇ
3493 5442 3588 5497 τοῦ
3617 5443 3818 5510 γένους

2237 5542 2483 5612 άπαρχῇ,
2527 5537 2670 5591 τοῦτ’
2718 5538 2831 5592 ἔστι
2881 5537 2958 5608 τῷ
3001 5537 3270 5609 Ἀϐραὰμ,
3324 5537 3357 5606 ἢ
3413 5536 3508 5590 τοῦ
3555 5533 3817 5605 γενέσθαι

2401 5660 2625 5715 "Rom.
2673 5676 2769 5727 xu,
2807 5662 2854 5714 1.
2965 5658 3212 5714 "Galat.
3253 5677 3305 5724 γ,
3338 5661 3427 5716 24.
3533 5659 3618 5714 "l
3655 5658 3810 5715 Petr.
