3998 6318
537 275 637 332 391

1566 274 1623 328 S.
1662 273 1938 332 CTRILLI
1976 278 2449 336 ALEXANDRINI
2488 277 2808 337 ARCIIIEP.

3700 283 3812 339 332

535 393 981 467 prehensionem,
1013 392 1143 448 licet
1171 391 1235 447 ad
1274 394 1715 451 incredulitatem
1749 407 2110 469 exasperetur

2217 402 2439 475 γνώμην
2466 442 2481 467 ,
2531 403 2632 456 ούκ
2681 399 3011 456 ἀνακόπτειν
3062 396 3356 453 ἀκόλουθον
3412 398 3811 471 περιμένοντας

536 486 878 542 audientium
908 485 1147 541 animus.
1183 483 1275 540 Sic
1306 487 1452 541 enim
1483 497 1537 542 et
1570 489 1673 557 ipsi
1712 490 1872 545 vobis
1904 492 2113 549 similes

535 587 719 645 erunt,
752 580 857 632 hoc
885 588 968 631 est
994 576 1303 646 proficient,
1344 594 1408 633 ac
1439 580 1699 635 redibunt
1733 596 2030 653 progressu
2059 585 2114 640 in

536 673 731 725 melius
781 670 848 724 ad
903 669 1144 724 fructum
1184 672 1238 725 in
1268 670 1381 726 Deo
1414 671 1722 739 ferendum,
1756 680 1815 727 ut
1871 672 2113 730 fructum

534 761 753 830 quidem
787 760 1028 814 habeant
1057 761 1207 815 illum
1242 776 1460 830 semper
1496 771 1809 817 manentem
1843 779 1909 819 ac
1950 765 2116 819 dura-

535 852 722 916 bilem,
749 866 1051 922 precesque
1082 861 1190 905 tam
1221 861 1408 923 gratas
1443 860 1497 906 et
1532 863 1810 923 acceptas,
1854 862 1911 908 ut
1941 856 2117 925 quod-

537 957 755 1008 cunque
810 941 981 996 velint
1031 944 1328 1013 accipiant,
1368 941 1413 997 si
1468 950 1679 997 tantum
1735 943 1867 998 illud
1906 944 1960 997 in
2012 958 2116 998 no-

535 1034 685 1089 mine
711 1048 832 1089 meo
866 1033 1149 1103 petierint.
1186 1033 1378 1103 Igitur,
1418 1040 1480 1086 ut
1524 1032 1627 1087 loci
1669 1034 1834 1103 hujus
1883 1049 2114 1104 scopum

533 1142 733 1182 rursus
770 1127 961 1196 paucis
991 1125 1264 1195 complexi
1303 1124 1655 1180 manifestum
1685 1141 1808 1180 eum
1846 1125 2116 1182 faciamus

534 1220 902 1282 auditoribus,
931 1219 1093 1272 talem
1124 1220 1178 1271 in
1206 1218 1343 1271 alios
1378 1217 1727 1274 dilectionem
1756 1219 1961 1275 habere
1991 1234 2115 1290 per-

535 1309 732 1366 suadet
758 1309 1078 1378 discipulos,
1111 1309 1329 1377 taleque
1360 1309 1476 1362 vult
1508 1323 1603 1363 eos
1640 1307 1883 1363 studium
1913 1324 2025 1379 prae
2053 1324 2114 1365 se

535 1402 681 1457 ferre
714 1402 769 1455 in
800 1409 1022 1454 strenue
1054 1399 1451 1468 pertrahendos
1484 1399 1551 1453 ad
1583 1400 1745 1455 ﬁdem
1794 1415 1986 1455 eorum
2022 1400 2113 1470 qui

533 1496 776 1551 nondum
808 1493 1040 1549 credunt
1078 1493 1312 1558 animos,
1353 1493 1572 1562 qualem
1605 1509 1665 1549 se
1713 1494 1830 1565 ipse
1869 1494 2025 1565 prius
2060 1494 2115 1548 in

532 1602 635 1641 nos
663 1591 756 1639 aut
783 1598 914 1654 erga
952 1598 1049 1640 eos
1082 1583 1354 1638 exhibuit.
1383 1583 1540 1649 Quod
1584 1584 1731 1640 enim
1781 1584 1897 1655 ipse
1944 1584 2115 1640 disci-

530 1677 690 1747 pulos
724 1676 971 1746 elegerit,
1008 1690 1169 1729 nemo
1198 1673 1443 1738 dubitat,
1489 1684 1544 1730 et
1573 1690 1687 1745 quo
1719 1683 1884 1746 pacto
1922 1677 2116 1734 unius-

2218 494 2406 557 ἁπλῶς
2433 494 2522 547 τὸν
2552 494 2630 555 εἰς
2661 492 2842 544 πίστιν
2876 490 3193 559 αὐτόμολον,
3224 488 3320 542 καὶ
3360 488 3695 559 αὐτόκλητον
3727 493 3811 554 εις

2217 583 2521 637 εὐσέϐειαν.
2563 581 2820 643 Ἑαυτοὺς
2860 578 2915 632 δὲ
2962 578 3164 649 μᾶλλον
3215 580 3325 640 τοῖς
3358 577 3648 644 ἀγνοοῦσιν
3688 578 3806 645 ἔτι,

2218 675 2313 728 καὶ
2345 674 2716 745 πλανωμένοις
2760 671 3058 742 προσάγειν
3099 669 3479 740 χειραγωγοῦς
3505 670 3601 721 καὶ
3633 686 3809 740 προσ-

2217 763 2491 835 κομίζειν,
2525 765 2621 817 καὶ
2665 766 2778 827 τοῖς
2807 762 2962 816 οῦπω
3006 761 3201 832 μαθεῖν
3236 760 3513 829 ἑλομένοις
3543 760 3606 813 τὸ
3635 763 3809 831 σωτήο

2221 872 2335 926 ριον
2381 857 2642 924 κήρυγμα
2665 893 2680 918 ,
2716 853 3053 923 παρακαλεῖν
3083 869 3142 905 τε
3185 849 3485 921 προθύμως
3527 849 3667 919 πρὸς
3704 849 3806 920 τὴν

2218 949 2315 1017 τῆς
2341 946 2575 1017 ἀληθοῦς
2618 944 2949 1015 θεογνωσίας
2984 943 3118 997 ἰέναι
3172 942 3502 1011 κατάληψιν,
3534 941 3638 995 κᾶν
3671 942 3809 995 ἀπο-

2216 1037 2553 1108 τραχύνηταί
2582 1055 2697 1100 πως
2724 1039 2804 1099 είς
2826 1036 3109 1090 ἀπείθειαν
3130 1036 3240 1088 τῶν
3268 1036 3580 1089 ἀκουόντων
3602 1037 3632 1088 6
3656 1036 3804 1100 νοῦς.

2217 1125 2343 1183 Εἶεν
2377 1129 2483 1200 γάρ
2514 1130 2580 1182 ἂν
2613 1126 2756 1181 οὕτω
2795 1128 2887 1180 καὶ
2936 1127 3091 1180 αὐτοὶ
3124 1126 3246 1180 καθ’
3286 1127 3449 1198 ὑμᾶς,
3472 1126 3619 1180 τοῦτ’
3665 1126 3805 1191 ἔστι,

2219 1220 2553 1293 προκόψουσι
2602 1222 2697 1275 καὶ
2747 1220 3141 1276 ἀπελεύσονται
3189 1221 3309 1283 ταῖς
3356 1220 3438 1283 είς
3478 1218 3541 1271 τὸ
3583 1218 3807 1289 ἄμεινον

2219 1314 2552 1379 ὲπιδόσεσιν,
2584 1315 2663 1379 εἰς
2699 1314 3075 1386 καρποφορίαν
3101 1312 3197 1383 τὴν
3222 1313 3278 1364 ὲν
3311 1310 3453 1381 Θεῷ,
3480 1311 3557 1374 ὡς
3593 1310 3807 1380 καρπδν

2220 1405 2321 1476 μὲν
2352 1405 2494 1475 ἔχειν
2519 1407 2612 1459 τὸν
2656 1406 2742 1460 ἀεὶ
2769 1408 2996 1478 μένοντα
3025 1406 3119 1459 καὶ
3143 1404 3470 1474 σωζόμενον.
3497 1402 3807 1473 προσευχὴν

2215 1497 2272 1550 δὲ
2313 1497 2455 1551 οὕτω
2504 1499 2735 1569 δεκτὴν,
2768 1500 2843 1562 ὡς
2895 1500 3032 1571 ὅπερ
3072 1498 3138 1553 ἂν
3185 1498 3467 1568 βούλονται
3499 1495 3721 1559 λαϐεῖν,
3758 1496 3808 1547 εί

2222 1587 2379 1658 μόνον
2429 1590 2628 1643 αἰτοῖεν
2663 1590 2758 1643 ἐπὶ
2788 1589 2866 1660 τῷ
2911 1590 3135 1660 ὀνόματί
3182 1606 3304 1659 μου.
3336 1585 3568 1653 Οὐκοῦν,
3608 1588 3809 1657 χρῆναι

2219 1678 2327 1749 γὰρ
2354 1679 2532 1741 πάλιν⁹
2559 1679 2634 1744 ὡς
2663 1681 2721 1733 ὲν
2749 1680 2951 1749 ὀλίγοις
2981 1680 3269 1733 συνελόντα
3297 1678 3390 1732 τὸν
3435 1677 3530 1731 τοῦ
3585 1695 3813 1748 προκει-

532 1770 803 1840 cujusque
847 1769 1065 1824 vocatio
1101 1768 1417 1839 contigerit,
1449 1768 1785 1838 superfluum
1818 1784 1943 1825 esse
1989 1785 2110 1826 reor

2223 1770 2383 1840 μένου
2435 1771 2658 1835 σκοπὸν,
2710 1772 2856 1842 σαφῆ
2890 1772 3231 1843 καταστῆσαι
3255 1774 3368 1834 τοῖς
3412 1771 3809 1841 ἀκροωμένοις,

496 1888 511 1894 -
532 1863 623 1917 hic
668 1862 899 1918 afferre:
935 1868 1118 1916 tamen
1157 1860 1469 1917 Servatoris
1500 1877 1812 1917 sermonem
1835 1877 1960 1918 eum
1989 1878 2115 1919 sen-

534 1968 657 2009 sum
699 1966 894 2024 parere
927 1966 1089 2021 quem
1126 1950 1291 2005 modo
1341 1951 1480 2018 dixi,
1521 1967 1628 2007 non
1678 1951 1864 2006 minus
1910 1967 1976 2008 ex
2022 1966 2113 2008 se-

532 2046 834 2115 quentibus
865 2044 1093 2114 patebit.

2220 1859 2475 1930 τοιαύτην
2521 1865 2667 1933 ἔχειν
2711 1864 2790 1927 είς
2838 1863 3059 1933 ἑτέρους
3087 1862 3370 1916 ἀναπείθει
3400 1863 3526 1924 τοὺς
3559 1860 3811 1932 μαθητὰς

2219 1950 2318 2021 τὴν
2352 1952 2592 2022 ἀγάπην,
2625 1954 2719 2006 καὶ¹
2771 1954 3031 2023 τοιαύτην
3061 1952 3258 2016 αὐτοὺς
3293 1951 3633 2023 ἐπιτηδεύειν
3665 1951 3808 2003 θέλει

2220 2042 2319 2111 τὴν
2350 2042 2658 2113 προθυμίαν
2697 2045 2777 2108 εἰς
2807 2045 2869 2098 τὸ
2897 2043 3208 2116 μηδαμόθεν
3248 2046 3531 2097 κατοκνεῖν
3571 2043 3671 2105 τάς
3699 2042 3808 2094 τῶν

531 2134 685 2190 οὔπω
713 2134 1154 2188 πεπιστευκότων
1177 2132 1356 2203 ψυχὰς
1376 2130 1686 2203 φιλοθηρεῖν
1707 2132 1785 2195 είς
1805 2129 2114 2197 εὐσέϐειαν,
2156 2131 2455 2206 ὁποίανπερ
2488 2134 2701 2205 φθάσας
2728 2137 2889 2201 αὐτὸς
2917 2138 2995 2200 εἰς
3039 2136 3205 2206 ἡμᾶς,
3236 2135 3353 2205 ἤτοι
3407 2134 3543 2204 πρὸς
3606 2134 3805 2194 αὐτοὺς

532 2229 853 2295 ἐνεδείξατο.
886 2230 1008 2282 Ὅτι
1045 2227 1154 2299 γὰρ
1188 2225 1350 2289 αὐτὸς
1389 2224 1682 2289 ἐπελέξατο
1710 2223 1839 2287 τοὺς
1909 2222 2156 2293 μαθητὰς
2193 2223 2295 2278 οὐκ
2345 2226 2645 2297 ἀμφίϐολον
2671 2268 2685 2293 ,
2718 2230 2811 2284 καὶ
2848 2227 3133 2300 περιττὸν,
3158 2221 3333 2297 οἶμαι,
3382 2227 3584 2296 λέγειν,
3656 2228 3805 2289 ὅπως

530 2345 591 2380 τε
639 2326 732 2378 καὶ
760 2323 880 2375 τίνα
922 2322 1122 2393 τρόπον
1160 2322 1193 2390 ἡ
1217 2319 1448 2371 ἑκάστου
1485 2318 1673 2386 γέγονε
1709 2317 1899 2386 κλῆσις
1920 2331 1934 2346 ’
1976 2314 2115 2385 πλὴν
2153 2317 2237 2371 ὅτι
2268 2320 2509 2376 τοιοῦτον
2538 2321 2715 2376 ὠδίνει
2748 2322 2839 2376 τὸν
2870 2320 3070 2374 σκοπὸν
3094 2318 3186 2372 τοῦ
3223 2320 3472 2390 Σωτῆρος
3527 2321 3557 2372 6
3622 2317 3805 2389 λόγος,

531 2421 713 2474 ὁποῖον
743 2414 879 2483 ἔφην
923 2413 1148 2483 ἀρτίως,
1183 2411 1338 2465 οὐδὲν
1371 2407 1533 2482 ἦττον
1559 2410 1709 2480 ἡμᾶς
1736 2408 2092 2462 ἁναπείσεται
2122 2409 2339 2482 ἑφεξῆς,

603 2506 725 2572 XV,
764 2505 847 2559 l7.
882 2501 1013 2557 Παῖς
1041 2502 1233 2557 mando
1267 2501 1435 2569 vobis,
1463 2510 1519 2554 ιιι
1546 2500 1784 2571 diligatis
1806 2500 2041 2553 invicem.

599 2676 877 2750 Numquid
911 2691 1181 2746 supremae
1206 2677 1453 2732 omnium
1489 2673 1803 2729 dilectionis
1830 2687 1967 2743 opus
1997 2684 2120 2725 esse

531 2774 829 2829 fatebimur
864 2767 1112 2824 inﬁdeles
1141 2768 1321 2823 adhuc
1344 2774 1398 2821 et
1425 2771 1674 2821 errantes
1700 2764 1766 2817 ad
1793 2762 2117 2832 obsequium

530 2865 627 2922 Dei
657 2862 900 2921 vocare?
946 2858 1346 2930 Ambigendum
1380 2864 1530 2912 certe
1559 2871 1665 2910 non
1708 2863 1810 2911 cst.
1845 2854 1999 2919 Quod
2028 2853 2111 2923 ip-

531 2975 653 3017 sum
681 2960 863 3015 facere
892 2956 1100 3011 Paulus
1134 2950 1463 3012 conabatur,
1494 2948 1717 3003 dicens:
1759 2963 1777 2995 ι
1818 2944 1924 2998 Pro
1955 2942 2108 2998 Chri-

2291 2503 2487 2559 Ταῦτα
2530 2506 2886 2573 ἐντέλλομαι
2935 2503 3113 2574 ὑμῖν,
3145 2502 3246 2556 ἵνα
3281 2501 3559 2575 ρπτιπᾶτε
3605 2501 3806 2571 ἀλλή-

2215 2600 2329 2651 λου

2294 2618 2329 2651 υ

2291 2618 2363 2739 “fi
2403 2687 2509 2755 γὰρ
2551 2687 2671 2756 οὐχὶ
2711 2686 2810 2757 τῆς
2861 2686 3121 2740 ἀνωτάτω
3152 2684 3341 2739 πασῶν
3388 2684 3612 2756 ἀγάπης
3639 2684 3811 2757 ἔργον

2216 2772 2354 2830 εἶναι
2403 2776 2649 2847 δώσομεν
2677 2775 2739 2828 τὸ
2790 2775 3144 2841 ἐπιλέξασθαι
3190 2794 3248 2830 τε
3281 2778 3375 2830 καὶ
3407 2777 3635 2830 καλέσαι
3664 2777 3810 2847 πρὸς

2223 2867 2467 2937 ὑπακοὴν
2507 2868 2585 2937 τῷ
2634 2867 2788 2938 Θεῷ,
2823 2869 2947 2932 τοὺς
2978 2867 3240 2932 ἀπίστους
3268 2867 3346 2920 ἔτι
3385 2868 3479 2921 καὶ
3514 2867 3811 2939 πλανωμέ-

2220 2975 2374 3025 νους;
2416 2957 2558 3011 Ἀλλ’
2589 2957 2737 3011 ἔστιν
2769 2958 2870 3010 οὐκ
2902 2957 3219 3028 ἀμφίϐολον.
3257 2959 3323 3011 Ὃ
3351 2959 3446 3012 καὶ
3476 2957 3609 3029 δρᾷν
3639 2956 3812 3027 ἠπεί-

531 3068 616 3112 sto
644 3071 776 3127 ergo
816 3053 1092 3124 legatione
1127 3045 1433 3117 fungimur,
1464 3051 1726 3113 tanquam
1758 3038 1869 3095 Deo
1912 3036 2110 3092 exhor-

2220 3066 2365 3118 γετο,
2397 3049 2571 3117 λέγων
2601 3051 2629 3102 6
2669 3048 2913 3113 Παῦλος·
2952 3069 2971 3101 ι
3019 3048 3191 3120 ’Υπὲρ
3240 3049 3479 3120 Χριστοῦ
3524 3045 3615 3103 οῦν
3658 3066 3811 3120 πρε-

530 3156 684 3201 tante
731 3163 828 3217 per
876 3159 995 3198 nos.
1030 3141 1401 3197 Obsccramus
1439 3150 1536 3206 pro
1581 3134 1826 3198 Christo,
1862 3130 2112 3188 reconci-

531 3239 743 3294 liamini
778 3236 890 3293 Deo
920 3236 990 3288 ⁸⁸.
1026 3255 1043 3286 ι
1073 3233 1218 3299 Quin
1239 3238 1293 3285 ct
1320 3229 1516 3284 Petrus
1549 3226 1864 3282 Iudaeorum
1896 3223 2111 3294 populis

531 3345 657 3386 cum
695 3328 891 3383 fiducia
923 3328 1153 3396 loquens
1186 3340 1199 3375 :
1236 3341 1253 3373 ι
1279 3320 1344 3374 Ει
1374 3335 1543 3384 nunc,
1574 3317 1793 3382 fratres,
1832 3316 1949 3371 scio
1981 3314 2111 3384 quia

531 3437 630 3493 per
646 3418 1010 3492 ignorantiam
1035 3415 1267 3479 fecistis,
1288 3413 1432 3468 sicut
1448 3418 1501 3465 et
1518 3410 1794 3479 principes
1815 3406 1988 3461 vestri
2005 3405 2104 3459 ⁸⁸.»

536 3531 556 3564 ι
600 3509 951 3567 Ρωιιὶιειηίηἰ
1007 3508 1198 3577 igitur,
1239 3513 1293 3561 et
1360 3504 1673 3573 haptizetur
1724 3499 2113 3569 unusquisque

530 3615 775 3681 vestrum
804 3604 859 3656 iu
887 3601 1107 3656 nomine
1137 3597 1356 3653 Domini
1380 3595 1509 3651 Jesu
1540 3595 1746 3650 Christi
1770 3593 1836 3647 ⁸³.
1883 3610 1902 3644 ι
1941 3590 2111 3647 Vides

531 3705 589 3753 ut
618 3708 671 3752 et
703 3697 769 3752 iis
801 3696 892 3765 qui
922 3694 1166 3749 nondum
1195 3690 1356 3747 [idem
1393 3694 1753 3757 susceperant
1774 3685 2025 3742 studiose
2051 3697 2112 3738 se

530 3790 787 3854 offerant,
826 3796 880 3842 et
930 3784 1175 3841 nondum
1238 3783 1294 3837 in
1356 3780 1807 3850 disquisitionem
1861 3781 2110 3830 vocatam

529 3881 838 3936 doctrinam
893 3876 1199 3947 proferant,
1240 3870 1631 3942 ignorantibus
1660 3867 1796 3936 ipsis
1847 3880 1957 3919 non
1984 3878 2111 3934 per-

531 3973 813 4026 mittentes
853 3978 911 4021 ut
945 3965 1104 4035 primi
1156 3967 1423 4016 vocentur
1457 3956 1562 4027 ipsi
1597 3952 1867 4024 magistri,
1912 3952 2008 4007 sed
2053 3950 2109 4006 in

531 4066 637 4118 hoc
669 4078 792 4119 eum
843 4060 1009 4115 etiam
1045 4053 1447 4127 prmverricntes
1479 4049 1576 4120 qtti
1625 4047 1867 4101 nondum
1900 4044 2108 4116 aliquid

530 4170 721 4211 eorum
765 4168 886 4221 quae
937 4149 1043 4205 sibi
1091 4144 1216 4201 usui
1256 4142 1436 4198 forent
1482 4142 1697 4197 discere
1748 4139 1928 4193 vellet.
1969 4136 2106 4192 Cum

532 4255 716 4300 autem
749 4242 1008 4298 Servatur
1036 4240 1186 4294 dicat
1221 4256 1235 4292 :
1283 4254 1302 4287 ι
1341 4236 1412 4292 Ut
1451 4249 1549 4289 vos
1575 4232 1736 4298 eatis,
1766 4238 1823 4286 et
1867 4229 2107 4285 fructum

532 4337 796 4399 efferatis,
825 4343 879 4388 et
912 4333 1124 4387 fructus
1179 4336 1362 4385 vester
1397 4334 1633 4389 maneat,
1670 4342 1690 4375 ›
1726 4322 1855 4394 quid
1883 4320 2104 4375 demum

538 4428 805 4499 signiticet
841 4424 973 4479 illud
1002 4437 1251 4492 quaerere
1281 4420 1555 4475 convenit.
1584 4416 1728 4484 Quid
1758 4417 1903 4471 enim
1928 4413 2104 4485 signi-

534 4518 679 4581 ticat,
720 4514 888 4587 894
939 4524 1033 4567 aut
1083 4512 1357 4583 quomodo
1404 4508 1786 4582 accipiendum
1826 4514 1933 4571 est,
1963 4503 2112 4576 quod

534 4613 633 4676 ait,
683 4622 906 4662 manere
953 4607 1193 4661 fructum
1226 4602 1667 4676 discipulorum?
1704 4600 1978 4655 Existimo
2011 4598 2113 4652 ita-

532 4719 642 4773 que
686 4702 1032 4755 Servatorem
1090 4700 1331 4755 fructum
1382 4702 1693 4751 manentem
1741 4706 1941 4765 vocare
1999 4688 2114 4743 fru-

532 4804 680 4848 ctum
708 4792 1037 4862 evangeliete
1078 4791 1403 4860 disciplime,
1434 4803 1544 4843 non
1577 4791 1761 4839 autem
1802 4780 1995 4851 legalis
2019 4780 2110 4850 ju-

533 4883 717 4937 stitize.
748 4881 1051 4949 Antiquata
1081 4880 1227 4933 enim
1261 4888 1346 4934 est
1376 4879 1487 4941 illa,
1518 4881 1806 4945 propterea
1844 4869 1989 4941 quod
2021 4870 2105 4923 ni-

533 4975 611 5028 hil
644 4973 870 5041 implere
898 4980 1128 5042 poterat.
1168 4991 1186 5021 ι
1223 4969 1364 5024 Nihil
1392 4970 1537 5023 enim
1573 4967 1640 5021 ad
1675 4962 1973 5034 perfectqu
2008 4961 2107 5014 ad-

533 5066 695 5120 duxit
738 5068 848 5126 lex,
889 5083 909 5116 ι
948 5065 1105 5133 juxta
1135 5061 1291 5116 Pauli
1322 5060 1529 5114 dictum
1575 5057 1662 5123 5‘;
1692 5056 1786 5111 sed
1825 5056 1948 5125 ejus
1988 5054 2109 5107 loco

530 5166 720 5213 exorta
751 5165 837 5211 est
867 5172 1030 5219 nova,
1062 5169 1185 5224 quae
1219 5152 1451 5222 primam
1499 5151 1752 5219 antiquat
1784 5163 1847 5202 ac
1870 5147 2032 5206 delet,
2057 5153 2111 5199 et

528 5264 657 5305 vere
716 5255 1027 5304 manentem
1091 5260 1155 5299 ac
1206 5243 1515 5297 durabilem
1572 5230 1809 5295 fructum
1866 5238 2097 5294 inducit.

530 5339 878 5411 Quapropter
916 5337 1081 5391 etiam
1135 5334 1357 5389 divinus
1416 5335 1507 5389 ille
1553 5334 1759 5389 Paulus
1811 5346 1909 5387 nos
1959 5330 2100 5383 allo-

528 5447 727 5503 quens,
755 5426 1117 5484 libentissime
1147 5443 1206 5483 se
1225 5427 1455 5498 justitize
1495 5427 1682 5496 legalis
1707 5425 1981 5495 jacturam
2018 5420 2097 5477 fe-

527 5525 672 5580 cisse
715 5522 812 5587 ait,
839 5528 898 5574 ut
943 5517 1220 5574 Christum
1254 5519 1623 5587 lucrifaceret,
1656 5521 1760 5574 hoc
1787 5527 1872 5575 est
1903 5532 1999 5587 per
2028 5519 2089 5572 ii-

600 5702 640 5735 "
667 5701 713 5757 Il
738 5700 868 5758 Cor.
904 5714 957 5768 v,
999 5698 1086 5755 20.
1165 5701 1209 5732 θ’
1230 5700 1348 5756 Act.
1390 5715 1473 5768 ιιι,
1516 5701 1596 5755 i7.
1676 5703 1721 5733 ⁸³
1747 5702 1868 5756 Act.
1917 5715 1975 5765 tl,
2013 5699 2099 5753 58.

2217 3141 2501 3211 σϐεύομεν,
2530 3141 2604 3205 ὡς
2630 3141 2721 3195 τοῦ
2745 3138 2880 3194 Θεοῦ
2914 3139 3355 3212 παρακαλοῦντος
3377 3141 3443 3194 δι’
3462 3141 3617 3213 ἡμῶν
3639 3157 3652 3172 ·
3683 3140 3810 3193 δεό-

2217 3234 2357 3305 μεθα
2382 3234 2521 3305 ὑπὲρ
2543 3235 2780 3305 Χριστοῦ
2800 3280 2812 3302 ,
2836 3237 3214 3307 καταλλάγητε
3236 3236 3312 3307 τῷ
3333 3234 3470 3306 Θεῷ.
3499 3253 3518 3286 ι
3548 3234 3655 3289 Καὶ
3692 3234 3810 3305 μὴν

2212 3329 2240 3380 6
2267 3327 2471 3400 Πέτρος
2500 3330 2612 3391 τοῖς
2657 3328 2930 3391 Ἰουδαίοις
2963 3328 3157 3399 δήμοις
3187 3329 3243 3382 ἐν
3275 3326 3553 3399 παρρησίᾳ
3581 3325 3770 3379 λαλῶν
3791 3343 3808 3357 ’

2218 3437 2237 3470 ι
2275 3419 2384 3471 Kal.
2428 3417 2554 3483 νῦν,
2584 3419 2821 3489 ἀδελφοὶ,
2877 3414 3019 3485 οῖδα,
3069 3420 3151 3473 ὅτι
3186 3418 3326 3473 κατὰ
3365 3418 3582 3486 ἄγνοιαν
3620 3418 3813 3487 ἐπρά-

2215 3509 2561 3582 ξατε,ὦσπερ
2579 3511 2669 3565 καὶ
2684 3513 2733 3564 οἱ
2754 3510 3010 3581 ἄρχοντες
3024 3511 3196 3581 ὑμῶν.
3222 3531 3239 3565 ι
3267 3541 3337 3551 --
3366 3531 3383 3563 ι
3410 3512 3811 3581 Μετανοήσατε

2212 3595 2303 3655 οὖν
2340 3602 2431 3654 καὶ
2472 3600 2824 3671 βαπτισθήτω
2870 3601 3099 3664 ἕκαστος
3136 3601 3289 3671 ὐμῶν
3312 3642 3326 3667 ,
3360 3602 3417 3655 ὲν
3456 3600 3531 3671 τῷ
3565 3600 3811 3669 ὀνόματι

2212 3692 2305 3746 τοῦ
2359 3693 2567 3765 Κυρίου
2624 3692 2781 3764 ἡμῶν
2842 3694 3018 3764 Ἰησοῦ
3077 3693 3335 3764 Χριστοῦ.
3383 3711 3402 3744 ι
3446 3692 3605 3763 Ὁρᾷς
3640 3692 3811 3759 ὅπως

2215 3783 2313 3854 μὲν
2368 3783 2465 3835 καὶ
2515 3784 2627 3844 τοῖς
2688 3780 2842 3836 οὔπω
2900 3783 3326 3837 πεπιστευκόσιν
3360 3781 3633 3836 ὑπαντῶσι
3689 3782 3809 3852 μὲν

2212 3872 2620 3944 προθυμότατα,
2653 3871 2742 3925 τὸν
2783 3872 2840 3925 δὲ
2876 3871 3028 3926 οῦπω
3061 3872 3362 3943 ζητηθέντα
3398 3870 3809 3943 προκομίζουσι

2211 3964 2369 4031 λόγον
2399 4002 2413 4027 ,
2449 3963 2510 4016 οὐ
2558 3965 2670 4026 τοῖς
2722 3962 3006 4031 ἀγνοοῦσιν
3059 3967 3243 4030 αὐτοῖς
3298 3967 3683 4037 ἐπιτρέποντες
3736 3965 3809 4020 τὸ

2212 4055 2411 4126 χρῆναι
2473 4053 2723 4126 πρώτους
2769 4056 2969 4118 αὐτοὺς
3015 4055 3364 4125 ἐπιλέγεσθαι
3419 4057 3806 4125 διδασκάλους,

2213 4144 2348 4198 ἀλλά
2378 4143 2669 4212 φθάνοντες
2718 4147 2799 4210 είς
2849 4146 3007 4199 τοῦτο
3029 4186 3042 4211 ,
3074 4147 3167 4199 καὶ
3198 4146 3289 4200 τὸν
3328 4147 3480 4201 οῦπω
3518 4148 3713 4218 μαθεῖν
3744 4166 3807 4202 τι

2210 4234 2321 4289 τῶν
2350 4236 2662 4305 ἀναγκαίων
2694 4235 2969 4292 ἐθέλοντα.
3013 4238 3230 4308 Ἐπειδὴ
3264 4238 3323 4292 δὲ
3346 4242 3457 4304 τοῖς
3474 4240 3564 4293 τοῦ
3600 4240 3807 4312 Συκῆν

2217 4344 2308 4398 ρος
2338 4329 2371 4399 ἡ
2380 4328 2495 4399 μῶν
2530 4327 2849 4399 πρόσκειται
2878 4327 3058 4398 λόγοις
3078 4329 3137 4383 τὸ
3158 4348 3177 4381 ι
3202 4331 3321 4385 Ἵνα
3341 4332 3495 4402 ὑμεῖς
3517 4332 3807 4402 ὑπάγητε,

2215 4420 2311 4474 καὶ
2354 4421 2565 4490 καρπὸν
2598 4421 2820 4491 φέρητε,
2854 4422 2948 4475 καὶ
2979 4423 3007 4474 6
3050 4422 3261 4493 καρπὸς
3295 4424 3445 4494 ὐμῶν
3473 4422 3641 4496 μένεν
3673 4443 3696 4475 ι
3745 4425 3809 4479 τί

2212 4530 2344 4566 ποτε
2379 4513 2487 4583 ἀρα
2514 4512 2608 4566 καὶ
2648 4512 2809 4566 τοῦτο
2829 4512 2978 4583 δηλοῖ
3009 4513 3240 4585 ζητῆσαι
3270 4516 3554 4586 προσήκει.
3581 4516 3648 4567 Τί
3677 4516 3810 4587 γὰρ

2212 4602 2279 4658 ἂν
2307 4605 2498 4668 νοοῖτο,
2540 4604 2635 4657 καὶ
2664 4603 2783 4668 πῶς
2809 4604 2869 4657 τὸ
2897 4604 3095 4674 λέγειν,
3116 4606 3198 4659 ὅτι
3229 4605 3378 4676 μένει
3395 4607 3502 4659 τῶν
3532 4605 3807 4677 μαθητῶν

2212 4696 2240 4748 ὁ
2274 4695 2515 4764 καρπός;
2556 4691 2727 4766 Οἶμαι
2773 4695 2972 4760 τοίνυν,
3010 4697 3091 4750 ὅτι
3126 4697 3341 4767 καρπὸν
3369 4697 3597 4767 μένοντά
3623 4715 3807 4768 φησιν

2212 4785 2241 4836 6
2277 4786 2491 4857 Σωτὴρ,
2525 4785 2617 4839 τὸν
2647 4786 2737 4840 διὰ
2773 4787 2875 4857 τῆς
2908 4787 3271 4858 εὐαγγελικῆς
3303 4787 3634 4853 παιδεύσεως
3655 4830 3672 4855 ,
3700 4792 3807 4844 καὶ

2208 4878 2329 4948 οὐχὶ
2358 4878 2456 4948 τῆς
2476 4879 2533 4931 ὲν
2560 4878 2708 4949 νόμῳ
2734 4878 3096 4945 δικαιοσύνης.
3134 4880 3518 4935 Πεπαλαίωται
3546 4879 3650 4948 μὲν
3685 4883 3806 4951 γὰρ

2210 4969 2414 5039 ἐκείνη,
2442 4969 2532 5022 διά
2559 4969 2620 5022 τὸ
2647 4970 2813 5041 μηδὲν
2833 4969 3093 5024 δύνασθαι
3122 4970 3383 5042 πληροῦν.
3408 4990 3427 5023 ι
3460 4969 3804 5025 Τετελείωκε

2208 5061 2316 5131 γὰρ
2355 5061 2383 5112 ὁ
2422 5062 2584 5130 νόμος
2609 5060 2784 5124 οὐδὲν,
2817 5080 2835 5112 ι
2876 5060 3017 5114 κατὰ
3057 5062 3159 5131 τὴν
3197 5061 3291 5115 τοῦ
3325 5061 3538 5115 Παύλου
3577 5063 3801 5134 φωνὴν,

2209 5150 2535 5205 ἀντανέθαλε
2571 5151 2628 5204 δὲ
2658 5150 2846 5221 ὥσπερ
2886 5153 2980 5204 καὶ
3009 5151 3380 5221 ἁντανέκυψεν
3413 5154 3447 5221 ἡ
3477 5152 3661 5222 καινὴ,
3682 5171 3805 5206 πα-

2210 5241 2436 5296 λαιοῦσά
2482 5259 2541 5295 τε
2593 5241 2690 5312 τὴν
2745 5241 2966 5314 πρώτην
2988 5282 3003 5306 ,
3037 5242 3133 5296 καὶ
3169 5241 3506 5311 ἀφανίζουσα
3529 5284 3544 5308 ,
3573 5242 3669 5295 καὶ
3699 5243 3805 5296 τὸν

2209 5332 2425 5403 ἀληθῶς
2458 5332 2692 5403 μένοντά
2729 5351 2784 5386 τε
2813 5332 2907 5386 καὶ
2948 5334 3253 5402 σωζόμενον
3283 5333 3619 5404 εἰσφέρουσα
3647 5351 3801 5403 καρ-

2205 5427 2327 5478 πόν.
2385 5423 2672 5495 Τοιγάρτοι
2707 5425 2798 5478 καὶ
2831 5424 3044 5488 Παῦλος
3083 5426 3213 5494 ἡμῖν
3247 5426 3275 5478 6
3307 5424 3591 5488 θεσπέσιος
3620 5442 3807 5495 upon-

2196 5516 2393 5580 λαλῶν,
2416 5516 2608 5587 ἥδιστά
2652 5534 2711 5570 τε
2752 5518 2845 5572 καὶ
2897 5518 3140 5589 εὐμενῶς
3180 5518 3280 5589 τὴν
3322 5519 3379 5571 ὲν
3412 5515 3566 5589 νόμῳ
3591 5516 3805 5573 δικαιο·

2194 5698 2238 5729 ⁸³
2268 5696 2433 5754 Hebr.
2482 5715 2586 5755 vn.
2629 5698 2689 5753 l9
