3998 6318
172 310 271 366 593
1201 298 1267 355 IN
1309 296 1598 354 JOANMS
1638 292 2087 351 EVANGELIUM
2118 292 2246 348 LIB.
2282 291 2351 345 Χ.
3308 288 3414 344 ενι

174 428 333 498 σύνην
360 421 698 496 έζημιῶσθαί
730 438 916 492 φησιν,
938 421 1025 473 ῖνα
1051 420 1285 491 κερδάνῃ
1312 416 1567 489 Χριστὺν,
1593 413 1737 467 τοῦτ’

1844 412 1967 469 dem
2016 413 2070 467 in
2103 413 2305 482 ipsum,
2335 408 2602 479 justitiam
2634 419 2688 463 et
2714 406 3194 464 fructiﬁeationem
3246 422 3415 463 evan-

171 519 312 580 ἔστι,
349 516 435 570 διὰ
476 514 715 577 πίστεως
753 513 853 584 τῆς
897 513 978 575 είς
1011 512 1208 575 αὐτὸν,
1256 507 1601 577 δικαιοσύνην
1646 508 1737 559 καὶ

1844 505 2092 576 gelicam.
2115 502 2269 557 Talis
2297 501 2499 557 etenim
2531 501 2868 571 permanebit
2892 515 2957 555 ac
2987 508 3284 570 perpetuus
3309 501 3416 552 erit

171 606 535 680 καρποφορίαν
587 604 970 674 εὐαγγελικήν.
1013 605 1270 674 Διαμενεῑ
1301 601 1411 673 γὰρ
1443 601 1471 653 ὁ
1502 597 1737 660 τοιοῦτος

1844 597 2078 658 fructus,
2108 596 2201 666 qui
2251 595 2428 665 possit
2470 595 2712 651 hominis
2759 595 2997 652 animam
3040 594 3109 649 ad
3157 594 3415 664 pietatem

171 703 257 752 καὶ
286 699 536 769 διηνεκὴς
579 697 732 751 ἔσται
780 695 1014 766 καρπὸς,
1047 694 1430 766 πληρεστάτην
1473 693 1552 756 εἰς
1588 688 1744 743 εὐσέ-

172 792 315 842 ϐειαν
346 789 441 860 τὴν
471 791 563 843 τοῦ
596 791 885 863 ἀνθρώπου
919 790 1097 860 ψυχὴν
1115 788 1401 843 ἀποτελεῖν
1422 784 1738 853 δυνάμενος.

172 882 239 936 Ού
266 880 369 954 γὰρ
392 883 501 944 τοῖς
530 870 903 949 εὐαγγελικοῖς
920 881 1258 952 κηρύγμασι,
1283 878 1444 947 καινή
1474 892 1556 937 τις
1577 873 1740 942 ἑτέρα

173 972 653 1044 παρεισδραμεῖται
681 971 962 1035 παίδευσις
1002 969 1313 1025 παλαιοῦσα
1344 966 1443 1036 τὴν
1470 961 1697 1035 πρώτην
1723 979 1738 994 ο

172 1063 410 1135 καθάπερ
457 1064 649 1134 ἀμέλει
685 1064 907 1131 γέγονεν
938 1064 1031 1116 ἐπὶ
1054 1063 1153 1132 τῆς
1181 1061 1269 1114 διὰ
1315 1057 1558 1118 Μωσέως
1588 1056 1739 1107 ἐντο-

169 1156 278 1224 λῆς,
311 1155 426 1208 ἀλλ’
470 1156 552 1218 είς
589 1155 763 1208 αἰῶνα
806 1155 1061 1224 στήσεται
1085 1152 1180 1206 τοῦ
1222 1151 1473 1221 Σωτῆρος
1503 1148 1531 1200 ὁ
1558 1146 1738 1213 λόγος,

1841 685 2278 740 cumulatissime
2334 685 2614 756 perﬁcere.
2664 685 2773 741 Nec
2816 686 2962 741 enim
3011 687 3118 740 alia
3164 686 3274 741 ulla
3317 687 3417 739 do-

1841 778 2018 833 ctrina
2050 778 2361 848 antiquabit
2388 778 2779 848 evangelicam,
2816 779 2977 833 sicuti
3014 779 3270 833 nimirum
3299 777 3417 832 Μο-

1844 870 1994 924 saica
2027 870 2308 940 antiquata
2341 879 2423 924 est
2465 886 2559 939 per
2588 871 2979 941 evangelicam,
3012 871 3108 927 sed
3152 873 3206 925 in
3252 880 3416 927 mter-

1846 975 1978 1015 num
2031 960 2201 1015 stabit
2249 960 2561 1015 Servatoris
2606 975 2807 1025 sermo,
2854 961 3313 1030 quemadmodum
3362 969 3418 1016 et

1846 1052 1963 1121 ipse
1982 1053 2062 1105 ait
2094 1053 2324 1107 alicubi:
2363 1072 2383 1103 ‹
2411 1052 2623 1107 ϐωιυηι
2652 1063 2704 1106 et
2730 1061 2873 1108 terra
2899 1054 3417 1121 transibunt,verba

1846 1151 2027 1196 autem
2060 1158 2179 1198 mea
2212 1159 2320 1198 non
2347 1145 2663 1198 transibunt
2686 1144 2754 1199 ⁸⁸.
2795 1164 2813 1196 ι

171 1250 303 1306 γαθά
339 1266 442 1303 που
490 1251 582 1303 καὶ⁴
635 1250 798 1313 αὐτός
847 1265 1054 1321 φησιν·
1092 1267 1111 1300 ι
1155 1249 1216 1301 '0
1266 1245 1530 1318 οὐρανὸς,
1599 1239 1695 1294 καὶ
1734 1239 1768 1307 ἡ
1810 1236 1881 1304 γῆ
1916 1237 2364 1332 παρελεύσεται,
2432 1240 2481 1292 oi
2526 1238 2581 1292 δὲ
2625 1239 2771 1308 λόγοι
2826 1257 2928 1310 μου
2976 1241 3037 1293 οὐ
3083 1239 3157 1310 μὴ
3215 1240 3417 1311 παρέλο

168 1341 341 1393 θωσιν.
373 1359 391 1392 ι

234 1435 298 1486 Et
338 1435 372 1485 ὁ
413 1432 641 1499 κόσμος
685 1431 841 1501 ὑμᾶς
890 1431 1074 1503 μισεῖ,
1102 1431 1447 1502 *γινώσκετε
1499 1428 1587 1481 ὅτι
1632 1426 1738 1495 ἐμὲ

165 1522 389 1592 πρῶτον
422 1522 588 1590 ὑμῶν
603 1524 919 1593 μεμίσηκε.

231 1614 335 1684 Τῆς
364 1613 475 1665 τῶν
506 1613 706 1685 ίατρῶν
737 1615 1048 1685 ἐμπειρίας,
1082 1616 1176 1668 καὶ
1214 1614 1490 1684 ὲξαιρέτου
1522 1612 1735 1683 τέχνης,

164 1705 307 1758 οὐδὲν
355 1700 513 1775 οἶμαι
545 1705 824 1771 παντελῶς
857 1706 1190 1761 ἀποδέουσαν
1217 1706 1315 1778 τὴν
1360 1706 1454 1759 τοῦ
1485 1706 1737 1775 Σωτῆρος

1914 1419 2031 1486 X'V,
2068 1420 2155 1476 l8.
2188 1420 2249 1475 Si
2274 1422 2502 1475 mundus
2532 1438 2620 1475 vos
2643 1421 2774 1485 odit,
2809 1421 2993 1476 scitote
3014 1423 3139 1490 quia
3163 1438 3243 1476 me
3270 1425 3417 1493 prio-

1846 1529 1952 1566 rem
1983 1513 2128 1567 vobis
2161 1513 2283 1567 odio
2309 1512 2517 1569 habuit.

1916 1602 2225 1658 Servatoris
2257 1604 2574 1658 methodum
2621 1618 2786 1674 quam
2824 1605 3023 1675 cuique
3070 1606 3147 1660 rei
3195 1605 3421 1662 adhibet

1842 1704 1898 1750 et
1928 1710 2037 1765 qua
2071 1694 2205 1766 quid
2258 1695 2603 1751 auditoribus
2642 1696 2817 1765 prosit
2851 1705 3116 1766 perpetuo
3159 1698 3418 1759 rimatur,

165 1798 462 1869 εὑρήσομεν
509 1799 763 1869 μέθοδον,
800 1800 868 1871 ἢν
918 1801 1004 1869 ἐφ’
1052 1800 1267 1870 ἑκάστῳ
1314 1800 1546 1851 ποιεῖται
1598 1796 1737 1867 πρά-

1844 1788 1999 1851 uihil,
2027 1788 2244 1857 opinor,
2294 1785 2514 1842 differre
2555 1787 2957 1857 comperiemus
2986 1790 3056 1843 ab
3088 1790 3291 1844 eximia
3328 1790 3421 1844 illa

166 1906 323 1961 γματι
349 1930 364 1956 ,
408 1890 750 1961 πανταχόθεν
796 1891 857 1943 τὸ
901 1890 1177 1954 λυσιτελὲς
1223 1891 1333 1953 τοῖς
1370 1888 1739 1959 ἀκροωμένοις

168 1983 247 2035 ἀεὶ
291 1980 705 2052 μηχανώμενος.
723 1983 784 2034 Οἱ
817 1982 917 2051 μὲν
957 1982 1065 2053 γὰρ
1094 1983 1194 2053 τὴν
1222 1980 1488 2051 ἐσομένην
1513 1978 1623 2032 ἔσθ’
1653 1980 1741 2031 ὅτε

167 2076 352 2137 ἐντοῖς
400 2071 617 2143 σώμασι
651 2073 759 2125 τῶν
821 2072 1011 2125 παθῶν
1065 2072 1394 2142 δυστροπίαν
1446 2069 1740 2141 ἀνασειρά-

169 2166 330 2228 ζουσι,
368 2167 496 2229 ταῖς
535 2164 642 2219 ἀπὸ
667 2166 765 2234 τῆς
787 2164 983 2234 τέχνης
1007 2165 1325 2231 ἐπαγωγαῖς
1344 2179 1357 2192 ’
1392 2165 1421 2217 ὀ
1446 2162 1504 2214 δὲ
1537 2161 1634 2233 τὴν
1661 2163 1742 2224 είς

166 2257 223 2309 τὸ
259 2258 442 2327 πρόσω
495 2254 726 2326 πάροδον
764 2255 1099 2324 ἁποφράττει
1158 2257 1273 2317 τοῖς
1334 2255 1524 2318 κακοῖς
1546 2292 1561 2316 ,
1590 2248 1744 2317 ’προ-

169 2349 521 2419 φυλακτικαῖς
580 2346 769 2418 ὥσπερ
824 2348 933 2399 τισὶ
993 2346 1451 2417 προανατειχίζων
1503 2343 1743 2407 ἐντολαῖς

170 2440 261 2508 τὴν
298 2441 528 2492 ἑκάστου
570 2437 767 2507 ψυχήν.
811 2437 1028 2508 Ἐπειδὴ
1056 2437 1231 2491 τοίνυν
1268 2436 1492 2506 ἔμελλον
1527 2435 1627 2488 οὐκ
1653 2434 1738 2505 ἐφ’

167 2528 275 2592 ἑνὸς
320 2529 509 2592 ἔθνους
548 2529 746 2599 τυχὸν,
772 2528 886 2581 ἀλλ’
919 2528 1040 2581 οὐδὲ
1083 2531 1176 2583 ἐπὶ
1205 2528 1391 2599 χώρας
1431 2532 1559 2599 μιᾶς
1602 2544 1738 2599 προ-

168 2621 392 2692 εδρεύειν
418 2622 474 2674 οἱ
504 2622 764 2692 μαθηταὶ,
782 2621 1196 2690 καθηγήσασθαι
1218 2621 1274 2674 δὲ
1298 2620 1496 2690 μᾶλλον
1523 2620 1740 2689 ἁπάσης

165 2712 256 2782 τῆς
284 2711 372 2781 ὑφ’
399 2711 545 2784 ἡλίῳ
570 2751 585 2775 ,
617 2712 713 2764 καὶ
742 2713 856 2774 τοῖς
888 2711 1029 2764 κατὰ
1059 2713 1239 2765 πᾶσαν
1284 2712 1381 2782 τὴν
1413 2712 1739 2783 οἰκουμένην

166 2806 247 2858 τδν
278 2806 635 2876 εὐαγγελικδν
669 2804 764 2858 καὶ
809 2806 951 2859 θεῖον
987 2804 1311 2876 διακηρύξαι
1349 2806 1531 2875 λόγον,
1558 2821 1738 2877 παρα-

162 2898 372 2969 τρέπειν
417 2916 483 2951 τε
520 2899 646 2961 τοὺς
692 2896 1074 2968 ἀκροωμένους
1104 2899 1196 2949 ἐπὶ
1238 2898 1300 2950 τὸ
1329 2898 1475 2968 μόνῳ
1498 2896 1577 2968 τῷ
1616 2897 1738 2967 Θεῷ

164 2986 358 3049 δοκοῦν,
410 2989 511 3041 καὶ
549 2986 872 3057 μεταθήσειν
904 2985 963 3052 ἐξ
997 2987 1273 3057 ἁμαρτίας
1323 2989 1414 3040 ἐπὶ
1446 2989 1506 3040 τὸ
1551 2987 1737 3057 βούλε-

167 3077 276 3131 σθαι
300 3079 429 3149 δρᾷν
465 3081 538 3131 τὰ
567 3079 749 3140 αὐτοῖς
778 3078 1076 3148 πρέποντα,
1114 3080 1207 3131 καὶ
1257 3076 1454 3131 κανόνα
1484 3079 1583 3149 τῆς
1612 3080 1738 3132 ἑαυ-

1842 1878 2036 1948 peritia
2063 1887 2117 1932 et
2148 1884 2265 1932 arte
2299 1877 2660 1932 medicorum.
2692 1876 2760 1932 Hi
2789 1879 2936 1933 enim
2988 1878 3248 1935 adhibitis
3280 1880 3420 1937 artis

1840 1970 2102 2025 remediis
2126 1969 2347 2025 morbos
2375 1970 2708 2043 corporibus
2735 1971 3061 2041 ingruentes
3094 1971 3417 2026 retumlunt:

1842 2063 1931 2117 ille
1957 2060 2167 2116 aditum
2190 2062 2351 2117 malis
2374 2061 2707 2127 intercludit,
2735 2062 3089 2118 cautionibus
3112 2065 3276 2119 veluti
3299 2066 3421 2134 qui-

1841 2152 2073 2210 busdam
2105 2152 2547 2223 uniuscujusque
2580 2151 2821 2206 animum
2852 2154 3245 2221 praemuniens.
3279 2153 3419 2221 Quia

1839 2260 1970 2314 ergo
2003 2244 2276 2300 debebant
2320 2260 2428 2298 non
2464 2244 2627 2299 unius
2658 2245 3042 2300 tantummodo
3088 2247 3289 2316 gentis,
3316 2262 3420 2301 nec

1842 2335 2008 2390 unius
2053 2339 2319 2390 duntaxat
2364 2337 2606 2406 regionis
2635 2338 2804 2393 duces
2837 2352 2964 2394 esse
3007 2340 3285 2410 discipuli.
3318 2342 3418 2397 sed

1840 2428 2156 2485 constitutis
2203 2444 2299 2498 per
2344 2429 2664 2485 universum
2695 2430 2883 2486 orbem
2937 2431 3254 2489 hominibus
3280 2432 3421 2487 divi-

1841 2535 1972 2575 num
2000 2529 2054 2574 et
2076 2520 2457 2589 evangelicum
2501 2536 2811 2577 sermonem
2850 2524 3203 2592 praedicaturi
3235 2511 3419 2589 erant,

1841 2618 2006 2681 atque
2060 2611 2127 2666 ad
2176 2611 2339 2666 unius
2373 2610 2466 2665 Dei
2514 2611 2854 2683 obsequium
2878 2605 3420 2672 auditores'eonver-

1840 2703 1981 2767 suri,
2014 2712 2068 2756 et
2094 2717 2125 2755 a
2182 2709 2408 2772 peccato
2433 2703 2499 2757 ad
2532 2703 2790 2758 virtutem
2824 2712 2878 2759 et
2922 2705 3263 2763 honestatem
3307 2716 3419 2761 tra-

1840 2792 2083 2859 ducturi,
2131 2807 2353 2862 suaeque
2393 2792 2518 2847 vitae
2553 2793 2794 2863 regulam
2840 2794 3014 2864 legem
3043 2797 3417 2865 evangelieam

1839 2884 2156 2949 adhibituri,
2185 2885 2505 2941 necessario
2530 2885 2597 2941 iis
2643 2887 2891 2957 pracipit
2931 2898 2989 2942 ut
3023 2888 3179 2944 nihili
3213 2889 3420 2945 faciant

1839 2976 1966 3031 odio
1996 2991 2025 3029 a
2057 2977 2262 3033 mundo
2301 2978 2511 3043 haberi,
2545 2979 2597 3033 id
2623 2987 2728 3046 est,
2753 2982 2822 3035 ab
2854 2980 2925 3036 iis
2953 2981 3046 3051 qui
3074 2998 3196 3051 quae
3224 2984 3418 3038 utendi

1840 3075 1974 3122 sunt
2005 3066 2248 3136 sapiunt,
2281 3075 2336 3122 et
2367 3068 2535 3138 impie
2572 3076 2739 3139 atque
2768 3068 3059 3125 libidinose
3109 3071 3276 3125 vitam
3325 3071 3420 3126 de-

165 3163 261 3216 τῶν
286 3162 428 3233 ζωῆς
460 3165 736 3218 ποιεῖσθαι
768 3164 858 3218 τὸν
886 3164 1070 3235 νόμον,
1101 3165 1327 3237 φημιδὲ
1344 3167 1434 3219 τὸν
1458 3167 1736 3237 εὐαγγελι-

1844 3168 1995 3230 guut.
2021 3160 2090 3212 At
2123 3173 2374 3229 quamam
2405 3167 2489 3215 est
2509 3159 2747 3230 hujusce
2769 3162 2846 3217 rei
2877 3162 3049 3219 ratio?
3077 3161 3217 3218 Num
3243 3164 3413 3223 enim,

166 3255 271 3318 κὸν,
309 3256 629 3323 ἀναγκαίως
671 3257 858 3319 αὐτοῖς
882 3258 1014 3327 παρ’
1040 3256 1194 3310 οὐδὲν
1222 3258 1493 3312 ποιεῖσθαι
1522 3259 1734 3314 κελεύει

165 3347 219 3424 τὸ
244 3348 386 3419 παρὰ
412 3347 508 3401 τοῦ
535 3348 741 3418 κόσμου
773 3347 1068 3418 μισεῖσθαι,
1096 3349 1240 3403 τοῦτ’
1269 3349 1406 3414 ἔστι,
1438 3352 1589 3424 παρὰ
1624 3352 1735 3406 τῶν

167 3421 491 3505 φρονούντων
522 3438 594 3490 τὰ
630 3439 688 3490 ὲν
708 3438 921 3509 κόσμῳ,
943 3440 1039 3493 καὶ
1072 3432 1374 3510 φιληδόνως
1401 3444 1497 3496 καὶ
1521 3421 1736 3508 ἀσεϐῶς

166 3526 254 3597 ζῇν
278 3528 567 3598 ἑλομένων.
606 3529 716 3582 Καὶ
748 3529 833 3593 τις
859 3530 926 3585 ἂν
955 3530 1041 3603 εἴη
1072 3531 1234 3585 πάλιν
1267 3535 1296 3586 ὁ
1322 3534 1511 3588 τούτου
1541 3535 1733 3604 λόγος;

165 3612 299 3690 Ἆρα
320 3621 449 3690 γὰρ,
479 3621 605 3674 είπέ
629 3637 741 3691 μοι,
769 3623 995 3692 φήσειεν
1020 3622 1086 3676 ἄν
1110 3639 1195 3687 τις
1211 3624 1393 3695 τυχὸν,
1420 3627 1488 3678 τὶ
1510 3626 1737 3680 τοιαῦτα

165 3713 265 3775 τοῖς
290 3712 482 3766 ἑαυτοῦ
521 3710 792 3782 μαθηταῖς
820 3712 1234 3768 διακελεύεσθαι
1266 3715 1378 3769 δεῖν
1416 3717 1737 3789 ἐδοκίμασεν

165 3802 191 3853 ὁ
210 3802 452 3873 Χριστὸς,
480 3804 765 3871 ὲπωφελές
787 3822 840 3858 τι
884 3804 1075 3875 χρῆμα
1105 3806 1168 3859 τὸ
1208 3806 1483 3877 μισεῖσθαι
1502 3807 1734 3874 δεικνὺς,

167 3894 480 3966 ἀδιακρίτως
510 3912 572 3948 τε
619 3897 717 3950 καὶ
762 3898 852 3950 ἐπ’
885 3898 1063 3952 οὐδενὶ⁹
1085 3900 1249 3970 τυχὸν
1273 3899 1383 3953 τῶν
1421 3901 1737 3971 ἀναγκαίων

162 3987 239 4050 εἰς
257 3987 472 4059 δνησινς
504 3989 723 4056 Ἀπαγε
746 3989 844 4061 τῆς
871 3990 1132 4061 ἀμαθίας.
1157 3994 1234 4045 Οὐ
1259 3995 1368 4065 γὰρ
1391 3995 1457 4048 ἂν
1480 3998 1561 4059 εις
1581 3996 1740 4050 τοῦτο

166 4076 429 4134 διώλισθεν
459 4084 490 4135 ὁ
519 4082 677 4151 λόγος
711 4080 863 4152 αὐτῷ
882 4098 896 4112 ο
918 4082 981 4135 τὸ
1019 4083 1295 4152 μισεῖσθαι
1319 4085 1376 4139 δὲ
1397 4087 1497 4157 οὐχ
1526 4088 1737 4154 ἁπλῶς,

164 4169 222 4222 οὐ
270 4172 471 4245 σφόδρα
521 4172 885 4242 φυλάττεσθαι
922 4174 1072 4246 παρὰ
1114 4176 1314 4238 παντὸς
1346 4177 1738 4248 συμϐουλεύει,

166 4258 528 4331 διωρισμένως
558 4262 723 4331 φησὶν
746 4301 761 4325 ,
788 4262 988 4333 ἄριστά
1029 4280 1088 4317 τε
1124 4266 1219 4319 κα)⁸
1264 4266 1696 4339 διακεκριμένως
1722 4288 1735 4303 ο

172 4365 187 4396 t
223 4349 284 4402 Εἰ
310 4352 338 4403 ὁ
364 4351 571 4422 κόσμος
592 4352 736 4423 ὑμᾶς
776 4356 943 4422 μισεῖ,
972 4373 990 4405 ι
1021 4354 1168 4408 τοῦτ’
1205 4355 1370 4421 ἔστιν,
1399 4359 1449 4410 εἰ
1478 4360 1572 4413 καὶ
1607 4360 1739 4430 μέλ-

166 4434 296 4491 λοιεν
327 4438 472 4509 ὑμᾶς
494 4439 586 4493 διὰ
614 4440 807 4510 μίσους
836 4441 979 4512 ἔχειν
1005 4445 1054 4496 oi
1100 4445 1170 4498 τὰ
1192 4447 1251 4498 ὲν
1284 4447 1477 4520 κόσμῳ
1515 4467 1742 4523 τετιμη-

1835 3253 1980 3308 dicet
2013 3252 2198 3308 forsan
2234 3254 2457 3323 aliquis,
2499 3254 2616 3310 suis
2645 3254 2936 3324 discipulis
2993 3256 3255 3314 Christus
3302 3259 3419 3315 hac

1838 3342 2101 3398 mandare
2142 3342 2318 3398 voluit
2349 3343 2516 3415 895
2554 3347 2700 3415 quod
2756 3348 3075 3404 ostenderet
3107 3350 3245 3405 utile
3274 3365 3416 3416 esse,

1836 3435 1966 3489 odio
1997 3434 2186 3490 haberi
2226 3435 2706 3492 indiscriminatim
2751 3448 2808 3494 et
2860 3439 2916 3493 in
2956 3455 3017 3495 re
3056 3443 3265 3497 nullius
3297 3457 3418 3496 νηο-
3488 3504 3493 3513 π

1837 3526 2052 3582 menti?
2100 3527 2260 3582 Absit
2300 3534 2453 3583 tanta
2486 3529 2792 3600 imperitia!
2833 3530 2944 3588 Nec
2971 3534 3117 3588 enim
3147 3550 3213 3588 eo
3248 3536 3418 3605 perti-

1837 3615 2085 3684 netejus
2127 3616 2346 3670 oratio:
2389 3632 2500 3671 non
2534 3618 2683 3672 enim
2723 3620 3057 3689 simpliciter
3083 3624 3323 3678 consulit
3359 3633 3419 3678 ut

1837 3704 1892 3759 in
1926 3705 2111 3760 odium
2156 3706 2409 3777 cujusvis
2439 3709 2726 3764 incurrere
2752 3724 2855 3780 pro
2888 3710 3064 3766 nihilo
3099 3713 3370 3770 ducamus
3400 3735 3415 3777 :

1839 3796 1934 3853 sed
1967 3798 2229 3854 distincte
2259 3801 2362 3864 ait,
2409 3806 2464 3855 et
2506 3807 2656 3856 recte
2710 3802 3035 3872 cumprimis
3069 3820 3133 3861 ae
3163 3805 3368 3863 diserte
3400 3827 3413 3862 :

1845 3909 1864 3942 ι
1902 3889 1960 3944 Si
1992 3904 2089 3946 vos
2120 3891 2239 3946 odit
2279 3891 2540 3957 mundus,
2578 3911 2599 3943 ι
2630 3892 2680 3947 id
2725 3902 2828 3958 est,
2873 3895 3000 3951 licet
3029 3896 3161 3952 odio
3183 3915 3281 3953 vos
3317 3900 3419 3953 ha-

1839 3968 2007 4037 bituri
2038 3983 2152 4037 sint
2187 3983 2282 4053 qui
2318 3983 2508 4039 mundi
2542 3997 2633 4039 res
2657 3984 2710 4038 in
2752 3986 2929 4056 pretio
2961 3987 3183 4053 habent,
3217 4004 3281 4043 ac
3310 3999 3420 4046 ter-

1838 4088 1973 4129 rena
2022 4082 2235 4129 tantum
2264 4058 2534 4145 sapiunt,
2580 4079 2798 4145 scitote,
2841 4079 3062 4149 inquit,
3107 4081 3217 4137 hoc
3267 4085 3419 4153 prius

1840 4168 2092 4223 evenisse
2132 4171 2416 4240 magistro.
2467 4170 2623 4236 Quod
2655 4182 2836 4228 autem
2871 4188 3054 4228 rerum
3084 4177 3417 4245 optimarum

1841 4260 2161 4317 doctoribus
2193 4276 2301 4316 non
2333 4277 2524 4332 parum
2556 4265 2810 4321 utilitatis
2850 4266 3148 4322 allaturum
3182 4271 3255 4324 sit
3285 4269 3417 4326 Ser-

1843 4353 2052 4407 vatoris
2086 4353 2426 4415 mandatum,
2468 4355 2628 4411 facile
2671 4358 2720 4411 is
2777 4367 3039 4427 agnoscet
3079 4362 3171 4431 qui
3228 4378 3418 4417 rerum

1843 4451 2096 4498 naturam
2122 4443 2295 4513 ipsam
2321 4447 2635 4501 attenderit.
2667 4446 2856 4502 Solent
2879 4450 3024 4503 enim
3054 4452 3144 4521 qui
3174 4455 3419 4522 spurcis-

167 4528 327 4594 κότις,
361 4531 457 4586 καὶ
480 4532 622 4602 μόνα
667 4533 988 4604 φρονοῦντες
1029 4535 1095 4589 τὰ
1140 4536 1233 4590 ἐπὶ
1252 4538 1350 4610 τῆς
1372 4540 1496 4612 γῆς,
1529 4541 1641 4595 ἴστε
1672 4543 1737 4614 δὴ

1844 4537 1998 4592 simis
2043 4537 2205 4593 rebus
2254 4539 2479 4603 student
2507 4547 2562 4594 et
2596 4540 2928 4611 impuritatis
2970 4545 3264 4601 mundanae
3300 4550 3420 4603 cul-

164 4620 295 4687 τότι,
334 4624 492 4694 φησὶ,
524 4624 941 4695 προππονθᾶτα
959 4627 1118 4680 τοῦτο
1146 4628 1240 4682 τὸν
1265 4629 1736 4689 διδάσκαλον.⁸⁸οτι

164 4709 217 4764 δὲ
243 4717 351 4779 τοῖς
390 4715 502 4770 τῶν
551 4716 854 4772 καλλίστων
898 4720 1218 4790 εἰσηγηταῖς
1245 4723 1305 4775 ού
1337 4725 1571 4797 μετρίως
1600 4728 1736 4782 οἴσει

162 4802 254 4874 τὴν
270 4804 457 4879 ὄνησιν
480 4806 582 4861 τοῦ
611 4809 863 4880 Σωτῆρος
893 4812 927 4881 ή
969 4811 1183 4883 ἐντολὴ,
1213 4815 1420 4869 κατίδοι
1452 4834 1540 4881 τις
1578 4819 1646 4872 ἂν
1674 4815 1733 4873 εὖ

169 4896 301 4965 μάλα
328 4899 551 4971 ῥᾳδίως,
586 4902 636 4955 εί
681 4904 746 4974 τῇ
792 4901 904 4956 τῶν
929 4905 1274 4978 πραγμάτων
1314 4908 1519 4982 ἐνορῴη
1552 4914 1733 4981 φύσει.

163 4985 305 5041 Φίλον
337 4991 439 5061 μὲν
463 4990 577 5062 γάρ
607 5008 725 5055 πως
761 4992 872 5055 ἀεὶ,
907 4992 1108 5063 μᾶλλον
1135 4992 1193 5047 δὲ
1212 4994 1287 5059 ὼς
1315 4996 1520 5051 ἐπίπαν
1540 5001 1739 5056 ἐσπου-

166 5075 415 5148 δασμένον
453 5085 573 5146 τοῖς
604 5084 715 5138 τῶν
758 5085 1056 5155 αἰσχίστων
1086 5087 1362 5158 ἐρασταῖς,
1397 5090 1493 5142 καὶ⁵
1519 5094 1631 5158 τοῖς
1662 5097 1743 5159 εἱς

165 5167 320 5242 ἄκρον
339 5173 539 5243 ἥκουσι
571 5173 855 5247 βδελυρίας
877 5178 1172 5248 κοσμικῆς,
1207 5181 1620 5251 παρακούεσθαι
1645 5188 1744 5257 μὲν

164 5259 233 5322 ὡς
256 5260 494 5334 δυσαχθῆ
548 5266 643 5318 καὶ
672 5266 958 5321 ἀλλόκοτον
986 5269 1082 5322 τὸν
1115 5271 1517 5342 σωφρονίζοντα
1565 5275 1745 5346 λόγον,

166 5352 476 5423 ἐπιφύεσθαι
518 5356 576 5410 δὲ
622 5362 732 5423 τοῖς
770 5362 1110 5430 εἰσηγεῖσθαι
1147 5365 1504 5431 σπουδάζουσι
1528 5370 1597 5423 τὰ
1625 5371 1736 5424 τῶν

168 5444 499 5516 μαθημάτων
531 5449 729 5519 ἄριστα
750 5491 765 5514 ,
795 5453 892 5506 καὶ
928 5453 998 5506 τὰ
1023 5453 1091 5507 δι’
1117 5448 1192 5508 ὧν
1218 5458 1473 5527 ἀμείνους
1501 5461 1738 5523 ἔσονται,

166 5534 194 5606 ἢ
231 5534 493 5610 πρότερον
522 5536 682 5612 ἦσαν,
716 5544 903 5612 μόναις
929 5548 1049 5609 ταῖς
1084 5547 1241 5611 ἰδίαις
1271 5550 1482 5619 ἡδοναῖς
1507 5553 1567 5605 τὸ
1593 5570 1724 5621 κρα-

235 5722 278 5753 “
305 5723 476 5781 Marc.
506 5740 630 5788 nu,
666 5727 757 5780 5|.

503 5821 615 5878 ΡΠ
631 5837 767 5878 ιιοι.
804 5816 1214 5875 (ἶκ-1-ΧΧ1γ.

512 6040 552 6068 ρ

1845 4641 1968 4681 men
1999 4630 2321 4699 attigerunt,
2363 4627 2767 4687 admonitiones
2802 4642 2860 4687 ut
2907 4637 3168 4694 molestas
3194 4646 3249 4692 et
3286 4655 3415 4709 gra-

1844 4732 1938 4771 ves
1969 4718 2223 4783 abjieere,
2256 4728 2310 4773 et
2338 4720 2391 4773 in
2438 4734 2534 4775 eos
2576 4722 2671 4791 qui
2725 4733 2874 4777 rect'a
2925 4724 3125 4782 docere
3172 4730 3416 4797 aggressi

1843 4809 2071 4875 fuerint,
2116 4811 2322 4877 quibus
2363 4811 2432 4866 ad
2483 4814 2767 4868 meliorem
2802 4814 3020 4887 irugem
3061 4828 3413 4886 revocentur,

1839 4904 2062 4973 gravius
2112 4902 2418 4974 insurgere,
2447 4906 2821 4975 voluptatibus
2855 4908 2971 4964 suis
3009 4908 3105 4962 toti
3155 4924 3411 4968 succum-

1839 4995 2051 5050 bentes.
2083 4993 2283 5051 Verum
2313 4996 2448 5051 utile
2472 4997 2729 5065 quiddam
2766 5014 2852 5053 me
2897 4999 3291 5069 propemodum
3325 5002 3410 5057 l'u-

1839 5088 1938 5157 git,
1969 5087 2115 5158 quod
2147 5088 2559 5159 propositorum
2585 5090 2875 5145 verborum
2922 5090 3276 5160 explicationi
3323 5095 3410 5148 iuo

1843 5180 2035 5251 primis
2066 5181 2330 5236 convenit
2354 5195 2418 5235 ac
2446 5180 2698 5237 debetur.
2738 5181 2909 5236 Judaei
2937 5182 3140 5253 quippe
3171 5186 3261 5239 uni
3294 5185 3412 5241 Mo-

1844 5271 2007 5326 saicae
2032 5273 2226 5327 litterae
2270 5285 2336 5326 ac
2371 5272 2559 5342 ﬁguris
2585 5274 2942 5340 adhaerentes,
2977 5289 3152 5345 usque
3177 5277 3242 5332 ad
3271 5289 3415 5334 tem-

1844 5377 1949 5432 pus
2003 5361 2379 5417 correctionis
2429 5351 2703 5417 ohlirinati
2763 5362 2993 5431 animo,
3064 5365 3417 5438 disciplinam

1846 5452 2217 5523 evangelicam
2250 5452 2406 5506 nihili
2442 5453 2602 5522 plane
2632 5451 2927 5521 faciebant,
2955 5454 3106 5513 illius
3130 5465 3311 5515 autem
3342 5461 3421 5514 iu-

1852 5555 2116 5615 terpretes
2164 5543 2555 5598 inlensissimis
2600 5545 2855 5601 hostibus
2904 5548 3187 5618 graviores
3246 5548 3421 5606 duco-

3013 5819 3088 5881 13
