3998 6318
544 301 651 360 395

1566 294 1622 349 S.
1661 288 1940 349 CYRILLI
1976 292 2449 349 ALEXANDRINI
2488 292 2807 348 ARCHIEP.

3699 293 3815 346 396

545 416 718 470 bant:
766 420 957 484 gentes
1009 425 1159 474 vero,
1199 408 1481 465 diversum
1531 408 1851 481 proﬁtentes
1878 425 2123 466 errorem

2231 412 2336 463 τεῖν
2370 410 2783 481 ἐπιτρέψαντες.
2839 407 2999 461 Ἀλλὰ
3035 406 3141 477 γὰρ
3170 405 3369 477 μικροῦ
3400 407 3466 477 μέ
3505 424 3556 461 τι
3582 406 3689 460 τῶν
3714 409 3813 462 ἀν-

544 512 601 562 et
657 502 987 561 inellabilcm
1033 501 1130 557 Del
1180 501 1416 572 gloriam
1462 510 1731 557 creaturae
1783 500 2126 573 aliingentes,

546 597 852 654 doctrinam
883 609 990 666 qua
1021 593 1402 649 illuminentur
1428 593 1573 649 haud
1601 607 1759 665 atquo
1789 594 1975 650 animo
2004 577 2130 650 sus-

547 688 781 759 cipiunt.
816 685 1107 741 Veteribus
1159 685 1365 757 quippe
1415 685 1574 741 malis
1608 686 2014 755 quodammodo
2040 687 2127 741 in-

548 778 698 836 olitis
735 792 1092 848 summopere
1121 776 1597 847 amplectebantur
1641 776 1940 839 inscitiam.
1974 788 2030 832 et
2059 778 2129 833 ab

548 869 800 940 ingenito
821 869 1014 925 morbo
1036 867 1296 923 recedere
1324 867 1410 922 vix
1444 881 1508 921 ac
1539 882 1604 923 ne
1632 868 1722 921 vix
1757 869 1978 937 quidem
2011 877 2129 925 stu.

549 959 771 1013 debant.
833 957 969 1013 Cum
1020 971 1153 1026 ergo
1204 970 1387 1011 rerum
1434 964 1631 1010 natura
1682 956 1758 1010 ita
1798 972 1859 1012 se
1903 957 2123 1025 haheat,

549 1049 673 1120 quis
719 1049 937 1105 dubitet
965 1049 1276 1107 Servatoris
1324 1048 1634 1119 discipulos
1669 1064 1870 1105 exosos
1895 1048 2012 1104 fore
2032 1047 2130 1105 Ju-

474 1170 477 1173 -
548 1138 681 1195 datis
714 1153 777 1193 ac
807 1139 1103 1210 gentilibus
1143 1137 1409 1201 infensos,
1445 1137 1772 1209 voluptariis
1810 1145 1992 1193 autem
2031 1140 2129 1195 bo-

549 1231 795 1286 minibus
830 1231 991 1302 longe
1023 1228 1431 1302 gravissimos?
1458 1229 1528 1282 At
1557 1231 1604 1285 si
1632 1227 1889 1300 discipuli
1932 1228 2130 1285 Serva-

550 1323 687 1377 toris
709 1337 853 1393 aegre
882 1321 1046 1376 laturi
1069 1329 1258 1377 essent
1280 1320 1351 1375 ab
1371 1320 1560 1391 aliquo
1588 1334 1777 1375 eorum
1808 1335 1949 1390 quos
1968 1320 2131 1375 modo

550 1415 932 1470 recensuimus
951 1413 1081 1469 odio
1107 1413 1322 1479 haberi,
1347 1427 1413 1467 ac
1427 1427 1538 1466 non
1560 1412 1750 1481 potius
1768 1427 1961 1468 eorum
1990 1412 2129 1467 ami-

550 1505 736 1559 citiam
772 1505 919 1558 omni
950 1504 1138 1560 studio
1173 1504 1363 1560 venari
1399 1504 1689 1567 deberent,
1718 1502 1984 1573 numquid
2014 1517 2131 1558 om-

547 1598 708 1653 nibus
735 1604 884 1666 patet
918 1597 1121 1651 nullam
1153 1597 1316 1666 plane
1350 1595 1569 1652 laudem
1598 1602 2003 1666 reportaturus,
2033 1595 2129 1665 qui

547 1688 858 1744 doctrinam
908 1689 1045 1742 nulli
1092 1703 1324 1759 prorsus
1364 1689 1553 1743 utilem
1595 1672 1981 1758 proﬁteantur,
2031 1687 2131 1743 sed

549 1780 911 1836 assentationi
950 1779 1121 1850 896
1174 1779 1357 1850 potius
1400 1779 1679 1847 studeant,
1726 1779 1988 1850 arguendi
2039 1794 2129 1834 se-

547 1873 786 1927 cundum
830 1870 997 1926 Deum
1050 1870 1306 1925 ﬁduciam
1334 1871 1724 1940 comprimam,
1749 1871 1898 1942 quod
1931 1871 2133 1943 cuique

547 1974 760 2035 gratum
791 1965 863 2020 sit
895 1965 1184 2034 loquentes
1208 1970 1375 2034 atque
1405 1962 1704 2020 docentes?
1741 1962 2129 2019 Necessarium

546 2063 631 2110 est
672 2056 836 2125 igitur
864 2069 1093 2109 monere
1122 2070 1232 2109 non
1264 2069 1389 2110 esse
1416 2054 1719 2109 amicitiam
1749 2058 2128 2124 quaerendam,

547 2148 641 2203 sed
673 2147 760 2203 vel
784 2147 841 2201 in
870 2146 1266 2200 nonnullorum
1286 2147 1472 2201 odium
1498 2145 1784 2201 incurrere
1811 2148 1957 2202 haud
1990 2148 2131 2201 mul-

548 2250 662 2293 tum
699 2236 1048 2301 curandum,
1090 2252 1216 2292 cum
1261 2253 1326 2293 ex
1365 2237 1743 2300 admonitione
1790 2239 1999 2309 aliquid
2050 2240 2132 2294 eis

547 2332 808 2387 utilitatis
845 2331 1086 2386 exsistit.
1121 2330 1235 2385 Hoc
1261 2331 1449 2401 utique
1478 2341 1534 2385 et
1556 2331 1787 2386 Paulum
1820 2331 2020 2387 fecisse
2052 2333 2132 2385 vi-

546 2423 822 2489 debimus,
853 2431 909 2477 et
933 2422 1082 2477 clare
1112 2423 1322 2478 dixisse
1350 2443 1364 2477 :
1395 2443 1413 2473 ι
1445 2421 1605 2477 Modo
1631 2423 1775 2478 enim
1813 2424 2131 2478 hominibus

548 2513 776 2581 suadeo,
816 2529 884 2568 an
916 2513 1070 2569 Deo?
1099 2513 1181 2568 An
1205 2529 1395 2585 quaero
1429 2514 1746 2569 hominibus
1778 2515 2039 2584 placere?
2073 2515 2130 2569 Si

547 2606 728 2660 adhuc
762 2597 1079 2662 hominibus
1105 2607 1401 2677 placerem,
1433 2606 1642 2661 Christi
1672 2621 1867 2662 servus
1900 2622 2011 2660 non
2041 2621 2131 2662 es-

546 2713 661 2754 sem
688 2698 755 2753 ".
789 2717 808 2751 ι
839 2697 976 2753 Cum
1010 2708 1194 2754 autem
1233 2698 1583 2753 Corinthium
1614 2699 1910 2768 quemdam
1958 2700 2133 2754 corri-

545 2790 779 2859 puisset,
810 2799 976 2861 atque
1007 2788 1062 2843 id
1094 2789 1419 2858 gravissime
1450 2789 1649 2845 tulisse
1682 2789 1993 2852 didicisset,
2030 2790 2127 2844 ait:

550 2896 569 2931 ι
612 2879 667 2934 Si
715 2880 861 2935 enim
897 2893 1001 2950 ego
1039 2880 1313 2934 contristo
1356 2893 1477 2944 vos,
1524 2889 1579 2934 et
1630 2878 1758 2950 quis
1803 2885 1889 2934 est
1917 2879 2009 2946 qui
2044 2893 2132 2934 me

546 2970 802 3033 latiticet,
835 2968 943 3023 nisi
965 2969 1058 3037 qui
1095 2969 1466 3022 contristatur
1498 2982 1564 3023 ex
1606 2983 1693 3022 me
1717 2968 1803 3021 3'?
1833 2986 1852 3018 ι
1883 2964 2129 3022 Tristitia

2232 504 2477 572 αγκαίων
2533 503 2849 575 παρελάσαν
2877 500 3069 572 ᾤχετο,
3102 498 3280 552 καίτοι
3307 502 3424 562 ταῖς
3452 499 3562 552 τῶν
3593 517 3823 572 προκει-

2234 594 2414 665 μένων
2438 592 2694 664 θεωρίαις
2714 592 2796 645 ὃτι
2819 591 3053 662 μάλιστα
3075 589 3286 661 πρέπον
3306 607 3365 642 τε
3389 591 3483 642 καὶ
3514 590 3825 661 χρεωστού·

2234 702 2410 755 μενον.
2456 684 2696 738 Ἰουδαῖοι
2747 683 2846 753 μὲν
2886 682 2996 754 γὰρ
3033 682 3178 753 μόνῳ
3207 681 3286 751 τῷ
3334 680 3619 749 Μωσαῖκῷ
3650 698 3825 750 προσ-

2231 773 2541 847 εδρεύοντες
2594 774 2880 845 πράγματι
2914 772 3041 844 [ῃο.
3098 769 3412 843 γράμματι]
3463 772 3559 823 καὶ
3597 772 3713 833 τοῖς
3759 772 3823 822 ὲν

2229 864 2388 934 τύπῳ
2424 863 2827 934 τετελεσμένοις
2849 902 2864 927 ,
2895 863 3056 934 μέχρι
3108 862 3304 934 καιροῦ
3353 861 3697 932 διορθώσεως
3728 861 3822 912 τὸν

2229 960 2430 1012 οἰκεῖον
2462 957 2842 1029 ὲνιδρύσαντες
2890 957 3035 1022 νοῦν,
3066 956 3168 1026 τῆς
3193 954 3561 1024 εύαγγελικῆς
3594 952 3822 1007 παιδεύ-

2232 1071 2371 1117 σεως
2394 1052 2583 1106 οὐδένα
2637 1051 2736 1121 μὲν
2782 1051 2844 1104 τὸ
2873 1049 3135 1120 παράπαν
3167 1047 3447 1101 ἐποιοῦντο
3473 1046 3657 1114 λόγον.
3692 1044 3821 1107 τοὺς

2230 1145 2286 1199 δέ
2313 1163 2378 1215 γε
2428 1142 2771 1216 πρεσϐευτὰς
2793 1183 2808 1208 ,
2844 1142 3135 1213 φορτικοὺς
3182 1126 3430 1211 ἡγεῖσθαι
3473 1138 3677 1209 μᾶλλον
3713 1137 3823 1190 τῶν

2233 1236 2439 1307 σφόδρα
2475 1235 2896 1305 πολεμιωτάτων
2939 1231 3271 1303 ᾧοντοδεῖν·
3305 1231 3353 1284 οί
3401 1229 3461 1282 δὲ
3492 1229 3595 1300 τὴν
3627 1229 3825 1300 ἑτέραν

2235 1328 2513 1398 μετιόντες
2549 1327 2817 1396 πλάνησιν
2842 1366 2855 1387 ,
2892 1326 2985 1378 καὶ
3011 1326 3112 1395 τὴν
3157 1326 3400 1396 ἄρρητον
3436 1323 3531 1376 τοῦ
3561 1322 3701 1377 Θεοῦ
3734 1321 3824 1374 66-

2234 1420 2330 1485 ξαν
2367 1418 2739 1492 περιτιθέντες
2778 1420 2843 1489 τῇ
2880 1418 3077 1481 κτίσει,
3117 1417 3262 1486 φημὶ
3285 1415 3341 1468 δὲ
3375 1415 3502 1477 τοὺς
3533 1413 3594 1478 ἐξ
3626 1413 3822 1473 ἐθνῶν.

2231 1513 2293 1564 οὐ
2320 1512 2441 1565 λίαν
2481 1510 2735 1582 ἀσμένως
2762 1509 2852 1562 τὸν
2897 1505 3380 1578 καταλαμπρύνειν
3410 1505 3609 1567 αὐτοὺς
3646 1503 3827 1556 εξδότα

2233 1603 2631 1676 παραδέχονται
2689 1601 2864 1669 λόγον.
2929 1598 3312 1667 Ἐντετηκότες
3342 1597 3453 1667 γὰρ
3489 1595 3684 1666 ὥσπερ
3712 1597 3828 1657 τοῖς

2232 1695 2486 1765 ἀρχαίοις
2526 1696 2718 1756 κακοῖς
2738 1732 2752 1756 ,
2780 1692 3104 1761 φιλαιτάτην
3134 1689 3416 1743 ἐποιοῦντο
3433 1688 3534 1759 τὴν
3556 1687 3826 1759 ἀμαθίαν,

2232 1786 2327 1840 καὶ
2357 1785 2654 1855 συντρόφου
2695 1784 3002 1855 νοσήματος
3044 1781 3344 1851 ἁποφοιτᾷν
3377 1775 3519 1850 ἦσαν
3545 1781 3627 1833 ὃτι
3658 1779 3827 1849 μάλι-

2235 1895 2335 1932 στα
2366 1877 2763 1931 δυσοκνότατοι.
2790 1874 2950 1929 Οὕτω
2976 1872 3266 1945 τοιγαροῦν
3298 1873 3396 1942 τῆς
3424 1872 3532 1925 τῶν
3560 1873 3829 1943 πραγμά-

2231 1986 2340 2022 των
2371 1970 2603 2040 ὲχούσης
2665 1967 2902 2037 φύσεως,
2929 1966 3013 2028 τίς
3068 1964 3134 2017 ἂν
3189 1964 3459 2017 ἐνδοιάσαι
3508 1963 3715 2028 λοιπὺν,
3746 1963 3829 2025 ὡς

2232 2058 2458 2128 ἔμελλον
2506 2056 2725 2111 ἔσεσθαι
2754 2055 2848 2109 τοῦ
2884 2056 3133 2124 Σωτῆρος
3172 2055 3223 2107 οξ
3270 2055 3530 2126 μαθηταὶ,
3560 2057 3830 2124 στυγητιὶ

2234 2150 2336 2220 μὲν
2368 2152 2481 2213 τοῖς
2541 2148 2812 2210 Ἰουδαίοις
2834 2187 2848 2209 ,
2881 2146 3262 2216 διεπτυσμένοι
3294 2146 3351 2198 δὲ
3396 2147 3546 2215 παρά
3576 2148 3690 2208 τοῖς
3722 2145 3831 2212 τὴν

2244 2241 2514 2312 Ἐλλήνων
2540 2240 2756 2294 νοσοῦσι
2788 2239 3053 2307 πλάνησιν
3082 2255 3095 2268 ·
3123 2238 3321 2308 ἥκιστα
3347 2238 3405 2291 δὲ
3428 2240 3588 2308 ἡδεῖς,
3616 2237 3831 2311 μᾶλλον

2232 2333 2289 2386 δὲ
2325 2332 2747 2402 δυσαχθέστατοι
2796 2333 2910 2393 τοῖς
2937 2330 3240 2401 φιληδονεῖν
3270 2329 3575 2400 ἑλομένοις,
3609 2329 3708 2383 καὶ
3730 2329 3831 2380 τὸν

2233 2424 2477 2496 ἐξίτηλον
2540 2425 2599 2477 ὲν
2636 2425 2868 2495 τρυφαῖς
2914 2422 3238 2493 τετιμηκόσι
3283 2421 3428 2492 βίον;
3486 2422 3623 2475 Ἀλλ’
3654 2421 3828 2492 εἴπερ

2232 2515 2457 2586 ἔμελλον
2502 2515 2597 2569 τοῦ
2627 2515 2880 2586 Σωτῆρος
2927 2515 2976 2568 oi
3025 2515 3305 2586 μαθηταὶ,
3342 2515 3402 2568 τὸ
3442 2516 3537 2585 μὲν
3583 2515 3687 2568 ὑπὸ
3719 2513 3830 2567 τοῦ

2234 2606 2349 2679 [γρ.
2377 2606 2483 2660 ὑπό
2517 2605 2638 2679 του]
2674 2604 2949 2676 μισεῖσθαι
2972 2602 3134 2674 τυχὸν
3173 2604 3280 2658 τῶν
3315 2604 3418 2675 ἤδη
3450 2604 3829 2675 κατειλεγμέο

2232 2716 2337 2752 νων
2361 2697 2634 2752 ποιεῖσθαι
2660 2696 2937 2769 φορτικὸν,
2960 2695 3157 2767 ζηλοῦν
3177 2696 3233 2750 δὲ
3275 2695 3474 2768 μᾶλλον
3501 2694 3831 2762 ἐπείγεσθαι

2232 2791 2329 2844 καὶ
2379 2789 2695 2860 φιλοθηρεῖν
2752 2789 2998 2852 ἐκτόπως
3031 2790 3123 2842 κα)⁸
3149 2789 3249 2859 τὴν
3297 2787 3448 2859 παρά
3469 2787 3574 2841 τῶν
3600 2786 3668 2840 τὰ
3698 2804 3832 2841 τοι-

2230 2884 2369 2939 αῦτα
2401 2883 2700 2938 νοσούντων
2728 2880 3031 2951 ἀγάπησιν,
3079 2878 3198 2944 πῶς
3229 2878 3289 2932 ού
3325 2880 3462 2934 πᾶσι
3488 2878 3833 2949 προδηλότα-

2231 2992 2346 3041 τον,
2379 2976 2456 3039 ὡς
2483 2974 2585 3027 οὐκ
2609 2972 2675 3027 ἂν
2705 2971 2952 3041 ἐγένοντο
2981 2971 3325 3044 περιφανεῖς,
3355 2969 3528 3023 οὐδενὶ
3546 2969 3604 3022 τδ
3636 2971 3832 3041 παρά-

545 3061 746 3133 quippe
775 3075 899 3132 quae
933 3059 1236 3115 secundum
1270 3058 1440 3113 Deum
1479 3067 1589 3120 est.
1644 3060 2028 3129 pmnitentiam
2070 3060 2126 3115 in

2231 3084 2341 3121 παν
2366 3067 2457 3120 τὸν
2481 3065 2709 3134 ὠφελεῖν
2750 3063 3004 3134 ἰσχύοντα
3042 3062 3430 3135 προϊσχόμενοι
3460 3061 3633 3129 λόγον,
3667 3077 3830 3132 κομ-

545 3153 779 3209 salutem
838 3148 1235 3203 immutabilem
1292 3155 1577 3218 operatur.
1646 3148 1882 3203 Dubium
1943 3149 2127 3218 itaque

548 3258 658 3298 non
704 3242 815 3297 erit
853 3254 1189 3305 sermonem,
1235 3238 1307 3293 ad
1353 3239 1774 3296 oblectationem
1807 3238 2124 3295 auditorum

548 3333 913 3403 compositum
938 3339 997 3387 et
1042 3330 1136 3400 qui
1170 3330 1316 3400 quod
1359 3330 1484 3385 usui
1513 3330 1586 3384 sit
1623 3329 1704 3386 eis
1735 3346 1844 3385 non
1877 3333 2124 3402 exponit,

549 3423 756 3477 mundo
787 3421 970 3492 potius
997 3421 1269 3476 assentari
1302 3434 1470 3490 quam
1517 3420 1824 3491 prodesse:
1864 3423 1958 3493 qui
1994 3438 2130 3478 vero

553 3512 864 3570 Servatoris
923 3511 1112 3568 verbis
1149 3512 1347 3579 credit,
1401 3511 1541 3567 nihil
1579 3513 1891 3569 istiusmodi
1927 3515 2128 3586 praedi.

549 3607 716 3664 cabit.
755 3605 816 3659 Ei
848 3605 1052 3676 quippe
1081 3606 1305 3676 placere
1343 3605 1451 3661 sibi
1497 3606 1674 3663 satius
1715 3622 1840 3663 esse
1888 3608 2125 3678 putabit,

542 3706 602 3751 et
635 3697 969 3768 spiritalium
1001 3696 1319 3755 divitiarum
1359 3697 1484 3752 loco
1509 3696 1852 3752 existimabit
1886 3698 2017 3753 odio
2056 3698 2129 3753 ab

549 3791 619 3846 iis
660 3791 848 3846 haberi
894 3790 991 3861 qui
1019 3788 1408 3860 gravissimum
1437 3789 1629 3843 virtuti
1676 3790 1886 3845 bellum
1914 3790 2126 3844 indireo

548 3894 695 3938 runt.
726 3882 863 3937 Cum
893 3895 1026 3950 ergo
1053 3879 1222 3936 vestri
1248 3880 1495 3936 nominis
1529 3880 1811 3949 splendori
1852 3881 2125 3935 interdum

540 3974 762 4030 efﬁcere
792 3969 954 4027 videb
979 3981 1070 4026 tur
1098 3972 1226 4026 odio
1256 3986 1383 4027 esse
1412 3974 1643 4036 mundo,
1676 3972 2126 4043 impedimentum

543 4065 681 4119 illud
736 4063 1036 4136 projicite,
1082 4064 1415 4134 contemptis
1474 4065 1583 4119 illis
1634 4065 1966 4129 honoribus,
2020 4065 2127 4121 nisi

547 4169 674 4210 cum
720 4154 982 4210 utilitatis
1026 4155 1245 4210 ratione
1303 4155 1748 4225 conjungantur:
1789 4171 1968 4225 neque
2000 4171 2129 4212 vero

549 4247 843 4302 molestum
876 4247 1033 4304 vobis
1068 4247 1142 4302 sit
1182 4247 1313 4302 odio
1344 4247 1556 4314 haberi,
1593 4262 1719 4302 cum
1765 4248 1918 4319 prior
1944 4247 1998 4301 id
2027 4263 2130 4318 ego

548 4338 655 4393 sim
698 4346 979 4409 expertus.
1024 4337 1156 4393 Sum
1208 4336 1717 4409 autemIDominus
1762 4346 1819 4394 et
1862 4340 2129 4410 magister

2228 3157 2411 3227 ψείαις
2448 3155 2506 3209 δὲ
2544 3155 2747 3226 μᾶλλον
2771 3153 3102 3217 ἐπιδιδόντες
3126 3154 3195 3207 τά
3222 3154 3563 3225 φρονήματα,
3593 3152 3687 3206 καὶ
3722 3153 3830 3206 τδν

2233 3247 2332 3318 μὲν
2369 3248 2433 3300 ὲκ
2462 3244 2773 3317 παρρησίας
2796 3244 2896 3314 τῆς
2929 3244 3070 3298 κατὰ
3100 3242 3235 3297 Θεὸν
3266 3242 3640 3305 συστείλαντες
3659 3242 3829 3312 ἑλεγο

2229 3355 2342 3410 χον,
2369 3338 2430 3392 τό
2454 3356 2517 3407 γε
2560 3338 2667 3409 μὴν
2693 3337 2910 3406 ἑκάστῳ
2935 3335 3136 3407 μᾶλλον
3166 3335 3284 3407 ἡδὺ,
3320 3333 3609 3398 λαλοῦντες
3636 3352 3694 3387 τε
3720 3338 3833 3389 καὶ

2229 3430 2608 3503 εἰσηγούμενοι
2627 3449 2643 3497 ;
2661 3430 2964 3498 Ἀναγκαία
2986 3427 3277 3501 τοιγαροῦν
3313 3429 3344 3499 ἡ
3374 3427 3692 3496 παραίνεσις
3719 3426 3831 3481 τοῦ

2232 3509 2308 3594 μὴ
2335 3525 2543 3594 σφόδρα
2575 3521 2849 3594 φιλεῖσθαι
2875 3522 3080 3593 ζητεῖν,
3103 3520 3374 3574 ποιεῖσθαι
3396 3519 3453 3573 δὲ
3485 3521 3609 3590 παρ’
3637 3519 3830 3586 οὐδὲν,

2228 3614 2290 3669 τὸ
2317 3614 2412 3668 καὶ
2432 3613 2523 3667 διά
2543 3613 2733 3684 μίσους
2765 3612 2900 3666 ίέναι
2921 3611 3063 3671 τισὶν
3095 3609 3207 3664 ἔστ’
3237 3610 3304 3665 ἂν
3336 3610 3521 3674 αὐτοῖς
3547 3608 3607 3663 τὸ
3622 3611 3686 3663 ὲκ
3718 3612 3834 3681 τῆς

2228 3707 2511 3769 νουθεσίας
2530 3706 2766 3777 ὑπάρχοι
2796 3705 3083 3775 χρήσιμον.
3115 3702 3287 3758 Τοῦτό
3313 3720 3367 3757 τι
3389 3701 3507 3776 [γρ.
3530 3701 3686 3759 τοῦτό
3706 3703 3829 3776 τοι]

2230 3801 2326 3855 καὶ
2377 3799 2594 3855 Παῦλον
2645 3798 2951 3871 δεδρακότα
2982 3797 3333 3869 θεωρήσομεν
3359 3836 3375 3862 ,
3407 3797 3504 3852 καὶ
3553 3798 3830 3868 εἰρηκότα

2231 3891 2447 3960 σαφῶς·
2488 3911 2507 3943 ι
2551 3893 2711 3961 ’Ἄρτι
2748 3890 2858 3963 γὰρ
2886 3889 3210 3961 ἀνθρώπους
3242 3889 3434 3956 πείθω,
3469 3889 3615 3960 ἢτὺν
3647 3889 3829 3956 Θεόν;

2235 3981 2306 4036 Ἢ
2355 3982 2503 4053 ζητῶ
2556 3980 2868 4054 ἀνθρώποις
2909 3981 3207 4053 ἀρέσκειν;
3240 3981 3305 4033 Εἰ
3336 3978 3418 4032 ἔτι
3444 3977 3702 4050 ἀρέσκειν
3722 3981 3829 4034 ἀν-

2232 4075 2474 4147 θρώποις
2532 4073 2725 4146 ἧθελον
2758 4114 2774 4141 ,
2802 4073 3041 4145 Χριστοῦ
3090 4072 3276 4135 δοῦλος
3317 4069 3536 4139 οὐκ,ἆν
3580 4070 3758 4142 ἢμην.
3801 4090 3821 4124 ι

2243 4169 2609 4239 Ἐπιτιμήσας
2646 4167 2705 4222 δὲ
2739 4166 2900 4222 πάλιν
2937 4165 3045 4220 τῶν
3074 4167 3130 4221 ὲν
3160 4164 3413 4234 Κορίνθῳ
3440 4164 3570 4230 τινὶ,
3610 4164 3828 4235 ἀφορή-

2229 4276 2339 4323 τως
2360 4276 2421 4312 τε
2467 4258 2588 4312 λίαν
2626 4256 2991 4328 ἀπηλγηκότα
3027 4254 3188 4308 τοῦτο
3217 4252 3427 4324 μαθὼν,
3459 4254 3627 4324 φησίν
3655 4269 3671 4285 ·
3694 4274 3715 4303 ι
3756 4255 3824 4308 El

2231 4353 2341 4422 γὰρ
2370 4351 2479 4420 ἐγὼ
2506 4350 2660 4404 λυπῶ
2683 4351 2850 4421 ὑμᾶς,
2882 4347 2979 4402 καὶ
3004 4347 3086 4411 τίς
3122 4348 3152 4401 ὁ
3178 4346 3490 4419 εὐφραίνων
3527 4363 3616 4416 με,
3661 4348 3711 4400 εί
3743 4347 3827 4418 μὴ

547 4429 779 4494 scilicet.
809 4429 968 4494 Quod
994 4437 1177 4484 autem
1208 4430 1294 4485 sui
1320 4428 1518 4499 capitis
1546 4430 1718 4484 exitio
1747 4430 1929 4500 ipsum
1961 4432 2127 4486 etiam

2232 4447 2260 4499 ὁ
2280 4442 2614 4514 λυπούμενος
2641 4443 2702 4507 ὲξ
2723 4439 2896 4513 ὲμοῦ;
2925 4460 2944 4493 ι
2975 4440 3038 4494 Ἦ
3067 4439 3177 4510 γὰρ
3211 4436 3357 4492 κατά
3382 4437 3517 4491 Θεὸν
3544 4437 3693 4508 λύπη
3723 4456 3823 4509 με-

547 4521 827 4577 Christum
858 4520 1077 4575 oderint
1115 4521 1211 4591 qui
1272 4521 1550 4576 mundana
1595 4521 1816 4590 sapiunt
1852 4537 1917 4577 ac
1959 4523 2128 4578 cmle-

547 4613 652 4668 stia
694 4615 836 4666 bona
867 4620 1252 4679 contemnunt,
1285 4613 1543 4668 existimo
1592 4611 1823 4680 probatu
1862 4628 1970 4668 non
2003 4628 2130 4671 esse

546 4703 785 4759 dillicile.
815 4702 935 4773 Ipse
961 4704 1107 4759 enim
1136 4704 1190 4759 in
1231 4703 1544 4773 Evangeliis
1578 4702 1646 4756 ad
1689 4705 1959 4773 quosdam
2007 4708 2122 4762 ait:

553 4817 571 4848 ι
605 4795 725 4851 Non
754 4804 929 4867 potest
960 4798 1196 4853 mundus
1253 4795 1439 4851 odisse
1487 4808 1606 4860 vos,
1653 4811 1741 4851 me
1770 4807 1950 4853 autem
1986 4800 2124 4868 odit,

545 4889 675 4959 quia
712 4905 814 4961 ego
838 4892 1210 4946 testimonium
1242 4887 1504 4958 perhibeo
1533 4887 1601 4943 de
1635 4888 1730 4943 illo
1764 4891 1910 4962 quod
1953 4909 2123 4964 opera

545 4980 666 5051 ejus
702 4982 1098 5057 mala‘sunt".
1128 5000 1148 5033 ι
1181 4977 1474 5047 Exemplar
1498 4978 1688 5050 itaque
1721 4983 1968 5055 seipsum
1994 5002 2125 5057 prae-

544 5075 681 5129 bens
710 5073 1235 5151 etiamhic’sauctis
1268 5070 1557 5140 apostolis,
1591 5073 1697 5129 hoc
1726 5075 1832 5135 iter
1863 5076 2122 5134 insistere

537 5167 713 5238 jubet.
743 5183 870 5237 cum
911 5147 1049 5241 alibi
1084 5178 1284 5219 rursus
1331 5174 1518 5235 aperte
1546 5168 1678 5222 ait:
1722 5187 1743 5221 ι
1784 5168 1935 5225 Beati
1985 5172 2124 5229 estis

541 5275 668 5315 cum
701 5243 1091 5315 maledixerint
1135 5257 1292 5313 vobis
1335 5257 1609 5323 homines,
1657 5269 1713 5316 et
1745 5262 2119 5334 exprobrave-

529 5354 675 5417 rint,
708 5361 765 5407 et
794 5350 1036 5407 dixerint
1065 5365 1225 5407 omne
1266 5351 1470 5406 malum
1503 5352 1799 5410 adversum
1830 5370 1931 5412 vos
1962 5372 2120 5412 men-

541 5445 741 5503 tientes
767 5451 991 5515 propter
1018 5458 1107 5501 me
1131 5463 1145 5500 :
1170 5446 1404 5517 gaudete
1435 5453 1493 5502 et
1514 5441 1815 5515 exsultate,
1854 5448 2118 5519 quoniam

620 5712 670 5745 ⁸⁶
687 5711 868 5765 Galat.
909 5726 948 5775 ι,
985 5711 1072 5765 l0.
1179 5712 1222 5742 ⁸⁷
1246 5709 1285 5762 ll
1319 5713 1447 5767 Cor.
1482 5727 1547 5778 ιι,
1585 5711 1640 5764 2.

1736 5713 1784 5744 ⁸⁸
1817 5711 1978 5768 Joan.
2011 5728 2111 5777 νυ,
2147 5714 2200 5766 7.

2232 4535 2451 4589 τάνοιαν
2505 4536 2586 4597 είς
2639 4526 2913 4604 σωτηρίαν
2958 4530 3339 4602 ἀμετάϐλητον
3390 4528 3825 4600 κατεργάζεται.

2237 4627 2430 4680 Ἔσται
2467 4623 2759 4695 τοιγαροῦν
2788 4622 3090 4694 οὐδαμόθεν
3115 4621 3421 4693 ἀμφίλογον
3454 4619 3532 4684 ὡς
3553 4620 3826 4675 κολακεύ-

2232 4735 2319 4771 σει
2382 4717 2480 4788 μὲν
2524 4715 2618 4769 τὸν
2671 4716 2877 4787 κόσμον
2914 4757 2929 4781 ,
2963 4715 3111 4785 ἥπερ
3157 4713 3345 4784 ὀνήσει
3403 4713 3604 4783 μᾶλλον
3634 4712 3666 4765 ό
3697 4711 3824 4765 καθ’

2229 4809 2423 4882 ἡδονὴν
2446 4812 2558 4874 τοῖς
2576 4808 2945 4881 ἀκροωμένοις
2977 4807 3232 4879 ἐσόμενος
3263 4805 3443 4874 λόγος,
3461 4805 3557 4859 καὶ
3578 4805 3700 4876 οὐχὶ
3722 4804 3827 4877 τὴν

2230 4897 2322 4950 τοῦ
2347 4897 2716 4970 συμφέροντος
2748 4896 2976 4968 γνώμην
3015 4895 3342 4967 παρατιθείς
3374 4908 3391 4923 ’
3418 4897 3449 4949 ὁ
3476 4895 3537 4949 δὲ
3581 4898 3695 4958 τοῖς
3723 4895 3826 4950 τοῦ

2229 4989 2481 5061 Σωτῆρος
2516 4988 2842 5060 πειθόμενος
2890 4988 3093 5057 λόγοις,
3140 4988 3262 5060 οὐχὶ
3298 4983 3462 5041 τοῦτο
3487 4986 3826 5059 πρεσὸεύσει

2229 5080 2413 5136 ποθέν.
2466 5082 2786 5153 Προελεῖται
2823 5079 2934 5153 γὰρ
2986 5079 3189 5152 μᾶλλον
3230 5079 3294 5134 τὸ
3338 5078 3602 5151 ἀρέσκειν
3645 5077 3822 5149 αὐτῷ,

2223 5176 2318 5230 καὶ
2338 5174 2705 5246 πνευματικὸν
2730 5173 3000 5244 ἡγήσεται
3018 5171 3280 5237 ,πλοῦ-τον,
3309 5171 3408 5224 καὶ
3447 5170 3511 5224 τὸ
3541 5168 3825 5241 μισεῖσθαι

2220 5267 2411 5322 λοιπόν
2438 5269 2589 5340 παρά
2620 5266 2730 5319 τῶν
2762 5265 3013 5336 ἡγεῖσθαι
3036 5263 3461 5335 πολεμιωτάτην
3480 5261 3584 5334 τὴν
3615 5261 3824 5334 ἀρετὴν

2220 5360 2514 5430 ἑλομένων.
2553 5359 2723 5413 Ὅταν
2754 5358 2935 5412 τοίνυν
2957 5401 2970 5423 ,
2996 5357 3152 5427 φησὶ,
3176 5357 3302 5418 ταῖς
3333 5354 3637 5426 ὑμετέραις
3668 5353 3817 5408 εὐδο-

2221 5452 2517 5523 κιμήσεσιν
2555 5449 2943 5521 ἀντιπράττειν
2974 5448 3085 5502 ἔσθ’
3115 5449 3207 5503 ὅτε
3239 5445 3416 5519 optino
3455 5445 3824 5519 κεκινημένον
