3998 6318
254 226 370 285 597
1310 229 1374 284 IN
1409 229 1693 286 JOANNIS
1734 230 2182 290 EV’ANGELIUM
2224 229 2352 286 LIB.
2396 232 2460 287 Χ.
3430 233 3536 296 398

245 344 315 399 τὸ
345 346 623 416 μισεῖσθαι
666 348 816 419 παρά
855 347 948 402 τοῦ
1000 349 1208 420 κόσμου
1229 366 1240 379 ³
1273 348 1534 416 νικάσθω,
1561 348 1658 405 καὶ
1695 349 1854 406 τοῦτο

1966 365 2172 407 merces
2200 359 2384 407 vestra
2437 350 2658 422 copiosa
2688 360 2771 408 est
2806 352 2860 407 in
2890 349 3069 410 uelis.
3107 351 3201 409 Sic
3236 355 3385 411 enim
3416 370 3541 427 per-

245 436 676 511 διαρρίπτεσθαι
731 441 791 493 τὸ
847 441 1278 513 παραπόδισμα,
1333 438 1422 494 διὰ
1458 441 1555 495 τοῦ
1606 442 1680 514 μὴ
1721 441 1840 496 λίαν

1966 443 2139 498 secuti
2173 452 2301 498 sunt
2328 443 2646 513 prophetas,
2681 444 2779 514 qui
2808 442 3031 501 fuerunt
3059 454 3188 503 ante
3217 460 3315 502 vos
3338 445 3407 497 ”.
3446 467 3465 500 ι

247 529 550 601 ἐφήδεσθαι
582 534 703 595 ταῖς
733 532 842 586 τῶν
886 533 1227 602 ἀγαπώντων
1268 534 1434 589 αὑτὸν
1462 538 1670 604 τιμαῖς,
1691 536 1741 588 εί
1773 534 1849 606 μὴ
1887 535 1981 588 τοῦ
2029 535 2334 605 πεφυκότος
2372 535 2605 605 ὠφελεῖν
2648 536 2924 607 ἀνέχοιντο
2952 537 3113 606 λόγου
3138 553 3151 568 ·
3212 538 3433 610 όράσθω
3487 539 3543 592 δὲ

252 623 531 695 μηδαμῶς
588 624 653 678 τὸ
688 625 971 694 μισεῖσθαι
1024 618 1303 699 ιρορτικὸν,
1348 627 1485 699 ἐμοῦ
1533 627 1688 682 τοῦτο
1727 628 2186 700 προπεπονθότος.
2209 628 2337 701 Εἰμὶ
2362 629 2419 683 δὲ
2450 628 2691 701 δηλονότι
2752 628 2956 701 Κύριος
3022 630 3118 685 καὶ
3189 630 3539 692 Διδάσκαλος,

252 716 383 772 Ὅτι
407 718 464 773 δὲ
518 717 606 773 ἔπ’
648 718 857 791 ὀλέθρῳ
893 720 997 791 τῆς
1034 720 1243 777 ἑαυτῶν
1294 721 1534 793 κεφαλῆς
1562 723 1657 777 καὶ
1686 723 1849 779 αὐτὸν
1891 725 2232 796 μεμισήκασι
2282 725 2376 778 τὸν
2460 724 2727 796 Χριστὸν,
2792 727 2841 779 ol
2883 726 2950 780 τὰ
2990 726 3050 779 ὲν
3093 727 3285 799 κόσμῳ
3330 729 3543 797 φρονεῖν

248 813 547 884 ᾑρημένοι,
574 814 809 869 καὶτῶν
847 816 1117 888 οὐρανίων
1168 816 1684 889 ὑπερφρονήσαντες
1709 818 1951 888 ἀγαθῶν,
1985 819 2086 873 οὐκ
2159 818 2316 891 ἔργον
2354 815 2510 891 οἶμαι
2548 816 2835 874 δεικνύεινε
2886 822 3031 893 Ἔφη
3074 824 3183 893 γὰρ
3245 822 3406 887 αὐτὸς
3486 826 3543 877 ὲν

247 908 366 969 τοῖς
396 908 750 977 Εὐαγγελίοις
777 910 912 981 πρός
936 926 1089 973 τινας
1111 926 1128 942 ο
1167 928 1187 961 ι
1220 910 1296 964 Οὐ
1324 909 1548 964 δύναται
1578 913 1607 964 ό
1635 910 1840 982 κόσμος
1881 914 2057 982 μισεῖν
2089 912 2233 982 ὑμᾶς
2257 925 2273 942 ο
2306 913 2406 983 ἐμὲ
2453 912 2512 966 δὲ
2564 914 2735 980 μισεῖ,
2775 915 2857 967 ὃτι
2903 913 3016 983 ἐγὼ
3083 916 3350 988 μαρτυρῶ
3388 917 3547 985 κπερὶ

248 998 457 1063 αὐτοῦ,
485 1000 569 1053 ὅτι
592 1000 661 1053 τὰ
682 999 819 1071 ἔργα
865 998 1033 1055 αὑτοῦ
1069 1002 1284 1072 πονηρά
1321 1002 1460 1058 ἐστι.
1509 1020 1529 1053 ι
1563 1001 1746 1056 Τόπον
1802 997 1895 1057 οῦν
1932 1003 2042 1074 ἄρα
2100 1005 2212 1067 τοῖς
2280 1003 2460 1072 ἁγίοις
2505 1004 2849 1069 ἀποστόλοις,
2887 1006 2955 1059 τά
3008 1006 3129 1061 καθ’
3176 1009 3392 1073 ἑαυτὸν,
3442 1009 3546 1062 κάν

249 1097 432 1166 τούτῳ
480 1096 545 1167 δὴ
594 1097 757 1152 πάλιν
804 1096 1107 1168 παραθεὶς,
1150 1098 1461 1170 ίχνηλατεῖν
1507 1096 1720 1152 κελεύει
1753 1098 1849 1152 καὶ
1886 1097 1986 1168 τὴν
2015 1100 2109 1152 ἐπὶ
2147 1098 2361 1163 τούτοις
2407 1099 2546 1162 ὁδον,
2570 1101 2658 1155 ὅτε
2693 1102 2788 1155 καὶ
2831 1100 3130 1174 διαρρήδην
3183 1102 3369 1172 ἔλεγεν
3426 1104 3548 1158 ἑτέ-

252 1192 393 1261 ρωθί
453 1209 546 1247 ποι
596 1194 794 1248 πάλιν·
871 1193 1201 1266 ιΜακάριοί
1245 1194 1390 1259 ἔστε,
1436 1195 1568 1249 ὅταν
1617 1193 1883 1259 διώξωσιν
1955 1196 2103 1265 ὑμᾶς
2142 1196 2236 1249 καὶ
2280 1196 2583 1250 όνειδίσωσι
2636 1196 2732 1250 καὶ
2781 1197 2977 1251 εἴπωσι
3022 1199 3131 1252 πᾶν
3159 1200 3394 1270 πονηρὸν
3423 1198 3546 1253 καθ’

249 1285 414 1357 ὑμῶν
460 1287 783 1359 ψευδόμενοι
827 1285 1018 1343 ἕνεκεν
1062 1288 1201 1359 ἐμοῦ
1238 1302 1251 1319 ⁶
1329 1290 1553 1361 χαίρετε
1611 1290 1708 1344 καὶ
1755 1291 2129 1360 ἀγαλλιᾶσθε,
2208 1292 2289 1345 ὅτι
2338 1293 2366 1344 ό
2415 1291 2607 1362 μισθὸς
2676 1289 2831 1362 ὑμῶν
2886 1292 3056 1357 πολὺς
3113 1295 3173 1347 ὲν
3224 1296 3338 1370 τοῖς
3376 1295 3544 1365 οὐρα-

248 1384 385 1445 νοῖς.
427 1382 584 1436 Οῦτω
631 1383 740 1454 γὰρ
788 1381 1015 1448 ἐδίωξαν
1056 1384 1184 1448 τοὺς
1230 1387 1516 1456 προφήτας
1562 1387 1689 1451 τοὺς
1739 1385 2053 1458 πρδ“ὑμῶν.
2094 1406 2111 1437 ι

306 1485 397 1538 'El
431 1482 500 1536 ἐκ
555 1480 663 1535 τοῦ
709 1480 942 1549 κόσμου
968 1477 1093 1550 ἦτε,
1123 1484 1157 1535 ὁ
1187 1482 1418 1551 κόσμος
1460 1482 1538 1536 ἂν
1580 1483 1648 1537 τὸ
1693 1483 1850 1538 ἴδιον

2025 1482 2189 1554 897
2230 1481 2341 1546 XV,
2372 1482 2457 1538 l9.
2485 1481 2545 1539 Si
2566 1482 2631 1538 de
2656 1483 2850 1537 mundo
2869 1482 3129 1552 fuissetis,
3151 1483 3381 1541 urendus
3406 1488 3551 1556 quod

247 1575 470 1644 ἐφίλει·
506 1573 594 1629 ὅτι
628 1572 784 1627 δὲέκ
817 1572 923 1627 τοῦ
971 1572 1206 1641 κόσμου
1243 1575 1354 1628 οὐκ
1375 1573 1538 1639 ἐστὲ,
1572 1574 1709 1629 ἀλλ’
1737 1574 1852 1646 ἐγὼ

1966 1591 2111 1629 suum
2146 1585 2261 1629 erat
2292 1576 2569 1647 diligeret:
2594 1576 2722 1647 quia
2765 1591 2883 1630 vero
2925 1575 2988 1628 de
3019 1575 3217 1631 ntuudo
3250 1591 3352 1630 non
3383 1580 3546 1643 estis,

246 1664 634 1735 ἐξελεξάμην
655 1662 812 1735 ὑμᾶς
834 1664 902 1718 ἐκ
921 1664 1031 1719 τοῦ
1058 1664 1312 1735 κόσμου,
1344 1664 1441 1719 διὰ
1477 1666 1654 1721 τοῦτο
1682 1666 1857 1736 μισεῖ

1966 1671 2051 1724 sed
2098 1685 2193 1740 ego
2244 1669 2377 1740 elegi
2432 1685 2520 1725 vos
2566 1668 2630 1722 de
2677 1666 2913 1733 mundo,
2967 1677 3243 1736 propterea
3296 1670 3410 1724 odit
3454 1688 3544 1726 vos

251 1756 414 1827 ὑμᾶς
453 1760 485 1812 ό
515 1758 765 1825 κόσμος.

337 1848 605 1919 Ἐλαφρὸν
623 1849 687 1901 ὲκ
714 1847 908 1918 τέχνης
934 1847 1029 1900 καὶ
1056 1846 1117 1901 τὸ
1135 1848 1351 1901 πάντων
1370 1849 1453 1902 ὅτι
1486 1849 1719 1919 μάλιστα
1733 1848 1859 1904 δυσ-

249 1942 589 2013 αχθέστατον
623 1941 719 1994 καὶ
764 1942 850 2010 ἐφ’
874 1941 1012 2012 ὅπερ
1056 1939 1165 2012 [ῖσ.
1203 1933 1380 2014 ᾧπερ]
1413 1937 1481 2014 ἦν
1508 1942 1653 2006 είκδς
1680 1942 1741 1996 οὐ
1765 1960 1858 2013 με·

248 2034 424 2105 τρίως
443 2032 835 2104 δυσχεραίνειν,
863 2032 1181 2102 παραδόξως
1217 2031 1443 2103 ἥδεσθαι
1483 2036 1645 2088 ποιεῖ.
1667 2036 1857 2106 Φορτι-

250 2128 356 2181 κδν
386 2129 483 2198 μὲν
509 2126 619 2198 γὰρ
653 2124 823 2188 ὅντως
848 2124 911 2178 τὸ
940 2124 1214 2195 μισεῖσθαι
1262 2125 1399 2199 πρός
1432 2143 1618 2187 τινων,
1672 2125 1761 2180 διὰ
1789 2128 1858 2180 τά

252 2218 508 2272 ἐντεῦθεν
553 2216 667 2270 ἔσθ’
715 2218 801 2271 ὅτε
822 2215 1217 2270 διεκκύπτοντα
1239 2216 1411 2287 βλάϐη
1439 2217 1533 2270 καὶ
1564 2217 1858 2291 ἀδοκήτους

253 2306 575 2372 ἐπιϐουλὰς,
635 2306 751 2360 ἀλλ’
794 2307 894 2376 ἡδὺ
944 2308 1039 2360 καὶ
1079 2305 1240 2360 τοῦτο
1270 2306 1357 2361 διὰ
1395 2307 1547 2372 Θεὸν,
1590 2309 1684 2362 καὶ
1731 2310 1858 2363 ὅταν

257 2400 538 2473 συμϐαίνῃ
566 2400 633 2453 δι’
673 2398 973 2463 εὐσέϐειαν,
1002 2397 1275 2464 ἀπόδειξιν
1312 2400 1715 2471 ἐναργεστάτην
1745 2401 1855 2453 είσ-

255 2493 419 2564 ςρὲρει
446 2492 538 2545 τοῦ
573 2492 647 2563 μὴ
679 2486 817 2545 εἶναι
845 2492 1126 2560 κοσμικόν,
1156 2492 1245 2544 τὸν
1276 2492 1358 2560 ἐφ’
1416 2485 1571 2563 ᾧπερ
1600 2491 1665 2546 ἂν
1690 2493 1859 2564 πράτο

253 2604 407 2641 τοιτο
429 2585 580 2657 παρά
598 2601 779 2639 τινων.
799 2585 1011 2656 Ὥσπερ
1024 2584 1131 2656 γὰρ
1158 2586 1443 2653 σωμάτων,
1467 2583 1658 2648 οῦτως,
1681 2579 1853 2655 οἶμαι,

254 2679 353 2731 καὶ
403 2677 620 2745 τρόπων
652 2677 973 2745 συγγενείας
1017 2678 1343 2748 εὑρήσομεν,
1383 2678 1477 2730 καὶ
1515 2677 1623 2729 τῶν
1659 2675 1856 2747 ὲθῶνή

252 2769 544 2839 ταυτότης,
567 2768 722 2838 καὶὴ
772 2767 913 2822 κατὰ
943 2769 1048 2822 πᾶν
1122 2766 1298 2821 ὁτιοῦν
1360 2767 1633 2839 ὁμοιότης,
1674 2766 1772 2838 τὴν
1799 2766 1857 2834 ἐξ

255 2862 492 2933 αἵματος
511 2859 826 2931 ἀγχιστείαν
858 2859 1194 2931 ὑποδραμεῖν
1242 2859 1418 2929 ἱκανή.
1453 2859 1567 2912 Πᾶν
1588 2858 1696 2930 γάρ
1721 2858 1858 2923 ζῶον

256 2951 496 3021 ἀγαπῶν
526 2952 588 3005 τὸ
612 2952 798 3022 ὅμοιον
827 2949 996 3021 αὐτῷ,
1025 2949 1166 3004 κατά
1213 2949 1275 3002 τὸ
1326 2949 1733 3021 γεγραμμένον,
1754 2950 1858 3002 ’καὶ

1962 1760 2213 1816 mundus.

2033 1849 2345 1905 Artiﬁciose
2396 1849 2559 1921 plane
2612 1848 2795 1903 reddit
2845 1845 3066 1903 facilem
3116 1862 3234 1904 rem
3298 1849 3544 1910 omnium

1962 1945 2123 2015 longe
2163 1943 2551 2014 gravissimam
2578 1981 2593 2005 ,
2632 1956 2812 2012 eoque
2849 1951 3047 2012 praeter
3085 1955 3237 2011 spem
3276 1940 3544 1997 oblectari

1961 2036 2121 2100 facit,
2159 2033 2307 2105 quod
2336 2048 2444 2089 non
2478 2032 2813 2088 mediocrem
2856 2032 3167 2089 molestiam
3192 2033 3317 2102 jure
3343 2034 3545 2087 allatu-

1961 2141 2082 2179 rum
2133 2124 2442 2180 videbatur.
2490 2121 2670 2178 Grave
2714 2123 2860 2178 enim
2903 2131 2989 2178 est
3013 2138 3220 2178 «revera
3254 2121 3382 2178 odio
3423 2138 3548 2179 esse

1960 2219 2264 2280 nonnullis.
2284 2225 2510 2288 propter
2535 2216 2737 2271 damna
2768 2232 2890 2288 qum
2912 2216 3187 2272 interdum
3216 2217 3343 2271 hinc
3365 2232 3546 2271 emer-

1958 2317 2129 2379 gunt,
2174 2316 2228 2364 et
2260 2308 2575 2379 inopinatas
2616 2307 2848 2363 insidias
2883 2326 2895 2362 :
2950 2307 3043 2363 sed
3086 2322 3255 2363 suave
3284 2308 3418 2363 illud
3461 2315 3549 2364 est

1960 2414 2191 2475 propter
2222 2403 2418 2467 Deum,
2446 2412 2521 2469 et,
2560 2403 2604 2458 si
2639 2403 2712 2458 ob
2741 2403 3000 2472 pietatem
3033 2404 3338 2474 conlingat,
3366 2405 3547 2457 mani-

1963 2495 2265 2552 festissima
2312 2504 2644 2565 argumento
2697 2503 2785 2548 est
2838 2508 2903 2548 ac
2982 2494 3189 2548 indicio
3259 2510 3367 2548 non
3426 2509 3549 2550 esse

1961 2585 2299 2640 mundanum
2338 2599 2464 2640 eum
2518 2586 2571 2639 in
2624 2601 2785 2655 quem
2827 2584 2973 2640 istud
3018 2586 3185 2656 aliqui
3227 2587 3546 2640 moliantur.

1960 2677 2032 2733 Ut
2065 2677 2209 2732 enim
2247 2690 2576 2747 corporum,
2617 2677 2691 2731 ita
2738 2692 2949 2731 morum
3000 2678 3260 2748 cognatio
3297 2677 3548 2744 quaedam

1959 2777 2046 2825 est
2085 2787 2100 2825 :
2158 2779 2212 2825 et
2242 2783 2455 2824 morum
2489 2768 2724 2840 perfecta
2754 2769 3058 2825 similitudo
3101 2768 3170 2824 ad
3224 2769 3548 2840 propinqui-

1962 2869 2128 2916 tatem
2180 2861 2467 2932 sanguinis
2514 2860 2930 2931 exprimendam
2966 2861 3131 2916 valet.
3195 2860 3371 2915 Omne
3402 2862 3547 2915 enim

1961 2954 2167 3009 animal
2206 2954 2387 3025 diligit
2427 2954 2606 3008 simile
2650 2953 2755 3008 sibi
2783 2992 2795 3013 ,
2849 2961 2907 3006 ιιι
2941 2953 3208 3023 scriptum
3257 2954 3410 3008 est”
3437 2994 3451 3019 ,
3492 2963 3550 3008 et

254 3046 341 3115 τῷ
399 3044 568 3117 ὁμοίῳ
604 3043 768 3099 αὑτοῦ
824 3025 1361 3116 προσκολληθήσεται
1413 3043 1575 3115 ἀνήρ.
1632 3042 1743 3113 Τῆς
1803 3042 1857 3097 δὲ

1966 3046 2148 3100 omnis
2199 3045 2364 3100 home
2404 3044 2571 3099 simili
2615 3045 2700 3098 sui
2732 3043 3060 3098 sociabitur.
3108 3043 3317 3099 Murum
3363 3052 3547 3100 autem

156 3182 171 3189 -
253 3138 554 3211 ὁμοηθείας
574 3138 816 3211 δηλονότι
847 3138 939 3191 τὸν
977 3139 1076 3207 τῆς
1107 3139 1186 3201 είς
1207 3136 1470 3207 ἀλλήλους
1486 3135 1707 3207 ἀγάπης
1730 3136 1861 3191 ἀνα-

255 3230 491 3300 νεούσης
536 3231 720 3301 νόμον,
754 3230 910 3297 ἅγιος
952 3228 1049 3300 μὲν
1076 3229 1216 3301 ἀγίῳ
1250 3229 1705 3301 συνδιαιτήσεται,
1767 3231 1862 3284 καὶ

256 3323 383 3377 λίαν
403 3322 573 3394 ἡδέως
601 3321 784 3375 ἔσεται
802 3321 945 3375 κατά
974 3322 1169 3375 ταυτὸν
1200 3322 1294 3374 καὶ
1333 3322 1586 3375 συνέσται
1608 3320 1862 3393 φιλοφρό-

255 3432 388 3479 νωςο
423 3413 637 3486 βεϐήλῳ
660 3414 718 3468 δὲ
746 3413 907 3468 πάλιν
938 3415 967 3467 ὁ
986 3411 1226 3477 τοιοῦτος
1271 3413 1364 3466 τὸν
1400 3413 1619 3485 τρόπον.
1650 3412 1865 3485 Ταύτῃ-

255 3525 346 3561 τοι
385 3508 481 3560 καὶ
510 3507 676 3578 νόμος
718 3507 747 3560 ὁ
784 3505 875 3560 διὰ
913 3505 1158 3570 Μωσέως
1190 3505 1473 3576 διαστολὴν
1502 3509 1736 3559 ἐποιεῖτο
1765 3506 1864 3577 τὴν

256 3599 371 3653 ἀνὰ
441 3599 604 3670 μέσον
668 3598 827 3668 ἀγίου
884 3617 945 3653 τε
998 3598 1092 3653 καὶ
1153 3597 1385 3669 βεϐήλου
1439 3599 1603 3669 φημὶ,
1655 3597 1865 3669 ἀμικτά

259 3710 384 3756 πως
410 3691 661 3764 ἀλλήλοις
691 3692 785 3746 καὶ
813 3689 1093 3763 ἀσύγχυτα
1140 3691 1208 3746 τά
1236 3691 1460 3747 τοιαῦτα
1493 3688 1697 3764 τηρῶν,
1725 3692 1864 3746 κατά

256 3800 325 3852 γε
367 3782 459 3837 τὸν
491 3784 548 3835 ὲν
599 3781 788 3854 ἀγάπῃ
816 3782 993 3851 λόγον.
1029 3802 1049 3834 ‹
1071 3781 1355 3856 Φθείρουσι
1381 3782 1490 3855 γὰρ
1519 3784 1621 3855 ἤθη
1654 3783 1866 3855 χρηστά

258 3875 474 3946 ὁμιλίαι
504 3876 695 3937 κακαὶ,
738 3893 756 3924 ι
797 3875 893 3927 καὶ
940 3876 1169 3945 πολεμεῖ
1209 3890 1325 3938 πως
1369 3873 1619 3945 ἀλλήλοις
1649 3875 1718 3928 τὰ
1746 3874 1864 3928 ἐτε-

264 3968 551 4039 ροτροπεῖν
584 3966 857 4038 ᾑρημένα,
894 3967 987 4019 καὶ
1034 3966 1103 4019 τὰ
1130 3969 1241 4030 τοῖς
1279 3969 1358 4030 εἰς
1382 3965 1442 4019 τδ
1472 3965 1710 4020 ἐναντίον
1740 3965 1863 4036 βλέ-

261 4076 428 4114 πουσι
485 4058 821 4129 διῳκισμένοι
875 4057 1167 4129 θελήμασι,
1224 4060 1504 4129 μονονουχὶ
1558 4060 1649 4113 καὶ
1700 4058 1864 4131 ἀλλή-

261 4153 374 4205 λων
421 4155 737 4221 κατηγορεῖ,
792 4151 1055 4222 ἑκατέρου
1125 4150 1185 4204 τὸ
1234 4148 1435 4204 οἰκεῖον
1496 4150 1865 4221 θαυμάζοντος

260 4242 629 4314 ἐπιτήδευμα.
687 4240 896 4295 Οὐκοῦν
937 4242 1149 4312 ἀνάγκη
1200 4242 1475 4311 μισεῖσθαι
1519 4242 1608 4295 τὸν
1642 4242 1863 4313 φιλάρε-

258 4350 382 4397 τον,
409 4333 475 4385 δι’
510 4326 583 4385 ὧν
609 4332 769 4397 αὐτὸς
819 4332 1152 4403 θαυμάζοιτο
1186 4333 1282 4403 τὴν
1316 4333 1626 4405 φαυλότητα
1651 4335 1860 4404 διελέγ-

262 4440 456 4495 χοντα,
479 4422 653 4477 καὶτὸ
668 4424 726 4476 ἐν
749 4426 863 4485 τοῖς
887 4424 1145 4491 πονηροῖς
1165 4420 1351 4493 αἶσχος
1371 4423 1856 4488 ἀπολευκαίνοντα,

260 4517 334 4585 τῇ
368 4513 476 4567 τῶν
498 4513 712 4567 οἰκείων
742 4512 1166 4584 ἀντιπαραθέσει
1193 4514 1431 4583 τρόπωνσ
1467 4513 1860 4585 παραδειχθέν-

260 4624 358 4671 τος
393 4605 502 4677 γάρ
542 4604 636 4659 τοῦ
684 4603 915 4674 ἀγαθοῦ,
970 4605 1137 4675 πολλή
1168 4621 1283 4668 πως
1325 4606 1540 4677 ἀνάγκη
1568 4608 1627 4660 τὸ
1657 4607 1861 4677 φαῦλον

264 4697 618 4766 ἀσχημονεῖν.
644 4698 742 4750 Διά
767 4698 990 4765 ταύτην,
1012 4692 1186 4765 οἶμαι,
1214 4697 1313 4766 τὴν
1360 4697 1559 4760 αἰτίαν,
1609 4701 1720 4762 τοῖς
1750 4698 1864 4768 φιλ-

264 4789 486 4860 αρέτοις
517 4775 943 4860 ἐπιμεμήνασιν,
980 4790 1028 4841 οἱ
1054 4789 1128 4860 μὴ
1174 4789 1265 4842 τὸν
1297 4788 1408 4843 ῐσον
1440 4791 1624 4854 αὐτοῖς
1653 4789 1861 4860 ὲζήὶω⁶

265 4880 429 4944 κότες
459 4880 681 4952 τρόπον.
705 4880 819 4933 Οὐκ
851 4881 915 4950 ἐᾷ
959 4879 1248 4951 τοιγαροῦν
1277 4880 1564 4935 λυπεῖσθαι
1593 4882 1722 4947 τοὺς
1756 4899 1863 4953 μα-

267 4972 466 5043 θητὰς,
496 4973 600 5026 κᾶν
627 4970 1056 5044 ἀπηχθημένους
1085 4974 1310 5037 ἑαυτοὺς
1348 4974 1517 5044 ὁρῶσι
1546 4973 1625 5046 τῷ
1653 4976 1865 5058 κόσμῳ,

264 5061 361 5118 διὰ
382 5062 445 5116 τδ
468 5062 753 5132 φιλάρετον
783 5063 876 5117 καὶ
903 5062 1002 5135 τὴν
1026 5064 1106 5127 εἰς
1144 5064 1306 5118 αὑτὸν
1329 5064 1628 5131 εὐσέϐειαν,
1652 5066 1865 5139 χαίρειν

264 5156 331 5210 δὲ
372 5156 575 5227 μᾶλλον
602 5157 667 5209 ὲκ
695 5155 803 5210 τῶν
827 5156 1085 5211 ἐναντίων
1138 5159 1440 5229 εἰσηγεῖται
1477 5159 1605 5231 δεῖν,
1637 5159 1864 5231 δεχομέ-

263 5263 396 5310 νους
423 5249 500 5310 είς
533 5245 807 5313 ἀπόδειξιν
827 5246 921 5300 τοῦ
958 5247 1109 5318 παρά
1151 5248 1271 5319 Θεῷ
1300 5226 1588 5321 λαμπροὺς.
1624 5250 1861 5317 ἔσεσθαι,

264 5338 365 5394 καὶ
408 5338 564 5408 λόγου
618 5338 817 5401 παντὸς
870 5339 1074 5405 ἀξίους,
1133 5340 1193 5392 τὸ
1254 5341 1529 5411 μισεῖσθαι
1570 5341 1719 5413 παρά
1766 5342 1861 5397 τοῦ

262 5429 498 5501 κόσμου..
529 5429 704 5482 Βλέπε
744 5430 853 5499 γὰρ
900 5428 1048 5492 ὅπως
1082 5429 1348 5501 σφαλερὸν
1384 5430 1689 5496 ἀπέδειξεν,
1724 5432 1860 5504 ὅπερ

260 5516 338 5595 ἦν
374 5523 520 5587 eiul);
547 5521 764 5576 ἑλέσθαι
799 5523 982 5591 τυχὸν,
1006 5522 1301 5595 τληπαθεῖν
1326 5523 1425 5576 οὐκ
1477 5524 1871 5594 ἀνεχομένους.’

1963 3138 2348 3194 conformilate
2397 3146 2602 3192 mutuae
2632 3136 2953 3192 dilectionis
2992 3136 3167 3207 legem
3208 3148 3547 3200 renovante,

1962 3240 2187 3287 sanctus
2218 3230 2439 3301 quidem
2470 3245 2597 3285 cum
2629 3237 2823 3284 sancto
2852 3228 3297 3293 conversabitur,
3334 3238 3387 3284 et
3418 3246 3551 3284 sua-

1964 3323 2191 3378 vissime
2238 3331 2405 3391 atque
2472 3320 2855 3375 amantissime
2913 3335 3022 3374 una
3074 3334 3201 3374 cum
3249 3334 3315 3375 eo
3365 3320 3547 3391 deget,

1964 3416 2229 3485 profanus
2254 3414 2380 3467 item
2409 3427 2533 3467 cum
2564 3411 2819 3482 profano.
2844 3412 3056 3467 Idcirco
3087 3412 3171 3466 lex
3200 3427 3420 3482 quoque
3440 3411 3552 3467 Mo-

1963 3508 2110 3561 saica
2160 3505 2301 3558 inter
2332 3510 2584 3557 sanctum
2629 3510 2683 3557 et
2717 3500 3009 3571 profanum
3041 3501 3346 3556 discrimen
3382 3517 3548 3570 pone-

1963 3599 2077 3659 bat,
2102 3611 2375 3666 nusquam
2407 3608 2469 3648 ea
2497 3594 2642 3648 inter
2669 3608 2729 3647 se
2757 3592 2913 3665 coire
2941 3606 3103 3662 posse
3131 3601 3383 3647 statuens
3413 3593 3551 3645 ami-

1964 3690 2106 3745 citiae
2145 3689 2280 3759 lege.
2321 3708 2338 3738 ι
2363 3686 2743 3754 Corrumpunt
2777 3683 2920 3737 enim
2961 3683 3139 3739 bonos
3169 3698 3350 3739 mores
3380 3685 3550 3740 collu-

1963 3781 2091 3852 quia
2126 3794 2294 3850 prava
2321 3779 2389 3841 ",
2408 3796 2426 3828 ι
2461 3785 2515 3831 et
2544 3790 2665 3846 (litae
2694 3776 3012 3845 discrepant
3040 3773 3274 3831 diversis
3307 3776 3550 3831 moribus

1966 3890 2029 3929 ac
2059 3874 2114 3928 in
2139 3874 2419 3928 diversum
2448 3870 2800 3925 tendentibus
2847 3867 3072 3932 animis,
3119 3867 3265 3922 inter
3308 3883 3367 3923 se
3409 3883 3549 3937 quo-

1965 3964 2260 4021 dammodo
2301 3963 2506 4020 bellum
2552 3968 2786 4034 gerunt,
2825 3975 2995 4030 seque
3030 3967 3224 4014 mutuo
3259 3975 3550 4030 prepcmo—

1966 4061 2096 4112 dum
2131 4063 2436 4120 accusant,
2468 4054 2830 4110 exosculante
2866 4062 3101 4121 utroque
3135 4067 3300 4107 suum
3338 4053 3552 4107 institu-

1969 4162 2105 4205 ιινιιι.
2135 4149 2405 4217 Quocirca
2433 4163 2660 4203 necesse
2684 4154 2768 4201 est
2799 4146 2927 4199 uilio
2956 4145 3146 4199 haberi
3177 4145 3400 4199 virtutis
3432 4156 3550 4199 stu-

1967 4242 2185 4298 diosum
2235 4258 2303 4297 ex
2350 4242 2419 4297 iis
2471 4242 2543 4295 ob
2581 4254 2704 4310 quae
2744 4238 3092 4293 admirationi
3132 4252 3257 4293 esse
3308 4228 3584 4298 debvat.’

1968 4336 2172 4406 quippe
2219 4333 2312 4405 qui
2367 4332 2774 4403 improbitatem
2818 4336 3083 4401 euarguat
3114 4371 3128 4394 ,
3178 4338 3231 4383 et
3279 4329 3546 4383 malorum

1969 4420 2679 4495 obscenitatem’oppositis
2705 4422 2821 4477 suis
2847 4421 3095 4477 moribus
3125 4429 3335 4490 retegat
3360 4438 3374 4473 :
3403 4421 3549 4475 bono

1967 4521 2171 4589 quippe
2204 4517 2450 4572 exhibito
2482 4530 2709 4571 necesse
2734 4524 2815 4569 est
2847 4513 2975 4567 mali
3006 4520 3195 4585 patere
3222 4511 3545 4568 fmditatcm.

1969 4610 2145 4675 llanc,
2166 4610 2385 4681 opinor,
2412 4608 2483 4664 ob
2502 4622 2726 4663 causam
2765 4607 2987 4662 virtutis
3021 4606 3289 4663 studiosis
3320 4621 3549 4660 succcn-

1968 4709 2091 4756 sent
2111 4742 2125 4766 ,
2157 4701 2252 4771 qui
2286 4715 2397 4756 non
2429 4699 2651 4756 eosdem
2683 4708 2965 4755 sectantur
2995 4714 3199 4754 mores.
3236 4696 3549 4767 Discipulos

1968 4796 2137 4866 igitur
2162 4793 2286 4865 angi
2316 4808 2425 4848 non
2454 4792 2606 4854 sinit.
2633 4792 2886 4862 quamvis
2911 4791 3124 4860 seipsos
3157 4803 3357 4843 exosos
3389 4806 3547 4843 umn-

1971 4885 2043 4940 do
2081 4884 2302 4941 videant
2346 4892 2570 4954 promer
2606 4882 2830 4937 virtutis
2883 4882 3211 4952 pietatisque
3260 4876 3545 4935 studium:

1972 4976 2067 5034 sed
2101 4992 2132 5033 e
2171 4976 2450 5031 contrario
2492 4975 2786 5030 laetandum
2818 4989 2942 5030 esse
2966 4972 3165 5038 docet,
3203 4968 3402 5026 futuras
3442 4972 3549 5027 sibi

1972 5069 2116 5141 apud
2154 5065 2324 5124 Deum
2372 5068 2642 5123 claritatis
2683 5081 2746 5121 ac
2781 5062 3097 5136 splendoris
3156 5070 3381 5133 sumpto
3422 5062 3550 5118 hinc

1972 5166 2297 5232 argumento
2325 5166 2380 5214 et
2416 5157 2644 5220 indicio,
2673 5154 2819 5226 quod
2852 5154 2979 5209 odio
3003 5167 3033 5207 a
3064 5152 3276 5208 mundo
3306 5154 3551 5209 habean-

1972 5260 2081 5308 tur.
2120 5249 2255 5306 Vide
2287 5250 2435 5306 enim
2464 5264 2573 5321 quo
2597 5257 2759 5318 pacto
2783 5244 3152 5319 periculosum
3200 5261 3325 5303 esse
3365 5256 3554 5302 osten-

1970 5344 2065 5397 dat
2107 5342 2254 5397 nolle
2315 5341 2430 5413 pati
2487 5339 2634 5411 quod
2675 5337 2814 5393 velle
2847 5336 3059 5392 deceat.
3099 5334 3242 5391 Odia
3282 5336 3489 5408 quippe
3520 5351 3551 5392 α

1970 5431 2250 5488 nonnullis
2272 5431 2485 5496 haberi,
2506 5427 2756 5501 periculo
2781 5426 2972 5497 utique
2991 5440 3225 5498 prorsus
3247 5443 3354 5482 non
3379 5437 3552 5489 caret,

1969 5526 2192 5581 liberam
2222 5531 2404 5579 tamen
2433 5521 2577 5593 apud
2608 5519 2780 5592 898
2804 5518 2972 5576 Deum
2999 5522 3415 5579 excusationem
3445 5533 3554 5573 non

340 5706 393 5735 "
415 5704 611 5758 Matth.
648 5719 698 5762 ν.
745 5703 826 5767 ll,
874 5703 955 5755 li.
1032 5701 1078 5733 ”
1107 5700 1270 5753 liccli.
1303 5717 1417 5767 xm,
1470 5701 1552 5762 19,
1591 5699 1682 5752 ΕΜ.
1759 5701 1847 5754 "l

1966 5715 2010 5756 r.
2049 5716 2139 5777 xv,
2184 5700 2275 5761 53.
