3998 6318
473 204 578 268 599

1490 204 1560 260 Β.
1581 200 1867 261 CYRILLI
1902 200 2378 261 ALEXANDRINI
2403 203 2722 279 ARGIIIEP.

3650 209 3759 266 4ου

474 329 639 385 habet
661 366 677 394 ,
714 326 812 383 sed
847 323 988 380 lucri
1017 314 1324 394 plurimum
1357 322 1543 393 ῃοιίηε
1576 339 1701 378 eum
1736 333 1919 403 manet
1955 325 2047 395 qui

2154 324 2228 377 Τὸ
2257 325 2354 396 μὲν
2384 324 2493 397 γὰρ
2525 325 2795 397 μισεῖσθαι
2849 324 3000 395 παρά
3031 342 3213 389 τινων,
3236 319 3304 397 ἦν
3334 325 3508 395 δήπου
3538 325 3760 388 πάντως

477 423 610 478 illud
646 421 791 476 ultro
820 417 1147 486 susceperit.
1194 413 1252 469 Si
1282 415 1430 470 cnim
1461 415 1555 485 qui
1585 415 1711 469 odio
1745 423 1831 470 est
1861 416 1930 471 iis
1961 419 2057 487 qui

476 516 756 571 mundana
791 512 1052 582 sapiunt,
1094 517 1355 578 tanquam
1383 515 1539 562 extra
1574 507 1838 561 mundum
1870 522 2060 565 cense-

2160 416 2258 486 οὐχ
2275 416 2578 488 ὁλοκλήρως
2605 416 2857 488 ἀζήμιον·
2884 414 2997 470 ἀλλ’
3026 416 3126 469 οὐκ
3159 415 3273 486 ἔχει
3292 415 3389 487 τὴν
3418 415 3759 488 παραίτησιν

2159 506 2447 578 ἐλευθέραν
2482 506 2632 578 παρὰ
2652 506 2791 577 Θεῷ,
2832 507 2967 559 πολὺ
2999 507 3055 560 δὲ
3083 507 3147 578 δή
3177 524 3232 560 τι
3263 508 3326 560 τὸ
3357 506 3550 578 κέρδος
3588 506 3646 559 ἐν
3674 505 3757 576 τῷ

477 617 571 662 tur
597 620 758 661 esse:
794 616 925 673 ergo
956 600 1048 672 qui
1081 616 1190 655 non
1216 599 1451 654 habetur
1489 597 1617 652 odio
1642 638 1656 663 ,
1698 613 1927 654 necesse
1975 611 2048 656 esl

2162 599 2362 668 μᾶλλον
2406 599 2662 669 ἐθελῆσαι
2703 599 2896 652 παθεῖν
2927 598 3078 652 αὑτό.
3113 598 3176 652 Et
3231 598 3339 668 γὰρ
3368 599 3399 651 ό
3427 595 3756 667 μισούμενος

475 696 665 753 mundi
696 693 855 748 malis
884 691 1180 761 implicari.
1225 687 1369 756 Quid
1397 704 1528 758 ergo
1560 688 1647 742 his
1686 688 1867 743 verbis
1897 690 2056 743 Chri-

390 772 405 821 ’-
475 798 593 844 stus
625 784 858 843 statuit?
896 782 1032 837 Cum
1067 780 1264 835 fiducia
1304 788 1358 835 et
1398 780 1569 834 libere
1603 794 1700 835 eos
1739 781 1907 849 loqui,
1954 796 2055 835 nec
2092 841 2096 845 I

473 887 822 952 peccatorum
847 884 993 929 metu
1025 881 1324 927 auteorum
1355 873 1472 941 qui,
1500 872 1685 926 divina
1710 873 2055 943 prmdicatio-

473 988 543 1028 ne
565 975 900 1037 Contempla,
937 963 1335 1035 castigationes
1362 970 1414 1017 et
1433 962 1840 1018 admonitiones
1869 964 2052 1033 probi-

473 1064 622 1125 bent,
653 1059 771 1113 sine
797 1057 978 1111 fructu
1009 1054 1285 1109 dimittere
1308 1052 1611 1118 auditores,
1638 1056 1758 1119 sed,
1788 1055 2053 1124 periculis

470 1168 593 1224 qua:
632 1166 696 1205 ex
744 1149 874 1203 odio
910 1161 1055 1216 saepe
1089 1146 1416 1216 contingunt
1450 1144 1715 1215 neglectis
1737 1186 1751 1210 ,
1788 1145 1960 1201 fortes
1990 1162 2053 1201 ac

474 1253 733 1300 strenuos
766 1241 816 1292 in
847 1238 1127 1309 preposito
1160 1251 1403 1302 manere,
1427 1251 1530 1290 nec
1565 1236 1720 1306 prius
1751 1236 2051 1306 quidquam

474 1336 678 1390 habere
724 1341 819 1386 aut
862 1331 1069 1385 ducere
1123 1343 1285 1398 quam
1332 1338 1389 1381 ut
1444 1326 1556 1381 Deo
1585 1328 1858 1397 placeant.
1891 1327 2049 1395 Quod

471 1444 597 1484 cum
621 1426 821 1479 Paulus
844 1423 1064 1493 egregie
1097 1428 1421 1491 praestaret,
1455 1419 1528 1474 ita
1561 1420 1758 1475 scribit
1789 1439 1800 1474 :
1836 1437 1854 1472 ι
1891 1420 2052 1475 Modo

472 1523 617 1575 enim
649 1517 960 1575 hominibus
987 1514 1227 1581 suadeo,
1260 1529 1328 1567 an
1360 1512 1509 1568 Deo?
1537 1513 1619 1567 An
1650 1528 1839 1583 quaero
1873 1514 2052 1569 homi-

471 1614 634 1669 nibus
657 1611 911 1683 placere?
940 1608 996 1664 Si
1020 1607 1201 1662 adhuc
1230 1606 1544 1661 hominibus
1568 1606 1864 1676 placerem,
1889 1606 2050 1662 Chri-

2159 690 2310 761 παρά
2337 691 2445 744 τῶν
2464 691 2530 744 τά
2556 693 2612 745 ὲν
2636 692 2826 761 κόσμῳ
2849 689 3292 763 πεφρονηκότων,
3319 688 3396 752 ὼς
3423 686 3530 753 ἔξω
3547 688 3754 759 κόσμου

2156 784 2483 853 λελόγισται,
2510 783 2601 837 τὸν
2633 784 2740 854 ἄρα
2788 783 2862 854 μὴ
2902 781 3221 853 μισηθέντα,
3270 783 3384 844 τοῖς
3407 779 3501 835 τοῦ
3542 780 3752 851 κόσμου

2156 878 2348 939 κακοῖς
2388 874 2693 929 συνδεῖσθαί
2742 874 2927 928 λοιπὸν
2959 873 3172 942 ἀνάγκη
3205 875 3368 927 νοεῖν.
3408 871 3473 924 Τί
3502 868 3600 925 οὖν
3644 872 3753 943 ἄρα

2154 969 2242 1023 διὰ
2268 968 2475 1022 τούτων
2504 968 2854 1039 ᾠκονόμησεν
2906 968 2935 1021 ὁ
2966 968 3200 1040 Χριστός
3225 984 3240 1033 ;
3288 967 3362 1020 Τὸ
3380 970 3439 1021 ὲν
3467 966 3755 1038 παρρησίᾳ

2156 1060 2428 1125 ποιεῖσθαι
2450 1061 2541 1114 τὸν
2558 1061 2715 1129 λόγον
2738 1060 2958 1126 αὐτοὺς,
2975 1061 3074 1113 ,καὶ
3108 1058 3181 1130 μὴ
3202 1059 3340 1113 αἰδοῖ
3360 1061 3426 1131 τῇ
3456 1059 3753 1130 περίτινας

2152 1153 2261 1207 τῶν
2291 1153 2710 1225 ἡμαρτηκότων,
2748 1154 2915 1224 ῆγουν
2941 1150 3187 1206 ἀπειθεῖν
3216 1150 3483 1222 ἑλομένων
3512 1149 3597 1220 τῷ
3622 1149 3750 1221 θείῳ

2154 1245 2491 1317 κηρύγματι,
2518 1246 2610 1298 τὸν
2640 1247 2940 1315 σωφρονεῖν
2958 1243 3319 1298 ἀναπείθοντα
3347 1241 3749 1306 διακωλύοντας

2152 1338 2328 1407 λόγον,
2364 1339 2744 1410 ἀνωφελήτους
2773 1339 2868 1410 ὲᾷν
2928 1337 3052 1400 τοὺς
3090 1335 3497 1408 ἀκροωμένους,
3532 1351 3746 1405 παριπ-

2152 1430 2421 1495 πεύοντας
2451 1430 2508 1483 δὲ
2543 1430 2639 1484 καὶ
2669 1431 2735 1483 τά
2759 1431 2822 1483 ἐκ
2864 1429 2973 1482 τῶν
3009 1427 3282 1501 μισεῖσθαι
3333 1427 3596 1488 πολλάκις
3626 1425 3747 1478 ἐσό-

2155 1539 2292 1593 μενα
2310 1522 2481 1593 βλάϐη
2506 1525 2678 1593 γοργῇ
2699 1522 2794 1575 καὶ
2815 1520 3166 1591 ἀνυποστόλῳ
3186 1517 3490 1591 κεχρῆσθαι
3510 1520 3577 1589 τῇ
3609 1535 3750 1588 συμ-

2151 1608 2340 1680 ϐουλῇ,
2363 1610 2531 1681 μηδὲν
2545 1610 2605 1663 τὸ
2631 1610 2890 1679 παράπαν
2916 1610 3324 1681 ὑφορωμένους,
3341 1610 3509 1680 ἤγουν
3536 1608 3745 1678 προύρ-

471 1707 538 1761 sti
577 1720 769 1760 servus
795 1719 903 1758 non
935 1716 1116 1757 essem
1143 1702 1212 1754 θ’.
1246 1716 1265 1750 ι
1310 1696 1420 1753 Nec
1453 1698 1599 1752 enim
1632 1697 1748 1751 ﬁeri
1774 1708 1954 1768 potest
1989 1711 2048 1773 ut

2152 1699 2429 1768 γιαίτερόν
2453 1716 2505 1752 τι
2526 1698 2913 1770 λογιζομένους
2937 1699 3031 1754 τοῦ
3061 1700 3171 1754 δεῖν
3195 1700 3390 1771 ἀρέσαι
3413 1698 3555 1770 Θεῷ.
3594 1701 3660 1752 Ὃ
3684 1699 3746 1770 δὴ

470 1798 595 1868 quis
624 1795 889 1866 improbis
914 1793 1125 1863 placeat
1151 1798 1205 1845 et
1255 1790 1383 1845 Deo.
1411 1788 1699 1856 Quomodo
1723 1791 1865 1845 enim
1890 1791 2053 1847 ambo

471 1890 523 1944 lii
572 1889 629 1943 in
677 1901 845 1942 unum
883 1884 1234 1949 coalescent,
1280 1895 1405 1935 cum
1437 1882 1692 1939 voluntas
1725 1883 1780 1936 in
1812 1890 2053 1954 utroque

471 1986 629 2054 longe
646 1972 728 2037 sit
752 1977 1073 2036 dissimilis?
1102 1976 1228 2030 Haec
1253 1975 1399 2030 enim
1423 1975 1708 2041 virtute‘m,
1734 1977 1831 2031 illa
1863 1977 2052 2032 vitium

471 2075 711 2146 respicit.
747 2071 850 2139 Qui
880 2084 1011 2141 ergo
1041 2067 1258 2124 servire
1291 2066 1403 2122 Deo
1435 2066 1787 2124 uniformiter
1815 2070 2009 2124 statuit
2034 2108 2050 2135 ,

472 2183 573 2223 nec
618 2167 823 2236 pietate
860 2176 989 2233 erga
1024 2176 1149 2216 eum
1201 2160 1358 2230 prius
1405 2159 1705 2230 quidquam
1742 2160 1940 2224 habet,
1991 2161 2048 2216 in

468 2258 829 2314 offensionem
870 2251 1276 2308 mundanorum
1317 2252 1602 2307 hominum
1653 2255 1900 2308 incurrat
1953 2269 2047 2309 ne-

467 2366 622 2406 cesse
648 2358 753 2409 est,
788 2346 834 2402 si
869 2344 1091 2416 quando
1123 2345 1190 2399 ab
1218 2344 1541 2414 impuritate
1575 2344 1763 2398 mundi
1794 2328 1889 2401 eos
1917 2361 2049 2400 avo-

466 2452 573 2497 cet.
613 2437 967 2493 Gravissim-«e
1014 2433 1161 2490 enim
1211 2441 1339 2488 sunt
1389 2434 1693 2504 voluptatis
1743 2436 2049 2491 cultoribus

464 2527 877 2585 exhortationes
906 2564 921 2589 ,
967 2538 1089 2594 qua:
1114 2522 1178 2576 ad
1213 2523 1492 2577 meliorem
1528 2520 1740 2593 frugem
1764 2539 1860 2579 eos
1892 2539 2049 2580 revo-

465 2632 629 2686 cant,
679 2615 840 2674 sicuti
890 2615 1154 2670 nimirum
1195 2625 1248 2669 et
1292 2614 1365 2668 iis
1393 2614 1596 2683 quibus
1643 2612 1796 2669 liisce
1834 2614 2045 2668 morbis

464 2727 666 2783 corpus
695 2717 1017 2781 corruptum
1037 2714 1141 2774 est,
1163 2705 1405 2761 remedia
1432 2705 1521 2760 illa
1546 2713 1679 2761 sunt
1703 2706 1902 2762 acerba
1925 2721 2046 2778 qua:

464 2800 746 2858 salutaria.

2150 1792 2246 1846 καὶ
2274 1790 2487 1854 Παῦλος
2532 1790 2729 1862 ἄριστα
2762 1791 3067 1863 κατορθῶν,
3090 1791 3232 1845 οὕτω
3263 1793 3488 1863 γράφει·
3522 1811 3545 1843 ι
3590 1793 3747 1863 ’Δρτι

2149 1884 2259 1956 γὰρ
2286 1883 2608 1955 ἀνθρώπους
2633 1883 2826 1949 πείθω,
2851 1885 2885 1956 ἢ
2916 1885 3006 1941 τὸν
3046 1885 3214 1953 Θεόν;
3255 1888 3326 1940 Ἢ
3351 1885 3501 1958 ζητῶ
3531 1885 3747 1958 ἀνθρὼ-

2151 1994 2275 2039 ποις
2302 1976 2594 2046 ἀρέσκειν;
2631 1977 2695 2030 Ei
2734 1976 2816 2030 ἔτι
2867 1975 3176 2048 ἀνθρώποις
3213 1977 3470 2048 ἤρεσκον,
3508 1976 3748 2049 Χριστοῦ

2148 2065 2334 2129 δοῦλος
2358 2066 2460 2119 οὐκ
2483 2066 2548 2128 ἂν
2577 2066 2777 2138 ήμην.»
2807 2067 2881 2120 Οὐ
2909 2068 3017 2138 γὰρ
3038 2067 3176 2133 ἔστι,
3199 2068 3304 2122 οὐκ
3326 2069 3472 2122 ἐστιν
3490 2069 3749 2138 πονηροῖς

2152 2156 2408 2226 ἀρέσκειν
2449 2156 2544 2211 καὶ
2602 2157 2739 2229 Θεῷ.
2794 2157 2920 2222 Πῶς
2966 2159 3075 2230 γὰρ
3125 2157 3192 2213 ἂν
3252 2160 3321 2212 τοι
3356 2160 3497 2232 κατρ
3546 2160 3748 2212 ταυτίν

2151 2247 2459 2319 ἀμφότερα,
2487 2246 2623 2300 πολύ
2638 2265 2690 2300 τι
2710 2250 2790 2311 είς
2816 2249 3179 2320 ἀνομοιότητα
3193 2249 3557 2321 διῳκισμένης
3573 2249 3671 2319 τῆς
3690 2251 3750 2302 ἐν

2150 2339 2395 2410 ἑκατέρῳ
2426 2338 2733 2409 θελήσεως;
2777 2340 2840 2392 Ἡ
2870 2341 2968 2410 μὲν
2993 2341 3103 2414 γὰρ
3132 2343 3212 2409 είς
3247 2343 3466 2415 ἀρετὴν,
3506 2344 3538 2415 ἡ
3579 2342 3637 2394 δὲ
3665 2343 3751 2405 εἰς

2148 2430 2460 2500 φαυλότητα
2520 2430 2727 2501 βλέπει.
2781 2430 2883 2484 Τὸν
2930 2431 3039 2501 ἄρα
3086 2433 3432 2505 μονοτρόπως
3492 2434 3752 2505 ἐθέλοντα

2154 2522 2425 2576 δουλεύειν
2444 2522 2522 2593 τῷ
2549 2521 2684 2592 Θεῷ,
2717 2523 2809 2576 καὶ
2841 2525 2941 2594 τῆς
2977 2524 3057 2588 είς
3088 2525 3251 2579 αὑτὸν
3289 2526 3572 2589 εὐσεϐείας
3592 2526 3749 2580 οὐδὲν

2153 2613 2372 2668 τιθέντα
2407 2614 2463 2668 τὸ
2510 2614 2752 2686 ἄμεινον,
2804 2614 3166 2687 προσκρούειν
3224 2617 3437 2690 ἀνάγκη
3469 2621 3583 2682 τοῖς
3610 2619 3751 2686 ἀγα-

2154 2705 2298 2758 πῶσι
2324 2706 2412 2759 τὸν
2446 2706 2670 2777 κόσμον,
2701 2707 2828 2760 ὅταν
2856 2708 3125 2781 ἀναπείθῃ
3158 2713 3373 2779 φρονεῖν
3404 2708 3471 2762 τὰ
3510 2710 3606 2780 τῆς
3647 2709 3751 2762 κό-

2154 2815 2291 2870 σμου
2371 2796 2653 2869 βδελυρίας
2737 2799 3060 2872 ἐκφέροντα.
3141 2799 3552 2871 Δυσφορὼτατοι
3630 2800 3750 2871 γὰρ

463 2899 576 2960 τοῖς
614 2895 944 2967 φιληδόνοις,
1001 2894 1059 2946 αι
1110 2891 1248 2964 πρὸς
1292 2891 1477 2961 ἕτερόν
1528 2909 1580 2945 τι
1622 2891 1886 2946 καλοῦσαι
1927 2894 2250 2966 συμϐουλαὶ,
2284 2893 2537 2965 καθάπερ
2564 2894 2763 2966 ἀμέλει
2784 2896 2891 2950 καὶ
2936 2898 3050 2961 τοῖς
3078 2896 3185 2950 ὑπὸ
3237 2896 3449 2952 τούτων
3494 2898 3600 2951 τῶν
3636 2915 3753 2953 πα-

464 2991 574 3045 θῶν
599 2990 661 3043 τὸ
682 2989 841 3060 σῶμα
867 2984 1289 3055 διεφθαρμένοις
1319 2981 1389 3036 τά
1420 2982 1677 3054 ἐπωφελῆ
1711 2983 1807 3037 καλ⁵
1829 2983 2096 3040 δάκνοντα
2116 2986 2240 3056 ,τῶν
2276 2985 2664 3058 βοηθημάτων.

533 3081 631 3137 XV
653 3121 667 3145 ,
709 3080 800 3134 20.
839 3077 1156 3132 Mementote
1188 3073 1448 3128 sermonis
1482 3074 1583 3127 mei
1614 3089 1766 3144 quem
1799 3090 1893 3145 ego
1932 3075 2047 3128 dixi

2221 3075 2644 3143 Μνημονεύετε
2665 3075 2771 3130 τοῦ
2797 3077 2987 3147 λόγου
3019 3072 3091 3133 οὗ
3120 3076 3235 3149 ἐγὼ
3255 3072 3594 3148 εἷπονιύμῖνο
3615 3082 3753 3137 Οὐκ

465 3177 654 3232 vobis:
708 3171 833 3225 Non
875 3180 952 3223 est
993 3182 1171 3222 servus
1229 3164 1402 3231 major
1442 3162 1657 3218 domino
1699 3181 1818 3219 suo.
1864 3164 1923 3220 Si
1968 3182 2049 3220 me

463 3265 720 3341 persecuti
750 3270 911 3322 sunt,
966 3269 1014 3313 et
1060 3276 1145 3313 vos
1190 3267 1613 3327 persequentur:
1663 3257 1711 3311 si
1755 3272 2047 3312 sermonem

465 3372 638 3413 meum
667 3359 1038 3416 servaverunt,
1074 3358 1123 3403 et
1160 3357 1389 3403 vestrum
1421 3347 1727 3402 servabunt.

520 3449 817 3518 Postquam
852 3443 1106 3513 superius
1139 3440 1382 3496 ostendit
1404 3440 1611 3494 bonum
1644 3455 1766 3495 esse
1799 3439 1924 3495 odio
1954 3440 2049 3494 lia-

467 3541 606 3605 beri,
647 3541 696 3595 si
724 3545 941 3606 tempus
974 3535 1025 3607 id
1059 3533 1295 3605 postulet
1327 3531 1712 3603 (levissimum
1743 3531 1893 3586 enim
1940 3542 2044 3597 est,

466 3637 576 3690 imo
610 3646 740 3688 vero
772 3638 855 3686 ter
884 3627 1185 3698 optandum
1220 3625 1589 3696 quodcunque
1623 3625 1891 3695 contingit
1921 3640 2048 3695 pro-

464 3734 586 3796 pter
614 3723 804 3786 Deum,
835 3721 929 3791 qui
959 3726 1019 3774 ut
1047 3717 1331 3774 obstacula
1359 3730 1589 3786 quaeque
1619 3716 1901 3773 vincamus
1932 3713 2048 3781 elli-

463 3833 588 3873 cere
616 3812 870 3888 potest),
905 3810 1059 3866 addit
1089 3811 1316 3879 insuper
1347 3807 1555 3861 utiliter
1585 3807 1733 3876 quod
1764 3806 1951 3872 novit,
1989 3814 2048 3860 ut

362 3910 365 3911 ⁷
466 3911 611 3967 Deus
638 3950 654 3974 ,
694 3903 1110 3975 retardatu‘rum
1146 3915 1242 3955 eos
1276 3901 1577 3968 quominus
1613 3897 1831 3951 ardenti
1864 3897 2048 3953 studio

464 4002 745 4058 caelestem
797 3994 1109 4052 doctrinam
1167 3990 1486 4061 przedicent.
1537 3987 1674 4042 Nam
1713 3989 1807 4059 qui
1845 3988 2047 4044 delecti

465 4104 597 4150 sunt
626 4090 694 4145 ad
726 4085 1056 4151 docendum,
1086 4085 1264 4139 solent
1300 4081 1681 4151 utplurimum
1718 4081 2046 4152 inpericula

437 4194 521 4241 ‘et
546 4180 879 4254 ignominias
913 4180 1235 4240 incurrere,
1270 4189 1394 4228 cum
1440 4174 1508 4229 iis
1562 4190 1701 4245 quos
1750 4173 2047 4230 admonent

468 4279 651 4333 minus
707 4277 943 4347 placent.
988 4287 1110 4341 qua:
1150 4270 1448 4335 dicuntur;
1498 4283 1733 4337 cumque
1782 4277 2045 4339 praeterea

465 4367 745 4434 contingat
775 4370 835 4417 ut
866 4362 1150 4431 repudiata
1183 4375 1282 4416 sua
1310 4358 1558 4414 doctrina
1589 4358 1759 4429 899
1789 4374 2046 4428 persecu-

466 4461 671 4513 tionem
702 4456 1004 4526 patiantur,
1033 4455 1198 4508 etiam
1235 4451 1500 4507 adversus
1532 4451 1647 4506 haec
1671 4451 1956 4521 expeditos
1979 4465 2042 4506 ac

465 4560 692 4607 strenue
726 4557 948 4620 paratos
982 4547 1302 4616 essejubet.
1327 4545 1448 4600 [hcc
1476 4552 1657 4598 autem
1691 4543 1874 4597 futura
1905 4558 2042 4613 quo-

465 4638 764 4696 dammodo
808 4635 1081 4708 praedicit,
1118 4645 1340 4707 propter
1375 4650 1567 4692 eorum
1616 4634 1709 4703 qui
1753 4633 2041 4688 erudiendi

467 4733 760 4788 veniebant
789 4729 1224 4798 improbitatem.
1257 4727 1416 4793 Quod
1449 4727 1580 4781 alibi
1615 4741 1834 4796 quoque
1877 4727 2039 4797 signi-

467 4826 684 4888 ficabat,
711 4825 901 4879 dicens
934 4841 946 4877 :
988 4840 1007 4874 ι
1040 4818 1139 4875 Vae
1173 4818 1378 4873 mundo
1406 4834 1435 4872 a
1462 4818 1742 4873 scandatis
1770 4836 1784 4873 :
1820 4833 2048 4875 necesse

465 4916 611 4970 enim
662 4922 747 4969 est
781 4920 839 4967 ut
889 4913 1114 4968 veniant
1160 4909 1421 4964 scandala
1453 4909 1521 4965 ⁸³.
1560 4928 1579 4962 ι
1610 4906 1831 4981 Ubique
1879 4927 2047 4982 porro

465 5005 732 5076 singulari
758 5005 990 5061 consilio
1012 5004 1322 5074 exemplum
1363 5017 1423 5058 se
1460 5003 1701 5074 prabet,
1737 5020 1809 5060 ne
1838 5005 2044 5074 majora

466 5105 785 5169 appetentes
818 5096 965 5152 aliud
1007 5097 1247 5152 infamiae
1286 5111 1464 5169 genus
1515 5097 1801 5153 incurrere
1848 5099 2041 5166 depre-

467 5188 781 5243 hendantur
805 5231 819 5254 ,
861 5188 957 5243 sed
992 5188 1321 5244 necessitate
1358 5187 1525 5243 V't‘ltili
1555 5187 1797 5258 quadam
1824 5184 2043 5239 Domini

466 5276 695 5348 gloriam
729 5290 869 5346 pone
903 5288 1193 5348 sequentes
1233 5294 1397 5349 supra
1450 5294 1575 5334 eum
1619 5274 1802 5332 efferri
1843 5274 2040 5329 nolint.

466 5369 576 5424 Eos
605 5369 772 5440 igitur
807 5369 1161 5441 ignominiam
1210 5372 1537 5429 incursuros
1589 5367 1878 5424 subinnuit
1907 5407 1922 5432 ,
1963 5368 2045 5422 di-

468 5477 595 5517 cens
627 5479 640 5514 :
699 5480 718 5512 ι
753 5459 868 5516 Non
900 5472 983 5518 est
1028 5480 1223 5520 Servus
1264 5464 1441 5534 major
1473 5461 1698 5518 domino
1737 5473 1857 5515 suo.
1896 5478 1912 5509 ι
1960 5457 2043 5515 Me

535 5641 772 5697 "Galal.
804 5660 839 5707 i,
877 5645 965 5698 it).
1057 5644 1099 5672 "‘
1125 5639 1317 5694 Matth.
1356 5656 1514 5706 xvm,
1555 5640 1608 5693 7.

2147 3166 2281 3220 ἐστι
2331 3165 2555 3234 δοῦλος
2584 3166 2798 3237 μείζων
2852 3167 2959 3222 τοῦ
3010 3169 3221 3237 κυρίου
3266 3170 3472 3226 αὐτοῦ.
3519 3172 3588 3224 El
3635 3172 3756 3242 ἐμὲ

2149 3256 2449 3325 ἐδίωξαν-,ι
2471 3259 2570 3313 καὶ
2627 3258 2784 3330 ὑμᾶς
2813 3259 3142 3325 διώξουσιν
3164 3279 3178 3292 ’
3204 3264 3258 3316 εί
3285 3262 3392 3317 τὸν
3414 3264 3598 3334 λόγον
3618 3281 3756 3333 μου

2148 3349 2476 3418 ἐτήρησαν,
2505 3350 2603 3404 καὶ
2639 3349 2748 3405 τὸν
2785 3350 3073 3423 ὑμέτερον
3119 3352 3474 3423 τηρήσουσι.

2221 3440 2624 3510 Προαποδείξας
2652 3438 2720 3497 ,εὖ
2766 3443 2926 3514 ⁴μάλα
2965 3444 3059 3498 καὶ
3105 3443 3167 3497 τὸ
3224 3446 3499 3517 μισεῖσθαι
3552 3446 3752 3514 καλὸν.

2140 3532 2308 3601 ,εἴπερ
2338 3533 2422 3605 εἴη
2449 3536 2552 3587 ικαὶ
2583 3533 2776 3589 τούτου
2806 3535 2996 3607 καιρὸς
3011 3536 3269 3609 (φορητὸν
3290 3539 3395 3611 γᾴρ
3420 3540 3575 3609 ἀγαν,
3600 3540 3753 3611 μᾶλ-

2148 3624 2236 3678 λον
2259 3624 2314 3677 δὲ
2334 3624 2684 3697 τριπόθητον,
2710 3627 2848 3699 ὅπερ
2872 3626 2937 3681 ἂν
2963 3627 3233 3700 συμϐαίνῃ
3262 3629 3352 3683 διὰ
3378 3629 3526 3695 Θεὸν,
3562 3647 3755 3700 παρα-

2148 3715 2494 3787 ποδισμάτων
2533 3716 2790 3788 ἀμείνους
2841 3718 3169 3790 ἐργάζεσθαι
3191 3721 3525 3794 δυνάμενον),
3572 3738 3759 3794 προσ-

2149 3808 2334 3877 ανερεῖ
2384 3806 2449 3878 δὴ
2511 3806 2821 3879 χρησίμως,
2879 3810 3018 3884 ὅπερ
3103 3807 3245 3871 οἶδεν
3299 3814 3375 3878 ὡς
3420 3815 3569 3878 Θεὸς,
3602 3832 3756 3869 κατ-

2147 3899 2399 3966 οκνήσειν
2422 3897 2711 3952 ἀναπεῖθον
2742 3900 2938 3965 αὐτοὺς
2972 3902 3110 3974 πρὸς
3154 3904 3216 3957 τὸ
3238 3904 3442 3977 σφόδρα
3476 3907 3756 3960 συντείνε-

2151 3989 2276 4043 σθαι
2310 3989 2485 4044 θέλειν
2516 3992 2644 4062 περὶ
2697 3992 2757 4045 τὸ
2783 3994 2990 4065 χρῆναι
3040 3995 3330 4067 κηρύττειν
3373 3999 3462 4051 τὸν
3490 3999 3753 4068 οὐράνιον
3804 4046 3809 4051 ,

2148 4083 2326 4151 λόγον.
2372 4084 2670 4156 Ἐπόμενον
2703 4085 2814 4158 γάρ
2841 4088 2935 4140 ἐπὶ
2968 4088 3102 4142 πολὺ
3131 4092 3244 4154 τοῖς
3277 4092 3357 4156 είς
3384 4090 3445 4144 τὸ
3470 4090 3753 4147 διδάσκειν

2150 4175 2695 4246 προκεχειρισμένοις
2741 4177 2802 4231 τὸ
2859 4178 3222 4250 ἀτιμάζεσθαι
3240 4182 3345 4235 καὶ
3388 4182 3750 4248 κινδυνεύειν,

2146 4265 2274 4320 ὅταν
2299 4265 2396 4336 οὐχ
2416 4265 2561 4337 ἡδεῖς
2581 4269 2693 4330 τοῖς
2721 4267 3163 4341 νουθετουμένοις
3195 4273 3242 4324 oi
3285 4273 3414 4343 παρ’
3442 4275 3625 4338 αὐτοῖς
3656 4277 3751 4329 εὑ-

2152 4360 2429 4430 ρίσκονται
2459 4361 2627 4430 λόγοι,
2663 4363 3052 4433 συμϐαίνοντός
3081 4383 3142 4418 τε
3171 4366 3306 4439 πρὸς
3330 4367 3502 4440 τούτῳ
3528 4370 3621 4422 καὶ
3649 4369 3750 4423 τοῦ

2146 4451 2502 4506 διαπυθέσθαι
2554 4452 2631 4524 μὴ
2686 4455 3119 4526 παραδεχθέντος
3147 4458 3276 4511 ἐσθ’
3310 4460 3399 4512 ὅτε
3424 4459 3516 4513 τοῦ
3559 4460 3748 4528 λόγου,

2148 4544 2433 4616 εὐτρεπεῖς
2467 4538 2605 4596 εἶναι
2654 4545 2748 4597 καὶ
2799 4546 2932 4617 πρὸς
2979 4547 3154 4602 ταῦτα
3184 4548 3303 4603 λίαν
3355 4552 3596 4623 εὐχερεῖς
3649 4555 3753 4610 καὶ

2152 4632 2447 4704 προθύμως
2512 4634 2607 4687 καὶ
2663 4634 2926 4699 νεανικῶς
2986 4637 3376 4697 διακελεύεται.
3428 4643 3750 4714 Προμηνύει

2151 4725 2209 4795 δὲ
2241 4724 2430 4796 ὥσπερ
2458 4725 2634 4796 πάντη
2672 4742 2731 4778 τε
2781 4728 2873 4780 καὶ
2927 4729 3143 4794 πάντως
3177 4733 3473 4804 ἐσομένων,
3527 4734 3615 4788 διὰ
3644 4735 3747 4808 τὴν

2153 4817 2260 4871 τῶν
2293 4816 2595 4887 μελλόντων
2617 4818 3209 4894 παιδαγωγηθήσεσθαι
3229 4824 3550 4897 μοχθηρίαν.
3573 4828 3751 4883 Τοῦτο

2149 4909 2206 4962 δὲ
2241 4909 2333 4962 καὶ
2369 4910 2425 4963 ὲν
2468 4910 2674 4982 ἑτέροις
2720 4912 2905 4983 ἐδήλου
2951 4913 3146 4984 λέγων’
3184 4936 3204 4969 ι
3265 4919 3402 4972 υύαὶ
3444 4919 3522 4990 τῷ
3553 4919 3751 4991 κόσμῳ

2149 4999 2257 5053 ἀπὸ
2289 4998 2399 5053 τῶν
2450 5001 2779 5056 σκανδάλων·
2840 5005 3052 5077 ἀνάγκη
3109 5007 3219 5080 γάρ
3259 5008 3437 5063 ἐλθεῖν
3476 5011 3546 5064 τὰ
3580 5013 3749 5066 σκάν-

2148 5092 2304 5148 δαλα.
2346 5111 2365 5144 ι
2401 5094 2688 5165 Οἰκονομεῖ
2713 5095 2770 5149 δὲ
2801 5101 3050 5169 πανταχῆ
3080 5100 3149 5153 τὰ
3173 5101 3294 5155 καθ’
3323 5102 3519 5157 ἐαυτὸν
3542 5105 3602 5157 ἐν
3621 5107 3750 5159 τού-

2144 5204 2224 5257 τῳ
2287 5186 2675 5256 παραδεικνὺς,
2719 5189 2805 5242 ἵνα
2849 5191 2924 5262 μὴ
2971 5191 3236 5262 μειζόνων
3277 5194 3579 5265 ἐφιέμενοι,
3620 5181 3748 5250 καθ’

2144 5280 2331 5351 ἓτερον
2357 5281 2556 5352 τρόπον
2578 5282 3012 5353 ἀσχημονοῦντες
3036 5285 3386 5352 ἁλίσκωνται,
3418 5288 3533 5342 ἀλλ’
3554 5287 3749 5361 ὥσπερ

2151 5369 2211 5436 ἐξ
2252 5370 2499 5441 ἀνάγκης
2522 5372 2756 5424 κατόπιν
2783 5372 2884 5443 τῆς
2921 5374 3013 5428 τοῦ
3041 5377 3248 5449 Κυρίου
3287 5377 3560 5448 βαίνοντες
3586 5380 3711 5449 δόξῃ
3721 5399 3748 5443 ς

2149 5465 2208 5518 τὸ
2238 5462 2315 5535 μὴ
2337 5465 2475 5536 ὑπὲρ
2510 5466 2670 5522 αὐτὸν
2695 5468 2947 5535 γενέσθαι
3001 5469 3361 5534 σπουδάζωσι.
3401 5472 3476 5526 Τὸ
3519 5472 3622 5543 μὲν
3652 5470 3747 5529 οὖν
