3998 6318
149 437 240 492 ιω

1126 431 1191 486 ΙΝ
1221 429 1512 488 JOANNIS
1552 427 2004 487 EVARGELIUM
2045 429 2169 489 LIB.
2200 431 2264 486 Χ.

3283 440 3391 495 ιω

149 551 610 626 ἁτιμασθήσεσθαι
639 551 855 616 πάντως
880 553 1079 617 αὐτοὺς
1103 554 1469 625 ὑποσημαίνει
1496 552 1670 621 λέγων
1703 569 1715 584 ο

1824 554 1968 607 enim
1994 592 2009 616 ,
2055 553 2232 624 inquit
2261 596 2276 620 ,
2311 551 2575 608 eﬂ‘renata
2606 555 2789 626 lingua
2825 556 3099 626 petierunt
3128 599 3141 624 ,
3181 558 3388 612 nullum

155 668 172 701 ι
205 646 311 700 Οὐκ
336 644 446 696 ἐστι
483 643 665 707 δοῦλος
718 643 854 715 ὑπὲρ
912 644 1003 699 τὸν
1050 644 1240 715 κύριον
1266 646 1453 708 αὑτοῦ.
1499 664 1518 697 ι
1585 644 1715 716 Ἐμὲ

149 735 269 805 γὰρ,
327 734 509 803 φησιν,
573 733 812 805 ἀχαλίνῳ
862 735 963 805 μὲν
1008 736 1420 808 κατεκράτησαν
1480 734 1714 806 γλώττῃ,

148 826 396 897 λοιδορίας
412 826 610 892 τρόπον
625 826 1038 896 ἀνεπιτήδευτον
1053 826 1152 881 οὐκ
1163 827 1390 896 ἀφέντες
1405 828 1453 881 οί
1473 826 1714 888 δείλαιοι,

148 918 468 990 δαιμονῶντα
493 918 587 972 καὶ
615 918 850 988 μέθυσον
879 918 977 972 καὶ
1006 920 1261 989 πορνείας
1307 920 1534 974 ἐκάλουν
1582 934 1719 989 καρ-

152 1012 261 1067 πόν.
299 1009 431 1064 Ἀλλ’
462 1011 563 1064 οὐκ
603 1010 830 1080 ἐζήτουν
858 1011 1205 1083 παραχρῆμα
1256 1010 1356 1075 τὰς
1380 1010 1554 1074 δίκας,
1598 1010 1715 1064 ἀλλ’

153 1104 262 1158 οὐδὲ
281 1104 397 1165 ταῖς
420 1103 549 1173 παρ’
573 1102 754 1157 αὐτῶν
776 1104 1061 1175 λοιδορίαις
1086 1102 1467 1175 καταδηχθεὶς,
1487 1103 1579 1158 τὸν
1602 1104 1713 1167 τοῖς

151 1193 499 1266 ἀκροωμένοις
532 1195 799 1265 σωτήριον
843 1195 1135 1266 ἀνέκαμψα
1170 1196 1346 1265 λόγον.
1376 1194 1587 1251 Οὐκοῦν
1640 1193 1715 1267 μὴ

152 1284 400 1355 ζητείσθω
438 1286 565 1355 παῤ
595 1284 748 1356 ὑμῶν
795 1286 856 1340 τὸ
905 1286 1088 1356 μεῖζον
1142 1288 1407 1359 ἀκαίρως,
1443 1287 1577 1359 μηδὲ
1604 1286 1714 1340 τῶν

149 1378 234 1432 τοῦ
261 1376 459 1447 Κυρίου
485 1377 989 1449 κατασοϐαρεύεσθε
1020 1379 1252 1452 μέτρων,
1284 1380 1423 1453 πρὸς
1444 1378 1714 1450 τοσαύτην

151 1470 327 1524 ἑαυτὸν
357 1469 424 1522 δι’
454 1472 603 1541 ἡμᾶς
633 1470 1099 1536 καταὸιόάσαντος
1124 1472 1222 1543 τὴν
1248 1472 1600 1537 ταπείνωσιν,
1625 1472 1716 1526 διὰ

150 1561 206 1615 τὸ
253 1562 380 1615 πᾶσι
429 1562 726 1627 λυσιτελές.
775 1563 978 1617 Οὐκοῦν
1010 1563 1266 1634 ἀμείνους
1294 1564 1588 1633 ἐργάζεται
1620 1565 1715 1618 καὶ

150 1652 240 1722 τῆς
260 1654 315 1705 ὲν
334 1651 513 1721 λόγοις
535 1653 897 1725 σκληρότητος
917 1655 1010 1709 καὶ
1031 1655 1131 1726 τῆς
1147 1655 1255 1710 τῶν
1271 1655 1580 1725 φιλοψογεῖν
1594 1658 1714 1711 είω-

153 1745 305 1798 θότων
330 1745 694 1815 ἀνοσιότητος,
745 1745 996 1816 καθάπερ
1025 1746 1218 1816 ἀμέλει
1271 1748 1365 1800 καὶ
1384 1748 1414 1800 ό
1448 1749 1716 1819 μακάριος

153 1835 417 1906 προφήτης
473 1834 761 1905 Ἱερεμίας,
798 1836 934 1907 πρὸς
979 1837 1111 1891 αὐτὸ
1140 1837 1204 1908 δὴ
1240 1837 1398 1892 τοῦτο
1434 1855 1713 1910 γεγυμνα-

372 1894 583 1992 ’έλεγεν-
612 1894 655 1975 ἰ
705 1894 769 1978 ’ίί
828 1894 977 1995 ίσχύς
1042 1944 1143 1996 μου
1192 1894 1458 1995 έξέλιπεί
1495 1894 1555 1982 έν
1576 1894 1713 1993 ’τοῖς
1746 1894 1787 1949 Β

153 2014 542 2085 καταρωμένοις
600 2032 686 2085 με.
749 2034 768 2068 ι
804 2017 1079 2080 Μειζόνως
1105 2034 1168 2086 γε
1222 2019 1330 2088 μὴν
1358 2020 1389 2072 ό
1430 2018 1713 2084 θεσπέσιος

152 2104 346 2169 Παῦλος
372 2105 679 2177 διαλάμψας
711 2108 769 2160 ὲν
818 2106 988 2178 αὐτῷ,
1044 2110 1140 2161 καὶ
1200 2112 1334 2162 πολὺ
1370 2109 1715 2181 καταθλήσας

151 2196 240 2263 τῆς
275 2195 376 2249 τῶν
427 2196 760 2265 ὑϐριζόντων
807 2197 1173 2268 ἀνοσιότητος,
1202 2218 1221 2251 ι
1278 2201 1711 2271 Λοιδορούμενοι,

154 2288 321 2357 φησὶν,
389 2287 740 2358 εὐλογοῦμεν,
819 2287 1280 2361 δυσφημούμενοι,
1364 2293 1713 2361 παρακαλοῦ-

156 2396 262 2448 μεν.
289 2399 307 2432 ι
344 2379 415 2433 Τὸ
437 2381 537 2451 μὲν
554 2380 664 2453 γὰρ
681 2379 786 2434 τῶν
809 2380 1063 2435 τοιούτων
1088 2383 1600 2438 κατανεανιεύεσθαι
1623 2403 1713 2454 φιτ

152 2470 270 2535 λεῖν,
314 2469 471 2542 ἔργον
529 2471 595 2524 ἂν
642 2472 855 2541 γένοιτο
910 2471 1145 2534 διανοίας
1196 2474 1585 2545 πτωχευούσης
1637 2476 1715 2546 τῷ

153 2560 421 2632 πνεύματι,
461 2561 609 2616 κατά
639 2562 701 2616 τὸ
740 2562 1148 2634 γεγραμμένον,
1192 2566 1287 2618 καὶ
1327 2566 1531 2637 μετρίῳ
1557 2584 1718 2636 κομιο

151 2652 207 2723 δῇ
256 2653 670 2724 κεκοσμημένης
714 2654 1043 2724 φρονήματι.
1074 2654 1271 2708 Φύεται
1311 2656 1419 2726 γάρ
1471 2675 1588 2720 πως
1623 2659 1718 2712 καὶ

155 2742 383 2814 καθάπερ
429 2746 495 2797 ὲκ
524 2745 680 2817 ῥίζης
724 2744 935 2815 ἀνίσχει
976 2745 1170 2816 καλῆς,
1209 2750 1286 2800 ἐκ·
1310 2747 1501 2803 τούτου
1534 2749 1589 2803 δὲ
1616 2750 1719 2819 μά-

153 2832 312 2897 λιστα,
338 2833 397 2886 τὺ
426 2833 777 2903 μακρόθυμόν
803 2851 861 2887 τε
898 2835 993 2889 καὶ
1029 2837 1370 2903 ἀνεξίκακον.
1405 2839 1478 2892 Τὸ
1504 2839 1560 2893 δὲ
1581 2842 1716 2910 άφο-

159 2926 315 2997 ρήτως
367 2926 509 2997 ἔχειν
574 2928 652 2989 εἰς
713 2925 904 2996 λόγους
955 2930 1081 2991 τοὺς
1116 2932 1587 3001 παροτρύνοντας,
1640 2936 1720 2997 είς

156 3017 350 3071 πάντων
377 3015 491 3089 [γρ.
544 3016 696 3088 adv],
732 3018 764 3087 ἢ
809 3018 904 3070 καὶ
947 3018 1123 3072 ὁτιοῦν
1165 3021 1386 3090 ἀτιμίας
1417 3018 1573 3089 εἶδος,
1620 3025 1720 3094 τῆς

157 3109 292 3181 παρά
316 3126 491 3177 τινων,
519 3109 741 3174 ἔνδειξιν
772 3109 837 3163 ἀν
864 3109 975 3180 ἔχοι
998 3111 1143 3182 σαφῆ
1164 3113 1424 3183 λογισμοῦ
1459 3115 1720 3187 φιλοκόμ-

1817 645 2053 699 convicii
2088 661 2261 716 genus
2294 646 2560 701 intactum
2598 647 2973 718 relinquentes
3005 649 3191 704 miseri
3212 690 3226 712 ,
3257 649 3391 707 ,ἀδι-

1818 736 2161 801 moniacum,
2211 736 2567 792 temulentum
2605 747 2659 791 et
2690 741 2938 809 spuriutn
2973 748 3257 794 vocarunt.
3292 737 3392 793 Ve-

1815 843 1937 881 rum
1972 844 2080 883 non
2112 830 2297 884 statim
2331 845 2524 902 poenas
2559 832 2749 901 exegi,
2783 834 2880 889 sed
2914 849 3090 903 neque
3124 831 3392 887 conviciis

1814 936 2003 975 eorum
2044 923 2322 991 appetitus
2364 923 2662 979 salutarem
2705 926 3052 980 auditoribus
3082 926 3388 980 doctrinam

1816 1012 2049 1067 inhibui.
2076 1012 2257 1079 Quare
2286 1015 2455 1070 nolite
2484 1016 2653 1070 altum
2689 1016 3074 1087 intempestive
3104 1031 3295 1087 sapere
3320 1015 3387 1078 “,

1814 1119 1917 1159 nec
1956 1103 2168 1159 Domini
2211 1105 2647 1162 mediocritatem
2684 1105 2919 1179 superbe
2951 1107 3252 1177 despicite,
3293 1107 3389 1174 qui

1814 1203 2019 1249 tantam
2060 1196 2126 1251 ad
2166 1196 2559 1254 demissionem
2599 1207 2823 1270 propter
2865 1214 2969 1254 nos
3024 1206 3086 1252 ut
3134 1197 3390 1252 omnibus

1815 1285 2102 1354 prodesset
2133 1302 2193 1342 se
2221 1287 2513 1357 depressit.
2547 1289 2718 1361 Igitur
2747 1290 3060 1361 superiores
3090 1305 3187 1344 eos
3227 1287 3390 1351 facit,

1814 1384 1871 1431 et
1901 1378 2190 1433 verborum
2217 1378 2420 1435 duritie
2445 1421 2458 1444 ,
2503 1389 2555 1436 et
2600 1382 3034 1436 conviciatorum
3068 1380 3346 1451 impietate
3373 1416 3389 1441 ,

1815 1469 2272 1539 quemadmodum
2305 1487 2501 1543 nempe
2529 1472 2726 1527 beatus
2752 1472 2845 1529 ille
2866 1486 3089 1542 quoque
3125 1469 3393 1541 propheta

1813 1559 2080 1617 Jeremias
2103 1561 2159 1615 in
2189 1576 2255 1618 eo
2287 1561 2408 1632 ipso
2435 1564 2770 1620 exercitatus
2798 1563 2979 1619 aiebat
3005 1580 3017 1617 :
3058 1580 3077 1612 ι
3107 1559 3392 1616 Fortitudo

1816 1663 1935 1703 mea
1967 1647 2172 1704 defecit
2203 1648 2257 1702 in
2285 1650 2353 1704 iis
2404 1650 2498 1719 qui
2540 1651 2879 1707 maledicunt
2925 1649 3057 1704 mihi
3081 1649 3147 1701 ”.
3185 1668 3204 1703 ι
3246 1649 3392 1716 Quin

1815 1745 1874 1792 et
1894 1739 2117 1795 divinus
2156 1740 2247 1795 ille
2275 1739 2482 1797 Paulus
2519 1756 2584 1797 ea
2622 1757 2681 1796 re
2713 1742 2951 1796 maxime
2984 1748 3266 1811 spectatus
3288 1781 3303 1803 ,
3338 1747 3394 1796 et

1818 1832 2112 1901 impiorum
2144 1846 2286 1901 saepe
2317 1833 2687 1888 contumelias
2731 1848 3030 1904 perpessus
3061 1851 3075 1886 :
3113 1849 3132 1884 t
3165 1830 3393 1885 Maledi-

1813 1924 2013 1987 cimur,
2043 1924 2242 1992 inquit.
2277 1934 2333 1978 et
2371 1924 2751 1983 bencdicimus
2780 1943 2794 1991 ;
2834 1924 3304 1995 blaephemamur,
3335 1929 3393 1978 et

1814 2015 2176 2069 obsecramus
2211 2016 2278 2067 ".
2316 2034 2334 2066 ι
2403 2014 2510 2070 Ista
2566 2016 2769 2086 quippe
2814 2030 3080 2086 generose
3135 2014 3392 2084 perpeti,

1813 2122 1952 2177 opus
1992 2117 2074 2161 cst
2114 2106 2314 2161 mentis
2351 2106 2607 2176 pauperis
2648 2107 2846 2176 spiritu
2879 2145 2895 2169 ,
2936 2108 3081 2161 sicut
3121 2098 3393 2174 scriptum

1813 2207 1899 2253 est
1938 2199 1983 2229 ⁹⁷
2008 2237 2023 2262 ,
2063 2207 2118 2253 et
2162 2199 2430 2269 singulari
2473 2178 2738 2253 modestia
2772 2196 3036 2267 praeditte.
3073 2192 3217 2247 llinc
3244 2192 3395 2248 enim

1813 2291 1963 2347 velut
1995 2306 2061 2345 ex
2095 2291 2237 2344 bona
2270 2290 2457 2346 radice
2489 2292 2752 2345 oriuntur
2777 2286 3174 2357 longanimitas
3204 2296 3259 2341 et
3295 2298 3394 2354 pa-

1815 2382 2029 2437 tientia.
2053 2380 2423 2437 Nolle'autem
2461 2396 2530 2437 ne
2565 2380 2732 2436 verbo
2759 2379 2983 2450 quidem
3018 2377 3133 2432 ullo
3170 2375 3395 2439 lacessi,

1815 2480 1911 2527 aut
1960 2472 2246 2526 minimum
2275 2458 2634 2526 contumelia:
2679 2486 2852 2540 genus
2894 2469 3124 2540 perpeti,
3163 2464 3399 2520 manife-

1817 2574 1962 2622 stum
2010 2571 2098 2620 est
2142 2572 2526 2634 argumentum
2564 2562 2731 2616 animi
2774 2560 3040 2633 superbi,
3096 2574 3198 2614 nec
3245 2558 3396 2613 inani

1815 2657 2009 2728 gloriae
2060 2655 2355 2710 mundanae
2410 2655 2594 2710 studio
2648 2655 2883 2709 multum
2940 2654 3201 2724 expediti.
3253 2650 3396 2718 Quid

1816 2748 1962 2804 enim
1986 2724 2171 2813 faciet,
2195 2761 2404 2816 quaeso,
2430 2756 2522 2800 aut
2549 2762 2656 2816 qua
2692 2749 2745 2799 in
2781 2761 2839 2801 re
2863 2746 3139 2800 hominem
3168 2759 3197 2797 a
3229 2744 3397 2814 typho

1819 2841 2058 2895 alienum
2092 2838 2250 2893 laedet
2277 2840 2664 2894 contumelia?
2704 2840 2811 2893 Aut
2852 2837 3126 2909 quomodo
3159 2836 3397 2892 munda-

1819 2947 1904 2985 n:e
1949 2931 2137 3001 gloriae
2180 2937 2529 2999 cdntemptor
2563 2931 2832 2985 conviciis
2877 2930 3008 2985 ullis
3046 2928 3402 2984 offendetur?

1820 3021 1935 3076 Hac
1976 3023 2161 3092 itaque
2218 3021 2517 3077 vanissima
2564 3031 2618 3078 et
2664 3036 2826 3092 quam
2868 3021 3108 3075 mundus
3158 3017 3398 3088 suspicit

1821 3114 1994 3184 gloria
2056 3122 2295 3168 mentem
2366 3112 2617 3168 altiorem
2685 3128 2877 3183 gerere
2939 3112 3138 3167 merito
3196 3110 3397 3180 jubet,

159 3218 268 3266 που,
291 3203 380 3256 καὶ
407 3204 505 3273 τῆς
539 3204 596 3256 ὲν
626 3203 818 3275 κόσμῳ
846 3203 1148 3273 φιλοδοξίας
1175 3206 1236 3258 οὐ
1280 3205 1401 3259 λίαν
1441 3208 1724 3280 ἀπηλλαγ-

1827 3206 1992 3276 900
2017 3206 2317 3276 quinetiam
2353 3204 2725 3260 necessariam
2758 3204 2921 3258 veluti
2957 3204 3271 3258 cautionem
3306 3218 3402 3256 ex—

162 3291 304 3363 μένου
327 3295 691 3364 φρονήματος.
710 3293 775 3346 Τί
799 3295 909 3363 γὰρ
932 3292 997 3347 ἂν
1016 3294 1191 3367 δράσῃ
1216 3296 1398 3366 τυχὸν,
1432 3298 1466 3369 ἢ
1492 3299 1545 3352 τί
1570 3299 1727 3371 ὕϐρις

160 3384 369 3458 ἀδικήσῃ
389 3384 477 3437 τὸν
516 3385 617 3454 τῆς
662 3382 889 3454 ἀτυφίας
924 3385 1195 3457 ὲραστήνς
1229 3386 1318 3458 Τῷ
1356 3388 1413 3442 δὲ
1459 3389 1534 3460 μὴ
1568 3390 1726 3461 δόξης

163 3479 409 3549 ἐφιεμένῳ
443 3475 739 3547 κοσμικῆς,
772 3475 888 3540 πῶς
924 3478 1145 3549 ἀνιαρὸν
1178 3477 1330 3532 ἔσται
1381 3480 1443 3533 τὸ
1469 3481 1729 3552 λοιδορεῖ-

164 3572 270 3623 σθαι
306 3573 436 3643 πρός
465 3588 616 3635 τινος
641 3587 656 3636 ;
688 3571 853 3642 Δόξης
872 3567 965 3624 οὖν
1001 3572 1111 3642 ἀρα
1137 3574 1366 3642 ταυτησὶ
1396 3574 1492 3643 τῆς
1529 3574 1730 3628 είκαιο-

160 3667 330 3736 τάτης,
357 3666 520 3735 φημὶ,
555 3665 650 3717 καὶ
680 3664 779 3734 τῆς
805 3666 863 3716 ὲν
879 3662 1070 3734 κόσμῳ
1093 3666 1465 3736 τετιμημένης
1495 3666 1608 3720 ἄνω
1638 3667 1727 3737 βε-

164 3754 348 3824 ϐηκότα
382 3758 471 3810 τὸν
521 3755 671 3818 νοῦν,
700 3756 795 3809 καί⁸
836 3755 929 3809 τὸν
977 3755 1235 3810 τοιούτων
1285 3757 1728 3829 ὑπεριπτάμενον

164 3844 307 3915 ἔχειν,
360 3848 585 3908 εἰκότως
631 3846 1023 3901 διακελεύεται·
1083 3852 1397 3919 προεπινοεῖ
1438 3850 1495 3903 δὲ
1539 3849 1729 3922 ὥσπερ

164 3940 790 4008 ἀναγκαίανάσφάλειαν,
823 3940 959 4012 πρὸς
987 3940 1047 3994 τὸ
1068 3940 1178 3994 δεῖν
1208 3940 1414 3995 ἐθέλειν
1443 3944 1501 3996 ὲν
1522 3943 1728 4009 τούτοις

165 4032 393 4096 ὁρᾶσθαι,
444 4033 544 4086 καὶ
606 4031 858 4102 καθάπερ
910 4032 1096 4086 αἰκίαν
1152 4032 1252 4103 τὴν
1284 4034 1362 4096 είς
1393 4034 1552 4089 τοῦτο
1601 4053 1731 4089 κατ-

165 4122 386 4178 ωθοῦντα
416 4124 602 4193 τίθησι
633 4124 912 4195 λογισμὸν.
947 4125 1085 4194 ὅπερ
1128 4124 1390 4195 ἐλέγομεν
1431 4126 1492 4190 ἐξ
1531 4127 1727 4199 ἀρχῆς,

165 4214 217 4267 τὸ
239 4216 456 4269 κατόπιν
486 4216 626 4269 ίέναι
658 4214 758 4285 τῆς
791 4214 885 4268 τοῦ
935 4214 1143 4286 Κυρίου
1197 4218 1384 4287 τιμῆς,
1432 4218 1621 4288 ἥδιστα
1674 4220 1730 4273 δὲ

165 4304 273 4360 λίαν
297 4307 613 4379 προσίεσθαι
641 4308 746 4361 πᾶν
771 4308 908 4379 ὅπερ
938 4306 1004 4360 ἂν
1036 4307 1105 4361 ίοι
1126 4308 1266 4362 κατὰ
1286 4309 1495 4380 καιρὸν,
1527 4309 1638 4363 ἔστ’
1664 4311 1731 4365 ἂν

167 4397 330 4461 αὐτοῖς
344 4399 405 4451 τὸ
420 4399 725 4468 εὐδοκιμεῖν
746 4398 966 4474 ὑπάρχῃ
986 4397 1075 4450 διὰ
1096 4397 1248 4461 Θεὸν,
1264 4399 1326 4451 οὐ
1345 4401 1464 4462 ταῖς
1489 4400 1731 4470 ἀτιμίαις

168 4491 562 4561 ὑπτιουμένους,
619 4488 696 4552 ὡς
757 4488 913 4543 ὄκνον
956 4488 1241 4560 ἀνωφελῆ,
1301 4489 1421 4543 οὐδὲ
1478 4492 1581 4544 ὑπό
1634 4509 1729 4545 του

1829 3300 2075 3368 cogitat,
2120 3304 2180 3352 ut
2219 3298 2356 3351 tales
2400 3313 2525 3352 esse
2563 3296 2769 3360 velint,
2813 3306 2867 3352 et
2908 3295 3158 3351 adhibito
3194 3294 3246 3348 in
3278 3308 3401 3347 eam

1828 3405 1941 3444 rem
1977 3389 2214 3458 quodam
2245 3391 2400 3459 quasi
2431 3390 2657 3445 stimulo
2688 3397 2844 3460 urget
2872 3404 2970 3444 eos
2993 3390 3207 3444 ratione
3239 3403 3403 3457 quam

1828 3480 1986 3535 initio
2013 3480 2277 3541 diximus.
2304 3496 2500 3550 nempe
2522 3480 2732 3535 Domini
2755 3481 2985 3551 gloriam
3015 3496 3141 3537 esse
3168 3495 3406 3549 sequen-

1827 3573 1976 3638 dam,
2012 3580 2068 3628 et
2108 3572 2480 3642 quodcunque
2531 3588 2591 3627 se
2628 3573 2889 3628 obtulerit
2919 3572 3156 3626 libenter
3191 3570 3401 3638 ample-

1828 3664 2109 3726 ctendum.
2143 3663 2363 3734 quoties
2402 3663 2624 3718 occasio
2653 3678 2714 3717 se
2767 3655 2917 3717 dabit
2951 3662 3139 3732 gloriae
3182 3670 3405 3731 propter

1830 3756 2414 3824 Deum~adipiscendte,
2446 3763 2506 3809 ut
2532 3770 2633 3810 nec
2664 3754 2908 3809 infamia:
2947 3762 3098 3810 metu
3133 3738 3323 3807 inutili.
3344 3768 3403 3807 sc

1828 3847 2031 3904 dedant
2065 3847 2309 3909 inertiae,
2347 3861 2450 3917 nec
2482 3861 2551 3901 ex
2579 3859 2648 3900 eo
2679 3844 2827 3915 quod
2877 3844 2947 3899 ab
2991 3844 3177 3913 aliquo
3212 3842 3401 3897 forsan

1828 3941 2097 3996 conviciis
2125 3940 2311 3994 acrius
2345 3938 2569 4008 appetiti
2605 3938 2837 4004 fuerint,
2871 3936 3109 3992 docendi
3147 3933 3403 3989 fiduciam

1830 4031 2127 4088 retundant
2151 4072 2166 4095 ,
2222 4045 2324 4086 nec
2365 4030 2552 4085 divina
2587 4029 2844 4083 mandata
2880 4014 3273 4093 contemnant,
3308 4027 3403 4082 scil

1829 4125 2178 4180 dilectionem
2216 4124 2400 4193 potius
2438 4122 2677 4186 illamin
2719 4118 2920 4174 fratres
2965 4117 3404 4188 amplectantur,

1830 4226 1883 4273 et
1911 4224 2167 4271 errantes
2194 4213 2453 4268 omnibus
2483 4212 2660 4266 modis
2705 4211 2900 4279 juvare
2929 4208 3207 4264 studeant.
3244 4206 3408 4264 Post—

1830 4324 1993 4379 quam
2027 4308 2194 4376 igitur
2224 4304 2501 4375 persuasit
2528 4302 2862 4357 mundanam
2894 4301 3043 4355 illam
3089 4308 3407 4367 ac.tempo-

1832 4401 2031 4456 rariam
2060 4399 2288 4470 gloriam
2324 4395 2726 4465 aspernandam
2747 4434 2761 4457 ,
2800 4392 2950 4447 aliud
2981 4392 3240 4462 quiddam
3274 4390 3409 4445 utile

1833 4507 1899 4546 ac
1945 4490 2325 4545 necessarium
2375 4488 2599 4556 insuper
2648 4486 2916 4541 molitur:
2976 4502 2995 4535 ι
3031 4483 3087 4537 Si
3127 4482 3274 4538 enim
3325 4498 3411 4536 me

168 4579 309 4649 τυχὸν
348 4580 580 4649 ἐπείπερ
617 4577 1097 4648 διαλελοιδόρηνται
1150 4578 1382 4648 πικρῶς,
1411 4579 1509 4650 τὴν
1550 4580 1607 4633 ὲν
1652 4580 1724 4651 τῷ

1838 4580 2110 4653 persecuti
2142 4586 2294 4644 sunt,
2324 4576 2524 4647 inquit,
2556 4585 2610 4630 et
2643 4589 2741 4630 vos
2768 4584 3173 4645 persequentur
3194 4571 3263 4625 ’⁸.
3290 4589 3313 4631 η»
3346 4570 3411 4624 Et

168 4668 416 4724 διδάσκειν
449 4667 762 4741 παρρησίαν
812 4667 1285 4740 ἀνασειράζοντας,
1314 4669 1537 4723 καὶτῶν
1571 4670 1731 4725 θείων

172 4760 502 4831 ἐριταλμάτων
539 4760 1000 4829 ὀλιγωρήσαντας,
1053 4760 1374 4831 ἀντέχεσθαι
1422 4761 1480 4813 δὲ
1532 4761 1732 4831 μᾶλλον

171 4851 258 4921 τῆς
294 4854 368 4916 είς
392 4852 654 4921 ἀδελφοὺς
686 4851 925 4921 ἀγάπης,
954 4852 1047 4904 καὶ
1085 4852 1172 4906 διὰ
1195 4852 1392 4914 παντὸς
1417 4853 1731 4921 ἐπείγεσθαι

172 4943 352 5011 τρόπου
377 4945 500 5008 τοὺς
523 4940 902 5011 πλανωμένους
922 4941 1169 5010 ὠφελεῖν.
1216 4942 1533 5007 Ἀναπείσας
1553 4943 1732 4997 τοίνυν

174 5033 268 5086 ὑπὸ
315 5035 475 5098 πόδας
538 5035 636 5106 τῆς
707 5034 1040 5104 προσκαίρου
1091 5033 1249 5105 δόξης
1293 5033 1569 5104 φείδεσθαι
1631 5036 1731 5106 τῆς

175 5126 450 5196 κοσμικῆς,
534 5126 718 5196 ἕτερόν
784 5143 839 5178 τι
917 5124 1478 5197 προσεπαγωνίςεται,
1541 5126 1737 5197 χρήσι⁹

178 5215 266 5283 μόν
288 5232 342 5269 τε
364 5218 456 5269 καὶ
480 5217 794 5282 ἀναγκαῖον.
829 5235 847 5268 t
886 5218 949 5270 Εἰ
983 5218 1090 5287 γὰρ
1111 5217 1233 5287 ἐμὲ,
1275 5217 1460 5287 φησὶν,
1494 5216 1734 5283 ἐδίωξαν,

175 5306 260 5358 καὶ
293 5307 432 5377 ὑμᾶς
461 5307 726 5375 διώξουσι.
759 5328 777 5359 ι
824 5308 935 5362 Καὶ
963 5309 1197 5380 συγγενῆ
1239 5308 1338 5380 μὲν
1367 5311 1477 5371 τοῖς
1505 5297 1743 5378 πρώτοις

176 5395 278 5468 ἔχει
305 5399 398 5452 καὶ
424 5398 584 5453 τοῦτο
626 5400 724 5471 τὴν
755 5399 1012 5471 θεωρίαν.
1047 5399 1356 5471 Τληπαθεϊν
1409 5400 1453 5453 δ’
1475 5396 1566 5453 οὖν
1592 5401 1743 5471 ὅμως

177 5489 463 5555 ἀναπείθει,
497 5492 591 5545 καὶ
620 5491 728 5545 τῶν
765 5491 982 5547 ἔσεσθαι
1010 5494 1067 5546 ὲν
1100 5494 1231 5564 ήμῖν
1263 5491 1739 5564 προσδοκηθέντων

176 5577 524 5652 διαλογισμῶν
563 5586 880 5655 προαναιρεί
914 5585 1013 5654 τὴν
1040 5584 1343 5638 ἀσθένειαν.
1364 5580 1473 5637 Ἦν
1505 5583 1603 5656 μὲν
1631 5583 1739 5655 γὰρ

177 5671 268 5727 οὐκ
296 5671 616 5742 ἀμφίϐολον,
639 5674 719 5729 δτι
748 5677 869 5739 ταῖς
897 5675 1003 5731 τῶν
1033 5675 1333 5729 διωκόντων
1360 5674 1459 5746 τὴν
1484 5674 1740 5752 ἀλήθειαν

1840 4678 1953 4729 Ιιωε
1986 4672 2204 4742 quidem
2234 4670 2467 4726 similem
2502 4668 2707 4725 habent
2737 4683 2859 4720 cum
2890 4666 3167 4737 prioribus
3191 4671 3413 4729 senten-

1839 4768 1990 4819 tiam.
2034 4762 2294 4817 Tolerare
2340 4761 2521 4829 itaque
2575 4759 2908 4829 p.ersuadet..
2953 4764 3008 4812 et
3050 4769 3239 4809 eorum
3289 4767 3412 4822 qrte

1837 4852 2129 4928 cogitaturi
2171 4868 2364 4908 sumus
2404 4853 2780 4906 infirmitatem
2834 4848 3129 4921 prgcvertit.
3176 4844 3410 4899 Dubium

1837 4949 2043 5020 quippe
2069 4963 2182 5001 non
2212 4942 2331 5002 erat
2354 4946 2485 5016 quin
2506 4942 2819 5000 Scrvaloris
2848 4938 3133 5009 discipuli,
3168 4937 3223 4991 in
3265 4937 3412 4992 veri-

1835 5041 1962 5097 tatis
1990 5047 2370 5110 persecutores
2401 5039 2731 5100 incidentes,
2762 5036 2881 5090 dira
2913 5046 3145 5103 quaeque
3169 5029 3412 5085 subituri

1834 5141 2062 5190 essent:
2114 5146 2303 5187 verum
2339 5130 2623 5201 probabile
2649 5137 2734 5183 est
2762 5126 2939 5182 eosin
2976 5123 3219 5177 animum
3253 5121 3414 5175 indu-

1835 5225 2005 5291 xisse,
2037 5238 2164 5278 cum
2198 5223 2266 5278 de
2294 5223 2467 5294 gloria
2498 5221 2703 5277 Christi
2733 5217 2900 5272 verba
2932 5214 3201 5277 facerent,
3234 5213 3415 5268 abun-

1837 5317 2023 5372 dantis
2067 5315 2191 5385 ejus
2236 5314 2630 5369 misericordiae
2664 5325 2723 5365 se
2762 5308 2880 5362 fore
2907 5306 3207 5377 participes
3228 5345 3243 5369 ,
3277 5305 3414 5361 adeo

1840 5417 1899 5463 ut
1926 5408 2062 5462 nihil
2086 5417 2194 5461 tam
2212 5407 2534 5476 praeclarum
2561 5400 2806 5458 studium
2829 5412 3061 5469 prorsus
3083 5396 3410 5461 retardaret,

1842 5497 1939 5554 sed
1969 5497 2152 5552 omnis
2193 5496 2424 5551 omnino
2463 5491 2730 5551 tumultus
2771 5505 2836 5545 ac
2881 5488 3117 5560 periculi
3161 5498 3414 5559 expertes
3480 5542 3497 5560 ,

1840 5592 2051 5651 essent,
2079 5584 2325 5654 nihilque
2360 5583 2516 5637 triste
2554 5588 2897 5652 paterentur,
2932 5580 3027 5636 sed
3061 5579 3129 5633 ab
3156 5580 3414 5635 omnibus

1840 5676 2203 5739 laudarentur
2229 5717 2244 5743 ,
2298 5681 2489 5746 utpote
2527 5674 2621 5745 qui
2657 5673 2955 5729 salutarem
2993 5672 3075 5729 eis
3104 5670 3413 5728 doctrinam

246 5860 289 5898 ’³
313 5858 474 5915 Rom.
506 5876 582 5927 τι,
609 5860 698 5916 ‘20.
778 5860 823 5893 ⁸⁸
846 5859 1046 5919 Jerem.
1082 5878 1169 5929 xv,
1206 5863 1291 5920 10.
1365 5865 1450 5922 ’⁸1
1482 5866 1612 5922 Cor.
1656 5880 1724 5932 Iv,

1824 5866 1855 5921 ι,
1930 5864 1975 5953 ’ξ
1998 5862 2190 5918 Matth.
2226 5879 2280 5930 ν,
2322 5863 2373 5918 ’5.
2450 5864 2496 5899 ’⁸
2522 5862 2658 5921 Ibid.
2684 5863 2770 5918 10.
