3998 6318
494 428 601 482 8(Υὸ

1513 425 1571 482 S.
1615 422 1892 481 CYR'LIJ
1933 421 2405 482 ALEXANDRINI
2439 425 2759 484 ABCHIEP.

3653 422 3767 478 ιοι

496 545 910 599 atinuntiarcnt.
957 543 1026 597 Et
1078 542 1194 598 haec
1245 540 1467 614 quidem
1515 558 1613 599 eos
1653 533 1978 613 exspectare
2017 549 2071 596 et

2197 546 2588 614 περιπταίοντες
2615 547 2806 618 ὀργαῖς
2827 544 2920 600 τοῦ
2947 545 3197 616 Σωτῆρος
3215 544 3267 597 οῖ
3298 541 3537 613 μαθηταὶ
3554 542 3670 604 τοῖς
3696 543 3771 595 ἐκ

495 650 698 705 ωροτε
747 635 846 690 abs
880 650 941 690 re
987 650 1097 690 non
1135 641 1298 702 erat,
1343 635 1436 705 qui
1484 633 1553 688 ad
1589 641 1853 690 aeternam
1902 635 2071 688 vitam

498 727 637 781 alios
680 740 881 780 vocare
932 725 1233 780 studebant
1284 734 1339 781 et
1377 724 1725 780 auditoribus
1758 724 2072 779 divinarum

499 816 804 885 gratiarum
835 826 1091 874 auctores
1129 824 1295 888 atque
1326 817 1533 888 pararii
1566 831 1691 872 esse
1722 817 2070 876 videbantur.

500 906 607 963 Sed
641 923 767 963 cum
804 911 1191 981 unusquisque
1233 911 1288 965 in
1322 926 1442 965 eam
1475 921 1684 981 partem
1720 910 1925 965 feratur
1953 924 2076 979 quae

500 1000 742 1056 maxime
787 1002 1030 1069 arridet,
1071 1004 1235 1074 eique
1261 1003 1603 1075 voluptatem
1637 1001 1817 1067 affert,
1849 1002 2077 1057 demon-

500 1093 790 1148 strandum
824 1095 1008 1164 potius
1038 1103 1157 1151 erat
1195 1096 1512 1167 quicunque
1541 1096 1758 1150 veritati
1797 1097 2076 1151 contraria

502 1183 787 1250 sentiunt,
821 1192 874 1240 et
913 1186 1075 1242 malis
1107 1188 1486 1258 voluptatibus
1519 1187 1924 1251 succumbunt,
1959 1188 2078 1243 bel-

503 1273 615 1325 lum
663 1274 747 1329 eis
800 1274 1047 1332 indicere
1090 1278 1184 1348 qui
1238 1293 1268 1332 a
1319 1277 1486 1334 rebus
1532 1278 1885 1334 suavissimis
1931 1278 2080 1348 ipsos

503 1365 767 1421 avellunt.
812 1367 924 1424 Nec
972 1370 1120 1425 enim
1173 1371 1507 1441 voluptariis
1547 1371 1867 1426 hominibus
1922 1380 2077 1441 grata

503 1466 635 1513 sunt
685 1476 807 1530 quae
856 1476 924 1517 eo
968 1471 1224 1533 spectant
1270 1465 1501 1520 monita.
1546 1463 1878 1520 Necessario
1914 1463 2081 1533 igitur

504 1553 905 1610 ostendendum
951 1568 1070 1612 erat
1108 1557 1224 1613 fore
1271 1558 1367 1629 qui
1406 1567 1665 1629 tanquam
1710 1557 2079 1614 infensissimi

503 1645 695 1701 hostes
737 1660 1224 1719 persequerentur,
1260 1660 1315 1706 et
1345 1652 1532 1722 plagas
1570 1650 1842 1706 inferrent
1870 1692 1884 1716 ,
1920 1661 2082 1721 atque

504 1749 669 1792 omne
700 1742 1067 1795 tentationum
1099 1758 1274 1817 genus
1303 1743 1700 1814 excogitarent.
1732 1741 1890 1813 θοι
1921 1742 2078 1798 Virili

506 1825 693 1896 itaque
732 1830 921 1886 animo
955 1832 1209 1888 Christus
1250 1847 1346 1888 eos
1384 1848 1509 1888 esse
1537 1833 1719 1902 jubet,
1750 1849 1861 1888 non
1892 1834 2081 1889 celans

2174 636 2269 690 τοῦ
2324 637 2614 692 διώκεσθαι
2654 636 3073 709 περιπεσοῦνται
3125 636 3337 697 δεινοῖςο
3383 632 3498 687 ἀλλ’
3544 629 3618 703 ἦν
3668 632 3773 704 δή-

2176 745 2280 781 που
2313 731 2409 782 καὶ
2442 730 2586 800 μάλα
2623 729 2768 793 εἰκὸς
2799 727 3129 797 λογίζεσθαι,
3153 729 3234 781 ὃτι
3256 726 3349 779 τὸν
3368 724 3511 796 ὑπὲρ
3546 725 3650 794 τῆς
3674 724 3769 777 δό-

2178 821 2273 893 ξης
2305 822 2541 893 Χριστοῦ
2565 820 2874 892 ποιούμενοι
2902 820 3079 890 λόγον,
3122 819 3341 881 πάντως
3367 834 3472 871 που
3500 817 3774 879 πλουσίας

2176 913 2276 983 τῆς
2297 914 2427 986 παρ’
2457 914 2622 967 αὐτοῦ
2657 912 2939 984 μεθέξουσι
2965 911 3198 983 φειδοῦς,
3228 910 3311 973 ὡς.
3338 909 3504 981 μηδὲν
3535 909 3672 972 ὅλως
3706 908 3777 962 τδ

2179 1006 2549 1077 παραποδίζον
2598 1006 2830 1077 ὁρᾶσθαι
2890 1005 3025 1078 πρὸς
3050 1004 3171 1076 «τὴν
3220 1002 3394 1066 οὕτως
3437 1001 3777 1070 ἀξιάγαστον

2181 1099 2488 1169 προθυμίαν
2541 1099 2740 1163 αὐτῶν,
2804 1098 3032 1169 θορύϐου
3086 1096 3144 1150 δὲ
3203 1093 3402 1159 παντὸς
3448 1095 3542 1148 καὶ
3585 1092 3777 1147 κινδύ-

2180 1207 2270 1243 νου
2301 1188 2527 1261 ὁρᾶσθαι
2580 1190 2915 1260 κρείττονας,
2971 1187 3337 1259 ὑπομένοντας
3377 1185 3435 1238 δὲ
3473 1185 3535 1237 τὸ
3578 1182 3774 1253 παρὰ-

2181 1300 2290 1338 παν
2339 1281 2492 1335 οὐδὲν
2546 1281 2653 1336 τῶν
2702 1283 2802 1336 ὅσα
2854 1281 3066 1350 πέφυκε
3133 1280 3342 1343 λυπεῖν,
3384 1276 3778 1348 ἐντρυφῶντας

2180 1377 2237 1432 δὲ
2269 1377 2471 1449 μᾶλλον
2506 1379 2628 1440 ταῖς
2655 1374 2810 1447 παρά
2827 1374 3045 1430 πάντων
3072 1375 3279 1443 τιμαῖς,
3313 1371 3411 1425 ἅτε
3446 1370 3511 1441 δὴ
3556 1369 3648 1422 καὶ
3670 1366 3781 1419 τὸν

2183 1469 2450 1541 σωτήριον
2472 1469 2658 1533 αὐτοῖς
2680 1466 3081 1539 πρεσϐεύοντας
3105 1463 3281 1532 λόγον.
3309 1463 3418 1517 Καὶ
3445 1457 3512 1533 ἦν
3545 1460 3642 1531 μὲν
3663 1459 3784 1511 οὐκ

2182 1564 2292 1619 ἀπὸ
2340 1562 2543 1617 σκοποῦ
2569 1560 2666 1616 τοῦ
2712 1558 3033 1632 πρέποντος,
3083 1557 3146 1611 τὸ
3181 1555 3252 1610 τά
3281 1554 3507 1609 τοιαῦτα
3535 1550 3784 1623 προσ-δον

2182 1656 2305 1725 κᾷν,
2352 1654 2447 1707 καὶ
2498 1655 2556 1707 ἐν
2598 1649 2810 1713 τούτοις
2839 1644 2979 1702 εἶναι
3010 1647 3215 1717 ζητεῖν,
3255 1646 3379 1708 τοὺς
3419 1644 3472 1697 οἰ
3492 1659 3553 1711 γε
3582 1639 3786 1695 καλεῖν

2184 1744 2573 1809 σπουδάζουσιν
2597 1745 2677 1806 είς
2697 1742 2914 1795 αἰώνιον
2938 1741 3103 1812 ζωὴν,
3132 1736 3384 1810 πρόξενοί
3405 1752 3463 1788 τε
3486 1734 3590 1786 τῶν
3613 1729 3788 1800 παρὰ

2183 1836 2319 1891 Θεοῦ
2348 1836 2704 1908 χαρισμάτων
2731 1836 2843 1897 τοῖς
2864 1831 3237 1905 ἀκροωμένοις
3254 1829 3591 1901 ηὑρίσκοντο.
3625 1813 3789 1876 Ἀλλ’

505 1919 650 1985 quod
679 1927 798 1974 erat
831 1932 1182 1991 eventurum,
1220 1924 1314 1981 sed
1345 1941 1411 1980 ex
1449 1940 1516 1981 eo
1540 1900 1708 1995 quod
1749 1925 1907 1995 jubet
1937 1925 2081 1980 virili

2197 1900 2544 1997 ἑκάστου-τῆς
2578 1924 2713 1989 ίδέας
2739 1900 3108 1995 προαιρέσεως
3134 1920 3231 1991 τὴν
3250 1900 3423 1991 ῥοπὴν
3443 1916 3522 1983 ἐφ’
3549 1914 3687 1983 ὅπερ
3708 1910 3790 1964 ἂν

506 2021 630 2062 esse
673 2010 879 2076 animo,
924 2013 1231 2081 praedicens
1281 2013 1470 2070 adfore
1509 2022 1920 2085 persecutores.
1968 2034 1987 2068 ι
2022 2014 2079 2071 Si

507 2099 654 2154 enim
686 2116 771 2156 me
797 2105 1072 2171 persecuti
1118 2113 1269 2172 sunt,
1295 2106 1493 2176 inquit,
1521 2116 1575 2162 et
1618 2122 1716 2162 vos
1741 2123 2085 2178 persequen-

508 2196 621 2242 tur.
638 2188 837 2256 »ρυσεὶ
864 2192 1105 2249 diceret:
1126 2196 1237 2266 Ego
1260 2195 1503 2251 universi
1529 2196 1734 2267 opifex,
1751 2197 1910 2267 cujus
1930 2205 2086 2268 pote-

513 2281 643 2334 stati
665 2291 863 2337 cuncta
888 2285 1177 2355 subjacent
1201 2302 1542 2358 quaecunque
1566 2289 1620 2343 in
1636 2290 1777 2345 caelo
1795 2298 1848 2344 et
1866 2289 1921 2343 in
1938 2298 2089 2344 terra

510 2381 673 2433 sunt,
706 2373 924 2430 frenum
954 2378 1156 2433 animis
1207 2379 1488 2433 hominum
1536 2395 1645 2434 non
1688 2381 1950 2450 imposui,
1985 2395 2089 2435 nec

512 2465 672 2529 quasi
702 2467 878 2537 plagis
909 2478 963 2525 et
992 2471 1313 2527 verberibus
1354 2472 1668 2527 auditorum
1706 2487 1952 2529 meorum
1989 2474 2092 2528 im-

514 2563 699 2623 petum
731 2561 975 2628 coercui,
996 2562 1093 2619 sed
1115 2563 1391 2634 cujusque
1411 2564 1678 2620 voluntati
1697 2566 1883 2636 potius
1912 2565 2088 2637 quod-

514 2662 732 2720 cunque
761 2651 955 2709 liberet
990 2669 1055 2710 ac
1084 2654 1267 2712 facere
1289 2658 1453 2712 vellet
1479 2658 1726 2727 permisi.
1758 2657 1824 2714 Et
1863 2659 2085 2730 quidem

514 2752 641 2825 cum
702 2746 1147 2812 persecutionem
1202 2757 1456 2819 paterer,
1515 2748 1792 2814 sustinui,
1840 2750 2093 2819 quamvis

516 2832 667 2893 illius
700 2834 1013 2893 inhibenda:
1044 2847 1370 2909 potestatem
1404 2840 1689 2897 haberem.
1717 2840 1954 2907 Quando
1999 2858 2090 2897 er-

516 2942 584 2995 go
627 2932 1067 2997 persecutionem
1125 2933 1230 3002 ipsi
1293 2949 1518 3003 quoque
1572 2934 1896 3004 patiemini,
1945 2934 2095 2990 illico

518 3019 815 3076 tolerantes
851 3037 1076 3077 osorum
1112 3024 1480 3088 eversionem,
1520 3039 1621 3079 nec
1654 3024 1725 3079 ob
1754 3038 1947 3080 eorum
1975 3025 2096 3095 qui-

519 3110 626 3164 bus
653 3111 906 3182 Opitulati
937 3111 1155 3168 fueritis
1183 3113 1634 3183 ingratitudinem
1666 3113 1833 3170 nimis
1865 3128 2096 3185 exaspe-

2190 2017 2431 2087 βούλοιτο
2456 2015 2801 2076 διῖθύνοντος,
2820 2009 3263 2084 παρατρέποντός
3291 2024 3351 2059 τε
3377 2003 3587 2075 πρὸςτὸ
3619 2000 3790 2069 αὐτῷ

2188 2108 2433 2180 θελητὸν,
2464 2109 2555 2159 καὶ⁸
2593 2105 2763 2176 ἡδέως
2798 2121 2913 2167 πως
2940 2102 3080 2175 ἕχον,
3129 2094 3605 2167 ἁναδειχθήσεσθαι
3635 2089 3793 2162 μᾶλ-

2188 2201 2280 2254 λον
2313 2199 2441 2257 ἔδει.
2474 2198 2569 2251 καὶ
2593 2199 2718 2259 τοὺς
2729 2196 2828 2265 τῆς
2851 2193 2964 2265 [γρ.
2995 2191 3087 2264 τῇ]
3104 2189 3332 2260 ἀληθείᾳ
3355 2183 3677 2257 φρονοῦντας
3706 2181 3790 2234 τὰ

2190 2291 2431 2352 ἐναντία,
2460 2289 2555 2343 καὶ
2574 2286 2958 2358 νενικημένους
2983 2286 3104 2346 ταῖς
3129 2284 3210 2345 είς
3237 2280 3298 2334 τὸ
3313 2278 3512 2348 φαῦλον
3535 2276 3791 2345 ἡδοναῖς,

2195 2380 2462 2454 μάχεσθαι
2486 2379 2597 2432 δεῖν
2619 2376 2926 2447 ἐγνωκότας
2950 2376 3064 2438 τοῖς
3093 2372 3148 2427 οἵ
3168 2389 3234 2440 γε
3260 2369 3511 2424 καλοῦσιν
3539 2366 3647 2433 ἔξω
3665 2365 3797 2418 τῶν

2190 2476 2424 2546 ἡδίστων
2468 2471 2683 2535 αὐτούς.
2721 2472 2798 2525 Ού
2831 2469 2940 2541 γὰρ
2970 2467 3192 2538 θυμήρη
3235 2466 3348 2526 τοῖς
3382 2457 3680 2531 φιληδόνοις
3712 2455 3797 2510 τὰ

2192 2568 2331 2639 πρὸς
2368 2564 2528 2619 τοῦτο
2572 2564 2837 2634 βλέποντα
2877 2560 3199 2632 μαθήματα.
3243 2553 3352 2608 Ἦν
3402 2548 3493 2606 οῦν
3525 2550 3635 2622 ἄρα
3667 2548 3798 2602 λοι-

2194 2657 2295 2713 πὸν
2346 2654 2597 2726 καθάπερ
2662 2652 2722 2716 ἐξ
2771 2650 3017 2718 ἀνάγκης
3059 2641 3543 2714 ἁναδειχθήσεσθαι
3605 2654 3798 2709 προσ-

2193 2752 2376 2821 δοκᾷν,
2434 2738 2559 2809 τοὺς
2604 2746 2658 2798 οἵ
2700 2761 2763 2811 γε
2822 2746 2879 2796 ἐν
2933 2740 3083 2805 τάξει
3130 2734 3400 2807 πολεμίων
3458 2731 3750 2821 γεγονότες
3776 2770 3793 2795 ,

2194 2841 2441 2909 διώξουσί
2504 2855 2562 2892 τε
2619 2837 2715 2891 καὶ
2782 2834 3215 2892 καταικίσονται,
3289 2828 3384 2881 καὶ
3461 2825 3568 2878 πᾶν
3640 2816 3795 2884 εἶδος

2194 2936 2538 3003 ἐπινοήσουσι
2613 2920 2955 2999 πειρασμῶν.
3027 2922 3310 2995 Ἀνδρείως
3374 2914 3467 2974 οὗν
3520 2917 3627 2988 ἀρα
3682 2916 3794 2969 καὶ

2197 3023 2334 3095 πρὸς
2365 3021 2523 3074 τοῦτο
2561 3017 2705 3092 ἔχειν
2753 3017 2950 3080 αὐτοὺς
2977 3011 3351 3067 διακελεύεται
3373 3007 3611 3076 Χριστὸς
3629 3044 3644 3070 ,
3671 3004 3791 3056 οὐκ

2198 3114 2487 3183 ἀποφήσας
2524 3112 2608 3164 ὅτι
2650 3108 2992 3180 συμϐήσεται
3015 3123 3028 3136 ·
3068 3103 3160 3158 διὰ
3200 3102 3258 3155 δὲ
3286 3099 3382 3154 τοῦ
3409 3098 3610 3172 χρῆναι
3643 3097 3793 3167 μᾶλα

523 3201 648 3265 rati,
674 3217 851 3256 meum
872 3204 1187 3260 institutum
1216 3215 1509 3276 sequentes
1529 3221 1630 3277 per
1651 3206 1870 3263 easdem
1903 3208 2093 3261 volun-

2201 3206 2292 3259 λον
2325 3204 2556 3273 δρᾶσθαι
2596 3201 2880 3264 νεανικοὺς
2911 3198 3221 3251 ἐπιτάττειν
3248 3192 3675 3266 προκηρύττων,
3699 3190 3799 3243 ὅτι

2337 3297 2345 3299 Α
2652 3290 2969 3299 _-...
3143 3290 3156 3299 .
3249 3285 3399 3299 η..

521 3300 663 3347 tates
697 3293 958 3360 incedite,
991 3304 1049 3350 ut
1077 3304 1133 3352 et
1165 3297 1366 3353 similis
1400 3298 1592 3369 gloria:
1622 3298 1746 3354 sitis
1779 3300 2097 3369 participes.

529 3400 548 3432 ι
583 3381 687 3448 Qui
731 3383 876 3438 enim
925 3387 1367 3457 compatiuntur,
1410 3399 1466 3443 et
1515 3389 1940 3459 conregnabunt
1973 3392 2040 3443 9’.
2079 3410 2096 3439 ι

523 3471 659 3528 Cum
692 3487 875 3531 autem
915 3477 1066 3533 addit
1103 3480 1330 3534 tertium
1357 3521 1370 3543 ,
1406 3481 1671 3536 nimirum
1709 3501 1720 3535 :
1762 3501 1778 3531 ι
1808 3479 1865 3536 Si
1895 3497 2103 3536 sermo-

524 3581 647 3622 nem
681 3583 864 3623 meum
911 3581 1304 3638 servaverunt,
1329 3581 1382 3626 Ct
1410 3580 1657 3629 vestrum
1694 3574 2036 3636 servabunt,
2081 3592 2098 3624 ι

522 3660 867 3729 despondere
906 3677 1001 3718 eos
1055 3665 1239 3719 animo
1293 3680 1401 3719 non
1455 3666 1623 3732 sinit,
1675 3665 1721 3721 si
1770 3664 2107 3735 quandoque

523 3752 829 3809 doctrinam
886 3771 1042 3809 suam
1084 3756 1308 3812 videant
1370 3772 1482 3812 non
1522 3756 1713 3826 recipi.
1750 3755 1907 3823 Quod
1956 3765 2107 3811 recte

522 3847 741 3913 quidem
782 3846 935 3902 facit.
975 3848 1268 3903 Existimat
1305 3850 1453 3903 enim
1502 3849 1596 3918 qui
1641 3849 1709 3902 ad
1758 3850 1808 3902 id
1860 3850 2106 3903 muneris

524 3938 770 4005 delectus
802 3948 889 3995 est
921 3939 1110 3996 irritos
1142 3955 1266 3996 esse
1295 3955 1425 3995 suos
1454 3940 1705 4003 labores,
1747 3940 1856 3996 nisi
1886 3941 2104 3996 audito-

526 4047 617 4087 res
656 4033 1037 4102 obtemperare
1080 4030 1249 4085 velint
1291 4032 1407 4088 suis
1440 4032 1818 4087 sermonibus.
1854 4030 1962 4088 Sed
1994 4049 2105 4088 non

529 4126 605 4178 ita
647 4139 735 4179 res
762 4131 888 4190 est;
925 4138 1086 4181 nemo
1121 4124 1223 4180 hoc
1256 4125 1361 4179 sibi
1398 4125 1749 4195 persuadeat.
1771 4124 1919 4181 .Nam
1954 4133 2106 4198 post-

528 4231 693 4283 quam
725 4218 1010 4273 consultor
1041 4232 1224 4273 rerum
1265 4216 1481 4272 utilium
1517 4218 1889 4289 cognitionem
1933 4221 2102 4275 semel

528 4310 799 4379 exposuit,
833 4309 979 4380 quod
1010 4309 1067 4365 in
1088 4325 1148 4366 se
1173 4317 1293 4365 erat
1318 4308 1580 4382 praestitit
1607 4327 1621 4363 :
1655 4314 1800 4381 quod
1828 4311 2104 4375 reliquum

527 4409 632 4462 est,
666 4402 720 4453 in
753 4401 1034 4455 voluntate
1058 4401 1374 4457 auditorum
1404 4409 1492 4459 est
1523 4403 1789 4474 positum.
1826 4402 1935 4459 Eos
1957 4405 2105 4458 enim

528 4491 595 4546 ad
630 4491 776 4561 quod
808 4491 1043 4562 quisque
1068 4494 1200 4549 velit
1227 4505 1552 4551 convertere
1583 4495 1801 4551 facilius
1832 4503 2105 4565 estquam

2208 3297 2556 3369 παρέσονται.
2600 3313 2618 3345 ι
2652 3293 2716 3347 Εἰ
2744 3292 2852 3364 γὰρ
2880 3290 3002 3362 ἐμὲ,
3033 3290 3219 3360 φησὶν,
3246 3285 3494 3352 ἐδίωξαν,
3521 3282 3617 3337 καὶ
3641 3281 3799 3350 ὑμᾶς

2205 3389 2510 3455 διώξουσιν.
2545 3407 2564 3438 ι
2620 3389 2763 3441 Ἴσον
2808 3386 2884 3446 ὡς
2924 3385 2972 3437 εί
3003 3383 3188 3451 ἔλεγεν
3210 3398 3223 3412 ·
3277 3376 3421 3447 Ἐγὼ
3458 3375 3567 3429 τῶν
3592 3374 3732 3428 ὅλων
3767 3374 3802 3426 6

2209 3481 2456 3551 ποιητὴς,
2476 3481 2505 3532 6
2533 3480 2709 3533 πάντα
2732 3477 2836 3531 ὑπὸ
2857 3480 3014 3548 χεῖρα
3037 3474 3198 3545 ἔχων,
3222 3472 3288 3527 τά
3312 3488 3373 3524 τε
3395 3472 3454 3523 ἐν
3469 3468 3550 3539 τῷ
3573 3464 3803 3537 ούρανῷ

2208 3572 2304 3625 καὶ
2335 3571 2403 3625 τά
2432 3571 2526 3624 ἐπὶ
2552 3569 2652 3639 τῆς
2679 3569 2805 3639 γῆς,
2831 3569 2891 3622 οὐ
2924 3567 3139 3638 χαλινὸν
3164 3563 3412 3634 ἐπέθηκα
3439 3563 3553 3625 τοῖς
3575 3559 3798 3628 θυμοῖς.

2207 3663 2328 3717 οὐδὲ
2356 3662 2619 3735 καθεῖρξα
2661 3662 2913 3734 καθάπερ
2947 3661 3150 3724 αικίαις
3197 3658 3258 3711 τὸ
3308 3655 3544 3710 ἑκάστου
3583 3654 3804 3722 κίνημα

2206 3755 2316 3809 τῶν
2342 3755 2735 3826 ἀκροωμένων,
2769 3753 2951 3824 ἐφῆκα
2980 3752 3037 3806 δέ
3074 3750 3276 3823 μᾶλλον
3297 3750 3365 3820 τῇ
3400 3748 3634 3801 ἑκάστου
3657 3760 3799 3815 προ-

2208 3848 2417 3919 αιρέσει
2446 3845 2507 3901 τὺ
2546 3845 2764 3900 ἑλέσθαι
2798 3845 2859 3900 τὸ
2886 3843 3097 3910 δοκοῦν,
3127 3844 3324 3915 δρᾶσαι
3354 3841 3412 3894 δὲ
3445 3840 3475 3893 ὅ
3507 3839 3561 3892 τί
3588 3854 3694 3906 περ
3723 3835 3802 3888 ἂν

2211 3940 2473 4013 βούλοιτο.
2525 3940 2637 3993 Καὶ
2680 3937 2813 4009 γοῦν
2840 3937 3174 4009 διωκόμενος
3207 3933 3575 4006 ἐκαρτέρουν,
3610 3928 3798 3983 καίτοι

2207 4033 2301 4088 τοῦ
2343 4032 2678 4088 διακωλῦσαι
2717 4032 2858 4103 ἔχων
2888 4031 2988 4102 τὴν
3032 4028 3304 4097 ἐξουσίαν.
3339 4027 3512 4081 Ὅταν
3556 4019 3650 4077 οὖν
3682 4023 3799 4093 ἀρα

2208 4124 2480 4198 διὼκησθε
2530 4125 2626 4179 καὶ
2691 4124 2847 4178 αὐτοὶ
2897 4118 3390 4192 διακαρτεροῦντες
3448 4114 3800 4187 παραχρῆμα

2208 4218 2308 4291 τὴν
2335 4218 2446 4273 τῶν
2480 4215 2782 4288 μισούντων
2807 4212 3159 4286 ἀποτροπὴν,
3212 4210 3347 4283 μηδέ
3394 4206 3799 4279 δυσφοροῦντες

2210 4312 2349 4381 ἀγαν
2389 4312 2481 4366 ἐπὶ
2520 4312 2641 4373 ταῖς
2668 4306 3016 4379 ἀχαριστίαις
3053 4305 3163 4359 τῶν
3187 4301 3617 4374 ὠφελουμένων,
3657 4314 3797 4351 κατ’

2208 4404 2334 4457 όπιν
2360 4403 2458 4473 τῆς
2488 4402 2628 4472 ἐμῆς
2658 4402 2826 4464 ἰόντες
2850 4396 3164 4468 οἰκονομίας
3183 4436 3197 4462 ,
3232 4394 3321 4449 διὰ
3353 4393 3463 4447 τῶν
3493 4391 3677 4445 αὐτῶν
3699 4388 3799 4461 ερ-

2210 4497 2369 4569 χεσθε
2424 4494 2780 4566 θελημάτων,
2836 4492 2924 4545 ῖνα
2970 4489 3197 4560 καὶτῆς
3239 4487 3431 4557 ὁμοίας
3483 4483 3797 4554 μετάσχητε

528 4582 593 4637 ad
634 4582 963 4654 obsequium
985 4622 1000 4647 ,
1041 4592 1136 4639 aut
1160 4593 1376 4641 contra.
1417 4587 1656 4642 Strenue
1688 4586 1875 4657 itaque
1905 4587 2093 4643 debent

2210 4590 2389 4660 δόξης.
2416 4607 2434 4639 ι
2458 4590 2520 4642 Oi
2541 4588 2649 4659 γὰρ
2672 4584 3088 4657 συμπάσχοντες
3112 4581 3210 4636 καὶ
3226 4598 3290 4633 συ
3298 4576 3748 4651 μόασιλεύσουσι.
3772 4593 3795 4626 ι

527 4691 714 4730 rerum
749 4674 1081 4746 optimarum
1115 4677 1365 4748 magistri
1410 4686 1465 4733 et
1524 4677 1617 4748 qui
1654 4692 1780 4732 cum
1816 4677 1920 4735 ﬁde
1947 4681 2109 4750 perti~

527 4781 654 4821 cere
685 4780 850 4836 posse
881 4765 1131 4821 tribuunt
1162 4783 1284 4838 quae
1313 4768 1451 4825 alias
1478 4784 1589 4823 non
1624 4783 1923 4850 possumus
1953 4785 2106 4826 asse-

528 4861 623 4929 qui
651 4901 666 4925 ,
700 4861 863 4916 etiam
888 4859 1197 4930 desperatis
1220 4861 1530 4916 doctrinam
1561 4877 1666 4933 qua
1695 4862 1879 4934 jnvari
1905 4874 2107 4934 queant

531 4956 777 5009 inserere
810 4954 1016 5009 virtute
1061 4953 1263 5008 divina.
1312 4954 1467 5020 Quod
1496 4955 1716 5026 quidem
1753 4955 1959 5010 factum
1990 4956 2108 5011 sive

530 5055 676 5102 recte
708 5047 1096 5102 adumbratum
1130 5047 1183 5101 in
1220 5048 1311 5101 illa
1343 5047 1733 5105 distributione
1761 5050 2101 5103 talentorum

528 5139 953 5208 comperiemus.
985 5136 1085 5193 Hic
1112 5138 1257 5193 enim
1285 5141 1471 5195 decem
1499 5142 1782 5210 accepisse
1806 5139 2105 5208 reperitur,

529 5230 618 5285 ille
648 5230 891 5300 quinque
912 5271 927 5296 ,
976 5231 1119 5287 alius
1157 5242 1343 5286 autem
1388 5232 1533 5299 duo,
1581 5239 1634 5287 et
1664 5231 1810 5285 alius
1840 5238 2105 5298 praeterea

531 5336 735 5385 unum,
778 5322 874 5392 qui
909 5331 1276 5378 mercaturam
1319 5323 1502 5379 facere
1552 5338 1792 5377 renuens
1837 5322 2103 5377 talentum

528 5412 679 5466 humi
709 5410 922 5467 infudit.
945 5411 1291 5485 Proindequc
1317 5412 1507 5467 audit:
1545 5432 1563 5464 ι
1595 5412 1766 5502 serve
1787 5428 2023 5482 nequam
2052 5422 2107 5469 et

529 5505 706 5576 piger,
722 5506 967 5576 oportuit
985 5513 1037 5561 te
1062 5507 1403 5561 committere
1425 5506 1712 5575 pecuniam
1734 5521 1907 5561 meam
1941 5523 2105 5561 num-

530 5597 780 5652 mulariis
803 5639 820 5665 ,
850 5605 907 5652 et
935 5598 1164 5652 veniens
1208 5611 1312 5667 ego
1350 5597 1687 5666 recepissem
1722 5598 1919 5670 utique
1955 5600 2103 5670 quod

529 5701 709 5753 meum
756 5696 879 5752 est,
921 5699 1044 5740 cum
1096 5701 1263 5741 usura
1296 5689 1333 5740 ί.
1372 5707 1390 5739 ι
1438 5687 1914 5755 Quemadmodum
1956 5691 2101 5746 enim

597 5866 642 5897 "
666 5866 713 5928 ll
740 5866 884 5930 Tim.
910 5882 971 5935 ιι,
1006 5869 1094 5929 ιιι.
1191 5869 1209 5899 ⁸
1232 5866 1420 5923 Matth.
1457 5881 1585 5934 xxv,
1607 5866 1700 5923 τε.

2212 4681 2479 4756 Προσθεὶς
2524 4680 2581 4733 δὲ
2615 4679 2713 4733 καὶ
2746 4678 2929 4748 τρίτον
2950 4715 2965 4741 ,
3007 4694 3025 4728 ι
3055 4676 3121 4728 El
3144 4674 3238 4727 τὸν
3264 4671 3423 4740 λόγον
3457 4687 3562 4741 μου
3592 4668 3799 4737 ἐτήρη-

2214 4790 2315 4827 σαν
2334 4814 2348 4836 ,
2390 4772 2488 4825 καὶ⁹
2533 4772 2623 4825 τὸν
2652 4771 2920 4842 ὑμέτερον
2948 4769 3306 4840 τηρήσουσιν,
3338 4782 3357 4817 ι
3394 4762 3619 4831 ἀθύμως
3649 4759 3800 4830 ἔχειν

2211 4864 2314 4916 οὐκ
2345 4862 2411 4933 ἐᾷ
2460 4860 2535 4932 μὴ
2588 4857 3019 4931 παραδεχθείσης
3070 4854 3253 4910 αὐτῶν
3297 4852 3394 4923 τῆς
3440 4848 3798 4912 διδασκαλίας

2210 4953 2323 5009 ἐσθ’
2354 4955 2463 5009 ὅτε.
2511 4955 2664 5008 Ποιεῖ
2704 4952 2762 5006 δέ
2800 4951 3005 5023 σφόδρα
3047 4948 3140 5013 καὶ
3182 4946 3342 5001 τοῦτο
3368 4943 3572 5007 καλῶς.
3607 4936 3797 4996 Οῖέται

2215 5046 2315 5116 μὲν
2342 5046 2452 5115 γάρ
2483 5046 2511 5099 6
2545 5044 2682 5115 πρὸς
2708 5042 2869 5096 τοῦτο
2902 5036 3442 5112 προκεχειρισμένος,
3476 5036 3560 5088 ὅτι
3616 5035 3796 5087 πόνων.

2212 5136 2422 5206 ὑπέστη
2460 5135 2690 5205 ζημίαν,
2722 5135 2770 5187 εί
2802 5134 2875 5206 μὴ
2906 5130 3181 5203 βούλοιντό
3214 5145 3360 5192 τινες
3386 5128 3501 5190 τοῖς
3539 5127 3671 5196 παρ’
3693 5125 3798 5178 αύο

2210 5229 2307 5283 τοῦ
2339 5226 2624 5282 πείθεσθαι
2654 5226 2834 5294 λόγοις
2859 5241 2873 5257 ο
2905 5224 2967 5279 τὸ
2988 5223 3044 5278 δὲ
3063 5223 3161 5294 οὐχ
3194 5219 3366 5283 οὕτως
3397 5218 3541 5289 ἔχει·
3582 5216 3659 5288 μὴ
3685 5214 3797 5285 γὰρ

2207 5324 2271 5395 δή
2296 5339 2380 5386 τις
2405 5320 2599 5376 οἰέσθω
2628 5318 2809 5372 ποθέν.
2856 5314 3109 5387 Εἰρηκὼς
3136 5314 3245 5385 γὰρ
3275 5309 3424 5376 ἅπαξ
3454 5309 3549 5366 καὶ
3579 5308 3678 5380 τὴν
3700 5305 3795 5359 τοῦ

2212 5394 2589 5487 συμφέροντος
2612 5410 2814 5481 γνῶσιν
2843 5411 2874 5462 6
2902 5407 3203 5479 σύμϐουλος
3236 5403 3523 5475 παραθεὶς,
3559 5402 3698 5472 ὅπερ
3724 5394 3795 5469 ἦν

2212 5509 2272 5562 ἐν
2302 5505 2451 5577 αὐτῷ
2475 5503 2634 5569 τοῦτο
2675 5503 2772 5557 καὶ
2801 5501 3049 5574 δέδρακε
3089 5500 3332 5554 κείσεται
3376 5495 3567 5549 λοιπὸν
3592 5496 3650 5548 ἐν
3670 5493 3793 5553 ταῖς

2216 5599 2329 5654 τῶν
2361 5596 2727 5670 ἀκροωμένων
2759 5593 3027 5666 γνώμαις.
3083 5588 3399 5663 Τραπέσθαι
3438 5588 3552 5659 γὰρ
3594 5586 3793 5647 αὐτοὺς

2212 5693 2297 5762 ἐφ’
2325 5693 2464 5763 ὅπερ
2486 5689 2715 5752 ἕκαστος
2741 5687 2912 5742 ἐθέλει
2946 5686 3123 5758 ῥάδιον
3153 5686 3186 5756 ἡ
3218 5683 3333 5755 [πο.
3351 5680 3414 5754 ἢ]
3446 5680 3586 5751 πρὸς
3611 5676 3796 5739 36mi-
