3998 6318
165 347 266 406 4θῦ

1166 341 1230 396 IN
1269 341 1554 396 JOANNIS
1591 338 2035 394 EVANGELIUM
2078 340 2203 394 LIB.
2248 341 2315 396 Χ.

3298 331 3402 386 ωδ

167 462 330 526 θειαν,
363 459 474 531 ῆτὸ
501 456 758 512 ἐναντίον.
811 458 925 510 Οὐκ
957 457 1291 527 ἀποκνητέον
1334 453 1426 511 οὗν
1458 458 1564 527 ἀρα
1610 457 1720 516 τοῖς

1840 455 2100 523 ιειῆροιξε,
2131 467 2276 508 terra
2306 459 2489 505 aratro
2521 447 2799 520 proscissa
2854 445 3108 515 factaque
3136 453 3401 506 semente.

167 551 268 605 τῶν
286 550 520 620 ἀρίστων
543 550 882 618 είσηγηταῖς,
905 548 967 601 τὸ
988 549 1082 601 καὶ
1103 548 1444 616 ἀπεγνωκόσι
1475 548 1565 601 τὸν
1584 548 1726 616 ὠφε-

169 641 272 693 λεῖν
299 641 592 710 δυνάμενον
620 639 924 710 ὲνσπείρειν
948 639 1106 708 λόγον
1133 643 1199 710 τῇ
1224 640 1346 709 θείᾳ
1361 639 1608 709 δυνάμει,
1636 640 1727 691 καὶ

171 732 233 786 τὰ
249 734 376 802 ἡμῖν
396 732 492 784 οὐκ
517 730 712 800 ἐφικτὰ
732 730 992 784 δύνασθαι
1009 731 1307 800 κατορθοῦν
1328 730 1465 802 μετά
1492 731 1728 794 πίστεως

171 821 548 890 ἀπονέμουσιν,
584 821 612 872 δ
638 820 702 890 δὴ
731 820 826 873 καὶ
857 820 1098 888 γεγονὸς,
1129 821 1250 890 ἦτοι
1283 819 1462 881 καλῶς
1484 821 1728 888 ἐσχημα-

171 910 413 976 τισμένον
448 911 541 962 καὶ
573 912 630 964 ὲν
659 912 779 973 ταῖς
804 909 912 962 τῶν
937 911 1215 964 ταλάντων
1249 910 1530 979 διανομαῖς
1565 907 1732 979 εὑρήο

176 1017 344 1069 σομεν.
383 1001 441 1053 '0
467 1001 565 1070 μὲν
591 1001 697 1072 γὰρ
716 1001 1025 1071 εὑρίσκεται
1043 1001 1172 1054 δέκα
1193 999 1392 1062 λαϐὼν,
1414 1001 1443 1052 ὀ
1475 999 1532 1052 δὲ
1550 999 1730 1061 πέντε,

173 1097 199 1147 ό
227 1095 277 1147 δὲ
307 1093 426 1156 δύο,
457 1095 550 1146 καὶ
583 1094 721 1165 πρὸς
753 1095 961 1158 τούτοις
991 1095 1067 1148 ἔτι
1098 1095 1158 1148 τὸ
1193 1094 1280 1158 ἓν,
1317 1095 1376 1158 ὃς
1409 1095 1473 1164 δὴ
1508 1096 1601 1148 καὶ
1634 1095 1733 1164 ἐμ-

176 1183 533 1252 πορεύσασθαι
557 1185 1016 1255 παραιτούμενος,
1039 1186 1316 1255 κατέχωσε
1345 1187 1441 1256 μὲν
1468 1187 1528 1238 τὸ
1546 1186 1736 1240 τάλανι

173 1292 257 1327 τον
290 1277 366 1337 είς
412 1275 511 1346 τὴν
554 1277 675 1345 γῆν.
731 1277 967 1329 Ἤκουσε
1012 1277 1069 1329 δὲ
1109 1277 1198 1330 διὰ
1248 1277 1405 1330 τοῦτο
1429 1295 1442 1308 ⁸
1480 1297 1496 1326 ι
1527 1277 1735 1346 Πονηρὲ

173 1363 316 1415 δοῦλε
365 1365 458 1416 καὶ
501 1365 729 1434 ὀκνηρὲ,
771 1365 879 1418 ἔδει
911 1381 968 1417 σε
1014 1365 1194 1435 βαλεῖν
1237 1366 1298 1419 τὸ
1340 1366 1601 1436 ἀργύριόν
1636 1386 1735 1437 μου

174 1457 278 1517 τοῖς
325 1455 712 1524 τραπεζίταις,
782 1456 938 1525 κάγὼ
979 1455 1145 1509 ἐλθὼν
1182 1457 1525 1527 ἐκομισάμην
1572 1458 1637 1510 ἂν
1678 1459 1738 1511 τὸ

175 1545 297 1615 ἐμὸν
327 1547 421 1598 σὺν
445 1547 610 1617 τόκῳ.
641 1567 658 1599 ι
689 1548 896 1618 ’Ὀνπερ
925 1547 1035 1618 γάρ
1063 1548 1262 1618 τρόπον
1292 1548 1340 1600 oi
1372 1548 1505 1618 πρὸς
1543 1548 1610 1600 τὰ
1640 1549 1736 1618 τῆς

175 1637 427 1706 γηπονίας
476 1636 612 1708 ἔργα
654 1641 1122 1710 γεγυμνασμένοι,
1169 1640 1262 1692 καὶ
1299 1640 1486 1693 τοῦτον
1523 1639 1738 1710 ἔχοντες

176 1724 257 1775 τὸν
308 1728 544 1789 σκοπὸν,
595 1728 984 1797 ἀνατέμνοντες
1029 1732 1140 1790 τοῖς
1187 1729 1436 1798 ἀρότροις
1478 1730 1575 1800 τὴν
1615 1731 1735 1799 γῆν,

1828 561 1935 599 non
1968 545 2082 613 jam
2111 560 2226 599 sua:
2257 542 2466 613 peritia:
2499 541 2705 609 reliqua
2745 539 3033 600 tribuunt,
3069 534 3162 589 sed
3202 532 3403 586 divina:

1827 636 2088 708 potestati
2119 635 2432 704 relinquunt
2453 632 2636 702 potius
2661 637 2714 685 et
2733 630 2943 700 gratiae,
2963 641 3158 696 nempe
3190 624 3400 682 semina

1829 737 1988 784 term
2013 727 2270 782 mandata
2298 726 2568 790 radicare,
2593 723 2756 794 902
2785 730 2838 777 et
2870 723 2922 776 iu
2960 720 3257 791 perfectam
3284 717 3399 771 fru-

1829 836 1949 891 gem
1975 821 2213 876 educare
2255 838 2270 875 :
2321 820 2401 874 sic
2437 817 2675 872 arbitror
2714 831 2896 870 rerum
2928 815 3195 868 bonarum
3223 810 3401 879 magiu

1831 925 2004 970 Strum
2027 912 2332 966 doctrinam
2360 910 2625 964 duntaxat
2655 907 2921 976 impertiri
2951 905 3170 968 debere,
3203 910 3402 957 caetera

1831 1019 1960 1060 vero
1993 1003 2102 1058 Deo
2144 1002 2475 1072 relinquere.
2517 998 2837 1054 Remedium
2887 997 3074 1066 itaque
3123 995 3402 1050 solvendas

1834 1095 2274 1169 pusillanimitati
2306 1103 2360 1150 et
2395 1093 2628 1164 pigritiae
2669 1091 3108 1147 adhortationem
3156 1086 3399 1140 adhibet.

1833 1187 1912 1244 Ne
1947 1186 2252 1258 gravemini
2283 1185 2506 1256 quippe,
2537 1184 2634 1246 ait,
2670 1197 2834 1252 porro
2861 1181 3078 1242 docere,
3111 1179 3242 1232 licet
3273 1179 3401 1247 qui-

1835 1282 1956 1334 dam
1987 1279 2153 1334 semel
2191 1277 2458 1332 admoniti
2486 1275 2792 1330 doctrinam
2826 1273 2930 1328 sibi
2969 1270 3223 1326 traditam
3266 1283 3404 1321 con-

1835 1380 2121 1434 temnant;
2170 1368 2263 1425 sed
2311 1383 2435 1421 cum
2483 1379 2634 1420 meas
2678 1378 2899 1434 quoque
2929 1377 3094 1416 voces
3140 1376 3170 1413 a
3216 1359 3404 1413 multis

1837 1459 2164 1529 quandoque
2190 1456 2508 1528 repudiatas
2539 1455 2805 1514 cernatis,
2834 1453 3004 1507 nolite
3033 1465 3198 1521 supra
3229 1464 3404 1504 meam

1835 1553 2063 1624 gloriam
2095 1551 2274 1607 eﬂ'erri
2295 1590 2311 1614 ,
2345 1549 2438 1606 sed
2475 1551 2528 1603 in
2575 1550 2681 1602 hoc
2713 1563 2912 1601 rursus
2946 1560 3086 1615 pone
3119 1557 3407 1597 remanen-

1837 1653 1939 1707 tes,
1985 1645 2224 1697 animum
2267 1659 2334 1696 ne
2373 1640 2788 1710 despondeatis.
2823 1637 2936 1691 Hoc
2976 1647 3158 1691 autem
3195 1635 3408 1688 discere

1841 1737 1994 1790 valde
2024 1736 2396 1790 necessarium
2430 1741 2548 1788 erat
2577 1733 2788 1787 sanctis
2817 1730 3083 1800 apostolis
3105 1768 3121 1794 ,
3155 1727 3285 1797 quia
3313 1741 3410 1795 per

177 1811 284 1868 εἶτα
322 1817 397 1887 τῷ
437 1817 591 1887 βώλῳ
621 1819 711 1871 τὸν
762 1819 960 1890 σπόρον
988 1818 1359 1889 ἐγχώσαντες,
1400 1821 1587 1873 οὐκέτι
1621 1824 1738 1883 ταῖς

1844 1825 2156 1880 universum
2197 1823 2384 1877 orbem
2426 1821 2750 1875 constitutis
2795 1818 3111 1872 hominibus
3161 1815 3406 1869 divinum

180 1909 377 1962 ἑαυτῶν
411 1911 725 1981 ἐμπειρίαις
755 1912 1091 1981 ἀπονέμουσι
1125 1912 1192 1964 τὰ
1230 1912 1411 1974 λοιπά,
1443 1915 1506 1982 τῇ
1536 1912 1592 1964 δὲ
1621 1913 1740 1984 θεία

182 2002 370 2070 μᾶλλον
414 2004 774 2074 ἐπιτρέπουσι
799 2004 1024 2074 δυνάμει
1059 2006 1153 2056 καὶ
1186 2005 1398 2075 χάριτι,
1429 2005 1490 2057 τὸ
1515 2004 1740 2074 ριξῶσαί

180 2107 312 2160 φημι
342 2091 400 2145 τὸ
440 2093 776 2163 καταϐληθὲν
810 2095 904 2146 καὶ
947 2096 1028 2158 είς
1057 2095 1268 2164 καρπὸν
1309 2095 1609 2165 ἀναθρέψαι
1650 2096 1741 2148 τὸν

179 2181 388 2235 τέλειον·
409 2184 581 2248 οὕτως
604 2181 754 2256 οἶμαι
771 2186 880 2238 δεῖν
900 2185 988 2238 τὸν
1004 2186 1113 2240 τῶν
1139 2185 1425 2256 βελτίστων
1446 2189 1741 2258 εἰσηγητὴν

177 2271 441 2342 διανέμειν
472 2275 649 2343 μόνως
678 2275 768 2330 τὸν
806 2277 982 2345 λόγον,
1016 2277 1224 2346 ὲφεῖναί
1249 2294 1310 2345 γε
1353 2277 1459 2348 μὴν
1483 2280 1550 2331 τὰ
1581 2277 1740 2331 λοιπά

181 2362 252 2432 τῷ
273 2365 406 2435 Θεῷ.
434 2368 729 2438 Φάρμακον
758 2366 848 2422 οὖν
872 2369 978 2440 ἄρα
1013 2369 1376 2440 μικροψυχίας
1403 2388 1462 2423 τε
1495 2372 1588 2424 καὶ
1608 2372 1743 2442 ἀκη-

179 2455 290 2516 δίας
320 2456 536 2512 λυτικὺν
564 2462 758 2529 ἐπάγει
794 2464 906 2524 τοῖς
944 2462 1135 2515 ἑαυτοῦ
1174 2462 1443 2532 μαθηταῖς
1465 2465 1493 2515 ὁ
1529 2463 1738 2532 Σωτὴρ,

184 2546 269 2599 καὶ
294 2548 388 2618 τὴν
418 2550 512 2602 ἐπὶ
540 2552 714 2623 τούτῳ
738 2553 1078 2624 παραίνεσιν.
1101 2554 1191 2623 Μὴ
1218 2552 1326 2623 γάρ
1349 2553 1415 2623 δὴ
1439 2558 1738 2619 κατοκνεῖν,

183 2639 364 2706 φησὶν,
410 2639 599 2694 ἕλεσθὲ
639 2659 767 2696 ποτε
803 2643 1076 2698 διδάσκειν
1107 2644 1186 2698 ἔτι
1210 2685 1224 2707 ,
1261 2645 1354 2697 καὶ
1387 2646 1434 2697 εί
1459 2645 1566 2698 τῶν
1595 2645 1743 2710 ἅπαξ

183 2731 643 2800 νενουθετημένων
685 2736 828 2798 τινὲς
869 2737 1057 2790 οὐδένα
1098 2739 1333 2789 ποιοῖντο
1359 2738 1456 2808 τῆς
1493 2737 1742 2810 δοθείσης

183 2821 352 2885 αὐτοῖς
375 2823 725 2888 διδασκαλίας
751 2826 843 2880 τὸν
865 2825 1017 2895 λόγον
1041 2842 1054 2854 ’
1084 2828 1196 2880 ἀπα
1205 2827 1491 2899 ραδέκτους
1514 2828 1569 2882 δὲ
1592 2830 1742 2903 παρὰ

185 2912 386 2976 πολλοῖς
434 2915 532 2966 καὶ
573 2916 670 2979 τὰς
720 2917 859 2986 ἐμὰς
890 2917 1120 2974 ἔσθ’,ὃτε
1157 2919 1338 2986 φωνὰς
1373 2919 1739 2990 εὑρίσκοντες,

128 3067 136 3086 ι
185 2998 255 3069 μὴ
279 3001 372 3071 τῆς
394 3004 538 3072 ἐμῆς
559 3005 940 3076 ὑπερτείνεσθε
962 3007 1137 3077 δόξης,
1164 3009 1267 3060 κάν
1297 3008 1470 3080 τούτῳ
1490 2993 1553 3062 ’δὲ
1583 3011 1742 3065 πάλιν

183 3090 400 3143 κατόπιν
432 3093 704 3161 μένοντες,
721 3095 783 3149 τὸ
805 3095 968 3149 δυσθυ
977 3099 1098 3166 μεῖν
1117 3098 1530 3168 ἀποπέμπεσθε.
1551 3102 1739 3170 Ἀναγο

183 3184 429 3254 καιοτάτη
473 3184 533 3258 δὲ
579 3186 843 3258 τούτωνὴ
877 3187 1111 3259 μάθησις
1139 3183 1206 3260 ἦν
1251 3193 1361 3253 τοῖς
1411 3191 1584 3259 ἁγίοις
1614 3195 1749 3246 ἀπο-

186 3273 410 3340 στόλοις,
485 3277 720 3348 ὲπείπερ
764 3277 986 3349 ἔμελλον
1030 3279 1378 3351 διακηρύξειν
1420 3285 1532 3347 τοῖς
1578 3285 1749 3338 ἀπαν-

185 3365 312 3435 ταχῆ
342 3366 430 3418 τὸν
460 3367 608 3420 θεῖόν
651 3385 708 3420 τε
754 3371 847 3422 καὶ
880 3373 1144 3442 σωτήριον
1173 3372 1350 3437 λόγον.
1423 3376 1530 3428 Καὶ
1564 3377 1695 3444 γοῦν
1721 3379 1749 3431 ὁ

187 3455 460 3523 θεσπέσιος
486 3460 702 3524 Παῦλος
722 3504 734 3526 ,
779 3464 873 3516 ἆτε
906 3463 968 3533 δὴ
999 3465 1132 3533 πρὸς
1164 3465 1469 3537 ἀποστολὴν
1495 3468 1582 3522 διὰ
1614 3471 1749 3541 Χρι-

189 3549 303 3602 στοῦ
352 3555 888 3624 προκεχειρισμένος,
917 3556 1154 3620 τοιοῦτός
1204 3575 1288 3621 τις
1336 3560 1466 3628 ἡμῖν
1512 3561 1750 3629 γεγονὼς

189 3645 532 3711 κατεφαίνετο
553 3685 568 3705 ,
611 3647 705 3698 καὶ
730 3646 818 3700 διὰ
841 3649 937 3718 τῆς
982 3649 1041 3700 ὲν
1072 3649 1280 3713 τούτοις
1312 3651 1560 3720 ἀνδρείας
1595 3652 1752 3722 ἐρχό-

193 3750 340 3802 μενος
365 3737 561 3805 ὁρᾶται
591 3736 868 3800 πολλάκις.
900 3739 1023 3792 Ὅτι
1050 3739 1157 3812 γὰρ
1187 3741 1281 3794 καὶ
1312 3739 1613 3808 φιλοδοξίας
1648 3759 1748 3794 κα-

189 3830 464 3894 ταφρονεῖν
485 3827 626 3898 ᾤετο
651 3829 778 3890 δεῖν,
806 3829 1022 3898 ἀλογεῖν
1041 3831 1095 3883 δὲ
1120 3831 1322 3903 σφόδρα
1349 3833 1445 3885 κα)⁸
1470 3833 1750 3904 διωγμῶν,

192 3915 414 3970 ἐποιεῖτο
455 3919 515 3971 δὲ
549 3919 676 3988 περὶ
704 3918 898 3972 πολλοῦ
920 3959 935 3982 ,
988 3921 1082 3972 καὶ
1110 3920 1171 3973 τὸ
1209 3922 1284 3992 μὴ
1325 3922 1444 3974 λίαν
1474 3924 1752 3990 ἐκκακεῖν,

193 4005 280 4057 καὶ
310 4006 361 4058 εἴ
389 4010 491 4060 πού
529 4025 670 4071 τινες
704 4009 839 4072 ὅλως
867 4009 958 4062 τὸν
986 4009 1132 4074 ἅπαξ
1162 4012 1345 4075 αὐτοῖς
1378 4014 1754 4086 ἐγκατεσπαρ-

198 4098 345 4165 μένον
379 4102 438 4152 οὐ
475 4101 844 4172 παρεδέξαντο
875 4103 1052 4171 λόγον,
1083 4103 1264 4174 ῥᾴδιον
1295 4106 1581 4171 ἐπιδεῖξαι.
1616 4111 1757 4183 Γρά-

195 4204 278 4254 φει
303 4191 408 4262 γὰρ
435 4193 574 4263 πρός
604 4209 778 4257 τινας·
837 4212 855 4244 ι
896 4193 1086 4262 Ὑμεῖς
1127 4194 1379 4264 φρόνιμοι
1428 4197 1488 4248 ὲν
1513 4199 1756 4270 Χριστῷ,

1840 1926 1894 1973 ct
1940 1918 2240 1973 salutarem
2293 1929 2604 1971 sermonem
2663 1912 2960 1982 praedicare
3007 1908 3294 1964 debebant.
3343 1904 3409 1958 Et

1841 2007 2064 2079 quidem
2117 2007 2338 2062 divinus
2380 2005 2605 2068 Paulus,
2636 2012 2822 2072 utpote
2876 2018 2971 2071 per
3022 1998 3313 2079 Christum
3341 1997 3407 2050 ad

1841 2097 2205 2167 apostolatum
2241 2097 2475 2160 electus,
2511 2095 2639 2148 talis
2672 2093 2833 2147 nobis
2865 2092 3014 2144 visus
3058 2098 3161 2151 est,
3194 2103 3256 2141 ac
3296 2077 3409 2156 pari

1841 2190 2009 2244 animi
2041 2189 2244 2245 virtute
2291 2189 2556 2257 praeditus
2594 2201 2737 2256 saepe
2778 2185 3046 2238 cernitur.
3079 2180 3235 2247 Quod
3264 2181 3410 2232 enim

1843 2283 2060 2336 inanem
2089 2281 2318 2350 gloriam
2351 2278 2807 2334 contemnendam
2842 2284 3058 2346 putaret
3083 2315 3098 2336 ,
3146 2283 3198 2328 et
3230 2287 3412 2342 perse—

1843 2374 2098 2439 cutiones
2124 2372 2281 2426 nihili
2307 2371 2609 2433 faciendas,
2646 2384 2822 2438 neque
2850 2365 3129 2421 ferendum
3159 2363 3413 2417 acerbius

1841 2467 1884 2520 si
1913 2466 2004 2535 qui
2037 2465 2222 2519 forsan
2257 2463 2362 2518 sibi
2395 2463 2700 2530 dispersum
2732 2473 3040 2515 sermonem
3075 2473 3182 2511 non
3219 2469 3406 2510 susce-

1841 2558 2093 2627 pissent,
2127 2555 2287 2608 facile
2316 2561 2399 2606 est
2434 2551 2750 2606 ostendere.
2786 2549 2995 2603 Scribit
3025 2549 3170 2602 enim
3211 2546 3274 2600 ad
3314 2545 3414 2598 ali-

1841 2665 2017 2721 quos:
2055 2670 2071 2700 ι
2102 2649 2210 2702 Vos
2241 2648 2534 2718 prudentes
2561 2647 2616 2699 in
2647 2643 2892 2707 Christo,
2917 2656 3017 2696 nos
3043 2647 3222 2693 autem
3255 2638 3412 2691 stulti

1843 2748 2064 2812 propter
2093 2739 2374 2794 Christqu
2411 2756 2425 2791 :
2459 2749 2560 2789 nos
2590 2732 2791 2787 infirmi
2819 2773 2834 2797 ,
2863 2744 2958 2784 ros
2985 2735 3166 2780 autem
3196 2723 3367 2779 fortes
3399 2744 3412 2777 :

1842 2849 1943 2888 nos
1975 2831 2244 2902 ignobiles
2271 2871 2286 2894 ,
2335 2845 2432 2883 vos
2463 2837 2646 2882 autem
2684 2824 2914 2878 nobiles.
2959 2819 3148 2889 Usque
3180 2819 3234 2871 in
3275 2817 3417 2870 hanc

1843 2924 2034 2977 horam
2071 2928 2125 2976 et
2170 2922 2419 2982 sitiiuus,
2471 2927 2526 2972 et
2564 2916 2842 2973 esurimus
2869 2917 2910 2968 ¹.
2945 2931 2963 2964 ι
3008 2910 3073 2964 Ει
3106 2916 3368 2981 praeterea
3400 2926 3415 2963 :

1847 3035 1864 3066 ι
1912 3012 2196 3082 Tanquam
2224 3018 2606 3080 purgamenta,
2643 3005 2840 3074 inquit,
2872 3003 3038 3070 hujus
3071 2999 3254 3054 mundi
3289 2998 3417 3051 facti

1773 3133 1818 3192 α
1851 3121 2072 3166 sumus,
2103 3102 2344 3158 omnium
2373 3099 2674 3170 peripsema
2706 3112 2878 3165 usque
2917 3095 3093 3149 adhuc
3120 3091 3159 3146 ⁸.
3197 3109 3214 3142 ι
3253 3087 3420 3144 Vides

1854 3207 1912 3251 ut
1942 3195 2294 3265 splendorem
2340 3201 2395 3247 et
2435 3191 2662 3260 gloriam
2713 3187 2903 3242 mundi
2949 3191 3174 3254 superet
3204 3189 3423 3252 propter

1848 3290 2054 3345 Christi
2075 3285 2437 3342 mandatum?
2467 3282 2666 3337 Strenu
2681 3296 2766 3333 um
2796 3287 2978 3332 autem
3003 3276 3059 3329 in
3081 3271 3422 3345 persecutio-

1851 3383 2013 3437 nibus
2041 3381 2282 3433 animum
2314 3375 2610 3446 praeferens
2639 3373 2817 3426 aiebat
2845 3388 2858 3424 :
2919 3386 2935 3419 ι
2968 3367 3104 3434 Quis
3137 3379 3238 3418 nos
3269 3375 3424 3431 sepa-

1850 3474 1993 3528 rabit
2029 3486 2057 3524 a
2088 3469 2357 3523 charitate
2384 3465 2630 3520 Christi?
2657 3461 2964 3517 Tribulatin
2984 3499 2998 3522 ,
3035 3473 3104 3512 an
3133 3454 3385 3524 angustia
3407 3490 3422 3514 ,
3511 3471 3514 3474 η

1852 3579 1919 3618 an
1951 3571 2257 3633 persecutio
2280 3598 2294 3620 ,
2331 3573 2397 3610 an
2433 3557 2604 3610 fames
2635 3595 2648 3617 ,
2702 3569 2768 3607 an
2803 3551 3025 3604 uuditas
3051 3590 3065 3612 ,
3109 3563 3176 3599 an
3209 3546 3424 3615 pericu-

1853 3656 2000 3717 lum,
2037 3667 2104 3705 an
2145 3648 2444 3720 gladius‘?
2481 3667 2499 3697 ι
2539 3644 2680 3710 Quin
2716 3643 2880 3697 etiam
2918 3642 2984 3692 ad
3029 3638 3166 3692 alios
3195 3634 3422 3688 scribit:

1860 3766 1878 3799 ι
1918 3745 2117 3799 Eadem
2151 3742 2306 3796 vobis
2346 3740 2529 3792 dicere
2555 3775 2570 3800 ,
2618 3733 2751 3788 mihi
2779 3730 3000 3802 quidem
3035 3743 3142 3782 non
3175 3726 3424 3796 pigrum,

1855 3839 2012 3893 vobis
2052 3843 2234 3889 autem
2287 3829 2657 3886 necessarium
2687 3825 2729 3880 '.
2771 3843 2788 3876 ι
2842 3821 2950 3876 Sed
2991 3829 3045 3874 et
3087 3818 3153 3872 ad
3205 3815 3427 3871 Galatas

1856 3939 2117 4000 praeterea
2149 3945 2162 3982 :
2210 3945 2228 3976 ι
2261 3923 2439 3977 Filioli
2465 3921 2568 3974 mei
2600 3959 2614 3983 ,
2645 3933 2784 3987 quos
2809 3917 3006 3968 iterum
3038 3909 3302 3981 parturio,
3327 3905 3423 3959 do-

1857 4034 1959 4075 nec
1990 4017 2254 4072 formetur
2279 4013 2531 4068 Christus
2561 4009 2617 4062 in
2646 4007 2801 4061 vobis
2822 4005 2896 4056 ⁸.»
2934 4001 3104 4055 Audis
3132 4012 3240 4068 quo
3267 4003 3427 4066 pacto

1859 4114 2108 4170 eumdem
2145 4109 2372 4178 impigre
2404 4115 2712 4160 sermonem
2742 4098 2976 4167 repetit,
3031 4093 3205 4162 primo
3237 4101 3430 4172 nempe

1860 4221 1972 4260 non
2001 4203 2246 4256 admisso
2275 4239 2288 4261 ,
2335 4209 2389 4253 et
2427 4209 2626 4251 rursus
2653 4194 2792 4245 alios
2824 4188 3096 4260 parturire
3124 4199 3181 4237 se
3206 4183 3304 4245 ait,
3331 4179 3430 4234 do-

195 4281 346 4349 ἡμεῖς
377 4285 431 4336 δὲ
474 4286 652 4356 μωροὶ
693 4285 780 4338 διὰ
808 4284 1070 4356 Χριστόν·
1120 4286 1280 4354 ἡμεῖς
1311 4286 1577 4352 ἀσθενεῖς,
1603 4290 1741 4361 ὑμεῖς

1863 4311 1964 4351 nec
2007 4296 2061 4348 in
2105 4293 2185 4348 eis
2236 4290 2494 4346 formatio
2521 4284 2726 4340 Christi
2754 4278 3080 4338 elucescat?
3114 4275 3306 4330 Sermo
3339 4289 3434 4326 au-

195 4371 248 4423 δὲ
277 4374 481 4445 ίσχυροί
503 4393 517 4406 ο
555 4379 716 4446 ἡμεῖς
751 4376 965 4446 ἄτιμοι,
1015 4375 1171 4446 ὑμεῖς
1221 4377 1276 4429 δὲ
1309 4377 1532 4444 ἔνδοξοι.
1593 4383 1735 4454 Ἀχρ

1866 4397 1974 4444 tem
2006 4385 2060 4440 id
2087 4383 2313 4439 omnino
2362 4389 2581 4451 praestat
2605 4418 2618 4441 ,
2669 4375 2948 4430 auditores
2977 4370 3042 4423 ad
3073 4367 3167 4422 Dei
3195 4379 3435 4420 amorem

194 4463 284 4534 τῆς
311 4465 431 4538 ἄρτι
473 4468 624 4538 ὥρας
656 4468 749 4522 καὶ
797 4466 1102 4536 πεινῶμεν,
1153 4467 1246 4519 καὶ
1290 4468 1554 4539 διψῶμεν.
1588 4490 1608 4524 ι
1655 4476 1741 4528 Κα

1840 4489 1844 4519 υ
1871 4488 1924 4534 et
1958 4477 2023 4532 ad
2053 4475 2258 4530 Christi
2291 4472 2584 4540 imaginem
2611 4483 2705 4537 per
2734 4465 2891 4520 [idem
2932 4461 3260 4517 reformatis.

197 4561 270 4614 [tt
296 4563 452 4615 πάλιν
480 4564 576 4616 ἐπὶ
602 4563 810 4624 τούτοις
831 4581 842 4594 ·
885 4582 902 4612 ι
943 4563 1029 4624 Ὠς
1055 4561 1539 4632 περικαθάρματα,
1607 4572 1791 4639 φησὶν,
1833 4572 2170 4644 ἐγενήθημεν
2189 4568 2281 4621 τοῦ
2305 4566 2532 4636 κόσμου,
2549 4565 2763 4617 πάντων
2783 4557 3067 4630 περίψημα
3119 4553 3224 4615 ἓως
3245 4552 3385 4620 ἄρτι.
3414 4568 3432 4600 ι

208 4659 362 4728 Ὁρᾷς
387 4659 539 4720 ὅπως
563 4653 632 4726 ἦν
665 4655 911 4717 εὐκλείας
937 4655 1174 4723 ἀμείνων
1212 4658 1484 4726 κοσμικῆς
1502 4696 1516 4718 ,
1557 4658 1646 4713 διὰ
1665 4662 1762 4734 τὴν
1800 4667 1892 4720 τοῦ
1916 4665 2166 4734 Σωτῆρος
2189 4661 2437 4728 ὲντολήν;
2460 4658 2532 4711 Τὸ
2559 4657 2614 4710 δὲ
2641 4655 2883 4723 γενναῖον
2908 4653 2964 4703 ὲν
3024 4648 3281 4716 διωγμοῖς
3339 4645 3436 4710 ὲμ-

201 4749 429 4815 φανίζων
463 4749 617 4816 ἔλεγε
641 4765 654 4778 ·
695 4767 714 4799 ‹
746 4747 840 4811 Τίς
866 4748 1012 4816 ἡμᾶς
1033 4747 1255 4818 χωρίσει
1320 4746 1426 4798 ἀπὸ
1489 4748 1588 4816 τῆς
1641 4753 1860 4827 ἀγάπης
1895 4756 1988 4810 τοῦ
2019 4750 2288 4825 Χριστοῦ;
2337 4748 2526 4818 Θλίψις
2546 4787 2560 4809 ,
2592 4747 2624 4816 ἢ
2655 4741 3012 4813 στενοχωρία,
3040 4739 3072 4808 ἢ
3106 4735 3370 4804 διωγμὸς.
3402 4735 3434 4804 ἦ

200 4840 366 4910 λιμὸς.
393 4841 425 4912 ἦ
457 4840 752 4910 γυμνότης,
785 4841 816 4909 ἢ
852 4840 1110 4902 κίνδυνος.
1134 4838 1166 4908 ἢ
1197 4837 1440 4908 μάχαιρα
1462 4855 1476 4903 ;
1499 4859 1516 4888 ³
1536 4841 1740 4912 Γράφει
1768 4846 1823 4899 δὲ
1849 4849 1940 4900 καὶ
1969 4847 2197 4915 ἑτέροις,
2227 4844 2307 4896 ὅτι
2331 4862 2347 4893 ι
2373 4842 2453 4895 Τὰ
2480 4838 2619 4893 αὑτά
2645 4836 2845 4905 λέγειν,
2878 4833 3000 4904 ἐμοὶ
3029 4831 3132 4915 μὲν
3148 4829 3248 4880 οὐκ
3275 4829 3438 4915 ὀκνη-

205 4933 320 5000 ρὸν,
356 4910 483 5002 ὑμῖν
537 4933 590 4985 δὲ
644 4929 902 4998 ἀσφαλές.
937 4949 954 4980 ι
1011 4928 1173 4982 Ἀλλὰ
1211 4927 1306 4980 καὶ
1372 4927 1640 4993 Γαλάταις
1665 4910 1674 4912 _
1702 4932 1782 4987 έτι
1810 4951 1825 4965 ο
1874 4955 1892 4987 ι
1926 4910 2128 4988 Τεκνία
2162 4950 2264 5003 μου
2315 4930 2408 4994 οὓς
2443 4928 2602 4983 πάλιν
2637 4926 2846 4988 ὠδίνω,
2880 4923 3033 4991 ἄχρις
3077 4910 3137 4970 οὗ
3177 4914 3438 4987 μορφωθῇ

201 5025 426 5095 Χριστὸς
456 5027 514 5077 ὲν
543 5025 690 5093 ὑμῖν.
723 5042 740 5072 ι
786 5020 1029 5084 Ἀκούεις
1053 5021 1202 5082 ὅπως
1225 5016 1527 5071 ἀοκνότατα
1555 5021 1653 5089 μὲν
1675 5024 1765 5079 τὸν
1803 5028 1963 5080 αὐτὸν
2003 5025 2297 5081 ἀνακυκλεῖ
2329 5024 2520 5091 λόγον,
2567 5021 2627 5072 οὐ
2682 5011 3110 5087 παραδεχθέντος
3177 5008 3284 5077 ἄρα
3345 5006 3438 5059 τοῦ

205 5116 434 5187 πρώτου,
469 5117 563 5169 καὶ
593 5117 649 5168 ὲν
680 5117 877 5186 ἀρχαῖς
911 5112 1214 5181 γεγονότος,
1249 5112 1343 5164 καὶ
1377 5107 1444 5164 αὖ
1476 5112 1659 5166 ὠδῖναί
1692 5133 1844 5183 τινας
1873 5117 1930 5175 εὖ
1982 5121 2126 5191 μάλα
2160 5119 2358 5190 φησιν,
2391 5117 2547 5187 ἄχρις
2587 5114 2653 5168 ἂν
2716 5112 2772 5164 ὲν
2815 5108 2996 5168 αὐτοῖς
3057 5104 3090 5172 ἡ
3160 5101 3436 5171 μόρφωσις

205 5207 491 5278 ἀναλάμψῃ
535 5204 809 5276 Χριστοῦ;
847 5204 1017 5272 Λόγος
1045 5203 1100 5256 δὲ
1128 5201 1346 5264 πάντως
1410 5203 1438 5253 ὁ
1497 5200 1688 5256 τούτου
1741 5189 2071 5282 δημιουργὸς
2110 5189 2466 5263 ἀναπλάττων
2514 5205 2593 5265 είς
2645 5198 2922 5270 φιλοθεϊαν
2979 5192 3074 5247 καὶ
3146 5195 3226 5255 είς
3259 5189 3440 5242 εἰκόνα

205 5297 433 5370 Χριστοῦ
455 5298 542 5350 διὰ
564 5298 664 5367 τῆς
694 5296 929 5358 πίστεως
966 5295 1092 5357 τοὺς
1123 5291 1536 5364 ἀκροωμένους.
2843 5289 2861 5298 “

283 5389 458 5442 Ἀλλὰ
505 5389 689 5442 ταῦτα
731 5387 928 5440 πάντα
968 5385 1337 5450 ποιήσουσιν
1383 5383 1529 5454 ὑμῖν
1575 5383 1672 5438 διὰ
1705 5388 1768 5440 τὸ

207 5480 388 5549 ὄνομά
407 5499 550 5549 μου,
585 5480 672 5534 ὅτι
697 5482 806 5533 οὐκ
833 5479 1032 5534 οἴδασι
1060 5476 1168 5530 τὸν
1197 5475 1518 5545 πέμψαντά
1549 5494 1646 5546 με.

273 5570 383 5642 οὐχ
407 5572 601 5643 ἑτέραν
633 5569 850 5624 ἔσεσθαι
881 5570 992 5633 τοῖς
1017 5567 1294 5622 δυσσεϐεῖν
1320 5566 1598 5637 ἑλομένοις
1629 5571 1770 5623 κατά

1948 5385 2064 5452 XV,
2103 5385 2192 5438 21.
2237 5384 2342 5440 Sed
2371 5383 2480 5436 haec
2513 5379 2692 5433 omnia
2723 5375 2915 5444 [aciem
2947 5374 3089 5427 vobis
3117 5380 3324 5441 propter
3355 5388 3441 5425 no-

1878 5493 1993 5529 men
2026 5492 2230 5539 meum,
2265 5477 2390 5542 quia
2425 5470 2661 5525 nesciunt
2696 5481 2813 5521 eum
2850 5464 2939 5536 qui
2977 5464 3121 5517 misit
3162 5479 3262 5518 me.

1948 5564 2168 5618 Nullum
2203 5565 2369 5618 alium
2405 5563 2474 5617 iis
2503 5560 2598 5630 qui
2633 5559 2687 5613 in
2720 5566 2942 5612 sanctos
2974 5554 3255 5627 apostolos
3279 5550 3440 5625 903

291 5749 310 5776 ²
335 5745 500 5802 lCor.
531 5763 600 5814 tv,
644 5748 724 5812 lO,
760 5747 838 5800 ll.
917 5746 934 5775 ³
961 5745 1094 5798 lhid.
1131 5746 1213 5797 17-.
1309 5743 1326 5769 ⁸
1351 5744 1503 5796 Rern.
1551 5758 1668 5803 rm,
1696 5743 1741 5795 δε

1869 5739 2140 5810 “Philipp.
2173 5755 2250 5804 ιιι,
2285 5741 2330 5792 1.
2411 5739 2428 5768 ⁸
2456 5737 2632 5792 Galat.
2669 5755 2740 5799 IV,
2777 5735 2862 5791 19.
