3998 6318
508 340 613 395 tur

1546 324 1921 402 5.,(ΞΥ1ἶΙΙιΙιΙ
1955 318 2429 382 ALEXANDRINI
2464 316 2783 375 ARCHIEP.

3675 309 3776 367 £08

507 455 678 525 Imple
724 451 1033 526 grassaturi
1083 455 1243 505 erant
1298 456 1627 518 praetextum
1679 445 1799 500 fore
1846 441 2072 498 asserit.

2189 436 2297 492 τῶν
2330 437 2504 505 ἁγίων
2532 433 2849 489 ἀποστόλων
2875 430 3272 504 διῖσχυρίζεται
3308 430 3581 511 πρόφασιν
3603 470 3618 495 ,
3649 427 3685 500 ἦ
3719 427 3778 482 τὸ

506 560 672 616 quam
714 560 879 601 suum
920 543 1190 597 duntaxat
1230 554 1456 596 nomen.
1498 537 1732 594 Crimini
1768 536 1917 591 enim
1953 532 2087 587 illud

507 637 606 693 Dei
642 635 957 691 cultoribus
992 649 1058 688 ac
1091 632 1231 687 vitio
1262 631 1447 696 dat-ur,
1482 637 1538 686 et
1568 644 1738 685 causa
1773 635 1861 684 est
1890 642 1994 682 cur
2022 626 2091 681 ab

506 730 579 785 iis
615 727 1021 799 ἰωρυκπεηῑυτ»
1039 723 1135 796 qui
1175 739 1286 778 non
1325 730 1533 778 norunt.
1572 722 1776 793 ipsum.
1813 718 1950 774 Cum
1993 732 2090 770 an—

504 830 618 876 tem
650 818 1006 875 manifestum
1052 818 1125 873 sit
1166 816 1428 872 omnibus
1472 813 1750 870 nemiuem
1784 811 2088 883 quidquam

505 913 625 968 sine
656 910 922 966 mercede
952 923 1250 980 passurum
1289 913 1520 977 propter
1582 904 1753 960 Deum
1807 900 2089 973 (illustris

503 1007 653 1062 enim
692 1006 981 1077 proposita
1030 1004 1196 1060 nobis
1227 1009 1312 1059 est
1349 998 1627 1068 corona),
1664 999 1733 1053 ad
1773 997 1944 1053 animi
1975 995 2089 1049 vir-

503 1109 676 1157 tutem
708 1115 908 1157 rursus
936 1100 1216 1161 hortatur,
1246 1112 1312 1153 ac
1342 1095 1616 1151 malorum
1638 1093 1950 1148 tolerantes
1976 1088 2089 1145 elli-

503 1193 618 1257 cit,
651 1192 1044 1248 retributionis
1077 1206 1173 1262 spe
1201 1204 1394 1246 eorum
1419 1202 1543 1258 quae
1563 1192 1958 1256 exspectantur
1980 1182 2090 1237 im-

502 1284 841 1354 probitatem
867 1283 1173 1355 depellens.
1202 1281 1444 1337 Lucrum
1475 1279 1644 1350 igitur
1671 1275 1914 1333 ostendit
1938 1288 2088 1339 esse,

500 1384 557 1429 et
591 1377 901 1446 optandum
943 1390 1170 1446 quoque
1202 1375 1388 1444 ipsum
1437 1370 1787 1443 periculum.
1835 1375 1891 1424 et
1938 1366 2084 1438 quod

505 1469 584 1522 rel
624 1468 741 1523 sola
780 1466 1199 1537 exspectatione
1250 1463 1506 1520 terribile
1553 1459 1886 1531 quibusdam
1938 1465 2083 1521 erat,

509 1560 611 1626 h_oc
645 1560 799 1613 omni-
835 1566 979 1613 metu
1016 1557 1238 1629 quidem
1275 1555 1510 1620 liberat,
1544 1552 1793 1624 illudque
1825 1550 2085 1622 amplecti

513 1648 774 1702 hortatur
794 1662 930 1703 suos
961 1642 1290 1715 discipulos.
1327 1644 1490 1700 Unde
1515 1658 1640 1698 cum
1676 1644 1733 1697 in
1765 1641 2084 1698 Iudaeorum

507 1743 734 1810 impium
764 1741 1060 1796 concilium
1093 1740 1224 1794 olim
1258 1737 1561 1793 introducti
1591 1737 1857 1802 fuissent,
1884 1746 1941 1793 et
1966 1737 2083 1808 pla-

2191 531 2390 583 οἰκεῖον
2418 529 2589 599 ὄνομα
2618 527 2800 598 μόνον.
2830 524 3127 596 Ἕγκλημα
3159 522 3269 593 γὰρ
3292 523 3451 576 τοῦτο
3478 523 3593 585 τοῖς
3625 520 3771 574 σεσο-

2194 622 2377 693 μένοις
2402 620 2556 685 Θεὸν,
2576 619 2673 673 καὶ
2697 618 2791 672 τοῦ
2821 616 3175 688 πολεμεῖσθαι
3199 615 3474 686 πρόφασις
3497 612 3652 685 παρά
3670 612 3778 666 τῶν

2188 715 2290 769 οὐκ
2318 712 2539 767 εἰδότων
2572 710 2753 766 αὐτόν.
2804 709 3082 781 Προδήλου
3116 708 3174 761 δὲ
3218 707 3389 770 ὅντως
3431 706 3667 766 ἅπασιν,
3700 704 3777 768 ὡς

2188 809 2290 862 οὐκ
2319 808 2386 863 ἄν
2418 824 2503 872 τις
2536 806 2730 878 ἀμισθί¹
2760 804 2924 858 πάθοι
2964 820 3020 857 τι
3069 802 3160 857 διὰ
3187 801 3323 856 Θεὸν
3356 800 3633 873 (λαμπρὸς
3667 801 3777 871 γὰρ

2189 900 2282 952 ἐπὶ
2303 898 2519 961 τούτοις
2558 895 2916 969 προκείσεται
2961 891 3276 965 στέφανος),
3294 893 3583 963 ἐπιτρέπει
3613 891 3776 945 πάλιν

2188 995 2268 1056 είς
2295 990 2590 1061 εὐτολμίαν
2610 1028 2625 1053 ,
2672 989 2769 1043 καὶ
2799 988 3127 1062 καρτερικὸν
3160 985 3459 1059 ἐργάζεται
3490 985 3773 1057 φρόνημα.

2185 1088 2252 1156 τῇ
2292 1084 2393 1154 τῆς
2428 1083 2665 1155 ἀμοοὸἧς
2689 1080 2905 1146 ἑλπίδι,
2948 1080 3049 1150 τὴν
3092 1080 3159 1133 ὲκ
3190 1078 3300 1133 τῶν
3333 1076 3553 1133 ἔσεσθαι
3595 1094 3774 1149 προσ-

2185 1176 2511 1247 δοκωμένων
2559 1164 2862 1247 μοχθηρίαν
2900 1170 3366 1243 ἀποκρουόμενος.
3432 1169 3641 1242 Κέρδος
3678 1165 3773 1224 οὖν

2185 1266 2391 1333 ἔδειξε,
2446 1267 2539 1320 καὶ
2591 1264 2743 1328 τέλος
2794 1262 2963 1334 εὐχῆς
3003 1261 3098 1317 καὶ
3144 1261 3279 1316 αὐτὸ
3317 1260 3381 1315 τὸ
3418 1259 3625 1324 δεινὸν,
3674 1261 3775 1315 καὶ

2185 1360 2321 1431 ὅπερ
2351 1354 2420 1430 ἦν
2451 1357 2585 1422 ίσως
2624 1353 3042 1427 καταναρκῆσαί
3070 1371 3222 1418 τινας
3241 1393 3257 1418 ,
3305 1353 3399 1407 καὶ
3429 1353 3591 1424 μόνον
3617 1352 3772 1424 ἥξειν

2186 1448 2588 1522 προσδοκηθὲν,
2635 1445 2797 1501 τοῦτο
2820 1447 3077 1518 δείματος
3124 1446 3224 1517 μὲν
3267 1444 3600 1500 ἀπαλλάττει
3628 1463 3769 1500 παν-
3858 1482 3868 1489 -

2182 1544 2294 1607 τὶς,
2334 1539 2657 1611 προσίεσθαι
2683 1557 2742 1593 τε
2776 1538 2871 1593 καὶ
2902 1538 3023 1592 λίαν
3051 1536 3305 1610 ἀσμένως
3334 1526 3618 1592 ἀναπείθει
3640 1537 3768 1606 τοὺς

2186 1634 2452 1705 μαθητάς.
2493 1633 2605 1687 Καὶ
2626 1630 2758 1701 γοῦν
2781 1630 3196 1701 είσκεκλημένοι
3235 1629 3368 1684 ποτὲ
3399 1628 3536 1700 πρὸς
3567 1628 3628 1682 τὸ
3656 1629 3773 1682 τῶν

2196 1725 2464 1780 Ἰουδαίων
2480 1719 2694 1778 ἀνόσιον
2719 1722 3120 1794 βουλευτήριον,
3141 1722 3234 1775 καὶ
3253 1721 3491 1793 πληγαῖς
3513 1722 3577 1775 τὸ
3603 1721 3765 1793 σῶμα

495 1805 603 1898 κίεν
631 1848 695 1888 ac
737 1834 1066 1889 verberibus
1105 1831 1287 1889 aﬂ’ecti
1323 1842 1553 1903 propter
1599 1829 1883 1885 Christum
1907 1871 1921 1897 ,
1966 1805 2072 1884 ex-

2182 1815 2574 1888 κατῃκισμένοι
2623 1813 2712 1868 διὰ
2738 1812 3009 1883 Χριστὸν,
3047 1812 3281 1884 ἐξῄεσαν
3314 1812 3424 1866 ἀπὸ
3467 1810 3766 1885 προσώπου

499 1928 684 1981 ierunt
716 1941 748 1981 e
781 1935 1081 2000 conspectu
1125 1926 1351 1981 concilii
1385 1924 1710 1996 gaudentes,
1732 1923 2076 1995 utscriptum

497 2023 582 2071 est
608 2054 624 2080 ,
659 2014 924 2086 quoniam
963 2015 1116 2086 digni
1154 2015 1325 2070 habiti
1359 2022 1549 2071 essent
1576 2030 1676 2086 pro
1709 2016 1937 2071 nomine
1970 2014 2078 2069 Do-

498 2108 633 2161 mini
671 2106 1062 2163 contumeliam
1105 2108 1220 2177 pati
1272 2108 1315 2162 ⁷.
1360 2106 1502 2174 Quin
1546 2114 1603 2163 et
1653 2106 1815 2163 nobis
1863 2106 2080 2162 idcirco

496 2198 772 2267 patienter
804 2213 968 2270 agere
997 2200 1225 2269 jubent,
1264 2215 1367 2255 nec
1401 2214 1641 2255 interere
1672 2199 1907 2265 confici,
1944 2200 2076 2255 licet

497 2292 655 2346 triste
680 2290 945 2359 quiddam
976 2300 1235 2346 occurrat
1264 2300 1490 2363 propter
1516 2291 1820 2346 Christum.
1854 2311 1875 2343 ι
1904 2291 2076 2348 Nemo

493 2384 642 2438 enim
671 2390 914 2439 vestrum
948 2384 1214 2453 patiatur,
1259 2385 1473 2455 inquit,
1523 2392 1584 2439 ut
1631 2385 1906 2440 homicida
1931 2423 1946 2448 ,
1978 2393 2073 2439 aut
2119 2425 2128 2434 .

496 2476 604 2542 fur,
637 2484 739 2531 aut-
765 2477 1090 2546 maleﬁcus;
1123 2479 1170 2534 si
1204 2486 1388 2534 autem
1431 2485 1491 2532 ut
1528 2477 1918 2541 Christianus,
1960 2492 2069 2533 non

491 2567 829 2635 erubescat;
868 2569 1140 2640 gloriﬁ‘cet
1178 2576 1362 2625 autem
1402 2569 1574 2625 Deum
1625 2571 1682 2625 in
1731 2571 1843 2626 isto
1889 2570 2071 2625 nomi-

491 2673 561 2712 ne
595 2658 636 2713 ³.
673 2678 692 2711 ι
723 2657 1127 2716 Suavissimum
1172 2660 1344 2732 igitur
1377 2668 1465 2716 est
1500 2662 1613 2732 pati
1652 2669 1878 2732 propter
1910 2660 2072 2716 Chri-

490 2757 671 2813 stum,
723 2757 785 2806 et
832 2749 995 2806 dul‘ce
1045 2752 1396 2821 periculum,
1444 2767 1569 2807 cum
1619 2752 1741 2823 ejus
1793 2751 2068 2809 inferendi

455 2839 462 2843 ’
489 2855 660 2896 causa
694 2849 784 2897 est:
806 2856 934 2913 erga
965 2840 1137 2899 Deum
1168 2842 1412 2899 dilectio.
1450 2839 1591 2897 Vide
1620 2850 1803 2898 autem
1837 2857 1950 2912 quo
1980 2858 2070 2912 pa-

489 2941 582 2987 cto
607 2935 771 2988 etiam
801 2932 894 2989 hic
922 2950 1119 2990 rursus
1151 2934 1450 2990 ostendens
1479 2935 1718 3004 seipsum
1749 2949 1920 2988 unum
1946 2948 2070 2989 esse

489 3039 613 3078 cum
650 3040 752 3081 suo
778 3023 942 3080 Patre
963 3065 977 3090 ,
1004 3024 1224 3081 Judaaos
1252 3026 1336 3079 vel
1362 3026 1687 3096 quicunque
1717 3025 2066 3095 persecuturi

488 3120 620 3167 sunt
655 3113 865 3169 Christi
896 3114 1140 3171 nominis
1178 3129 1466 3184 precones
1487 3153 1503 3179 ,
1541 3131 1645 3171 nec
1676 3117 1891 3172 Patrem
1913 3157 1929 3182 ,
1961 3133 2067 3173 nec
2095 3149 2137 3206 ο

490 3202 688 3257 Filium
707 3219 1042 3274 cognoscere
1057 3206 1223 3261 dicat.
1243 3205 1424 3261 Patris
1442 3206 1588 3261 enim
1609 3223 1741 3262 osor
1760 3216 1846 3263 est
1871 3210 2067 3279 procul

487 3295 658 3350 dubio
712 3295 1039 3366 quicunque
1086 3295 1285 3351 Filium
1326 3297 1774 3354 inhonorandum
1828 3300 2065 3367 statuit,

489 3404 601 3443 non
629 3389 793 3460 quasi
823 3390 877 3443 in
908 3389 1072 3444 aliam
1099 3403 1343 3460 peccans
1369 3398 1624 3445 naturam
1645 3429 1660 3456 ,
1684 3391 1781 3447 sed
1808 3390 1863 3444 in
1888 3390 2063 3461 ipsam

450 3540 457 3541 ί
486 3470 761 3534 naturalis
794 3480 1020 3536 deitatis
1050 3480 1375 3552 dignitatem
1406 3483 1848 3538 contumeliosus
1878 3483 2064 3538 insur-

486 3579 643 3641 gens.
676 3569 787 3627 Nec
816 3573 962 3626 enim
998 3573 1293 3643 quisquam
1340 3573 1544 3643 injuria
1596 3572 1799 3629 Filium
1853 3575 2067 3630 allicere

487 3673 770 3733 arguatur,
797 3665 842 3720 si
870 3663 1051 3719 Patris
1075 3672 1331 3720 nat-uram
1360 3674 1683 3722 revereatur
1708 3686 1720 3721 :
1756 3667 1851 3738 qui
1879 3679 2061 3723 autem

486 3755 639 3809 novit
664 3754 928 3825 quidnam
962 3765 1090 3812 actu
1131 3757 1201 3812 sil
1245 3756 1429 3823 Pater,
1461 3758 1737 3827 quomodo
1769 3774 1833 3812 ex
1876 3759 2064 3823 seipso

483 3846 743 3913 genuisse
774 3846 1148 3917 ignoraverit?
1186 3847 1258 3900 At
1295 3847 1423 3917 quis
1461 3849 1705 3917 plantam
1748 3863 1856 3902 non
1891 3850 2064 3903 viola-

482 3936 598 4001 bit,
631 3938 737 4007 qui'
767 3939 1099 4008 productum
1133 3954 1199 3992 ex
1230 3952 1292 3992 ea
1324 3938 1567 4001 fructum
1599 3939 1932 3994 violaverit?
1959 3941 2064 3994 Ar-

481 4033 813 4090 gumentum-
856 4026 1028 4097 igitur
1077 4025 1435 4080 manifestum
1486 4035 1573 4081 est
1624 4043 1749 4083 eum
1804 4028 2064 4099 ignorare

479 4113 698 4169 Patrem
737 4115 835 4184 qui
870 4124 1057 4184 peccat
1089 4115 1151 4169 in
1184 4110 1407 4169 Filium.
1441 4116 1578 4170 Cum
1611 4127 1795 4172 autem
1830 4103 1940 4174 non
1973 4120 2060 4176 di-

479 4205 625 4258 xerit.
681 4204 770 4259 hic
803 4222 817 4257 :
855 4225 872 4255 ι
917 4205 1056 4271 Quia
1089 4206 1345 4260 nesciunt
1371 4224 1393 4256 ›
1424 4204 1644 4262 Patrem
1680 4225 1858 4264 meum
1890 4250 1905 4275 ,
1962 4214 2065 4268 sed-

484 4316 504 4347 c
534 4312 659 4351 eum
694 4297 793 4367 qui
828 4297 984 4353 misit
1016 4313 1132 4363 me,
1166 4318 1186 4351 ›
1218 4298 1325 4354 tale
1350 4298 1486 4369 quid
1532 4301 1876 4358 subinnuere
1922 4305 2062 4361 velle

479 4389 661 4456 ipsum
695 4389 938 4443 arbitror
983 4407 997 4442 :
1031 4391 1234 4461 sc‘opus
1271 4392 1323 4446 ei
1364 4402 1506 4455 erat,
1551 4400 1611 4446 ut
1641 4393 1887 4459 videtur,
1911 4397 2060 4453 clare

2177 1907 2272 1963 τοῦ
2300 1906 2578 1980 συνεδρίου
2606 1906 2888 1978 χαίροντες
2906 1944 2922 1969 ,
2968 1904 3110 1959 κατὰ
3135 1905 3196 1958 τὸ
3227 1905 3614 1977 γεγραμμένον
3634 1948 3661 1973 ν
3678 1907 3768 1960 ὅτι

2177 2000 2598 2072 κατηξιώθησαν
2651 2000 2794 2072 ὑπὲρ
2838 1997 2934 2053 τοῦ
2965 1999 3229 2070 ὀνόματος
3264 1998 3358 2052 τοῦ
3388 1998 3596 2068 Κυρίου
3642 1999 3762 2053 ἀτι-

2179 2093 2478 2165 μασθῆναι.
2537 2093 2649 2146 Kal.
2696 2093 2804 2164 μὴν
2831 2091 2929 2146 καὶ
2957 2093 3089 2163 ἡμῖν
3120 2091 3306 2154 αὐτοῖς
3340 2091 3639 2163 τληπαθετν
3666 2092 3767 2163 ἐπὶ

2173 2182 2350 2254 τούτῳ
2374 2180 2775 2236 διακελεύονται
2818 2180 3045 2252 σφόδρα,
3072 2179 3536 2250 καταστυγνάζειν
3563 2181 3621 2234 δὲ
3651 2198 3759 2253 μη-

2173 2273 2395 2346 δαμῶς,
2441 2273 2546 2327 κᾶν
2574 2272 2733 2345 εἴπερ
2778 2271 2915 2336 ὅλως
2940 2271 3051 2325 τῶν
3082 2270 3324 2344 ἀνιαρῶν
3349 2290 3403 2325 τι
3428 2272 3643 2344 προσίοι
3669 2272 3763 2326 διὰ

2173 2366 2427 2437 Χριστόν.
2476 2385 2495 2417 ι
2530 2364 2623 2436 Μὴ
2655 2364 2764 2438 γάρ
2794 2381 2879 2428 τις
2917 2363 3073 2435 ὑμῶν
3117 2364 3406 2435 πασχέτω,
3439 2364 3636 2434 φησὶν,
3682 2365 3760 2429 ὡς

2172 2459 2387 2527 φονεὺς,
2424 2456 2457 2528 ἢ
2486 2456 2757 2527 κλέπτης,
2783 2454 2817 2526 ἤ
2853 2454 3148 2518 κακοποιὸς
3172 2470 3186 2484 ’
3222 2455 3272 2508 εί
3296 2452 3352 2507 δὲ
3389 2453 3465 2516 ώς
3494 2455 3754 2525 Χριστια·

2172 2548 2260 2612 νὸς
2277 2591 2290 2614 ,
2351 2546 2425 2618 μὴ
2453 2546 2826 2618 αίσχυνέσθω,
2852 2542 3142 2611 δοξαζέτω
3171 2545 3229 2599 δὲ
3255 2544 3346 2598 τὸν
3375 2544 3509 2598 Θεὸν
3558 2544 3652 2598 ἐπὶ
3678 2544 3758 2615 τῷ

2171 2641 2395 2713 ὀνόματι
2435 2640 2625 2712 τούτῳ.
2651 2658 2669 2690 ι
2705 2639 2962 2693 ’Ἥδιστον
3000 2633 3104 2693 οὖν.
3132 2637 3241 2709 ἄρα
3291 2638 3353 2691 τὸ
3399 2638 3631 2707 πάσχειν
3669 2636 3758 2690 διὰ

2169 2733 2405 2806 Χριστὸν
2426 2775 2441 2799 ,
2485 2732 2580 2786 καὶ
2609 2730 2812 2799 γλυκὺς
2843 2731 2873 2782 6
2914 2728 3187 2792 κίνδυνος,
3235 2728 3491 2802 ὅτανιέχῃ
3517 2728 3617 2798 τῆς
3656 2729 3759 2795 ἐφ-

2169 2826 2288 2879 όδου
2313 2825 2411 2896 τὴν
2439 2823 2712 2894 πρόφασιν
2754 2820 2815 2885 ἐξ
2842 2820 3063 2890 ἀγάπης
3095 2818 3206 2889 τῆς·
3247 2821 3324 2883 εἰς
3350 2818 3503 2873 Θεόν.
3561 2817 3759 2884 Ἀθρει

2169 2918 2226 2971 δὲ
2257 2919 2407 2981 ὅπως
2440 2915 2542 2970 κάν
2585 2914 2767 2984 τούτῳ
2799 2913 2863 2984 δὴ
2898 2912 3062 2978 πάλιν
3107 2912 3427 2974 ἀναδεικνὺς
3473 2910 3665 2964 ἑαυτὸν
3695 2902 3767 2962 ἒνῖ

2171 3009 2309 3081 πρὸς
2335 3008 2426 3062 τὸν
2457 3006 2653 3061 ἑαυτοῦ
2681 3004 2923 3076 Πατέρα,
2959 3004 3033 3075 μὴ
3065 3004 3264 3058 εἰδέναι
3293 3003 3427 3074 φησὶ
3458 3004 3588 3066 τοὺς
3626 3003 3756 3054 Ἰου-

2169 3100 2375 3164 δαίους,
2402 3100 2522 3170 ἦτοι
2553 3098 2679 3162 τοὺς
2716 3096 2927 3164 διώξειν
2963 3096 3256 3168 μέλλοντας
3280 3138 3291 3160 ,
3345 3097 3472 3158 τοὺς
3500 3094 3662 3162 οἵπερ
3687 3091 3762 3145 ἂν.

2171 3185 2279 3243 εἶεν
2317 3189 2377 3243 τὸ
2409 3187 2648 3259 Χριστοῦ
2689 3184 3089 3259 πρεσϐεύοντες
3114 3185 3307 3255 ὄνομα,
3340 3185 3479 3256 μήτε
3505 3183 3596 3236 τὸν
3632 3183 3748 3236 Πα-

2168 3281 2325 3354 τέρα,
2361 3282 2497 3352 μήτε
2520 3280 2612 3333 τὸν
2632 3280 2778 3333 Υίόν.
2803 3278 3143 3353 Μισοπάτωρ
3167 3277 3278 3349 γὰρ
3304 3277 3759 3348 ὁμολογουμένως

2168 3374 2197 3427 ὀ
2224 3373 2422 3444 χρῆναι
2464 3372 2573 3425 δεῖν
2606 3369 2893 3442 ἀτιμάζειν
2946 3372 3199 3440 οἰόμενος
3222 3369 3315 3423 τὸν
3346 3368 3474 3422 Υἱὸν
3495 3409 3510 3431 ,
3550 3369 3649 3438 οὐχ
3675 3369 3753 3430 ὡς

2168 3467 2247 3528 είς
2283 3463 2476 3534 ἑτέραν
2525 3462 2582 3516 δὲ
2628 3462 2872 3534 δηλονότι
2918 3460 3325 3533 πλημμελήσας
3374 3459 3577 3529 φύσιν,
3632 3459 3750 3513 ἀλλ’

2167 3556 2248 3618 είς
2281 3555 2412 3609 αὐτὸ
2449 3554 2509 3608 τὸ
2549 3554 2649 3624 τῆς
2695 3552 2839 3608 κατά
2878 3553 3042 3622 φύσιν
3095 3552 3349 3622 θεότητος
3399 3551 3754 3622 ἐμπαροινῶν

2167 3646 2405 3717 ἀξίωμα.
2454 3645 2589 3699 Οὐδὲ
2628 3645 2738 3716 γὰρ
2781 3644 2847 3698 ἂν
2887 3647 3003 3716 ἥλω
3050 3662 3135 3709 τις
3184 3642 3486 3716 ἐξυϐρίζων
3524 3645 3606 3706 εἰς
3655 3642 3751 3695 τὸν

2166 3737 2330 3802 Υίὸν,
2366 3739 2417 3790 εί
2454 3737 2550 3808 τὴν
2581 3736 2678 3790 τοῦ
2714 3735 2930 3807 Πατρὸς
2963 3735 3289 3807 ὲδυσωπήθη
3321 3734 3482 3803 φύσιν
3510 3749 3523 3762 ⁸
3579 3736 3748 3802 ἔγνως

2167 3828 2279 3892 κὼς
2305 3828 2361 3882 δὲ
2396 3829 2534 3893 ὅλως
2575 3828 2628 3881 τί
2656 3830 2777 3883 κατ’
2802 3829 3082 3900 ὲνέργειάν
3113 3831 3262 3882 ἐστιν
3296 3830 3324 3882 ὁ
3359 3826 3580 3897 Πατὴρ,
3629 3826 3749 3889 πῶς

2163 3922 2433 3991 ἠγνόησεν
2478 3921 2561 3975 ὅτι
2609 3920 2940 3991 γεγέννηκεν
2965 3920 3026 3986 ἐξ
3070 3919 3310 3986 ean-:06;
3360 3914 3495 3973 Εἶτα
3541 3918 3622 3982 τίς
3646 3918 3749 3989 οὐχ

2164 4012 2376 4084 ὐϐρίσει
2409 4013 2469 4066 τὸ
2499 4012 2698 4082 φυτὸν,
2729 4013 2820 4067 τὸν
2851 4010 2911 4078 ἐξ
2939 4011 3105 4067 αὐτοῦ
3139 4012 3471 4083 γεννηθέντα
3494 4010 3749 4066 κακύνων

2164 4107 2416 4176 καρπόν;
2457 4106 2706 4175 Ἀγνοίας
2746 4101 2839 4159 οῦν
2876 4105 2986 4178 ἄρα
3013 4107 3113 4177 τῆς
3148 4108 3229 4169 εἰς
3264 4105 3357 4159 τὸν
3385 4105 3610 4175 Πατέρα
3647 4103 3743 4158 καὶ

2161 4197 2295 4252 Θεὸν
2323 4196 2598 4262 ἀπόδειξις
2614 4198 2715 4250 οὐκ
2741 4197 3047 4268 ἀμφίλογος
3068 4200 3102 4269 ἡ
3119 4200 3198 4263 είς
3216 4198 3308 4251 τὸν
3329 4198 3456 4251 Υίὸν
3479 4199 3740 4269 ἁμαρτία.

2175 4289 2394 4362 Ἐπειδὴ
2424 4290 2601 4344 δὀὐκ
2623 4289 2726 4361 ἔφη
2750 4290 2891 4354 νυνὶ,
2921 4290 3077 4366 (Ὅτι
3098 4291 3199 4345 οὐκ
3222 4290 3425 4345 οἴδασι»
3454 4291 3549 4344 τὸν
3577 4291 3747 4344 Πατέ-

2166 4406 2234 4458 ρα
2263 4405 2387 4458 μου,
2410 4386 2547 4442 ἀλλὰ
2582 4405 2601 4439 ι
2627 4386 2720 4441 τὸν
2745 4386 3043 4458 πέμψαντά
3074 4404 3161 4458 με,
3198 4405 3216 4439 ι
3253 4386 3397 4442 δοκῶ
3422 4405 3474 4440 τι
3503 4386 3744 4440 τοιοῦτον

483 4478 776 4533 ostendere
800 4493 897 4533 eos
928 4479 1023 4548 qui
1054 4479 1363 4550 discipulos
1394 4495 1527 4538 Suos
1558 4483 1814 4552 persequi
1849 4492 2060 4542 statue--

2170 4480 2324 4534 αὐτὸν
2347 4479 2760 4533 ὑπαινιττεσθαι
2792 4479 2992 4534 θέλειν⁶
3024 4481 3252 4547 Σκοπὸς,
3287 4482 3363 4545 ώς
3390 4482 3566 4535 ἔοικεν
3598 4482 3745 4551 αὐτῷ

483 4580 639 4638 rent,
681 4570 957 4639 duplicem
999 4572 1412 4641 quodammodo
1451 4574 1581 4628 hinc
1626 4575 1745 4629 suis
1783 4577 2063 4646 capitibus

480 4665 694 4733 culpam
736 4677 1041 4722 arcessere.
1079 4663 1484 4734 Propemodum
1517 4666 1663 4720 enim
1698 4667 1864 4740 904
1902 4670 2060 4740 igno-

479 4769 605 4809 rare
640 4753 857 4808 Patrem
895 4770 1073 4809 tneum
1110 4755 1630 4825 deprehendantur,
1664 4774 1846 4829 neque
1876 4762 2059 4817 solum

478 4844 780 4916 impietatis
813 4846 937 4913 jure
968 4846 1391 4911 convincentur,
1429 4848 1524 4902 sed
1559 4856 1613 4903 et
1650 4849 1824 4919 ipsam
1868 4851 1960 4908 Dei
1993 4869 2059 4909 ac

478 4937 659 4992 Patris
692 4937 1022 5007 sapientiam
1066 4937 1325 4994 incusare
1354 4938 1573 4995 domum
1614 4945 2051 5012 comperientur.

479 5028 536 5081 Si
567 5028 712 5083 enim
743 5026 1028 5098 proprium
1062 5025 1262 5083 Filium
1295 5029 1362 5084 ad
1400 5031 1692 5102 erigendos
1729 5034 1948 5104 lapsos,
1985 5034 2055 5089 ad

476 5120 860 5176 restituendos
895 5120 1167 5177 contritos
1193 5129 1248 5177 et
1271 5123 1438 5178 vitam
1465 5124 1789 5182 hominibus
1814 5125 2056 5181 dandam

477 5210 732 5274 miserit,
769 5209 847 5263 illi
880 5225 1013 5265 vero
1044 5222 1328 5283 opponant
1379 5230 1472 5290 se,
1521 5216 1844 5272 resistendo
1888 5217 2058 5286 impie

474 5303 547 5358 iis
575 5303 667 5372 qui
704 5309 784 5356 tot
817 5303 1082 5358 bonorum
1130 5315 1416 5362 auctorem
1466 5308 1770 5376 prmdicare
1814 5308 2047 5375 volunt,

474 5392 754 5463 quomodo
791 5409 899 5449 non
936 5395 1083 5451 clare
1110 5399 1513 5453 convincentur
1548 5386 1735 5452 etiam
1772 5397 2050 5456 adversari

475 5486 523 5538 ei
557 5485 649 5555 qui
682 5482 775 5541 me
801 5486 999 5543 misit?
1029 5486 1165 5542 Nam
1195 5488 1442 5542 mittendi
1476 5488 1648 5543 verbo
1681 5496 1862 5544 totum
1887 5493 2051 5550 nobis

476 5578 873 5635 incarnationis
899 5580 1225 5648 mysterium
1251 5579 1545 5650 significat.
1578 5579 1679 5648 Qui
1716 5590 1893 5637 autem
1923 5599 2047 5643 eum

542 5752 704 5811 'Act.
737 5769 788 5820 γ,
819 5752 908 5809 Μ.
984 5752 1003 5784 ⁸
1028 5751 1047 5806 l
1074 5750 1214 5809 Petr.
1263 5771 1314 5823 v,
1362 5756 1446 5811 l5.

2159 4573 2286 4636 τοὺς
2336 4570 2399 4624 τὸ
2446 4568 2665 4623 διώκειν
2708 4571 3131 4642 ἐπιτηδεύοντας
3174 4574 3301 4637 τοὺς
3347 4575 3744 4644 ἀνακειμένους

2158 4663 2336 4734 αὐτῷ,
2372 4662 2597 4717 διπλοῦν
2625 4662 2815 4735 ὥσπερ
2845 4664 3096 4718 ἐντεῦθεν
3124 4665 3185 4718 τὸ
3211 4666 3592 4737 παρανόμημα
3625 4669 3743 4728 ταῖς

2156 4755 2364 4808 ἑαυτῶν
2398 4755 2753 4825 ὲπαρτῶντας
2778 4756 3041 4825 κεφαλαῖς
3064 4756 3361 4826 ἀπελέγξαι
3385 4758 3591 4827 σαφῶς.
3628 4758 3741 4812 Μό-

2154 4864 2246 4902 νον
2269 4847 2379 4919 γάρ
2402 4842 2523 4919 οὐχὶ
2544 4847 2861 4918 ἀγνοοῦντες
2880 4849 3180 4905 ἁλώσονται
3208 4851 3299 4903 τὸν
3322 4850 3381 4917 ἐξ
3406 4842 3579 4921 οὗπερ
3604 4851 3736 4921 εἰμὶ,

2152 4940 2274 4994 οὐδὲ
2316 4939 2484 5011 μόνην
2529 4941 2629 5011 τὴν
2658 4942 2748 4994 ἐπ’
2789 4941 3044 5012 ἀθεότητι
3083 4943 3264 5013 ψῆφον
3307 4940 3741 5011 ἀποκομιοῦνται

2152 5033 2397 5097 δικαίως,
2417 5032 2552 5088 ἀλλὰ
2574 5033 2684 5106 γὰρ
2709 5036 2802 5089 καὶ
2822 5036 2959 5108 αὐτῇ
2988 5036 3174 5091 λοιπὸν
3205 5037 3569 5108 ἐπιτιμῶντες
3592 5038 3742 5107 εὐρε-

2154 5124 2411 5197 θὴσονται
2442 5130 2508 5198 τῇ
2557 5127 2717 5200 σοφίᾳ
2746 5127 2840 5181 τοῦ
2886 5128 3023 5182 Θεοῦ
3078 5130 3173 5183 καὶ
3212 5129 3447 5201 Πατρός.
3522 5130 3587 5183 Εἰ
3634 5128 3742 5199 γὰρ

2152 5217 2366 5288 ἔπεμψε
2399 5219 2498 5288 μὲν
2528 5219 2618 5272 τὸν
2644 5219 2774 5273 ἴδιον
2809 5219 2941 5275 Υίὸν
2980 5220 3284 5292 ἐγεροῦντα
3314 5220 3377 5274 τὸ
3407 5220 3737 5292 ώλισθηκὸς,

2157 5310 2555 5364 ἀνακαινοῦντα
2587 5310 2648 5363 τὸ
2679 5312 3138 5383 συντετριμμένον
3158 5353 3174 5377 ,
3225 5310 3648 5381 κατορθώσοντά
3676 5328 3741 5363 τι

2156 5404 2269 5465 τοῖς
2298 5402 2357 5455 ὲν
2399 5402 2589 5473 κόσμῳ
2616 5401 2715 5473 τὴν
2750 5402 2927 5475 ζωὴν,
2980 5403 3337 5473 ἁντεξάγουσι
3375 5404 3474 5473 μὲν
3510 5405 3737 5464 ἐκεῖνοι,

2158 5494 2253 5546 xa‘t
2281 5494 2706 5564 ἀντιπράττουσι
2737 5494 3014 5558 δυσσεϐῶς
3064 5498 3178 5559 τοῖς
3214 5494 3599 5566 διακηρύττειν
3624 5494 3742 5547 ἑθέ-

2157 5587 2308 5643 λουσι
2337 5586 2426 5641 τὸν
2450 5587 2639 5641 τούτου
2674 5588 3026 5666 κατορθωτὴν
3047 5629 3060 5654 ,
3101 5588 3218 5652 πῶς
3253 5589 3314 5642 οὐ
3344 5586 3464 5649 λίαν
3495 5583 3742 5657 ἐναργῶς
