3998 6318
197 383 295 438 609

1259 380 1330 439 ΙΝ
1364 381 1655 442 JOANNIS
1693 386 2148 447 EVANGELIUM
2193 387 2320 442 LIB.
2366 386 2432 441 Χ.

3335 383 3439 441 410

193 498 516 571 ἠγνοηκότες
538 497 840 553 ἁλώσονται
868 498 962 553 καὶ
1001 498 1149 569 αύτῷ
1183 501 1481 571 μαχόμενοι
1507 501 1585 573 τῷ
1616 503 1762 573 πέμ-

1889 514 2087 576 gnorat
2115 505 2210 577 qui
2248 505 2434 570 misit,
2474 502 2639 559 simul
2671 502 2833 557 etiam
2872 502 3042 585 Deum
3081 500 3339 573 ignorat,
3387 509 3442 557 et

191 590 347 658 ψαντί
368 606 435 659 με
462 606 476 647 :
501 590 600 642 Διά
623 588 733 659 γάρ
760 589 855 642 τοῦ
885 589 1223 659 πέμπεσθαι
1253 590 1454 660 λέγειν,
1478 592 1608 662 ὅλην
1629 596 1760 664 ἡμῖν

1868 597 2155 652 missionis
2190 596 2495 652 contemnit
2528 595 2875 666 mysterium.

192 680 284 773 τῆς
314 677 449 773 μετά
479 678 680 773 σαρκὸς
706 679 1017 773 οἰκονομίας
1046 681 1355 773 εἰσκομίζει
1376 681 1474 751 τὴν
1499 681 1751 753 δήλωσιν.
1802 683 1862 738 Ὀ
1889 686 1948 739 δέ
1977 686 2262 773 ὴγνοηκὼς
2294 687 2388 741 τὸν
2453 685 2748 757 πέμψαντα
2771 724 2786 750 ,
2843 684 2939 739 καὶ
2999 685 3131 739 Θεὸν
3178 684 3444 757 ἠγνόηκεν

196 771 247 823 ἐν
268 771 444 841 ταυτῷ
461 815 475 838 ,
513 771 606 825 καὶ
633 771 694 824 τὸ
714 772 815 841 τῆς
839 772 1144 843 ἀποστολῆς
1165 772 1421 844 ἀτιμάζει
1446 777 1764 846 μυστήριον.

262 866 329 920 Et
358 864 444 934 μὴ
475 864 790 934 ἧλθον,καὶ
805 863 1084 932 ἐλάλησα
1109 865 1314 933 αὐτοῖς
1344 867 1641 937 ἁμαρτίαν
1661 869 1774 922 οὐκ

190 956 472 1024 εἴχοσανσ
510 956 627 1010 νῦν
664 956 733 1009 δέ
773 958 1075 1027 πρόφασιν
1108 958 1221 1011 οὐκ
1261 956 1476 1027 ἔχουσι
1507 958 1639 1028 περὶ
1664 957 1774 1028 τῆς

198 1048 475 1119 ἁμαρτίας
503 1047 723 1103 αὐτῶν.

262 1139 390 1211 Διχῆ
430 1139 651 1211 νοητέον
672 1139 731 1193 τὸ
763 1140 828 1194 ἐκ
859 1138 967 1193 τῶν
998 1138 1379 1211 προκειμένων
1410 1139 1776 1212 ὑποδηλούμεο

200 1248 302 1285 νον.
349 1230 413 1284 Et
450 1230 559 1302 γάρ
599 1230 764 1284 οἴοιτό
797 1247 881 1293 τις
911 1231 1073 1301 τυχὸν
1101 1230 1238 1302 πρὸς
1281 1230 1553 1303 Ἕλληνάς
1581 1249 1640 1286 τε
1677 1231 1773 1286 καὶ

212 1320 495 1384 Ἰουδαίους
524 1320 616 1373 τὸν
640 1319 733 1375 ἐπὶ
759 1319 935 1393 τούτῳ
961 1320 1215 1390 γενέσθαι
1245 1321 1402 1390 λόγον
1422 1363 1438 1388 ,
1468 1322 1642 1376 ἐκεῖνό
1670 1338 1773 1390 φα-

203 1429 317 1483 μεν,
342 1411 417 1476 ὡς
443 1412 493 1465 εί
517 1413 592 1485 μὴ
631 1412 875 1482 ἐγεγόνει
904 1412 1040 1483 πρὸς
1069 1413 1315 1477 ἅπαντας
1338 1414 1465 1478 τοὺς
1493 1412 1651 1477 ὂντας
1679 1415 1774 1467 ἐπὶ

200 1505 296 1577 τῆς
321 1508 427 1576 γῆς
455 1504 516 1559 τὺ
554 1505 698 1571 θεῖόν
724 1522 784 1559 τε
818 1504 912 1558 καὶ
937 1503 1187 1575 οὐράνιον
1213 1504 1475 1575 κήρυγμα
1498 1545 1514 1570 ,
1538 1504 1683 1574 φημὶ
1710 1502 1776 1576 δὴ

204 1598 262 1651 τδ
294 1596 668 1666 εὐαγγελικδν,
703 1596 1098 1669 παραδεικνύον
1126 1594 1341 1665 ἑκάστῳ
1371 1595 1468 1666 τῆς
1498 1594 1772 1666 σωτηρίας

206 1688 299 1758 τὴν
328 1688 480 1757 ὁδὸν,
532 1688 627 1743 καὶ
652 1688 721 1743 τὰ
750 1689 848 1759 τῆς
872 1686 1221 1758 δικαιοσύνης
1243 1685 1381 1758 ἔργα
1413 1686 1771 1740 καταλευκαῖ-

206 1797 291 1834 νον
309 1820 325 1844 ,
353 1775 421 1851 ἦν
455 1778 522 1834 ἀν
548 1779 678 1843 ἴσως
706 1777 922 1850 ἐκάστῳ
943 1779 1099 1847 λόγος
1124 1779 1224 1832 οὐκ
1256 1777 1486 1849 ἀσθενὴς
1509 1778 1589 1840 εἰς
1627 1793 1771 1847 παρ-

1942 865 2058 925 ιιν.
2101 866 2193 922 22.
2237 866 2297 922 Si
2326 883 2426 921 non
2454 866 2703 920 venissem
2728 904 2742 928 ,
2769 873 2819 919 et
2850 865 3058 919 locutus
3087 865 3306 935 fuissent
3330 869 3437 930 eis,

1870 969 2149 1030 peccatum
2190 978 2293 1014 non
2334 961 2586 1014 haberent
2612 975 2630 1010 .'
2667 974 2805 1013 nunc
2841 968 3017 1013 autem
3051 960 3443 1014 excusationem

1869 1066 1973 1104 non
2000 1050 2195 1103 habent
2223 1050 2287 1104 de
2309 1060 2526 1118 peccata
2550 1065 2666 1103 suo.

1945 1139 2245 1211 Dupliciter
2280 1140 2371 1194 hic
2404 1140 2560 1194 locus
2600 1139 2997 1209 intelligendus
3046 1146 3151 1195 est.
3211 1138 3269 1194 Si
3319 1138 3446 1209 quis

1869 1233 2015 1289 enim
2074 1232 2259 1288 forsan
2302 1232 2581 1287 existimet
2619 1230 2685 1286 ad
2727 1229 2950 1287 Gmcos
2984 1238 3039 1286 et
3076 1226 3295 1286 Judaeos
3333 1230 3447 1284 haec

1871 1324 2036 1380 verba
2074 1324 2350 1394 pertinere
2372 1362 2388 1384 .
2424 1322 2661 1377 dicimus
2689 1322 2837 1393 quod
2873 1322 2981 1377 nisi
3015 1322 3081 1376 ad
3115 1336 3308 1377 omnes
3332 1338 3450 1375 om—

1871 1414 2007 1470 nino
2040 1414 2295 1471 homines
2329 1414 2519 1469 divina
2548 1421 2602 1469 et
2632 1413 2875 1468 caelestis
2907 1412 3257 1483 praedicatio.
3285 1428 3450 1487 evan:

1876 1506 2049 1577 gelica
2081 1506 2340 1561 nimirum
2364 1545 2380 1572 ,
2412 1505 2556 1560 facta
2584 1512 2766 1570 esset,
2808 1505 3115 1577 ostendens
3150 1502 3450 1573 unicuique

1875 1597 2023 1653 viam
2079 1596 2317 1660 salutis,
2366 1604 2422 1651 et
2468 1596 2701 1665 iustitia:
2735 1609 2901 1665 opera
2947 1594 3268 1663 explicans,
3304 1603 3451 1649 esset

1877 1688 2066 1744 forsan
2099 1689 2321 1744 virtutis
2353 1676 2836 1756 contemptoribns
2883 1685 3264 1741 excusationis
3308 1686 3452 1738 ratio

1879 1797 1988 1836 non
2054 1780 2309 1842 infirma,
2358 1777 2507 1849 quod
2571 1777 2791 1849 penitus
2850 1776 3106 1847 ignorent
3157 1776 3290 1847 quid
3339 1774 3449 1831 Deo

205 1872 414 1944 αίτησιν
438 1872 547 1926 τῶν
586 1872 647 1925 ού
680 1871 885 1943 σφόδρα
909 1869 1309 1943 φιλεργούντων
1355 1871 1435 1933 εις
1460 1868 1660 1941 ἀρετὴν
1679 1907 1697 1933 ,
1734 1869 1768 1939 ὴ

1885 1873 2103 1940 placeat,
2150 1869 2383 1938 ideoque
2418 1867 2633 1921 veniam
2666 1875 2848 1936 petere
2894 1866 3127 1936 possint.
3178 1864 3315 1919 Cum
3349 1879 3449 1917 au-

203 1959 307 2011 τῶν
347 1959 691 2031 ἀρεσκόντων
733 1959 853 2030 Θεῷ
899 1959 1171 2028 παντελὴς
1216 1958 1462 2029 ἀμαθία·
1496 1958 1669 2029 ταύτῃ
1694 1974 1775 2011 τοι

206 2047 530 2119 συγγνώμης
566 2046 845 2113 ἀξιοῦσθαι
877 2050 1235 2121 παρακαλεῖν.
1298 2048 1518 2120 Ἐπειδὴ
1547 2050 1603 2102 δὲ
1638 2049 1777 2122 πρὸς

207 2140 447 2206 ἅπαντας
476 2142 505 2195 ὁ
530 2142 627 2212 τῆς
657 2141 995 2211 εἰσηγήσεως
1036 2138 1193 2208 λόγος
1223 2138 1556 2210 πεποίηται,
1604 2136 1686 2200 τίς
1709 2136 1775 2191 ἀν

207 2234 288 2305 εἴη
324 2232 509 2287 λοιπον
557 2233 587 2287 ὁ
618 2233 718 2303 τῆς
758 2231 1143 2303 παραιτήσεως
1183 2229 1375 2297 λόγος,
1427 2228 1663 2300 ἢποίοις
1708 2226 1775 2282 ἂν

209 2322 462 2397 χρήσαιτό
505 2340 586 2387 τις
613 2326 747 2392 πρὸς
777 2320 867 2375 τὸν
890 2318 1141 2391 κρίνοντα
1173 2311 1385 2388 λόγοις,
1421 2319 1515 2372 ἐπὶ
1549 2319 1660 2382 τοῖς
1690 2318 1775 2370 αι.

211 2417 441 2487 σχίστοις
494 2400 643 2485 μετά
671 2415 767 2482 τὴν
806 2410 1008 2482 γνῶσιν
1053 2409 1572 2484 κατηγορούμενος;
1616 2410 1680 2464 Εἰ
1720 2410 1778 2463 δέ

210 2508 331 2578 περὶ
358 2506 537 2577 μόνων
568 2504 718 2573 λέγοι
740 2503 888 2557 τουτὶ
908 2503 1016 2555 τῶν
1061 2501 1328 2555 Ἰουδαίων
1360 2504 1389 2555 ό
1420 2500 1648 2573 Κύριος,
1682 2499 1777 2553 ἆτε

209 2599 268 2670 δὴ
305 2598 396 2652 καὶ
425 2596 687 2660 πολλάκις
716 2596 1145 2667 ἀκροασαμένων
1183 2593 1543 2657 διδάσκοντος,
1572 2593 1666 2646 καὶ
1690 2592 1779 2645 ού-

207 2691 290 2745 δέν
314 2689 660 2761 ἡγνοηκότων
688 2687 797 2743 τῶν
818 2688 918 2742 ὅσα
947 2686 1323 2741 διεκελεύσατο
1351 2687 1566 2757 φρονεῖν
1598 2701 1655 2739 τε
1684 2684 1779 2738 καὶ

209 2783 356 2855 δρᾷν,
391 2779 586 2852 ἐκδέξῃ
614 2780 859 2835 τοιῶσδεο
890 2780 1001 2851 Τῆς
1034 2779 1133 2849 μὲν
1165 2778 1435 2849 ὑμετέρας
1451 2778 1550 2830 οὐκ
1574 2775 1782 2841 ἀνέξον-

210 2892 294 2927 ται
321 2873 458 2928 διδαι.
476 2873 697 2936 καλίας,
744 2872 940 2942 φησὶν,
991 2871 1271 2924 ἐποίσουσι
1308 2870 1364 2923 δὲ
1416 2869 1777 2940 πειρασμοῦς,

213 2966 301 3021 καὶ
318 2965 611 3037 διωγμοὺς,
626 2965 721 3018 καὶ
737 2963 843 3017 πᾶν
865 2960 1003 3027 εἶδος
1025 2963 1155 3034 ὑμῖν
1172 2963 1325 3033 ἐννοή
1334 2979 1484 3015 σουσι
1508 2949 1779 3030 θορύϐων,

214 3059 302 3113 καὶ
341 3060 419 3121 είς
466 3060 621 3128 μῖσος
665 3056 849 3110 ἄδικον
890 3057 963 3108 ἐκ
1008 3054 1234 3127 πικρίας
1290 3052 1779 3122 ἀνακαυθήσονται,

176 3151 185 3160 ’
214 3148 590 3221 πλημμέλημα
622 3148 720 3218 μὲν
751 3147 904 3201 οὐδὲν
931 3146 1141 3217 ἔχοντες
1173 3146 1346 3199 εἰπεῖν
1368 3185 1384 3209 ,
1421 3142 1780 3213 ἐγκαλοῦντες

1877 1970 1985 2015 tem
2020 1958 2289 2014 doctrina:
2321 1972 2503 2012 sermo
2534 1956 2602 2010 ad
2633 1971 2828 2011 omnes
2864 1956 3169 2026 pertineat,
3197 1970 3449 2025 quaenam

1877 2052 2093 2107 demum
2131 2052 2234 2106 erit
2275 2047 2581 2107 excusandi
2635 2048 2819 2111 ratio,
2869 2056 2963 2102 aut
3012 2048 3220 2118 quibus
3271 2047 3451 2101 verbis

1877 2145 2019 2215 apud
2054 2143 2302 2199 Iudicem
2354 2150 2595 2208 utemur,
2648 2141 3103 2211 turpissimarum
3153 2140 3449 2195 criminum

1877 2246 2003 2308 post
2056 2235 2431 2307 cognitionem
2480 2232 2794 2304 postulati?
2828 2230 2986 2298 Quod
3034 2231 3079 2286 si
3132 2231 3200 2285 de
3247 2228 3453 2285 Iudaeis

1878 2333 2090 2379 tantum
2127 2325 2231 2379 hoc
2260 2324 2411 2378 dicat
2440 2322 2741 2387 Dominus,
2771 2329 2964 2391 utpote
3010 2320 3104 2391 qui
3156 2335 3304 2390 saepe
3355 2319 3453 2373 do-

1879 2426 2096 2471 centem
2128 2416 2310 2485 ipsum
2348 2415 2680 2479 audierant,
2715 2413 2968 2484 nihilque
3002 2413 3333 2484 ignorabant
3357 2427 3454 2467 eo-

1880 2523 2000 2561 rum
2032 2522 2153 2576 quae
2188 2506 2395 2562 sentire
2426 2514 2522 2558 aut
2556 2504 2735 2560 facere
2755 2505 3037 2575 iusserat,
3072 2506 3128 2559 in
3156 2505 3305 2559 hunc
3334 2521 3454 2560 mo-

1878 2595 2007 2651 dum
2040 2596 2278 2666 accipies
2303 2615 2315 2650 :
2341 2593 2593 2649 Vestram
2626 2594 2934 2650 doctrinam
2966 2609 3076 2650 non
3122 2594 3325 2661 ferent,
3369 2595 3456 2648 in-

1879 2694 2019 2765 quit,
2055 2690 2151 2746 sed
2199 2690 2531 2745 tentationes
2560 2697 2613 2745 et
2645 2690 3062 2760 persecutiones
3110 2690 3453 2752 escitahunt,

1876 2792 1930 2838 et
1959 2782 2169 2836 nullum
2202 2796 2311 2835 non
2348 2780 2586 2850 lapidem
2613 2780 2666 2833 in
2693 2796 2787 2833 vos
2828 2779 3148 2841 movebunt,
3174 2786 3229 2833 et
3257 2779 3450 2849 iniquo

1880 2876 1936 2930 in
1982 2890 2082 2930 vos
2122 2873 2394 2929 ardebunt
2441 2872 2606 2940 odio,
2653 2873 2787 2926 nihil
2834 2873 2982 2927 aliud
3029 2874 3254 2928 crimini
3297 2873 3457 2930 vobis

1881 2966 2110 3029 dantes,
2145 2966 2251 3021 nisi
2285 2964 2431 3035 quod
2467 2980 2554 3019 me
2582 2964 2848 3035 diligatis.
2887 2962 2994 3019 Sed
3030 2963 3456 3020 furiosissimam

1883 3072 2036 3113 suam
2068 3056 2454 3111 crudelitatem
2498 3054 2629 3109 fuco
2661 3056 2953 3109 verborqu
2987 3064 3268 3126 tegentes,
3303 3065 3358 3113 et
3393 3058 3460 3110 li-

1883 3149 2088 3204 bidinis
2118 3162 2231 3204 suae
2285 3147 2546 3217 probrum
2579 3146 2888 3214 diluentes,
2931 3145 3124 3201 Mosen
3172 3149 3361 3218 utique
3407 3159 3463 3203 et

212 3241 264 3295 δε
310 3242 476 3312 μόνην
512 3240 736 3311 ἀγάπην
761 3240 860 3311 τὴν
907 3241 986 3304 είς
1019 3239 1138 3310 ἐμέ.
1182 3237 1682 3308 Κατασοφιζόμενοι
1723 3235 1780 3289 δέ

1885 3241 2123 3317 Mosaica
2181 3241 2436 3295 mandata
2489 3238 2810 3307 profcreut,
2864 3254 2941 3307 ac_
2988 3243 3184 3312 patriis
3244 3242 3460 3312 legibus

213 3330 392 3405 ὥσπερ
412 3334 516 3403 τῆς
546 3332 754 3386 ἑαυτῶν
787 3331 1041 3395 ἀπονοίας
1074 3330 1169 3402 τὴν
1192 3332 1471 3403 ὠμότητα,
1502 3329 1678 3384 καὶτὸ
1716 3330 1781 3383 ἐκ

212 3427 306 3494 τῆς
336 3423 667 3497 ἡδυπαθείας
713 3420 901 3494 αἶσχος
954 3422 1409 3494 ἀποτριϐόμενοι,
1470 3420 1676 3476 Μωσέα
1717 3420 1781 3491 δὴ

214 3516 424 3580 πάντως
467 3513 867 3586 προϐαλοῦνται
912 3513 1006 3566 καὶ
1028 3512 1095 3566 τὰ
1130 3513 1396 3576 Μωσέως,
1428 3511 1782 3578 συνασπίζειν

211 3607 265 3663 δέ
290 3607 476 3677 ὥσπερ
518 3608 631 3666 τοῖς
662 3603 933 3677 πατρῴοις
960 3605 1377 3672 ὑποκρινοῦνται
1403 3603 1588 3673 νόμοις
1611 3620 1626 3635 ο
1667 3603 1783 3657 ἀλλ’

213 3701 258 3752 εἰ
299 3698 395 3769 μὲν
436 3698 516 3768 μὴ
546 3694 717 3750 ἐλθὼν
750 3700 849 3767 τῆς
884 3696 971 3750 διὰ
998 3696 1241 3758 Μωσέως
1288 3694 1506 3766 ἐντολῆς
1549 3696 1609 3748 οὐ
1642 3713 1785 3766 παρ-

215 3790 382 3855 έδειξα
412 3789 481 3842 τὰ
507 3788 777 3859 βελτίονα,
805 3789 852 3839 εἰ
877 3788 949 3857 μὴ
974 3788 1059 3839 διὰ
1087 3786 1297 3840 πολλῶν
1320 3786 1498 3856 πεπλη
1509 3786 1788 3857 ροφὸρηκα

213 3877 394 3947 λόγων,
417 3878 495 3942 ῶς
528 3876 611 3946 εἴη
646 3877 743 3946 μὲν
764 3876 864 3947 ήδη
893 3875 1082 3945 καιρὸς
1116 3875 1185 3928 τά
1210 3877 1267 3928 ἐν
1292 3874 1449 3946 τύπῳ
1481 3874 1787 3947 παρελάσαι

214 3970 407 4028 λοιπον.
429 3971 527 4024 καὶ
540 3971 620 4023 ὅτι
636 3967 928 4038 σχημάτων
949 3968 1046 4037 μὲν
1062 3967 1179 4031 an;
1195 3968 1286 4021 καὶ
1305 3969 1483 4033 σκιάς,
1501 3967 1618 4040 ὥρα
1630 3968 1685 4022 δέ
1700 3969 1791 4023 αὐο

213 4063 304 4133 τὴν
323 4060 639 4131 ἀναλάμψαι
662 4060 758 4132 τὴν
780 4060 1035 4131 ἀλήθειαν
1055 4077 1067 4090 ’
1095 4060 1144 4113 εί
1162 4062 1238 4131 μὴ
1252 4059 1409 4113 τοῦτο
1434 4062 1528 4113 καλ⁵
1547 4061 1605 4128 ἐξ
1624 4060 1789 4114 αὐτοῦ

212 4157 415 4227 δέδειχα
436 4155 627 4225 νόμου,
641 4152 953 4221 σαφέστατα
969 4151 1144 4219 λέγων
1161 4169 1174 4181 ⁸
1205 4169 1223 4203 ι
1248 4152 1310 4204 Ei
1332 4152 1644 4206 ἐπιστεύετε
1662 4155 1790 4206 Μω-

216 4252 312 4314 cei,
334 4246 649 4303 ἐπιστεύετε
673 4245 739 4300 ἂν
762 4244 885 4315 ἐμοί
907 4261 918 4273 ·
953 4244 1080 4314 περὶ
1109 4243 1218 4314 γὰρ
1242 4242 1376 4312 ἐμοῦ
1398 4244 1602 4306 ἐκεῖνος
1623 4243 1790 4315 ἐγρα-

212 4341 326 4409 ψεν·
355 4361 374 4393 ι
402 4342 450 4394 εί
484 4338 561 4411 μὴ
588 4340 706 4403 ταῖς
733 4335 842 4390 τῶν
879 4335 1172 4407 προφητῶν
1200 4335 1527 4406 μαρτυρίαις
1559 4336 1790 4406 συνῳδὸν

213 4432 380 4499 ἔδειξα
399 4432 491 4485 τὸν
517 4428 753 4501 ἐμαυτοῦ
769 4427 946 4495 λόγον,
965 4426 1061 4479 καὶ
1087 4426 1185 4496 τῆς
1206 4425 1347 4497 ἐμῆς
1367 4425 1668 4497 παρουσίας
1689 4415 1789 4496 τὴν

212 4521 434 4592 δύναμιν
458 4518 860 4594 προρρηθεῖσαν
876 4535 932 4572 τε
950 4517 1049 4588 ήδη
1069 4517 1161 4570 καὶ
1177 4517 1615 4588 κεκηρυγμένην·
1633 4517 1788 4588 ἔσχον

212 4614 275 4667 ἂν
305 4613 565 4686 ἀφορμάς
590 4612 843 4679 εὐλόγους
870 4610 969 4680 τῆς
1002 4609 1121 4662 κατ’
1156 4607 1291 4678 ἐμοῦ
1336 4609 1431 4661 καὶ
1471 4607 1625 4677 ὑμῶν
1657 4610 1791 4662 ἀπο-

217 4704 374 4765 νοίας.
418 4702 642 4772 Ἐπειδὴ
675 4701 731 4753 δὲ
762 4698 1189 4770 παραλέλειπται
1232 4697 1331 4769 μὲν
1364 4697 1538 4766 οὐδὲν,
1569 4698 1787 4772 εἴρηται

216 4796 267 4850 δὲ
294 4798 438 4852 ἂπαν
458 4839 473 4863 ,
534 4798 659 4849 ὅσον
696 4791 831 4868 ἧκεν
861 4795 1034 4847 εἰπεῖν
1071 4795 1365 4860 ἀναγκαῖον
1387 4833 1401 4857 ,
1454 4796 1695 4857 εἰκαῖος,
1728 4791 1788 4856 ὃς

217 4890 393 4952 αὐτοῖς
437 4890 520 4950 ei;
553 4886 824 4957 πρόφασιν
871 4884 1290 4956 ἐπινοηθήσεται
1321 4885 1477 4953 λόγος
1505 4885 1606 4954 τῆς
1644 4883 1789 4938 οὕτω

218 4980 427 5050 γυμνῆς
458 4976 751 5049 ἁμαρτίας.
794 4976 1009 5043 Ταύτην
1046 4969 1199 5046 οἶμαι
1232 4975 1345 5028 δεῖν
1385 4978 1501 5039 τοῖς
1540 4974 1633 5029 τοῦ
1672 4976 1787 5029 Σω-

219 5071 374 5139 τῆρος
410 5070 592 5138 λόγοις
636 5068 947 5141 ἐφαρμόσαι
990 5067 1111 5121 νυνὶ
1148 5066 1246 5138 τὴν
1288 5067 1548 5123 διάνοιαν.
1591 5066 1791 5136 Ἀσύγ-

217 5176 429 5227 γνωστα
460 5161 520 5215 δέ
561 5163 672 5225 τοῖς
709 5163 790 5223 εἰς
833 5159 992 5213 αὐτὸν
1026 5158 1439 5230 πλημμελοῦσιν
1480 5159 1790 5223 ἐπιδεικνὺς

216 5251 281 5303 τὰ
309 5251 657 5323 ἐγκλήματα,
690 5252 784 5305 καὶ
815 5249 1244 5321 κολασθήσεσθαί
1273 5267 1403 5304 ποτε
1437 5251 1565 5315 τοὺς
1590 5251 1660 5305 τά
1683 5269 1793 5305 τοι-

217 5340 353 5395 αῦτα
380 5340 696 5411 τολμῶντας
728 5338 901 5393 εἰπὼν
922 5378 938 5402 ,
996 5340 1348 5410 παραιρεῖται
1395 5338 1495 5410 τῆς
1523 5337 1698 5409 λύπης
1727 5338 1788 5391 τὸ

214 5434 372 5487 πλέον
399 5438 498 5488 καὶ
527 5433 856 5487 ύποκλέπτει
888 5431 1089 5501 σοφῶς,
1109 5432 1247 5504 ὅπερ
1277 5428 1345 5505 ἦν
1370 5432 1516 5498 εἰκὸς
1544 5434 1787 5488 ἀνιάσειν

212 5525 273 5577 ού
310 5525 549 5596 μετρίως
581 5522 798 5587 αὐτούς.
831 5522 1069 5594 Φορητδν
1109 5521 1219 5593 γὰρ
1261 5522 1374 5576 ἐσθ’
1403 5525 1492 5578 ὅτε
1524 5526 1638 5589 τοῖς
1677 5523 1791 5578 ἀδι·

216 5617 501 5683 κουμένοις
538 5618 638 5688 τὴν
680 5614 992 5680 πλεονεξίαν
1033 5614 1362 5685 ἐργάζεται,
1414 5615 1476 5670 τὸ
1502 5615 1789 5689 ἀραρότως

292 5770 590 5869 ἰοηιιίῃ
624 5803 708 5858 46.
821 5807 863 5837 ¹⁰
892 5799 1050 5867 Rom.
1092 5826 1189 5878 xu,
1224 5810 1307 5867 19.

1885 3333 2287 3405 quodammodo
2336 3331 2786 3401 se'patrocinari
2840 3330 3196 3387 simulabunt.
3256 3331 3457 3387 Verum

1886 3425 1995 3480 nisi
2046 3424 2114 3478 ad
2164 3438 2259 3479 eos
2307 3420 2586 3491 profectus
2633 3419 2878 3474 Musaico
2923 3405 3181 3476 mandato
3233 3422 3458 3476 meliora

1885 3515 2230 3579 docuissem,
2286 3513 2389 3567 nisi
2443 3512 2635 3567 multis
2665 3511 2828 3581 905
2869 3510 3182 3568 rationibus
3228 3512 3462 3566 deinon-

1887 3619 2150 3663 Strassem
2183 3617 2395 3674 tempus
2424 3619 2545 3659 esse
2574 3604 2883 3670 demumut
2912 3603 3099 3674 ﬁgura:
3134 3612 3457 3669 transeant,

1887 3713 2187 3767 earumque
2221 3698 2358 3753 satis
2393 3697 2565 3751 fuisse
2621 3695 2889 3750 hactenus
2944 3704 2998 3750 et
3037 3694 3283 3749 umbras:
3321 3704 3461 3748 tem-

1890 3806 1993 3862 pus
2024 3796 2204 3843 autem
2234 3804 2359 3844 esse
2396 3795 2454 3842 ut
2500 3788 2617 3857 ipsa
2664 3786 2869 3841 veritas
2913 3788 3161 3850 eluceat;
3207 3785 3316 3839 nisi
3359 3786 3463 3839 hoc

1889 3881 2055 3938 etiam
2089 3896 2157 3935 ex
2186 3880 2304 3950 ipsa
2355 3879 2474 3948 lege
2522 3878 2998 3933 demoustrassem
3030 3914 3046 3939 ,
3112 3874 3479 3944 apertissime,

1890 3975 2083 4029 dicens
2112 3991 2124 4027 :
2156 3991 2174 4024 ι
2211 3972 2267 4025 Si
2302 3966 2602 4026 crederetis
2636 3968 2846 4039 Moysi,
2885 3967 3191 4023 crederetis
3234 3967 3461 4020 forsitan

1889 4078 1944 4124 et
1979 4066 2144 4134 mihi;
2177 4065 2244 4121 de
2279 4080 2366 4120 me
2398 4064 2542 4120 enim
2578 4063 2670 4117 ille
2703 4062 3007 4132 scripsit';
3035 4080 3054 4113 ι
3083 4060 3187 4115 nisi
3224 4060 3466 4130 prophe-

1889 4168 2068 4213 tarum
2104 4157 2437 4215 testimoniis
2475 4162 2907 4209 consentaneam
2942 4152 3251 4207 doctrinam
3288 4166 3462 4205 meam

1890 4249 2299 4313 ostendissem,
2359 4246 2577 4315 meique
2635 4246 2906 4299 adventus
2972 4243 3081 4297 vim
3142 4241 3462 4313 praedictam

1890 4357 2011 4397 esse
2045 4355 2109 4395 ac
2144 4338 2599 4409 praenuntiatam:
2633 4337 2902 4389 baberent
2930 4349 3064 4387 sane
3093 4348 3318 4388 causam
3355 4342 3463 4385 tam

1890 4434 1945 4488 in
1993 4448 2079 4488 me
2108 4446 2272 4501 quam
2319 4430 2374 4493 in
2424 4445 2523 4484 vos
2576 4426 2919 4497 insurgendi.
2965 4424 3101 4481 Cum
3153 4433 3334 4478 autem
3385 4423 3464 4476 ui-

1894 4523 1971 4577 hil
2007 4520 2439 4593 praetermissum
2477 4518 2585 4583 sit,
2621 4516 2716 4571 sed
2764 4529 3108 4586 quaecunque
3151 4514 3466 4568 necessaria

1891 4622 2049 4667 erant
2083 4611 2332 4679 exposita
2371 4608 2610 4674 fuerint,
2650 4622 2789 4660 vana
2822 4615 2906 4659 est
2934 4619 3324 4675 quamcunque
3369 4602 3466 4655 de-

1887 4719 2035 4758 mum
2075 4703 2291 4757 allaturi
2332 4710 2459 4756 sunt
2500 4709 2615 4754 tam
2655 4699 2829 4769 aperti
2868 4696 3128 4753 criminis
3157 4693 3464 4749 excusatio.

1888 4796 2046 4851 Hunc
2075 4811 2207 4866 ergo
2239 4793 2549 4848 Scrvatoris
2577 4792 2761 4847 verbis
2787 4805 3012 4845 sensum
3046 4783 3468 4841 accommodan-

1886 4891 2014 4945 dum
2040 4889 2299 4942 arbitror.
2326 4884 2684 4941 Ostendendo
2710 4898 2842 4941 vero
2872 4881 3078 4936 nullam
3112 4878 3226 4930 fore
3252 4876 3463 4929 veniam

1893 4977 2199 5034 sceleribus
2235 4976 2291 5030 in
2331 4976 2509 5044 ipsum
2562 4974 2846 5035 admissis,
2879 4979 2933 5026 et
2976 4968 3290 5038 quicunque
3337 4965 3465 5018 talia

1894 5066 2012 5121 ausi
2044 5064 2249 5121 fuerint
2277 5063 2580 5133 aliquando
2613 5063 2865 5133 punitum
2902 5058 2970 5112 iri
2994 5096 3008 5118 ,
3043 5056 3333 5108 maximam
3366 5053 3467 5107 do-

1896 5158 2027 5213 loris
2060 5168 2271 5227 partem
2318 5164 2535 5211 amovet
2582 5168 2646 5209 ac
2691 5154 2971 5222 sapienter
3016 5147 3276 5202 subducit
3318 5146 3463 5215 quod

1894 5264 2004 5303 non
2043 5248 2378 5303 mediocrem
2414 5246 2495 5302 eis
2526 5258 2782 5314 angorem
2820 5241 3112 5294 allaturum
3149 5236 3460 5291 videbatur.

1895 5338 2157 5407 lnjuriam
2191 5338 2393 5408 quippe
2424 5336 2637 5407 aequius
2672 5333 2885 5393 ferunt,
2927 5330 3018 5400 qui
3055 5328 3176 5397 ejus
3210 5335 3466 5383 auctores

1895 5445 2087 5501 poenas
2118 5429 2190 5486 ob
2214 5444 2334 5485 eam
2367 5427 2594 5481 daturos
2629 5423 2736 5480 sibi
2766 5421 3125 5493 persuadent.
3157 5419 3309 5486 Quod
3341 5434 3464 5473 cum

1896 5522 2000 5595 ipsi
2032 5537 2252 5594 quoque
2276 5527 2466 5575 notum
2493 5524 2639 5572 esset
2669 5513 2913 5570 universi
2942 5511 3176 5568 Domino
3202 5529 3215 5566 :
3246 5528 3265 5562 ι
3295 5508 3424 5563 Mihi
3444 5549 3463 5575 ,

1898 5617 2096 5688 inquit,
2118 5614 2365 5671 vindicta
2391 5628 2407 5669 :
2435 5624 2538 5682 ego
2564 5608 2869 5666 retribuam
2886 5645 2902 5672 ,
2927 5604 3063 5661 dicit
3083 5598 3461 5660 Dominus’h
