3998 6318
522 392 617 447 ιιι

1511 385 1568 441 8.
1611 383 1888 443 CYBILLI
1916 386 2390 445 ALEXANDRINI
2426 388 2742 444 ARClllEP.

3682 383 3796 440 M3

520 503 626 559 Sed
663 511 720 560 et
755 504 868 575 ipse
899 503 1099 557 beatus
1131 497 1364 561 Paulus,
1394 512 1425 551 a
1457 497 1698 568 quodam
1718 499 1969 570 principe
2005 514 2097 556 sa-

2217 501 2410 555 ›ἴεσθαι
2443 501 2597 564 δίκας
2630 501 2737 554 τῶν
2785 497 3290 571 πλημμεληθέντων
3336 498 3619 553 ἀποτίσειν
3661 500 3794 562 τοὺς

519 596 800 650 ecrdotum
837 608 1049 658 caesus,
1098 589 1455 646 acerbitatem
1506 590 1785 660 plagarum
1832 590 1936 644 hac
1978 589 2094 660 ipsa

520 687 734 741 ratione
773 684 1067 755 mitigavit.
1108 680 1248 748 Quid
1284 682 1432 737 enim
1467 680 1656 735 dixit?
1684 698 1703 731 ι
1732 679 2011 736 Pereutiet
2044 688 2098 735 te

520 777 698 843 Deus,
730 778 911 848 paries
954 775 1207 830 dealbate
1250 773 1314 828 “.
1346 792 1364 825 ι
1395 769 1740 826 lnﬁrmitatis
1789 770 1954 842 igitur
2000 771 2103 826 hu-

520 883 696 923 manae
730 868 1035 924 remedium
1070 864 1217 921 istud
1250 878 1471 933 quoque
1509 871 1628 929 est,
1658 877 1910 934 sperare,
1944 862 2098 932 inju-

521 960 731 1014 riarum
783 968 1038 1014 auctores
1089 955 1386 1026 aliquando
1437 969 1561 1011 esse
1614 953 1946 1024 puniendos.
1995 952 2105 1009 Sed

520 1053 761 1107 humana
794 1049 1248 1122 pusillanimitate
1277 1048 1438 1118 longe
1469 1046 1651 1117 potior
1678 1055 1762 1102 est
1795 1044 2061 1101 Dominus
2088 1064 2100 1099 :

523 1160 673 1210 nam,
703 1163 720 1195 ι
749 1142 884 1198 Cum
923 1140 1365 1203 malediceretur,
1401 1152 1511 1192 non
1539 1136 1941 1204 maledicebat;
1977 1150 2103 1190 cum

522 1245 830 1309 pateretur,
863 1250 973 1290 non
1006 1232 1471 1295 comminabatur,
1496 1249 1515 1284 ι
1540 1239 1600 1285 ιιι
1631 1230 1902 1301 scriptum
1924 1238 2010 1286 est
2037 1231 2103 1285 ι’.

523 1328 711 1383 Caesus
740 1335 920 1381 autem
952 1324 1089 1379 nihil
1119 1323 1318 1379 acerbe
1349 1323 1507 1390 dixit,
1535 1337 1714 1392 neque
1745 1328 1831 1376 est
1863 1321 2108 1377 minatus

523 1420 573 1475 ei
609 1421 700 1490 qui
728 1418 939 1475 caedere
963 1418 1143 1489 ipsum
1176 1430 1346 1470 ausus
1382 1413 1698 1478 fuerat,sed
1733 1412 2026 1469 mitissime
2054 1423 2108 1469 et

530 1514 804 1582 patienter
838 1510 1132 1566 admodum
1163 1527 1176 1563 :
1207 1506 1295 1563 «Si
1316 1508 1475 1571 male,
1497 1506 1696 1577 inquit,
1719 1506 1938 1560 locutus
1960 1519 2106 1568 sum,

524 1603 904 1659 testimonium
932 1601 1161 1673 perhibe
1187 1601 1254 1655 de
1281 1600 1461 1654 male:
1489 1600 1535 1653 si
1562 1606 1742 1652 autem
1772 1598 1912 1653 bene
1935 1636 1950 1661 ,
1974 1594 2107 1667 quid

526 1712 614 1750 me
643 1695 812 1750 caedis
848 1695 934 1747 "?
961 1713 979 1745 ι
1009 1692 1150 1748 Vere
1176 1693 1345 1762 igitur
1373 1707 1400 1745 a
1433 1689 1717 1761 prophetis
1748 1690 1956 1744 dictum
1988 1698 2104 1744 est:

532 1806 552 1839 ‹
583 1787 720 1853 Quis
753 1788 806 1841 in
838 1787 1080 1843 nubibus
1119 1785 1431 1857 aequabitur
1463 1782 1726 1843 Domino.
1777 1791 1830 1839 et
1863 1783 1992 1853 quis
2028 1781 2106 1839 si-

526 1880 674 1935 milis
705 1880 812 1935 erit
845 1878 1081 1933 Domino
1114 1877 1258 1932 inter
1286 1876 1426 1931 filios
1453 1873 1547 1929 Dei
1581 1873 1669 1926 “1'
1698 1893 1715 1924 ι

2207 594 2309 664 τῆς
2339 593 2650 661 πλεονεξίας
2677 592 2934 664 ἐργάτας.
2985 593 3096 646 Καὶ
3132 591 3292 645 τοῦτο
3318 591 3473 655 εἰδὼς
3500 593 3596 646 καὶ
3626 591 3792 655 αὐτὸς

2209 686 2237 737 6
2277 684 2492 738 πάντων
2520 685 2795 755 Δεσπότης
2819 727 2832 748 ,
2872 703 2890 737 ι
2927 683 3104 755 Ἐμοὶ,
3133 682 3316 755 φησὶν,
3348 683 3651 755 ἐκδίκησις,
3676 680 3793 749 ἐγὼ
3832 692 3839 697 ’

2207 774 2600 837 ἀνταποδώσω,
2651 776 2799 844 λέγει
2824 774 3046 847 Κύριος.
3075 794 3094 826 ι
3145 773 3307 827 Ἀλλὰ
3344 773 3439 828 καὶ
3468 774 3630 837 αὐτὸς
3652 774 3794 844 ἡμῖν

2206 865 2236 917 6
2272 867 2540 937 μακάριος
2560 866 2791 932 Παῦλος,
2825 867 2929 920 ὑπό
2954 850 3098 930 τινος
3121 866 3229 920 τῶν
3253 866 3558 938 ἀρχιερέων
3585 866 3791 919 tur-.16-

2211 974 2391 1028 μενος,
2414 958 2515 1029 τῆς
2546 958 2641 1011 ἐπὶ
2664 958 2742 1030 τῷ
2777 958 3008 1028 πάσχειν
3037 958 3266 1030 πικρίας
3292 959 3393 1027 οὐχ
3434 957 3628 1028 ἑτέραν
3662 957 3791 1028 ἔσχε

2209 1050 2560 1121 παραψυχὴν,
2588 1049 2620 1122 ἢ
2652 1049 2858 1121 ταύτην
2877 1051 3068 1120 αὑτήν.
3103 1050 3168 1103 Τί
3198 1051 3305 1120 γὰρ
3328 1050 3468 1121 ἔφης
3508 1069 3527 1100 ι
3555 1048 3792 1102 Τύπτειν

2152 1191 2159 1197 ,
2210 1158 2269 1194 σε
2307 1141 2490 1212 μέλλει
2528 1142 2556 1194 6
2598 1141 2762 1209 Θεὸς,
2813 1144 2959 1212 τοῖχε
2993 1142 3368 1212 κεκονιαμένε.
3400 1162 3419 1194 ι
3474 1140 3794 1203 ’Λσθενείας

2207 1228 2300 1288 οὖν
2333 1233 2443 1306 ἄρα
2469 1233 2759 1305 φάρμακον
2784 1233 3132 1306 ἀνθρωπίνης
3157 1235 3250 1289 καὶ
3282 1234 3468 1297 τοῦτο,
3502 1235 3598 1287 καὶ
3627 1234 3792 1288 κολά-

2209 1325 2421 1392 ζεσθαι,
2478 1327 2645 1399 φημὶ,
2684 1327 2989 1399 προσδοκᾷν
3040 1328 3166 1391 τοὺς
3222 1328 3428 1382 ἀδικεῖν
3477 1327 3788 1397 ἑλομένους.

2208 1417 2489 1488 Κρείττων
2513 1436 2577 1488 γε
2606 1419 2712 1491 μὴν
2731 1461 2747 1483 ,
2774 1421 2866 1473 καὶ
2892 1422 2950 1472 ἐν
2983 1420 3188 1474 πλείονι
3221 1419 3426 1491 μέτρῳ,
3455 1419 3557 1489 τῆς
3580 1418 3794 1489 ἀνθρω-

2209 1512 2370 1579 πίνης
2410 1509 2775 1581 μικροψυχίας
2798 1512 2826 1564 6
2856 1511 3083 1583 Κύριος.
3130 1530 3149 1563 ι
3194 1511 3625 1582 Λοιδορούμενος
3659 1510 3791 1580 γὰρ,

2207 1598 2306 1651 οὐκ
2343 1599 2724 1671 ἀντελοιδόρει,
2751 1601 2976 1671 πάσχων
3000 1602 3102 1655 οὐκ
3123 1600 3357 1672 ἠπείλει,
3390 1620 3408 1652 ι
3444 1601 3586 1659 κατά
3615 1600 3676 1653 τὸ
3698 1617 3794 1668 γε.

2209 1691 2550 1760 γραμμένον.
2587 1692 2983 1764 Ῥαπιζόμενος
3017 1692 3073 1746 δὲ
3094 1733 3108 1757 ,
3138 1693 3393 1766 φορτικὸν
3421 1690 3577 1747 εἶπεν
3601 1692 3790 1754 οὐδὲν,

2208 1783 2332 1837 οὔτε
2360 1785 2465 1857 μὴν
2486 1787 2750 1858 ἠπείλησε
2777 1787 2853 1858 τῷ
2872 1790 3065 1841 παῖσαι
3096 1786 3474 1855 τετολμηκότι·
3505 1784 3790 1855 πραότατα

2209 1875 2265 1929 δὲ
2290 1879 2383 1930 καὶ
2408 1877 2749 1944 ἀνεξικάκως
2781 1879 2978 1950 κομιδῇ
3003 1921 3018 1944 ,
3070 1898 3089 1930 t
3118 1879 3181 1931 Εἰ
3212 1875 3421 1940 κακῶς,
3450 1876 3637 1946 φησὶν,
3667 1875 3793 1927 ἐλά-

529 1967 689 2039 λησα,
728 1968 1081 2040 μαρτύρησον
1113 1964 1355 2036 περὶτοῦ
1384 1962 1553 2017 κακοῦ
1575 1980 1588 1994 ·
1631 1963 1680 2015 εί
1717 1962 1773 2016 δὲ
1803 1961 2016 2025 καλῶς,
2051 1961 2104 2015 τί
2145 1979 2211 2032 με
2245 1964 2459 2037 δέρεις;
2495 1988 2514 2019 ›
2561 1969 2802 2039 Ἀληθῶς
2829 1965 2922 2023 οὖν
2944 1969 3052 2040 ἄρα
3077 1972 3190 2032 τοῖς
3216 1969 3522 2038 προφήταις
3551 1968 3579 2020 6
3616 1966 3791 2035 λόγος,

525 2062 606 2114 ὅτι
639 2080 657 2111 ι
695 2060 791 2122 Τίς
827 2060 884 2111 ἐν
918 2058 1168 2127 νεφέλαις
1202 2056 1523 2128 ίσωθήσεται
1666 2055 1883 2126 Κυρίῳ,
1913 2054 1945 2125 ἢ
1981 2054 2063 2118 τίς
2099 2057 2501 2130 ὁμοιωθήσεται
2526 2062 2602 2134 τῷ
2637 2063 2825 2134 Κυρίῳ
2852 2064 2910 2116 ἐν
2937 2063 3076 2126 υἱοῖς
3109 2060 3274 2123 Θεοῢ;
3303 2080 3322 2111 ›

601 2149 720 2215 XV,
762 2149 853 2203 25.
894 2148 997 2214 Qui
1035 2166 1114 2202 me
1154 2147 1296 2215 odit,
1334 2155 1383 2202 et
1412 2146 1631 2202 Patrem
1662 2163 1830 2200 meum
1871 2145 2001 2200 odit.

599 2240 898 2310 lmpietatis
937 2255 1063 2310 erga
1111 2239 1279 2295 Deum
1331 2238 1537 2294 crimen
1579 2238 1649 2294 iis
1688 2237 1984 2293 manifeste
2017 2237 2114 2290 tri-

528 2332 653 2386 buit
679 2333 772 2402 qui
803 2339 985 2387 emota
1009 2347 1072 2386 ac
1095 2330 1303 2387 nefaria
1339 2316 1518 2386 mente
1549 2328 1746 2384 Filium
1773 2331 1902 2385 odio
1920 2345 2113 2399 prose«

530 2430 788 2491 quentur.
832 2420 987 2487 Quod
1030 2420 1263 2491 quidem,
1298 2436 1490 2476 verum
1523 2428 1630 2477 est.
1670 2419 1782 2476 Nec
1810 2423 1953 2476 enim
1986 2435 2119 2489 pos-

529 2521 663 2569 sunt
705 2512 757 2567 in
799 2511 1014 2568 Patrem
1060 2528 1167 2567 non
1208 2512 1375 2583 906
1406 2527 1670 2583 peccare,
1700 2512 1798 2582 qui
1834 2519 2121 2567 contume—

531 2603 657 2658 liosi
708 2611 838 2658 sunt
894 2603 947 2657 in
1004 2600 1239 2666 Filium,
1290 2609 1386 2655 aut
1434 2617 1564 2657 eum
1608 2600 1862 2656 oderunt.
1915 2601 2118 2668 Queru-

530 2695 819 2750 admodum
857 2695 1001 2750 enim
1040 2695 1133 2763 qui
1171 2694 1308 2749 solis
1377 2693 1565 2748 radios
1599 2703 1662 2748 ut
1697 2694 1927 2749 inutiles
1962 2693 2120 2749 ﬂocci

530 2786 812 2857 pendunt,
846 2785 988 2840 idem
1021 2786 1087 2841 de
1119 2786 1237 2842 sole
1266 2786 1387 2855 ipso
1421 2786 1670 2840 sentiunt
1698 2803 1711 2841 :
1746 2796 1801 2841 et
1829 2786 1923 2856 qui
1960 2785 2116 2843 floris

531 2877 754 2933 odorem
791 2884 1185 2948 aspernantur,
1236 2877 1424 2930 ﬂorem
1479 2876 1658 2945 ipsum
1707 2885 2116 2934 contemnunt:

533 2971 613 3026 sic
671 2971 835 3026 etiam
867 2969 935 3026 de
966 2967 1267 3040 Unigenito
1300 2976 1354 3023 et
1389 2966 1511 3038 ejus
1574 2966 1737 3024 Patre
1770 2971 1992 3025 evenire
2021 2984 2120 3040 pu-

533 3063 756 3118 tandum
795 3070 901 3117 est.
942 3061 1057 3117 Nec
1097 3062 1244 3118 enim
1284 3059 1401 3115 fieri
1437 3067 1616 3130 potest
1653 3069 1714 3115 ιιι
1745 3061 1838 3130 qui
1870 3063 2016 3132 quod
2051 3077 2118 3119 ex

534 3156 719 3224 aliquo
761 3163 845 3209 est
889 3154 1244 3222 vituperant,
1292 3151 1518 3207 laudent
1558 3151 1613 3207 id
1646 3169 1711 3208 ex
1745 3168 1855 3224 quo
1886 3162 1992 3209 est.
2029 3152 2120 3207 ld-

535 3244 687 3298 cireo
719 3243 939 3297 dicebat
969 3241 1225 3296 Christus
1255 3238 1462 3296 Judaeis
1490 3258 1503 3296 :
1532 3258 1550 3292 ι
1581 3239 1701 3297 Non
1738 3250 1922 3314 potest
1957 3242 2124 3297 arbor

536 3339 679 3391 bona
712 3333 884 3388 malos
921 3332 1133 3387 fructus
1168 3330 1367 3400 facere,
1417 3347 1599 3403 neque
1639 3334 1807 3388 arbor
1836 3334 1978 3388 mala
2023 3333 2155 3389 bo-’

539 3443 642 3483 nos
672 3425 887 3481 fructus
915 3424 1095 3481 facere
1123 3426 1189 3489 ⁸⁵,
1221 3443 1240 3477 ι
1269 3439 1396 3480 eum
1439 3426 1605 3480 etiam
1644 3432 1905 3481 accurato
1936 3433 1992 3481 et
2022 3440 2120 3479 ex.

537 3528 663 3576 acto
684 3518 898 3588 judicio
925 3518 1239 3588 discernere
1272 3525 1565 3588 utrumque
1587 3518 1806 3587 juberet
1831 3536 1844 3572 ε
1870 3517 2006 3571 «Aut
2033 3516 2116 3571 fa-

535 3614 643 3668 cite
674 3611 928 3666 arborem
959 3612 1157 3665 malam
1182 3651 1196 3677 ,
1229 3618 1284 3666 et
1321 3610 1560 3666 fructum
1590 3611 1712 3681 ejus
1752 3611 1957 3665 malum
1993 3610 2057 3665 ¹⁶.
2093 3627 2112 3662 ι

538 3704 691 3771 Quod
720 3704 866 3758 enim
897 3702 965 3758 de
995 3701 1191 3757 horum
1222 3718 1333 3758 uno
1363 3718 1498 3758 vere
1535 3703 1760 3769 dicitur,
1795 3702 1899 3757 hoc
1929 3703 2122 3771 utique

538 3797 604 3851 ad
640 3795 873 3850 alterum
936 3795 1218 3865 pertinere
1265 3796 1583 3849 necessaria
1620 3808 1724 3849 nos
1764 3794 1909 3848 ratio
1949 3794 2123 3864 adigit

538 3897 598 3943 ut
629 3888 941 3943 credamus.
978 3885 1157 3942 Unius
1188 3886 1335 3941 enim
1384 3894 1595 3941 naturae
1639 3886 1922 3956 quomodo
1967 3901 2124 3940 com-

541 3981 724 4034 munia
758 3994 867 4034 non
894 3986 1058 4033 erunt
1079 3992 1201 4046 qute
1227 3976 1292 4030 ad
1322 3977 1447 4046 ejus
1477 3977 1692 4032 laudent
1718 3985 2003 4047 spectant,
2029 3987 2125 4032 aut

540 4071 869 4126 infamiam?
901 4069 965 4123 Et
989 4069 1136 4140 quod
1165 4068 1292 4139 quis
1322 4068 1377 4123 in
1406 4070 1582 4124 rivum
1616 4068 1847 4133 fecerit,
1880 4069 1985 4124 hoc
2016 4069 2124 4124 uti-

538 4180 647 4233 que
690 4178 873 4217 nonne
918 4164 972 4216 in
1015 4163 1221 4226 fontem
1267 4162 1450 4234 ipsum
1496 4161 1730 4217 fecerit?
1782 4161 1995 4217 Idcirco
2047 4162 2126 4216 ait

538 4255 799 4311 Christus
828 4273 841 4309 :
875 4274 892 4306 ι
923 4254 1027 4320 Qui
1061 4268 1147 4308 me
1177 4251 1330 4318 odit,
1363 4260 1419 4307 et
1450 4251 1667 4307 Patrem
1702 4268 1882 4307 meum
1918 4252 2056 4307 odit.
2098 4271 2118 4304 ›

541 4347 765 4404 Utiliter
796 4354 978 4399 autem
1024 4351 1079 4399 et
1127 4344 1194 4398 ad
1230 4343 1414 4399 Patris
1445 4358 1737 4414 personam
1782 4343 1947 4399 refert
1978 4343 2124 4414 quod

544 4439 598 4490 in
627 4452 687 4491 se
720 4450 748 4487 a
783 4434 1064 4488 nonnullis
1091 4432 1260 4488 fuerit
1291 4442 1651 4490 attentatum.
1696 4434 1791 4489 llis
1819 4434 1966 4489 enim
2006 4449 2127 4488 ver-

542 4527 630 4582 bis
651 4524 1016 4580 certissimam
1042 4524 1204 4578 nobis
1233 4524 1389 4579 fidem
1419 4523 1554 4579 facit
1579 4541 1638 4579 se
1657 4540 1767 4579 non
1795 4524 1962 4577 alium
1981 4540 2124 4590 esse,

545 4618 639 4674 sed
669 4616 923 4673 eumdem
952 4631 1075 4671 eum
1109 4617 1597 4686 ipso,omnimoda3
1617 4617 1929 4671 identitatis
1960 4616 2128 4672 ratio-

545 4727 635 4766 ne.
661 4710 892 4778 insuper
917 4723 1049 4762 vero
1076 4715 1244 4763 terret
1272 4708 1577 4773 auditores,
1596 4708 1895 4764 ostendens
1913 4709 2041 4765 odio
2070 4725 2129 4765 se

2296 2151 2347 2204 Ὀ
2378 2154 2484 2223 ἐμὲ
2509 2153 2728 2223 μισῶν,
2757 2155 2855 2209 καὶ
2894 2155 3001 2208 τὸν
3026 2154 3257 2223 Πατέρα
3277 2170 3398 2223 μου
3419 2151 3606 2221 μισεῖ.

2302 2243 2617 2316 Ἀθεότητος
2645 2246 2898 2317 ἔγκλημα
2926 2245 3208 2317 καθορίζει
3242 2244 3431 2315 σαφῶς
3458 2243 3567 2297 τῶν
3613 2243 3677 2307 ἐξ
3707 2245 3799 2297 ἀν»

2217 2335 2362 2387 οσίου
2387 2334 2610 2407 γνώμης
2633 2337 2727 2390 καὶ
2753 2337 2949 2406 φρενὸς
2977 2335 3458 2407 ἐκκεκρουσμένης
3488 2336 3670 2405 μισεῖν
3696 2333 3798 2385 αύ-

2217 2426 2309 2479 τὸν
2337 2426 2627 2498 ἑλομένων.
2658 2427 2766 2481 Καὶ
2787 2427 2894 2500 γάρ
2916 2430 3062 2481 ἐστιν
3084 2427 3304 2498 ἀληθές.
3338 2427 3413 2480 Οὐ
3441 2425 3550 2497 γὰρ
3580 2425 3800 2494 ἀφέξον-

2216 2535 2306 2571 ται
2331 2518 2429 2587 τῆς
2470 2521 2553 2584 είς
2592 2520 2683 2575 τὸν
2713 2520 2935 2593 Πατέρα
2979 2519 3392 2593 πλημμελείας,
3442 2520 3495 2572 οἱ
3528 2518 3620 2572 τὸν
3669 2517 3798 2571 Υίδν

2218 2609 2579 2680 ἀτιμάζοντες
2598 2615 2633 2677 ,‘
2662 2612 2830 2683 ἤγουν
2871 2612 2954 2665 ὅτι
2990 2599 3197 2684 πρέπει
3251 2614 3428 2683 μισεῖν
3471 2611 3796 2678 ἐγνωκότες.

2221 2702 2427 2772 Ὅνπερ
2469 2701 2578 2774 γὰρ
2604 2702 2805 2774 τρόπον
2843 2702 2943 2775 τὴν
2970 2703 3064 2756 τοῦ
3102 2703 3254 2774 ἡλίου
3288 2698 3660 2774 μαρμαρυγὴν
3679 2741 3693 2763 ,
3722 2699 3800 2763 ὡς

2218 2792 2304 2844 ἐπ’
2328 2791 2503 2844 οὐδενὶ
2523 2791 2631 2845 τῶν
2653 2792 2965 2861 ἀναγκαίων
2985 2792 3169 2861 φαίνοι
3198 2807 3257 2844 τε
3283 2791 3375 2844 καὶ
3404 2788 3662 2860 ὑπάρχοι,
3683 2785 3800 2839 δια-

2219 2882 2473 2954 σύροντες
2514 2883 2612 2945 τὰς
2654 2882 2753 2954 τῆς
2784 2884 3143 2954 ἀχρειότητος
3186 2882 3401 2945 αίτίας,
3455 2879 3550 2934 καί¹
3590 2878 3689 2949 τὴν
3713 2876 3802 2930 ἐπ’

2217 2974 2355 3044 αὐτῇ
2383 2972 2585 3043 ψῆφον,
2602 2975 2682 3037 εἰς
2712 2973 2877 3026 αὐτὸν
2900 2971 3240 3026 ἀνατείνουσι
3262 2971 3355 3024 τὸν
3380 2968 3440 3037 ἐξ
3463 2964 3636 3041 οὗπερ
3662 2968 3800 3023 ἐστί·

2218 3065 2312 3120 καὶ
2356 3065 2573 3136 ὅτῳπερ
2618 3063 2684 3118 ἂν
2720 3063 2955 3119 κακύναι
2996 3063 3128 3136 δοκῇ
3162 3063 3261 3133 τὴν
3302 3061 3363 3127 ἐξ
3398 3060 3605 3116 ἀνθέων
3639 3060 3807 3130 τυχὸν

2218 3156 2448 3211 εὐωδίαν
2467 3198 2481 3222 ,
2529 3157 2617 3210 ἐπ’
2642 3158 2821 3210 ἐκεῖνο
2864 3156 2928 3228 δὴ
2960 3156 3179 3219 πάντως
3214 3154 3422 3208 ἀνοίσει
3450 3153 3512 3206 τὸ
3548 3153 3807 3223 ἔγκλημα

2219 3249 2309 3302 τὸν
2340 3248 2399 3314 ἐξ
2426 3242 2595 3320 οὗπερ
2628 3248 2694 3302 ἂν
2721 3249 2960 3303 τίκτοιτο
2984 3265 2998 3280 ο
3032 3248 3124 3302 τὸν
3156 3245 3339 3309 αὑτὸν,
3365 3241 3540 3315 οἶμαι,
3577 3245 3805 3316 τρόπον,

2219 3341 2312 3395 ἐπί
2346 3359 2409 3411 γε
2436 3341 2529 3396 τοῦ
2554 3339 2917 3410 Μονογενοῦς,
2955 3340 3051 3394 καὶ
3078 3337 3174 3393 τοῦ
3195 3338 3444 3403 τεκόντος
3476 3337 3643 3391 αὑτὸν
3670 3354 3811 3408 συμ-

2223 3433 2471 3506 ϐήσεται.
2524 3433 2600 3487 Οὐ
2629 3432 2738 3504 γὰρ
2770 3432 2905 3500 ἐστι,
2939 3432 3039 3485 οὐκ
3070 3430 3185 3485 ἐστι
3221 3428 3632 3499 καταψέγοντάς
3650 3444 3810 3490 τινας

2222 3524 2282 3577 τό
2323 3541 2467 3588 τινος
2496 3522 2837 3592 ἐκπεφυκὸς,
2885 3521 3175 3575 ἐπαινέσαι
3219 3519 3281 3572 τὸ
3324 3519 3383 3584 ἐξ
3422 3515 3594 3591 οὗπερ
3632 3518 3805 3572 ἐστίν.

2220 3615 2319 3669 Διά
2364 3632 2446 3668 τοι
2495 3614 2655 3668 τοῦτο
2703 3615 2817 3677 τοῖς
2860 3612 3134 3676 Ἰουδαίοις
3184 3611 3288 3682 ἔφη
3330 3612 3605 3683 Χριστός·
3660 3631 3679 3662 ι
3729 3611 3807 3663 Οὐ

2220 3706 2443 3761 δύναται
2481 3706 2698 3775 δένδρον
2749 3703 2955 3772 ἀγαθὸν
2995 3704 3241 3775 καρποὺς
3290 3703 3565 3775 πονηροὺς
3607 3706 3806 3765 ποιεῖν,

2221 3798 2340 3853 οὐδὲ
2377 3797 2594 3867 δένδρον
2625 3797 2854 3867 σαπρὸν,
2888 3796 3137 3868 καρποὺς
3172 3796 3410 3860 ἀγαθοὺς
3440 3798 3634 3849 ποιεῖν·
3662 3816 3679 3848 ι
3718 3797 3810 3849 ὅτε

2222 3887 2316 3939 καὶ
2339 3885 2437 3958 τὴν
2471 3886 2564 3938 ἐπὶ
2619 3884 2794 3956 τούτῳ
2836 3885 3110 3956 διάκρισιν
3143 3885 3346 3956 ἀκριϐῆ
3386 3902 3446 3938 τε
3481 3886 3574 3938 καὶ
3620 3885 3811 3939 ἀνεπί-

2221 3979 2426 4049 ληπτον
2451 3976 2788 4031 διεκελεύετο
2821 3975 3126 4029 ποιεῖσθαι·
3166 3995 3184 4026 ι
3225 3976 3295 4029 Ἦ
3320 3976 3583 4045 ποιήσατε
3609 3975 3671 4027 τὸ
3696 3974 3811 4027 δέν-

2223 4070 2347 4142 δρον
2378 4069 2608 4140 σαπρὸν,
2638 4068 2734 4122 καὶ
2762 4067 2856 4121 τὸν
2882 4067 3092 4138 καρπὸν
3122 4065 3288 4120 αὑτοῦ
3317 4066 3546 4136 σαπρόν.
3573 4085 3591 4117 ι
3630 4066 3809 4136 Ὅπερ

2224 4162 2333 4233 γὰρ
2374 4160 2441 4215 ἂν
2482 4160 2601 4214 καθ’
2633 4159 2751 4223 ἐνὸς
2794 4159 2901 4213 τῶν
2944 4156 3203 4212 τοιούτων
3256 4156 3579 4228 ἀληθεύοιτο
3623 4157 3808 4226 τυχὸν,

2223 4252 2382 4307 τοῦτο
2409 4252 2474 4324 δὴ
2512 4252 2727 4314 πάντως
2752 4250 2964 4318 διήκειν
2998 4251 3089 4302 ἐπ’
3116 4251 3322 4320 ἀμφοῖν
3370 4250 3667 4318 ἀναγκαῖός
3706 4266 3808 4312 τις,

2216 4338 2425 4415 οἴμαι,Δ
2448 4340 2807 4413 παρατρέψει.
2852 4341 2996 4402 Μιᾶς
3029 4340 3137 4412 γὰρ
3176 4340 3421 4408 φύσεως,
3455 4339 3570 4403 πῶς
3602 4338 3722 4408 οὐχὶ
3748 4338 3811 4408 δὴ

2228 4437 2445 4507 πάντως
2474 4434 2628 4488 κοινά
2655 4433 2810 4487 ἔσται
2838 4432 2906 4485 τὰ
2931 4431 3220 4502 ἡττώμενα
3243 4472 3258 4496 ,
3283 4433 3450 4503 ἡγουν
3481 4432 3577 4484 καὶ
3607 4430 3813 4500 ἑτέρως

2228 4524 2714 4597 καταλαμπρύνειν
2763 4524 2986 4589 εἰδότας
3038 4523 3150 4576 Καὶ
3184 4524 3320 4594 ὅπερ
3368 4523 3434 4577 ἂν
3471 4523 3691 4593 δράσειέ
3729 4539 3814 4586 τις

2228 4622 2306 4682 είς
2344 4618 2403 4671 τὸ
2429 4617 2493 4672 ἐκ
2530 4634 2675 4680 τινος
2706 4617 2888 4687 πηγῆς
2911 4658 2926 4681 ,
2975 4615 3135 4670 τοῦτο
3179 4616 3241 4686 δὴ
3279 4617 3495 4679 πάντως
3535 4615 3815 4686 δεδρακὼς

2230 4710 2297 4764 ἂν
2329 4707 2414 4777 εἴη
2444 4708 2539 4761 καὶ
2580 4709 2661 4772 εἰς
2692 4708 2863 4780 αὐτὴν
2890 4708 2990 4783 τὴν
3026 4708 3230 4779 πηγήν.
3277 4707 3375 4760 Διά
3408 4707 3566 4761 τοῦτό
3595 4723 3761 4777 φησιν
3786 4710 3815 4761 6

548 4798 736 4853 haberi
756 4796 1141 4867 periculosum
1160 4836 1176 4861 ,
1204 4812 1441 4866 eumque
1468 4812 1571 4866 ope
1597 4797 1919 4853 destitutum
1950 4799 2046 4863 iri,
2074 4808 2117 4855 et

2233 4799 2488 4870 Χριστὸς,
2526 4800 2609 4853 ὃτι
2653 4817 2671 4851 ι
2718 4801 2775 4853 '0
2821 4799 2921 4869 ἐμὲ
2948 4799 3143 4870 μισῶν,
3190 4799 3401 4853 καὶτὸν
3432 4799 3658 4868 Πατέρα
3709 4816 3812 4870 μου

548 4894 602 4944 ἱιι
634 4889 869 4959 praedam
918 4887 1081 4943 facile
1123 4902 1415 4943 cessurum
1459 4888 1723 4955 affirmat,
1767 4891 1862 4961 qui
1906 4892 2131 4945 omnino

549 4981 782 5036 adorare
811 4981 969 5045 nolit,
999 4978 1205 5050 quippe
1250 4978 1423 5048 quiin
1465 4979 1638 5048 ipsam
1681 4993 1904 5050 quoque
1946 4979 2129 5036 Patris

550 5088 840 5143 personam
895 5072 968 5127 sit
1018 5070 1477 5126 contumeliosus.
1534 5069 1772 5125 Omnino
1821 5072 1972 5126 enim
2020 5087 2129 5126 una

550 5166 715 5220 l’ater
745 5163 1091 5220 suecensebit
1113 5203 1127 5227 ,
1164 5170 1227 5217 ut
1254 5162 1346 5233 qui
1380 5177 1487 5217 una
1516 5177 1644 5217 cum
1676 5177 1779 5217 suo
1812 5161 1953 5217 Filio
1983 5164 2128 5233 inju-

552 5257 690 5310 riam
742 5256 966 5325 patitur.
1018 5254 1255 5311 Sauctos
1302 5263 1486 5309 autem
1534 5255 1820 5326 apostolos
1860 5269 1970 5309 non
2018 5272 2130 5312 me-

552 5349 811 5403 diocriter
853 5364 920 5404 ex
966 5348 1136 5420 hujus
1179 5349 1259 5404 rei
1315 5347 1421 5403 fide
1452 5346 1807 5401 corroborari
1856 5347 1981 5417 quis
2016 5363 2125 5404 non

555 5438 748 5494 videt?
791 5439 1061 5497 Praeterea
1105 5440 1256 5495 aliud
1312 5438 1613 5508 quiddam,
1661 5438 1898 5509 opinor,
1951 5455 2129 5510 operae

558 5526 794 5599 pretium
823 5536 880 5585 et
905 5530 1191 5600 sapientia:
1229 5527 1452 5598 plenum
1498 5524 1758 5583 Christus
1792 5530 2127 5601 peragebat,

2232 4894 2397 4965 μισεῖ.
2423 4911 2442 4943 ι
2496 4893 2659 4964 Φέρει
2701 4891 2757 4944 δέ
2805 4891 3091 4962 χρησίμως
3122 4890 3219 4945 καὶ
3249 4893 3326 4955 είς
3366 4891 3428 4945 τὸ
3469 4889 3563 4944 τοῦ
3595 4891 3815 4962 Πατρὸς

2226 4986 2538 5057 πρόσωπον,
2558 4983 2701 5055 ἅπερ
2720 4983 2786 5037 ἂν
2806 4985 2886 5047 είς
2907 4984 3068 5038 αὑτὸν
3092 4984 3424 5054 ἐπιχειροῖτο
3445 4984 3599 5055 παρά
3614 5001 3803 5039 τινων.

2226 5076 2642 5148 ΙΙληροφορήσει
2673 5075 2770 5146 μὲν
2795 5074 2904 5146 γὰρ
2927 5074 3079 5128 οὐδὲν
3101 5070 3264 5148 ἦττον
3300 5077 3449 5146 ἡμᾶς
3482 5075 3570 5130 διὰ
3603 5074 3815 5129 τούτων

2223 5165 2332 5220 τῶν
2357 5164 2560 5234 λόγων,
2616 5164 2692 5226 ὡς
2737 5163 2835 5233 οὐχ
2879 5163 3067 5234 ἕτερός
3100 5165 3247 5217 ἐστιν
3309 5164 3386 5234 ὡς
3433 5166 3570 5234 πρὸς
3623 5164 3811 5228 αύτδν,

2233 5255 2374 5309 κατά
2403 5271 2467 5323 γε
2489 5254 2579 5306 τὸν
2607 5254 2665 5308 ἐν
2689 5253 2978 5323 ταυτότητι
3007 5255 3071 5324 τῇ
3102 5252 3247 5306 κατά
3277 5255 3386 5308 πᾶν
3426 5255 3693 5326 νοουμένῃ
3723 5255 3813 5307 λό-

2224 5365 2347 5429 χον.
2400 5347 2713 5399 Καταπτοεῖ
2742 5345 2799 5399 δέ
2846 5345 2983 5417 πρὸς
3029 5344 3206 5417 τούτῳ
3242 5348 3371 5409 τοὺς
3403 5347 3813 5419 ἀκροωμένους.

2239 5438 2503 5510 σφαλερὸν
2538 5436 2619 5492 ἔτι
2640 5437 2861 5507 ’δεικνὺς
2887 5437 2949 5491 τὸ
2980 5437 3073 5490 ἐπὶ
3100 5436 3163 5490 τὸ
3200 5441 3378 5510 μισεῖν
3408 5440 3573 5494 αὑτὸν
3597 5439 3814 5494 ἑλέσθαι

2238 5530 2646 5601 πλημμέλημα,
2693 5528 2988 5600 εὺσύλητόν
3019 5547 3077 5582 τε
3110 5530 3204 5583 καὶ
3231 5531 3666 5604 ἀνεπικούρητον
3694 5529 3817 5584 ἔσε-

640 5732 681 5764 “
704 5736 824 5787 Aet.
852 5748 1007 5798 nm,
1043 5733 1095 5789 5.
1177 5736 1217 5767 ¹¹
1252 5732 1270 5788 l
1305 5732 1448 5789 Petr.
1472 5733 1638 5800 tl,‘2'5.
1720 5736 1762 5767 ’³
1784 5733 1942 5789 Joan.
1965 5747 2118 5798 xvm,
2139 5732 2230 5786 ‘25.
2312 5732 2354 5765 ”
2385 5731 2527 5787 Psal.
2551 5747 2818 5801 Lxxxvm,
2846 5733 2894 5787 7.
2978 5733 3020 5765 "
3046 5732 3234 5789 Matth.
3261 5749 3357 5799 vu,
3386 5732 3469 5787 18.
3553 5731 3595 5763 ¹⁶
3619 5730 3815 5787 Matth.

564 5810 665 5869 ιιι,
700 5801 792 5856 55.
