3998 6318
487 433 596 491 M5

1473 430 1531 487 S.
1571 430 1847 488 CYRILLI
1880 429 2351 486 ALEXANDRINI
2385 433 2704 492 ARCHIEP.

3631 438 3751 493 416

485 551 544 606 in
578 548 754 614 Filio,
784 552 1012 619 propter
1044 544 1389 601 identitatem
1425 549 1674 613 naturai,
1705 554 1760 602 et
1789 544 2059 600 omnimo-
2086 595 2090 604 ,

2188 547 2530 617 ιτιμάσαντες
2567 550 2774 620 θαῦμα,
2808 506 3194 612 δυσσεϐοῦντες
3219 547 3465 621 ἐναργῶς
3498 552 3581 614 είς
3610 552 3735 622 ὃλην

484 641 611 697 dam
669 638 1000 696 substantiae
1051 637 1445 708 aequalitatem.
1503 637 1873 708 lngratissimi
1927 652 2059 708 ergo

482 731 691 796 Judaei,
728 730 821 800 qui
862 729 1175 784 Servatoris
1214 728 1526 784 doctrinam
1566 729 2057 800 incomparabilem

485 823 643 879 nihili
685 822 934 885 faciunt,
965 836 1029 875 ac
1065 828 1328 891 praeterea
1368 835 1464 891 per
1499 819 1700 874 Filium
1740 830 1794 875 et
1832 820 1887 875 in
1920 817 2061 874 Filio

484 911 666 969 Patris
713 921 972 968 naturam
1026 920 1335 981 spernunt,
1379 912 1634 981 quamvis
1665 911 2059 966 miraculorum

486 1021 607 1061 eam
636 1006 887 1076 opiticem
923 1020 1049 1060 esse
1083 1012 1298 1074 pateat,
1331 1003 1532 1073 quibus
1563 1003 1647 1058 vel
1686 1003 1926 1057 maxime
1962 1002 2065 1056 du-

489 1112 586 1151 rus
625 1112 690 1151 ac
731 1095 1061 1165 praefractus
1090 1094 1155 1148 ad
1188 1093 1345 1148 tidem
1380 1091 1594 1163 Deique
1622 1094 1827 1148 cultum
1865 1092 2064 1147 adduci

488 1196 726 1260 poterat.
780 1188 886 1244 Sed
941 1195 1003 1243 ut
1057 1186 1383 1256 impleretur
1430 1185 1578 1256 quod
1618 1185 1674 1239 in
1710 1199 1901 1240 eorum
1943 1184 2066 1255 lege

489 1281 760 1349 scriptum
813 1288 897 1335 est
925 1298 939 1333 :
972 1298 990 1330 ι
1024 1278 1163 1344 Quia
1213 1277 1456 1333 oderunt
1504 1292 1595 1332 me
1640 1275 1812 1347 gratis
1849 1275 1913 1340 ¹⁹,
1941 1295 1961 1330 ι
1997 1291 2066 1330 ne

489 1371 627 1427 illud
659 1371 882 1443 quidem
915 1372 1163 1441 ignotum
1196 1368 1371 1425 fuisse
1403 1368 1512 1440 legi
1554 1383 1592 1423 a
1642 1383 1752 1440 qua
1805 1367 2069 1440 praedicta

492 1473 622 1521 sunt
653 1463 837 1518 omnia
871 1472 1062 1534 aperte
1087 1462 1471 1541 demonstrat,
1503 1477 1611 1517 non
1644 1470 1827 1516 tamen
1859 1460 2071 1516 idcirco

490 1555 727 1611 dicimus
759 1555 861 1611 ista
892 1555 1064 1626 legem
1093 1555 1437 1626 praedixisse,
1469 1562 1529 1609 ut
1549 1552 1861 1609 Judazorum
1894 1554 1949 1608 in
1983 1551 2072 1608 Fi—

489 1644 624 1700 lium
655 1652 711 1700 et
741 1643 959 1700 Patrem
985 1644 1261 1714 iniustum
1297 1644 1485 1699 odium
1516 1642 1937 1708 accenderetur,
1971 1642 2069 1699 sed

490 1737 618 1807 quia
647 1737 699 1792 id
724 1738 793 1791 ah
822 1736 910 1792 his
941 1735 1061 1791 ﬁeri
1086 1735 1323 1791 debebat
1344 1775 1359 1797 ,
1385 1734 1596 1789 idcirco
1626 1732 1811 1789 divina
1837 1741 1891 1789 et
1915 1747 2073 1789 saera

492 1828 577 1882 lex
604 1826 859 1897 praedixit
881 1866 895 1891 ,
922 1832 982 1880 ut
1009 1824 1328 1881 ostenderet
1357 1824 1493 1880 nihil
1524 1824 1772 1895 ignotum
1802 1838 1927 1878 esse
1950 1822 2076 1893 Spi-

2162 636 2458 693 ἁλώσονται
2483 639 2581 711 τὴν
2609 640 2813 694 τούτων
2840 641 3063 711 ἐργάτιν
3100 640 3196 694 τοῦ
3222 641 3357 694 Θεοῦ
3389 642 3573 710 φύσιν.
3605 641 3734 697 Θαυ-

2165 728 2556 800 ματουργοῦντι
2586 731 2694 803 γάρ
2725 730 2804 801 τῷ
2829 730 2965 802 Υίῷ,
3004 730 3170 803 συνῆν
3195 731 3372 802 δήπου
3400 733 3621 797 πάντως
3647 736 3738 789 καὶ

2161 823 2323 888 αὐτὸς
2351 826 2379 879 ό
2407 824 2614 897 Πατὴρ,
2653 826 2752 896 οὐχ
2783 825 2860 888 ὡς
2895 826 3084 897 ἕτερος
3123 825 3189 879 δι’
3225 826 3414 897 ἑτέρου
3442 827 3609 897 τυχὸν
3651 830 3735 882 Ev-

2163 915 2342 988 εργῶν
2360 915 2431 971 τὰ
2461 916 2736 986 θαύματος
2764 918 2908 984 ἀξια,
2942 917 3054 971 ἀλλ’
3093 917 3168 981 ὡς
3197 919 3273 972 ῶν
3302 920 3359 973 ὲν
3386 918 3501 990 Υἱῷ
3526 918 3616 972 διὰ
3644 920 3737 992 τὴν

2163 1007 2470 1080 ταυτότητα
2503 1008 2602 1080 τῆς
2633 1008 2868 1078 φύσεως,
2914 1009 3010 1062 καὶ
3050 1008 3148 1080 τῆς
3175 1008 3362 1074 οὐσίας
3391 1010 3453 1063 τὸ
3490 1010 3738 1081 ἀπαράλ-

2164 1098 2378 1154 λακτον.
2444 1099 2753 1172 ’Δχάριστοι
2794 1098 3081 1171 τοιγαροῦν
3125 1102 3174 1153 οἱ
3208 1100 3433 1165 τάλανες
3474 1102 3741 1167 Ἰουδαῖοι,

2167 1190 2263 1244 καὶ
2290 1190 2384 1244 ἐπὶ
2410 1190 2578 1262 πολλῇ
2616 1194 2682 1264 τῇ
2712 1191 3074 1264 ἀγνωμοσύνῃ
3101 1190 3220 1244 λίαν
3253 1192 3735 1263 κατηγορούμενοι,

2167 1282 2233 1337 δι’
2264 1281 2473 1347 οὐδενὸς
2521 1282 2619 1354 μὲν
2653 1281 2868 1354 ἔχοντες
2912 1282 3071 1352 λόγου
3122 1281 3222 1354 τὴν
3264 1281 3599 1354 ἀσύγκριτον
3648 1284 3738 1337 τοῦ

2170 1372 2427 1445 Σωτῆρος
2442 1372 2815 1440 διδασκαλίαν,
2847 1372 3205 1444 ἀτιμάζοντες
3227 1373 3286 1428 δὲ
3308 1373 3446 1444 πρὸς
3467 1373 3645 1446 τούτῳ
3675 1374 3739 1428 δι’

2170 1463 2322 1528 Υίοῦ,
2367 1464 2463 1519 καὶ
2499 1466 2558 1518 ὲν
2584 1464 2722 1535 Υίῷ,
2748 1464 2849 1535 τὴν
2872 1463 2966 1518 τοῦ
2986 1464 3197 1536 Πατρός
3221 1464 3401 1533 φύσιν,
3427 1466 3605 1521 καίτοι
3637 1465 3743 1518 τῶν

2173 1555 2314 1626 ὑπὲρ
2354 1554 2512 1624 λόγον
2563 1556 2748 1621 αὐτοῖς
2791 1555 3085 1627 θαυμάτων
3134 1555 3539 1627 ἀναδειχθεῖσαν
3588 1556 3744 1626 δημι-

2172 1646 2391 1716 ουργὸν,
2418 1645 2503 1716 ἐφ’
2525 1641 2607 1709 οἷς
2629 1640 2698 1716 ἦν
2724 1644 2871 1709 εἰκὸς
2895 1645 2989 1698 καὶ
3017 1645 3106 1699 τὸν
3137 1646 3344 1717 σφόδρα
3372 1645 3610 1715 σκληρὸν
3654 1646 3745 1699 καὶ

2173 1735 2422 1807 δυσήνιον
2464 1733 2697 1803 ἄγεσθαί
2736 1751 2795 1788 τε
2851 1734 2946 1787 καὶ
2998 1729 3278 1787 καλεῖσθαι
3330 1733 3517 1788 λοιπὸν
3562 1736 3644 1798 είς
3687 1736 3747 1788 τὸ

2178 1828 2396 1897 φρονεῖν
2435 1825 2693 1880 δύνασθαι
2728 1824 2797 1879 τά
2818 1823 3013 1879 -είκότα
3037 1824 3131 1878 καὶ
3161 1825 3229 1878 τὰ
3253 1823 3319 1878 δι’
3346 1817 3421 1879 ὧν
3449 1824 3554 1878 ἔδει
3587 1827 3747 1893 τιμᾶ-

494 1920 649 1974 ritui.
690 1917 971 1990 Scriptum
1005 1925 1094 1974 est
1125 1917 1180 1971 in
1208 1916 1350 1971 libro
1384 1913 1731 1971 Psalmorum
1766 1929 1832 1970 ex
1863 1913 2073 1970 Christi

2188 1920 2301 1975 τθαι
2334 1919 2488 1999 βεόν.
2528 1918 2668 1975 Ἀλλ’
2696 1919 2786 1973 ἴνα
2815 1916 3076 1990 πληρωθῇ
3106 1919 3135 1971 ό
3161 1916 3320 1986 λόγος
3342 1918 3371 1970 ό
3398 1918 3457 1970 ὲν
3482 1917 3558 1988 τῷ
3602 1918 3763 1989 νόμῳ.

493 2026 726 2084 persona
754 2009 1071 2067 Iudaeorum
1105 2007 1348 2064 furorem
1382 2008 1764 2079 objurgantis,
1796 2022 1860 2063 ac
1887 2007 2076 2063 dicen-

493 2105 570 2160 tis
597 2121 612 2158 :
645 2122 665 2155 ι
697 2102 835 2169 Quia
869 2102 996 2157 odio
1033 2102 1222 2171 iniquo
1255 2098 1489 2155 oderunt
1523 2115 1610 2156 me
1642 2100 1712 2154 ".
1739 2119 1757 2151 ι
1791 2099 2079 2166 Quomodo

494 2196 643 2251 enim
678 2211 787 2250 non
819 2194 1029 2263 injusto
1058 2194 1188 2249 odio
1214 2192 1490 2259 oderunt,
1517 2201 1614 2247 aut
1651 2191 1929 2262 quomodo
1968 2207 2078 2247 non

495 2286 816 2343 exacerbati
849 2293 981 2341 sunt
1007 2285 1202 2356 gratis,
1227 2284 1320 2355 qui
1351 2292 1561 2339 tantum
1591 2283 1782 2339 aberat
1811 2291 1870 2337 ut
1899 2284 2083 2340 odisse

496 2376 761 2431 deberent
780 2415 795 2441 ,
822 2386 882 2429 ut
911 2377 958 2431 si
987 2391 1048 2431 ea
1078 2390 1199 2446 quae
1230 2391 1357 2446 erga
1380 2390 1474 2430 eos
1501 2373 1639 2429 facta
1665 2382 1793 2430 sunt
1824 2373 2082 2430 conside—

498 2483 722 2534 remus,
757 2483 976 2523 summo
1002 2467 1127 2536 ejus
1160 2466 1429 2537 sequendi
1459 2466 1733 2521 desiderio
1757 2465 2081 2521 inﬂammari

498 2559 805 2615 deberent?
828 2559 982 2614 Dicat
1005 2559 1152 2615 enim
1178 2600 1191 2622 ,
1223 2573 1433 2629 quaeso,
1465 2557 1722 2627 quisquis
1743 2555 1990 2611 Judaica:
2013 2555 2085 2609 fa-

498 2660 592 2713 vet
623 2653 1019 2716 incredulitati,
1041 2667 1206 2724 quam
1230 2651 1341 2706 odii
1375 2665 1598 2706 causam
1631 2650 1831 2704 habere
1858 2655 2083 2719 queant.

498 2745 771 2813 Quidnam
819 2761 1011 2801 eorum
1066 2760 1189 2816 quae
1246 2759 1344 2814 per
1384 2743 1663 2798 Christum
1720 2740 1865 2796 facta
1918 2748 2085 2807 sunt,

477 2838 629 2895 -odio
656 2848 751 2893 aut
782 2838 1072 2894 inimicitia
1104 2837 1328 2908 dignum
1351 2877 1364 2898 ,
1389 2835 1538 2906 quod
1570 2842 1750 2889 morte
1776 2843 1829 2889 et
1861 2833 2089 2890 interitu

500 2948 598 2989 eos
643 2932 936 2996 liberavit,
993 2932 1138 3002 quod
1190 2945 1221 2984 a
1273 2928 1478 2985 diaboli
1526 2927 1815 2983 dominatu
1846 2927 2087 2997 eripuit,

503 3024 650 3096 quod
694 3024 907 3094 peccati
945 3021 1295 3094 tyrannidem
1335 3019 1572 3083 evertit,
1604 3026 1660 3073 et
1695 3033 1889 3075 servos
1924 3018 1991 3074 ad
2027 3018 2091 3073 ti-

504 3117 786 3171 liationem
823 3115 913 3169 Dei
949 3112 1275 3169 revocavit?
1305 3111 1451 3182 quod
1486 3111 1872 3167 misericordia
1897 3120 1952 3167 et
1983 3111 2092 3166 be-

2174 2011 2355 2066 αὒτῶν
2382 2010 2770 2083 γεγραμμένος
2791 2051 2809 2078 ,
2866 2030 2884 2063 ι
2911 2011 3033 2064 Ὀτι
3055 2008 3334 2080 ἐμίσησόω
3362 2026 3431 2080 με
3465 2008 3698 2079 δωρεὰν,
3726 2027 3744 2060 ι

2176 2101 2299 2155 οὐδὲ
2325 2100 2485 2155 τοῦτο
2528 2101 2627 2171 μὲν
2664 2099 2926 2173 ἀγνοηθὲν
2950 2098 3027 2171 τῷ
3058 2099 3126 2154 τὰ
3154 2098 3332 2154 πάντα
3364 2099 3751 2170 προανακηρύ-

2180 2191 2331 2258 ξαντι
2364 2192 2515 2264 νόμῳ
2563 2192 2832 2246 δείκνυσιν
2867 2191 3132 2261 ἐναργῶς,
3184 2190 3323 2262 πλὴν
3367 2192 3428 2245 οὐ
3474 2193 3562 2246 διὰ
3595 2192 3756 2246 τοῦτό

2180 2301 2362 2355 φαμεν
2397 2286 2678 2355 προειπεῖν
2704 2285 2886 2339 ἐκεῖνα
2912 2283 3003 2336 τὸν
3029 2283 3211 2354 νόμον,
3246 2284 3334 2337 ἵνα
3371 2283 3433 2337 τδ
3471 2284 3578 2338 τῶν
3624 2284 3754 2337 Ἰου-

2181 2375 2348 2429 δαίων
2394 2376 2615 2441 ὲξάπτοι
2653 2376 2713 2429 τὸ
2746 2378 2901 2446 μῖσος
2934 2374 3153 2438 ἀδίκως,
3201 2374 3343 2429 κατά
3383 2392 3443 2428 τε
3490 2374 3587 2428 τοῦ
3631 2375 3756 2428 Υἱοῦ

2181 2466 2277 2519 καὶ
2311 2466 2405 2519 τοῦ
2443 2466 2679 2538 Πατρδς,
2718 2465 2832 2519 ἀλλ’
2862 2467 3089 2538 ἐπείπερ
3119 2465 3339 2537 ἔμελλεν
3381 2465 3601 2521 ἔσεσθαι
3629 2468 3759 2537 παρ’

2184 2557 2385 2622 αὐτῶν,
2429 2555 2963 2628 προαναπεφώνηκεν
3003 2556 3031 2609 ό
3062 2556 3205 2621 θεῖος
3248 2557 3341 2611 καὶ⁸
3385 2557 3531 2629 ἱερὸς
3574 2558 3758 2628 νόμος.

2184 2651 2336 2705 οὐδὲν
2382 2649 2491 2703 τῶν
2535 2649 2807 2721 ἐσομένων
2846 2648 3113 2720 ὴγνοηκδς
3151 2648 3213 2702 τὸ
3256 2643 3481 2720 Πνεῦμα
3523 2649 3758 2713 δεικνύς.

2186 2744 2501 2816 Γέγραπται
2549 2743 2659 2814 γὰρ
2715 2742 2772 2795 ὲν
2820 2740 2987 2813 βίϐλῳ
3036 2740 3313 2811 Ψαλμῶν,
3369 2743 3435 2796 ὲκ
3467 2740 3764 2813 προσώπου

2186 2834 2448 2908 Χριστοῦ,
2478 2834 2575 2906 τὴν
2607 2832 2701 2887 τοῦ
2740 2832 3008 2887 Ἰουδαίων
3047 2830 3305 2886 ἀπόνοιαν
3341 2832 3761 2904 ἐπαιτιωμένου,

2188 2928 2284 2981 καὶ
2328 2926 2580 2996 λέγοντος
2614 2941 2627 2954 ’
2691 2944 2710 2977 ι
2740 2925 2863 2978 Ὅτι
2906 2925 3063 2994 μῖσος
3095 2923 3276 2978 ἄδικον
3317 2924 3587 2996 ἑμίσησάν
3617 2942 3708 2995 με.
3740 2944 3761 2976 ι

2189 3017 2316 3082 Πῶς
2358 3017 2467 3089 γὰρ
2512 3016 2613 3070 οὐκ
2655 3015 2839 3072 ἄδικον
2884 3018 3042 3087 μῖσος
3077 3015 3381 3087 ὲμίσησαν;
3432 3015 3550 3078 πῶς
3578 3014 3636 3068 δὲ
3667 3016 3769 3071 οὐκ

2192 3108 2662 3182 ὲξεπικράνθησαν
2690 3108 2920 3180 δωρεὰν,
2957 3107 3013 3160 οἵ
3032 3125 3097 3177 γε
3121 3106 3373 3161 τοσοῦτον
3395 3108 3767 3178 ἀφεστηκότες

505 3209 775 3278 nignitate
808 3221 908 3262 sua
935 3206 1118 3275 iustos
1149 3202 1328 3260 effecit
1356 3210 1607 3258 mortuos
1638 3203 1912 3273 peccatis,
1943 3203 2090 3274 quod

2192 3201 2287 3257 τοῦ
2317 3202 2514 3274 χρῆναι
2551 3202 2751 3272 μισεῖν,
2783 3200 2905 3254 ὅσον
2938 3194 3071 3272 ἧκεν
3104 3201 3278 3253 είπεῖν
3317 3200 3397 3263 εἰς
3430 3202 3529 3269 τὴν
3555 3199 3664 3254 τῶν
3686 3201 3770 3265 εἰς

507 3300 683 3355 sancti
720 3296 962 3369 Spiritus
993 3313 1058 3353 ac
1090 3305 1303 3352 naturae
1332 3296 1535 3352 divinae
1563 3303 1854 3352 consortes
1885 3298 1929 3329 ’ί
1966 3296 2091 3351 red-

507 3391 669 3453 didit,
699 3398 754 3445 et
787 3392 838 3445 in
870 3392 1049 3460 ipsum
1071 3405 1170 3445 nos
1200 3389 1526 3461 angelorum
1551 3387 1896 3444 domicilium
1919 3389 2091 3445 intro-

508 3483 702 3550 duxit,
756 3483 1073 3552 cmlumque
1128 3482 1447 3537 hominibus
1499 3481 1748 3552 pervium
1808 3481 2093 3537 ostendit?

511 3575 794 3642 Quomodo
825 3576 997 3647 igitur
1029 3590 1245 3643 aequum
1278 3582 1363 3630 est
1397 3574 1589 3628 horum
1625 3574 1789 3630 nobis
1821 3574 2090 3630 bonorum

509 3666 824 3735 largitorem
853 3672 906 3719 et
935 3665 1211 3734 pararium
1239 3663 1428 3718 odisse
1447 3703 1462 3728 ,
1487 3678 1551 3718 ac
1580 3678 1687 3717 non
1715 3658 1898 3734 potius
1924 3664 2093 3720 claris

509 3772 635 3812 cum
676 3757 934 3812 laudibus
983 3771 1047 3813 ac
1108 3756 1397 3826 perpetuis
1437 3756 1738 3825 gratiarum
1778 3758 2094 3814 actionibus

511 3864 540 3898 ιι
573 3846 737 3901 nobis
764 3846 1152 3901 remunerari?
1188 3844 1296 3898 Sed
1329 3844 1506 3906 nihil,
1536 3845 1757 3913 opinor,
1789 3845 1995 3900 durum
2031 3862 2095 3902 ac

512 3939 750 4008 rigidum
792 3938 1041 3993 Judaeum
1086 3937 1154 3989 ad
1196 3935 1474 3991 saniorem
1515 3946 1752 3991 mentem
1791 3937 2092 3992 reduxerit.

513 4032 640 4087 Odit
664 4031 809 4087 enim
840 4029 1005 4101 909
1030 4029 1202 4099 gratis
1225 4070 1239 4093 ,
1267 4043 1430 4097 quem
1459 4041 1523 4081 ex
1559 4035 1670 4082 tota
1704 4039 1884 4084 mente
1915 4030 2096 4099 potius

516 4137 703 4176 amare
746 4123 1000 4187 deceret,
1052 4128 1107 4176 et
1153 4118 1403 4189 obsequii
1454 4118 1761 4174 honoribus
1804 4135 2092 4175 coronare.

517 4215 844 4284 Quanquam
880 4214 969 4268 hic
999 4214 1163 4268 etiam
1200 4213 1411 4271 utiliter
1452 4211 1719 4267 Dominus
1755 4213 1997 4267 ostendit
2037 4228 2097 4269 se

517 4305 831 4361 Judaaorum
873 4305 1267 4375 malignitatem
1301 4320 1409 4359 non
1453 4303 1775 4373 ignorasse,
1814 4304 1909 4359 sed
1952 4319 2097 4374 prae-

520 4396 731 4452 dixisse
766 4397 952 4466 potius
990 4403 1045 4451 et
1079 4410 1361 4466 przenosse
1400 4393 1679 4461 futuram,
1717 4409 1877 4449 usum
1914 4403 2097 4450 tamen

523 4505 584 4546 se
633 4490 971 4559 benignitate
1020 4496 1074 4542 ct
1124 4486 1509 4555 misericordia
1561 4486 1673 4542 Deo
1722 4481 2095 4544 convenienti.

2196 3294 2393 3355 αὐτοὺς
2446 3293 2747 3363 γεγονότων
2812 3292 3003 3363 φύσιν,
3055 3290 3132 3355 ὡς
3179 3290 3353 3362 φιλεῖν
3411 3291 3610 3361 μᾶλλον
3672 3292 3785 3363 τὴν,

2199 3385 2427 3442 ἀπασῶν
2456 3386 2717 3441 ἀνωτάτω
2758 3384 3013 3456 σπουδὴν,
3059 3383 3154 3438 καὶ
3191 3384 3412 3456 ἀγαπᾷν
3436 3386 3519 3449 εἰς
3554 3386 3615 3438 τὸ
3649 3384 3774 3457 βού-

2196 3478 2383 3533 λεσθαι
2414 3476 2830 3532 κατακολουθεῖν
2880 3476 3061 3548 αὐτῷ;
3098 3476 3265 3531 Ποίαν
3297 3476 3406 3549 γὰρ
3446 3478 3512 3532 ἀν
3540 3495 3626 3542 τις
3656 3477 3775 3549 ἔχοι

2197 3570 2292 3625 τοῦ
2338 3572 2529 3643 μίσους
2571 3569 2669 3642 τὴν
2695 3570 2971 3642 ἀφορμὴν,
3002 3569 3207 3638 λεγέτω
3236 3569 3543 3642 παρελθὼν,
3582 3572 3612 3624 ό
3654 3574 3775 3636 ταῖς

2211 3663 2531 3728 Ἰουδαῖκαῖς
2558 3662 2861 3726 ἀπειθείαις
2892 3662 3226 3735 συνηγορῶν.
3256 3664 3321 3717 Τί
3347 3663 3453 3717 τῶν
3473 3664 3776 3734 γεγονότων

2198 3756 2287 3810 διὰ
2316 3753 2577 3825 Χριστοῦ,
2610 3754 2817 3825 μίσους,
2849 3754 3017 3826 ἦγουν
3041 3754 3336 3826 ἀπεχθείας
3367 3755 3535 3823 ἄξιον,
3566 3757 3648 3809 ὅτι
3676 3757 3777 3810 θα-

2200 3847 2360 3900 νάτου
2407 3848 2500 3900 καὶ
2534 3847 2739 3919 φθορᾶς
2768 3847 3021 3915 ἐξείλετο,
3051 3848 3134 3901 ὅτι
3164 3847 3474 3915 πλεονεξίας
3502 3847 3778 3918 ἀπήλλαξε

2200 3935 2533 4007 διαϐολικῆς,
2584 3938 2679 3990 καὶ
2718 3937 2818 4009 τὴν
2859 3937 2958 4008 τῆς
2983 3937 3255 4009 ἁμαρτίας
3290 3937 3556 3991 κατέλυσε
3580 3955 3780 4010 τυραν-

2200 4029 2339 4095 νίδα,
2388 4030 2483 4082 καὶ
2508 4028 2569 4083 τὸ
2592 4028 2799 4095 δοῦλον,
2842 4030 2919 4094 ὡς
2960 4031 3096 4102 πρὸς
3124 4030 3347 4101 υἱότητα
3388 4032 3488 4102 τὴν
3517 4031 3596 4095 ὡς
3642 4032 3779 4101 πρὸς

2201 4122 2333 4175 Θεὸν
2364 4122 2722 4193 ἀνεκόμισεν;
2754 4123 2837 4176 ὃτι
2868 4122 2933 4176 ὲκ
2968 4122 3383 4195 φιλανθρωπίας
3423 4123 3517 4178 καὶ
3546 4125 3781 4195 ἀμνησι-

2202 4213 2402 4277 κακίας
2429 4213 2668 4278 δικαίους
2713 4213 2960 4284 ἀπέφηνε
3000 4214 3125 4278 τοὺς
3167 4217 3286 4279 ταῖς
3316 4216 3611 4287 ἁμαρτίαις
3637 4234 3784 4272 νενε-

2202 4307 2552 4377 κρωμένουςς
2604 4308 2685 4361 ὅτι
2714 4307 3026 4378 Πνεῦματος
3057 4307 3215 4376 ἁγίου
3246 4309 3337 4363 καὶ
3367 4308 3518 4373 θείας
3566 4311 3782 4380 φύσεως

2203 4397 2454 4465 ἀπέδειξε
2487 4398 2776 4463 κοινωνοὺς
2794 4441 2809 4464 ,
2859 4399 2954 4453 καὶ
2993 4399 3123 4452 αὐτὸ
3148 4399 3207 4452 δὲ
3234 4401 3366 4472 ⁴ἡμῖν
3391 4400 3451 4454 τὸ
3478 4401 3587 4455 τῶν
3612 4403 3783 4479 ἁγίων

2205 4488 2454 4557 ἀγγέλων
2485 4488 2851 4559 προύξένησεν
2892 4487 3229 4557 οἰκητήριον,
3274 4487 3368 4541 καὶ
3411 4488 3643 4560 βάσιμον
3691 4491 3784 4544 ἀν-

522 4582 787 4638 Adhibuit
820 4580 964 4635 enim
994 4581 1155 4635 etiam
1188 4586 1295 4633 tam
1323 4592 1658 4649 przepostera
1692 4588 1872 4635 mente
1895 4579 2090 4638 all‘ectit

2207 4578 2448 4651 θρώποις
2496 4576 2662 4643 ἔδειξε
2706 4580 2797 4632 τὸν
2841 4578 3102 4651 οὐρανόν;
3156 4577 3281 4642 Πῶς
3323 4575 3417 4635 οῦν
3458 4580 3540 4634 ἔτι
3575 4582 3784 4636 δίκαιον

525 4674 837 4731 doctrinam
871 4674 938 4726 ad
975 4672 1207 4726 salutem
1249 4671 1681 4725 adhortatricem
1706 4712 1719 4736 ,
1758 4678 1820 4724 ut
1868 4679 1923 4726 et
1978 4673 2103 4729 ﬁdei

524 4767 933 4821 confessionem
980 4763 1266 4818 miraculis
1313 4762 1706 4826 conﬁrmaret,
1757 4763 1802 4819 si
1845 4765 1940 4835 qui
1972 4766 2100 4821 boni
2162 4760 2170 4768 ’

525 4871 583 4915 et
616 4857 757 4929 aequi
796 4865 1008 4912 essent.
1050 4854 1366 4923 Discipulos
1402 4870 1533 4909 vero
1587 4856 1675 4911 hic
1727 4872 1945 4929 quoque
1990 4875 2101 4917 non

529 4966 722 5021 parum
753 4950 908 5019 juvat
934 4988 947 5010 ,
1007 4955 1065 5001 ut
1098 4948 1248 5002 nulla
1282 4962 1407 5001 cum
1443 4947 1774 5017 iniuriarum
1834 4952 2104 5006 memoria

527 5042 695 5098 etiam
738 5043 807 5095 iis
839 5056 867 5093 a
897 5040 1099 5104 quibus
1131 5039 1328 5094 durius
1366 5040 1751 5109 exciperentur
1783 5042 1979 5097 salutis
2012 5042 2110 5097 do-

530 5136 768 5191 ctrinam
793 5133 1142 5204 porrigerent
1166 5171 1180 5194 ,
1203 5139 1257 5186 et
1273 5131 1523 5202 vestigiis
1551 5133 1776 5188 virtutis
1807 5133 1959 5188 illius
1984 5147 2107 5203 quae

531 5227 711 5298 prima
741 5225 795 5279 in
828 5238 896 5279 eo
929 5222 1132 5278 eﬁ‘ulsit
1163 5222 1505 5279 insisterent.
1545 5222 1601 5277 Si
1643 5223 1774 5298 quid
1808 5224 1955 5276 enim
1981 5224 2110 5278 boni

533 5325 651 5382 est,
689 5316 820 5371 illud
850 5316 1089 5386 primum
1126 5314 1180 5369 in
1210 5314 1469 5375 Christo,
1500 5324 1555 5368 et
1588 5314 1643 5367 in
1676 5328 1810 5377 nos,
1841 5322 2007 5383 atque
2044 5330 2109 5370 ex

534 5423 601 5463 eo
631 5409 835 5477 optima
870 5423 1100 5478 quaeque
1127 5407 1471 5462 derivantur.

2212 4672 2483 4742 μισεῖσθαι
2531 4671 2622 4725 τὸν
2653 4670 2857 4725 τούτων
2903 4672 3032 4742 ἡμῖν
3080 4671 3345 4739 γεγονότα
3390 4674 3632 4744 χορηγὸν
3692 4676 3788 4729 καὶ

2209 4764 2495 4835 πρύτανιν,
2543 4764 2636 4817 καὶ
2683 4765 2804 4835 οὐχὶ
2854 4763 3053 4835 μᾶλλον
3096 4762 3375 4834 ἀσιγήτοις
3420 4765 3786 4835 εὐφημεῖσθαι

2206 4857 2535 4925 δοξολογίαις
2566 4858 2658 4911 καὶ
2684 4858 3083 4929 ἀκαταλήκτοις
3134 4856 3585 4930 εὐχαριστ[ε]ίαις
3638 4862 3789 4915 ἀντι·

2207 4948 2562 5020 γεραίρεσθαι
2616 4951 2745 5022 παρ’
2800 4950 2870 5020 ml
2890 4942 3000 5015 “sv;
3066 4951 3204 5004 Ἀλλ’
3252 4952 3422 5015 οὐδὲν,
3468 4947 3646 5021 οἶμαι,
3696 4953 3789 5006 τὸν
3886 4942 3901 4961 κ
3976 5002 3977 5009 η

2208 5041 2468 5110 ἄτεγκτον
2497 5040 2811 5113 μεθίστησιν
2852 5037 3120 5107 Ἰουδαῖον,
3152 5044 3231 5107 εἰς
3250 5043 3311 5107 τὸ
3341 5043 3627 5114 βούλεσθαι
3658 5061 3791 5115 φρο-

2210 5133 2321 5184 νεῖν
2348 5127 2491 5204 ἆπερ
2517 5132 2623 5185 ἔδει
2652 5134 2892 5203 φρονεῖν.
2920 5133 3211 5203 Μεμίσηκε
3238 5134 3347 5205 γὰρ
3373 5134 3606 5205 δωρεὰν,
3637 5133 3697 5187 ὃν
3731 5135 3793 5200 ἐξ

2211 5223 2340 5295 ὅλης
2379 5223 2616 5288 διανοίας
2651 5225 2867 5295 ἀγαπᾷν
2904 5224 3009 5278 ἔδει
3044 5228 3262 5291 μᾶλλον,
3278 5216 3392 5280 ’καὶ
3419 5228 3540 5289 ταῖς
3582 5226 3649 5279 ἐκ
3691 5225 3795 5295 τῆς

2212 5316 2523 5379 εὐπειθείας
2577 5316 2938 5384 καταστέφειν
2998 5321 3206 5389 τιμαῖς.
3275 5318 3418 5389 Πλὴν
3466 5319 3568 5372 κάν
3614 5318 3795 5389 τούτῳ

2212 5408 2494 5479 χρησίμως
2538 5410 2567 5461 ὁ
2608 5408 2810 5480 Κύριος
2857 5411 3051 5465 ἑαυτὸν
3081 5412 3180 5465 οὐκ
3210 5411 3537 5482 ἠγνοηκέναι
3583 5411 3792 5481 δέδειχε

535 5503 634 5572 τὴν
660 5500 770 5554 τῶν
822 5500 1088 5555 Ἰουδαίων
1125 5498 1437 5560 κακόνοιαν,
1470 5497 1840 5569 προειρηκότα
1867 5498 1924 5551 δὲ
1971 5501 2174 5570 μᾶλλον
2203 5502 2296 5556 καὶ
2354 5503 2435 5556 ὅτι
2488 5503 2586 5572 μὲν
2651 5503 2804 5558 ἔσται
2863 5508 3269 5576 προεγνωκότα,
3317 5507 3660 5577 κεχρημένον
3728 5524 3797 5575 γε

544 5595 649 5667 μὴν
678 5594 1059 5666 ἡμερότητίτε
1118 5591 1214 5644 καὶ
1241 5590 1620 5662 ἀμνησικακίᾳ
1674 5590 1985 5664 θεοπρεπεῖ.
2046 5596 2414 5668 Παρατέθεικε
2441 5597 2569 5667 γὰρ,
2623 5598 2717 5651 καὶ
2767 5598 3152 5668 ἀκαθηκόντως
3188 5598 3359 5662 οὕτως
3399 5597 3790 5668 διακειμένοις,

540 5687 632 5742 τὸν
657 5689 738 5750 είς
768 5685 1043 5756 σωτηρίαν
1073 5682 1342 5737 καλοῦντα
1373 5684 1553 5753 λόγον,
1610 5688 1743 5761 πρὸς
1773 5690 1836 5743 τὸ
1867 5692 1960 5746 καὶ
1988 5691 2229 5763 θαύμασι
2260 5693 2507 5763 βεϐαιοῦν
2536 5693 2635 5763 τῆς
2682 5696 2760 5759 είς
2821 5695 2981 5749 αὐτὸν
3014 5696 3250 5759 πίστεως
3310 5693 3405 5766 τὴν
3471 5693 3807 5763 όμολογίαν.,

624 5870 831 5925 "Psal.
874 5886 1062 5938 vam,
1096 5872 1150 5926 5.
1231 5874 1273 5904 ’°
1297 5871 1441 5929 Psal.
1476 5888 1624 5939 XXIV,
1659 5873 1744 5929 l9.
1818 5873 1922 5927 "ll
1950 5873 2095 5931 Petr.
2134 5891 2173 5941 ι,
2208 5876 2258 5930 4.
