  <div class='ocr_page' id='page_1' title='image "/cluster/home/n/w/nwhite01/storage/ocr_20150623/74/pst.000004029052/220.png"; bbox 0 0 3998 6318; ppageno 0'>
   <div class='ocr_carea' id='block_1_1' title="bbox 162 264 3420 324">
    <p class='ocr_par' dir='ltr' id='par_1_1' title="bbox 162 264 3420 324">
     <span class='ocr_line' id='line_1_1' title="bbox 162 264 3420 324; baseline 0.001 -5"><span class='ocrx_word' id='word_1_1' title='bbox 162 264 275 319; x_wconf 59' lang='grc'><strong>117</strong></span> <span class='ocrx_word' id='word_1_2' title='bbox 1200 268 1266 323; x_wconf 81' lang='lat' dir='ltr'><strong><em>IN</em></strong></span> <span class='ocrx_word' id='word_1_3' title='bbox 1306 265 1593 323; x_wconf 77' lang='lat' dir='ltr'><strong><em>JOANNIS</em></strong></span> <span class='ocrx_word' id='word_1_4' title='bbox 1634 264 2086 323; x_wconf 79' lang='lat' dir='ltr'><strong><em>EVANGELIUM</em></strong></span> <span class='ocrx_word' id='word_1_5' title='bbox 2131 264 2266 321; x_wconf 87' lang='lat' dir='ltr'><strong><em>LIB.</em></strong></span> <span class='ocrx_word' id='word_1_6' title='bbox 2308 265 2376 320; x_wconf 73' lang='grc' dir='ltr'>Χ.</span> <span class='ocrx_word' id='word_1_7' title='bbox 3311 268 3420 324; x_wconf 75' lang='lat'><strong><em>“8</em></strong></span> 
     </span>
    </p>
   </div>
   <div class='ocr_carea' id='block_1_2' title="bbox 171 378 3423 457">
    <p class='ocr_par' dir='ltr' id='par_1_2' title="bbox 171 378 3423 457">
     <span class='ocr_line' id='line_1_2' title="bbox 171 378 3423 457; baseline 0.001 -23"><span class='ocrx_word' id='word_1_8' title='bbox 171 382 327 452; x_wconf 71' lang='grc' dir='ltr'>ειπερ</span> <span class='ocrx_word' id='word_1_9' title='bbox 349 382 493 446; x_wconf 84' lang='grc' dir='ltr'>τινὲς</span> <span class='ocrx_word' id='word_1_10' title='bbox 517 378 659 455; x_wconf 77' lang='grc' dir='ltr'>ἦσαν</span> <span class='ocrx_word' id='word_1_11' title='bbox 689 385 905 454; x_wconf 71' lang='grc' dir='ltr'>ἀγαθοὶ,</span> <span class='ocrx_word' id='word_1_12' title='bbox 928 386 1022 440; x_wconf 76' lang='grc' dir='ltr'>καὶ</span> <span class='ocrx_word' id='word_1_13' title='bbox 1047 385 1408 457; x_wconf 80' lang='grc' dir='ltr'><strong><em>εὐγνώμονες.</em></strong></span> <span class='ocrx_word' id='word_1_14' title='bbox 1452 385 1662 455; x_wconf 85' lang='grc' dir='ltr'>Ὠφελεῖ</span> <span class='ocrx_word' id='word_1_15' title='bbox 1716 385 1772 439; x_wconf 82' lang='grc' dir='ltr'>δὲ</span> <span class='ocrx_word' id='word_1_16' title='bbox 1810 386 2013 457; x_wconf 87' lang='grc' dir='ltr'>σφόδρα</span> <span class='ocrx_word' id='word_1_17' title='bbox 2046 386 2149 440; x_wconf 88' lang='grc' dir='ltr'><strong><em>κάν</em></strong></span> <span class='ocrx_word' id='word_1_18' title='bbox 2175 384 2350 455; x_wconf 80' lang='grc' dir='ltr'>τούτῳ</span> <span class='ocrx_word' id='word_1_19' title='bbox 2415 385 2528 448; x_wconf 88' lang='grc' dir='ltr'>τοῖς</span> <span class='ocrx_word' id='word_1_20' title='bbox 2579 382 2849 455; x_wconf 80' lang='grc' dir='ltr'><strong><em>μαθηταῖς</em></strong></span> <span class='ocrx_word' id='word_1_21' title='bbox 2870 422 2884 448; x_wconf 88' lang='grc'><strong><em>,</em></strong></span> <span class='ocrx_word' id='word_1_22' title='bbox 2933 382 3020 438; x_wconf 86' lang='grc' dir='ltr'>ῐνα</span> <span class='ocrx_word' id='word_1_23' title='bbox 3070 384 3423 454; x_wconf 82' lang='grc' dir='ltr'>μνησικάκως</span> 
     </span>
    </p>
   </div>
   <div class='ocr_carea' id='block_1_3' title="bbox 172 472 3424 556">
    <p class='ocr_par' dir='ltr' id='par_1_3' title="bbox 172 472 3424 556">
     <span class='ocr_line' id='line_1_3' title="bbox 172 472 3424 556; baseline -0.001 -24"><span class='ocrx_word' id='word_1_24' title='bbox 172 472 284 546; x_wconf 82' lang='grc' dir='ltr'>[γρ.</span> <span class='ocrx_word' id='word_1_25' title='bbox 349 478 791 552; x_wconf 84' lang='grc' dir='ltr'>ἀμνησικάκως],</span> <span class='ocrx_word' id='word_1_26' title='bbox 839 480 936 534; x_wconf 59' lang='grc' dir='ltr'><strong><em>καὶ¹</em></strong></span> <span class='ocrx_word' id='word_1_27' title='bbox 985 484 1097 546; x_wconf 83' lang='grc' dir='ltr'>τοῖς</span> <span class='ocrx_word' id='word_1_28' title='bbox 1163 481 1405 554; x_wconf 79' lang='grc' dir='ltr'>ὑϐρίζειν</span> <span class='ocrx_word' id='word_1_29' title='bbox 1450 483 1648 547; x_wconf 81' lang='grc' dir='ltr'>αὐτοὺς</span> <span class='ocrx_word' id='word_1_30' title='bbox 1693 484 2034 556; x_wconf 81' lang='grc' dir='ltr'>ἐπιχειροῦσι</span> <span class='ocrx_word' id='word_1_31' title='bbox 2076 484 2171 539; x_wconf 81' lang='grc' dir='ltr'>τὸν</span> <span class='ocrx_word' id='word_1_32' title='bbox 2214 484 2315 555; x_wconf 81' lang='grc' dir='ltr'>τῆς</span> <span class='ocrx_word' id='word_1_33' title='bbox 2385 484 2659 554; x_wconf 78' lang='grc' dir='ltr'><strong><em>σωτηρίας</em></strong></span> <span class='ocrx_word' id='word_1_34' title='bbox 2703 486 3029 556; x_wconf 82' lang='grc' dir='ltr'><strong><em>προτείνωσι</em></strong></span> <span class='ocrx_word' id='word_1_35' title='bbox 3091 480 3281 549; x_wconf 83' lang='grc' dir='ltr'>λόγον,</span> <span class='ocrx_word' id='word_1_36' title='bbox 3328 478 3424 529; x_wconf 83' lang='grc' dir='ltr'>καὶ</span> 
     </span>
    </p>
   </div>
   <div class='ocr_carea' id='block_1_4' title="bbox 175 569 3422 648">
    <p class='ocr_par' dir='ltr' id='par_1_4' title="bbox 175 569 3422 648">
     <span class='ocr_line' id='line_1_4' title="bbox 175 569 3422 648; baseline 0.002 -25"><span class='ocrx_word' id='word_1_37' title='bbox 175 569 285 623; x_wconf 69' lang='lat' dir='ltr'><strong><em>ut’</em></strong></span> <span class='ocrx_word' id='word_1_38' title='bbox 314 569 445 622; x_wconf 81' lang='grc' dir='ltr'>αὐτὸ</span> <span class='ocrx_word' id='word_1_39' title='bbox 487 569 746 642; x_wconf 75' lang='grc' dir='ltr'>δήτοῦτο</span> <span class='ocrx_word' id='word_1_40' title='bbox 791 572 913 625; x_wconf 85' lang='grc' dir='ltr'>κατ’</span> <span class='ocrx_word' id='word_1_41' title='bbox 949 572 1089 643; x_wconf 76' lang='grc' dir='ltr'>ἴχνος</span> <span class='ocrx_word' id='word_1_42' title='bbox 1142 574 1312 637; x_wconf 75' lang='grc' dir='ltr'>ἰόντες</span> <span class='ocrx_word' id='word_1_43' title='bbox 1338 575 1611 644; x_wconf 80' lang='grc' dir='ltr'><strong><em>φαίνοιντο</em></strong></span> <span class='ocrx_word' id='word_1_44' title='bbox 1667 576 1768 647; x_wconf 81' lang='grc' dir='ltr'>τῆς</span> <span class='ocrx_word' id='word_1_45' title='bbox 1806 577 1863 630; x_wconf 84' lang='grc' dir='ltr'><strong><em>ἐν</em></strong></span> <span class='ocrx_word' id='word_1_46' title='bbox 1899 576 2049 644; x_wconf 81' lang='grc' dir='ltr'>αὐτῷ</span> <span class='ocrx_word' id='word_1_47' title='bbox 2114 577 2209 630; x_wconf 77' lang='grc' dir='ltr'>καὶ</span> <span class='ocrx_word' id='word_1_48' title='bbox 2255 575 2478 646; x_wconf 83' lang='grc' dir='ltr'><strong><em>πρώτης</em></strong></span> <span class='ocrx_word' id='word_1_49' title='bbox 2525 576 2909 648; x_wconf 72' lang='grc' dir='ltr'>διαλαμψάσης</span> <span class='ocrx_word' id='word_1_50' title='bbox 2954 574 3175 647; x_wconf 81' lang='grc' dir='ltr'>ἀρετῆς.</span> <span class='ocrx_word' id='word_1_51' title='bbox 3237 571 3306 625; x_wconf 78' lang='lat' dir='ltr'><strong><em>Ei</em></strong></span> <span class='ocrx_word' id='word_1_52' title='bbox 3367 588 3422 629; x_wconf 90' lang='grc' dir='ltr'><strong><em>τι</em></strong></span> 
     </span>
    </p>
   </div>
   <div class='ocr_carea' id='block_1_5' title="bbox 172 659 2790 741">
    <p class='ocr_par' dir='ltr' id='par_1_5' title="bbox 172 659 2790 741">
     <span class='ocr_line' id='line_1_5' title="bbox 172 659 2790 741; baseline 0.003 -27"><span class='ocrx_word' id='word_1_53' title='bbox 172 661 275 731; x_wconf 84' lang='grc' dir='ltr'>γὰρ</span> <span class='ocrx_word' id='word_1_54' title='bbox 306 659 528 729; x_wconf 86' lang='grc' dir='ltr'>ἀγαθὸν,</span> <span class='ocrx_word' id='word_1_55' title='bbox 564 664 621 717; x_wconf 83' lang='grc' dir='ltr'><strong><em>ἐν</em></strong></span> <span class='ocrx_word' id='word_1_56' title='bbox 654 662 856 735; x_wconf 83' lang='grc' dir='ltr'><strong><em>πρώτῳ</em></strong></span> <span class='ocrx_word' id='word_1_57' title='bbox 890 665 1130 737; x_wconf 80' lang='grc' dir='ltr'><strong><em>Χριστῷ,</em></strong></span> <span class='ocrx_word' id='word_1_58' title='bbox 1160 669 1253 721; x_wconf 75' lang='grc' dir='ltr'>καὶ</span> <span class='ocrx_word' id='word_1_59' title='bbox 1276 669 1362 738; x_wconf 82' lang='grc' dir='ltr'><strong><em>ἐφ’</em></strong></span> <span class='ocrx_word' id='word_1_60' title='bbox 1387 670 1537 740; x_wconf 77' lang='grc' dir='ltr'>ἡμᾶς</span> <span class='ocrx_word' id='word_1_61' title='bbox 1565 670 1660 723; x_wconf 69' lang='grc' dir='ltr'>καὶ</span> <span class='ocrx_word' id='word_1_62' title='bbox 1687 670 1744 737; x_wconf 80' lang='grc' dir='ltr'>ἐξ</span> <span class='ocrx_word' id='word_1_63' title='bbox 1779 670 1942 724; x_wconf 81' lang='grc' dir='ltr'>αὐτοῦ</span> <span class='ocrx_word' id='word_1_64' title='bbox 1971 669 2181 741; x_wconf 83' lang='grc' dir='ltr'><strong><em>διέρπει</em></strong></span> <span class='ocrx_word' id='word_1_65' title='bbox 2209 670 2387 724; x_wconf 88' lang='grc' dir='ltr'>πάντα</span> <span class='ocrx_word' id='word_1_66' title='bbox 2407 669 2477 723; x_wconf 87' lang='grc' dir='ltr'><strong><em>τά</em></strong></span> <span class='ocrx_word' id='word_1_67' title='bbox 2508 669 2790 724; x_wconf 84' lang='grc' dir='ltr'>κάλλιστα.</span> 
     </span>
    </p>
   </div>
   <div class='ocr_carea' id='block_1_6' title="bbox 242 805 1759 890">
    <p class='ocr_par' dir='ltr' id='par_1_6' title="bbox 242 805 1746 883">
     <span class='ocr_line' id='line_1_6' title="bbox 242 805 1746 883; baseline 0.005 -24"><span class='ocrx_word' id='word_1_68' title='bbox 242 807 425 859; x_wconf 80' lang='grc' dir='ltr'>Ὅταν</span> <span class='ocrx_word' id='word_1_69' title='bbox 468 805 537 859; x_wconf 80' lang='grc' dir='ltr'>δὲ</span> <span class='ocrx_word' id='word_1_70' title='bbox 576 805 724 874; x_wconf 76' lang='grc' dir='ltr'>ἔλθῃ</span> <span class='ocrx_word' id='word_1_71' title='bbox 764 810 797 860; x_wconf 83' lang='grc' dir='ltr'><em>ὁ</em></span> <span class='ocrx_word' id='word_1_72' title='bbox 823 806 1232 876; x_wconf 76' lang='grc' dir='ltr'>Παρὰκλητος,</span> <span class='ocrx_word' id='word_1_73' title='bbox 1274 809 1347 865; x_wconf 81' lang='grc' dir='ltr'><strong><em>ὃν</em></strong></span> <span class='ocrx_word' id='word_1_74' title='bbox 1381 812 1496 882; x_wconf 70' lang='grc' dir='ltr'><strong><em>ἐγὼ</em></strong></span> <span class='ocrx_word' id='word_1_75' title='bbox 1532 811 1746 883; x_wconf 75' lang='grc' dir='ltr'>πέμψω</span> 
     </span>
    </p>
   </div>
   <div class='ocr_carea' id='block_1_7' title="bbox 1861 805 3419 890">
    <p class='ocr_par' dir='ltr' id='par_1_7' title="bbox 1919 819 3419 890">
     <span class='ocr_line' id='line_1_7' title="bbox 1919 819 3419 890; baseline -0.002 -14"><span class='ocrx_word' id='word_1_76' title='bbox 1919 821 2038 890; x_wconf 79' lang='lat' dir='ltr'><strong><em>XV,</em></strong></span> <span class='ocrx_word' id='word_1_77' title='bbox 2072 821 2176 889; x_wconf 73' lang='lat'><strong><em>26,</em></strong></span> <span class='ocrx_word' id='word_1_78' title='bbox 2240 822 2332 878; x_wconf 76' lang='lat'><strong><em>27.</em></strong></span> <span class='ocrx_word' id='word_1_79' title='bbox 2403 820 2536 877; x_wconf 82' lang='lat' dir='ltr'><strong><em>Cum</em></strong></span> <span class='ocrx_word' id='word_1_80' title='bbox 2599 830 2789 875; x_wconf 83' lang='lat' dir='ltr'><strong><em>autem</em></strong></span> <span class='ocrx_word' id='word_1_81' title='bbox 2830 823 3027 875; x_wconf 77' lang='lat' dir='ltr'><strong><em>uenerit</em></strong></span> <span class='ocrx_word' id='word_1_82' title='bbox 3078 819 3419 885; x_wconf 79' lang='lat' dir='ltr'><strong><em>Paracletus,</em></strong></span> 
     </span>
    </p>
   </div>
   <div class='ocr_carea' id='block_1_8' title="bbox 172 896 1741 972">
    <p class='ocr_par' dir='ltr' id='par_1_8' title="bbox 172 896 1741 972">
     <span class='ocr_line' id='line_1_8' title="bbox 172 896 1741 972; baseline 0.004 -19"><span class='ocrx_word' id='word_1_83' title='bbox 172 896 309 967; x_wconf 76' lang='grc' dir='ltr'>ὑμῖν</span> <span class='ocrx_word' id='word_1_84' title='bbox 349 899 509 967; x_wconf 82' lang='grc' dir='ltr'>παρὰ</span> <span class='ocrx_word' id='word_1_85' title='bbox 537 899 788 967; x_wconf 76' lang='grc' dir='ltr'>Πατρός,</span> <span class='ocrx_word' id='word_1_86' title='bbox 837 899 903 951; x_wconf 84' lang='grc' dir='ltr'>τὸ</span> <span class='ocrx_word' id='word_1_87' title='bbox 933 901 1177 969; x_wconf 80' lang='grc' dir='ltr'><strong><em>Πνεῦμα</em></strong></span> <span class='ocrx_word' id='word_1_88' title='bbox 1215 901 1326 970; x_wconf 82' lang='grc' dir='ltr'>τῆς</span> <span class='ocrx_word' id='word_1_89' title='bbox 1367 902 1670 972; x_wconf 72' lang='grc' dir='ltr'>ἀληθείας,</span> <span class='ocrx_word' id='word_1_90' title='bbox 1709 904 1741 959; x_wconf 83' lang='grc' dir='ltr'><strong><em>ὃ</em></strong></span> 
     </span>
    </p>
   </div>
   <div class='ocr_carea' id='block_1_9' title="bbox 176 982 1742 1064">
    <p class='ocr_par' dir='ltr' id='par_1_9' title="bbox 176 982 1742 1064">
     <span class='ocr_line' id='line_1_9' title="bbox 176 982 1742 1064; baseline 0.005 -23"><span class='ocrx_word' id='word_1_91' title='bbox 176 990 324 1058; x_wconf 81' lang='grc' dir='ltr'>παρὰ</span> <span class='ocrx_word' id='word_1_92' title='bbox 359 989 467 1043; x_wconf 80' lang='grc' dir='ltr'><strong><em>τοῦ</em></strong></span> <span class='ocrx_word' id='word_1_93' title='bbox 495 991 725 1059; x_wconf 79' lang='grc' dir='ltr'>Πατρός</span> <span class='ocrx_word' id='word_1_94' title='bbox 749 990 1156 1060; x_wconf 76' lang='grc' dir='ltr'><strong><em>ἐκπορεύεται,</em></strong></span> <span class='ocrx_word' id='word_1_95' title='bbox 1191 993 1422 1058; x_wconf 84' lang='grc' dir='ltr'>ἐκεῖνος</span> <span class='ocrx_word' id='word_1_96' title='bbox 1442 982 1742 1064; x_wconf 71' lang='grc' dir='ltr'>μαρτυρή-</span> 
     </span>
    </p>
   </div>
   <div class='ocr_carea' id='block_1_10' title="bbox 175 1082 1743 1155">
    <p class='ocr_par' dir='ltr' id='par_1_10' title="bbox 175 1082 1743 1155">
     <span class='ocr_line' id='line_1_10' title="bbox 175 1082 1743 1155; baseline 0.005 -21"><span class='ocrx_word' id='word_1_97' title='bbox 175 1095 263 1135; x_wconf 84' lang='grc' dir='ltr'><strong><em>σει</em></strong></span> <span class='ocrx_word' id='word_1_98' title='bbox 294 1082 427 1151; x_wconf 76' lang='grc' dir='ltr'>περὶ</span> <span class='ocrx_word' id='word_1_99' title='bbox 455 1082 621 1153; x_wconf 81' lang='grc' dir='ltr'>ἐμοῦ.</span> <span class='ocrx_word' id='word_1_100' title='bbox 668 1084 778 1137; x_wconf 77' lang='lat' dir='ltr'><strong><em>Kal</em></strong></span> <span class='ocrx_word' id='word_1_101' title='bbox 818 1085 988 1155; x_wconf 76' lang='grc' dir='ltr'>ὑμεῖς</span> <span class='ocrx_word' id='word_1_102' title='bbox 1020 1084 1090 1138; x_wconf 74' lang='grc' dir='ltr'>δὲ</span> <span class='ocrx_word' id='word_1_103' title='bbox 1120 1084 1491 1155; x_wconf 80' lang='grc' dir='ltr'>μαρτυρεῖτε,</span> <span class='ocrx_word' id='word_1_104' title='bbox 1523 1086 1613 1142; x_wconf 81' lang='grc' dir='ltr'>ὅτι</span> <span class='ocrx_word' id='word_1_105' title='bbox 1643 1088 1743 1143; x_wconf 78' lang='grc' dir='ltr'><strong><em>ἀπ’</em></strong></span> 
     </span>
    </p>
   </div>
   <div class='ocr_carea' id='block_1_11' title="bbox 178 1170 864 1243">
    <p class='ocr_par' dir='ltr' id='par_1_11' title="bbox 178 1170 864 1243">
     <span class='ocr_line' id='line_1_11' title="bbox 178 1170 864 1243; baseline 0.001 -13"><span class='ocrx_word' id='word_1_106' title='bbox 178 1170 358 1242; x_wconf 78' lang='grc' dir='ltr'>ἀρχῆς</span> <span class='ocrx_word' id='word_1_107' title='bbox 380 1176 511 1243; x_wconf 79' lang='grc' dir='ltr'>μετ’</span> <span class='ocrx_word' id='word_1_108' title='bbox 534 1175 678 1230; x_wconf 69' lang='grc' dir='ltr'>ἐμοῦ</span> <span class='ocrx_word' id='word_1_109' title='bbox 704 1176 864 1231; x_wconf 80' lang='grc' dir='ltr'>ἐστε.</span> 
     </span>
    </p>
   </div>
   <div class='ocr_carea' id='block_1_12' title="bbox 243 1331 1746 1412">
    <p class='ocr_par' dir='ltr' id='par_1_12' title="bbox 243 1331 1746 1412">
     <span class='ocr_line' id='line_1_12' title="bbox 243 1331 1746 1412; baseline 0.007 -29"><span class='ocrx_word' id='word_1_110' title='bbox 243 1331 594 1402; x_wconf 80' lang='grc' dir='ltr'>Μεμισῆσθαι</span> <span class='ocrx_word' id='word_1_111' title='bbox 617 1334 788 1403; x_wconf 77' lang='grc' dir='ltr'>Αέγων</span> <span class='ocrx_word' id='word_1_112' title='bbox 810 1334 1004 1389; x_wconf 80' lang='grc' dir='ltr'>ἑαυτόν</span> <span class='ocrx_word' id='word_1_113' title='bbox 1030 1354 1090 1389; x_wconf 88' lang='grc' dir='ltr'><strong><em>τε</em></strong></span> <span class='ocrx_word' id='word_1_114' title='bbox 1115 1338 1208 1391; x_wconf 79' lang='grc' dir='ltr'>καὶ</span> <span class='ocrx_word' id='word_1_115' title='bbox 1236 1337 1326 1392; x_wconf 73' lang='grc' dir='ltr'><strong><em>τὸν</em></strong></span> <span class='ocrx_word' id='word_1_116' title='bbox 1350 1339 1572 1412; x_wconf 82' lang='grc' dir='ltr'><strong><em>Πατέρα</em></strong></span> <span class='ocrx_word' id='word_1_117' title='bbox 1594 1334 1746 1412; x_wconf 81' lang='grc' dir='ltr'>παρὰ</span> 
     </span>
    </p>
   </div>
   <div class='ocr_carea' id='block_1_13' title="bbox 178 1422 1746 1502">
    <p class='ocr_par' dir='ltr' id='par_1_13' title="bbox 178 1422 1746 1502">
     <span class='ocr_line' id='line_1_13' title="bbox 178 1422 1746 1502; baseline 0.005 -26"><span class='ocrx_word' id='word_1_118' title='bbox 178 1422 279 1476; x_wconf 86' lang='grc' dir='ltr'><strong><em>τῶν</em></strong></span> <span class='ocrx_word' id='word_1_119' title='bbox 308 1424 583 1480; x_wconf 79' lang='grc' dir='ltr'><strong><em>ἀσυνέτων</em></strong></span> <span class='ocrx_word' id='word_1_120' title='bbox 624 1428 919 1493; x_wconf 80' lang='grc' dir='ltr'>Ἰουδαίων,</span> <span class='ocrx_word' id='word_1_121' title='bbox 967 1429 1062 1483; x_wconf 79' lang='grc' dir='ltr'>καὶ</span> <span class='ocrx_word' id='word_1_122' title='bbox 1094 1429 1255 1483; x_wconf 87' lang='grc' dir='ltr'>τοῦτο</span> <span class='ocrx_word' id='word_1_123' title='bbox 1281 1430 1491 1502; x_wconf 85' lang='grc' dir='ltr'>δωρεάν</span> <span class='ocrx_word' id='word_1_124' title='bbox 1532 1432 1628 1486; x_wconf 73' lang='grc' dir='ltr'>καὶ</span> <span class='ocrx_word' id='word_1_125' title='bbox 1658 1432 1746 1485; x_wconf 82' lang='grc' dir='ltr'><strong><em>ἐπ’</em></strong></span> 
     </span>
    </p>
   </div>
   <div class='ocr_carea' id='block_1_14' title="bbox 176 1514 1747 1594">
    <p class='ocr_par' dir='ltr' id='par_1_14' title="bbox 176 1514 1747 1594">
     <span class='ocr_line' id='line_1_14' title="bbox 176 1514 1747 1594; baseline 0.005 -27"><span class='ocrx_word' id='word_1_126' title='bbox 176 1514 343 1568; x_wconf 79' lang='grc' dir='ltr'>οὐδενὶ</span> <span class='ocrx_word' id='word_1_127' title='bbox 373 1515 483 1569; x_wconf 89' lang='grc' dir='ltr'><strong><em>τῶν</em></strong></span> <span class='ocrx_word' id='word_1_128' title='bbox 512 1518 764 1583; x_wconf 72' lang='grc' dir='ltr'>εἰκότων,</span> <span class='ocrx_word' id='word_1_129' title='bbox 798 1521 1238 1590; x_wconf 87' lang='grc' dir='ltr'>συμπαρεισάγει</span> <span class='ocrx_word' id='word_1_130' title='bbox 1267 1521 1327 1574; x_wconf 83' lang='grc' dir='ltr'>τὸ</span> <span class='ocrx_word' id='word_1_131' title='bbox 1353 1522 1578 1593; x_wconf 82' lang='grc' dir='ltr'>Πνεῦμα</span> <span class='ocrx_word' id='word_1_132' title='bbox 1610 1540 1747 1594; x_wconf 85' lang='grc' dir='ltr'>χρη-</span> 
     </span>
    </p>
   </div>
   <div class='ocr_carea' id='block_1_15' title="bbox 179 1608 1748 1688">
    <p class='ocr_par' dir='ltr' id='par_1_15' title="bbox 179 1608 1748 1688">
     <span class='ocr_line' id='line_1_15' title="bbox 179 1608 1748 1688; baseline 0.006 -28"><span class='ocrx_word' id='word_1_133' title='bbox 179 1608 375 1678; x_wconf 90' lang='grc' dir='ltr'>σίμως,</span> <span class='ocrx_word' id='word_1_134' title='bbox 425 1609 561 1680; x_wconf 86' lang='grc' dir='ltr'>ὁμοῦ</span> <span class='ocrx_word' id='word_1_135' title='bbox 612 1612 706 1664; x_wconf 69' lang='grc' dir='ltr'>καὶ</span> <span class='ocrx_word' id='word_1_136' title='bbox 750 1611 853 1680; x_wconf 79' lang='grc' dir='ltr'>τῆς</span> <span class='ocrx_word' id='word_1_137' title='bbox 884 1611 1045 1680; x_wconf 86' lang='grc' dir='ltr'>ἁγίας</span> <span class='ocrx_word' id='word_1_138' title='bbox 1078 1613 1305 1684; x_wconf 83' lang='grc' dir='ltr'>Τριάδος</span> <span class='ocrx_word' id='word_1_139' title='bbox 1350 1612 1450 1685; x_wconf 81' lang='grc' dir='ltr'>τὴν</span> <span class='ocrx_word' id='word_1_140' title='bbox 1503 1616 1748 1688; x_wconf 84' lang='grc' dir='ltr'>ἀναπλή-</span> 
     </span>
    </p>
   </div>
   <div class='ocr_carea' id='block_1_16' title="bbox 180 1702 1751 1776">
    <p class='ocr_par' dir='ltr' id='par_1_16' title="bbox 180 1702 1751 1776">
     <span class='ocr_line' id='line_1_16' title="bbox 180 1702 1751 1776; baseline 0.005 -22"><span class='ocrx_word' id='word_1_141' title='bbox 180 1716 337 1771; x_wconf 84' lang='grc' dir='ltr'>ρωσιν</span> <span class='ocrx_word' id='word_1_142' title='bbox 365 1702 612 1771; x_wconf 89' lang='grc' dir='ltr'>ἐμποιῶν</span> <span class='ocrx_word' id='word_1_143' title='bbox 654 1703 733 1775; x_wconf 80' lang='grc' dir='ltr'><strong><em>τῷ</em></strong></span> <span class='ocrx_word' id='word_1_144' title='bbox 782 1704 928 1775; x_wconf 82' lang='grc' dir='ltr'>λόγῳ</span> <span class='ocrx_word' id='word_1_145' title='bbox 974 1706 1067 1759; x_wconf 68' lang='grc' dir='ltr'>καὶ</span> <span class='ocrx_word' id='word_1_146' title='bbox 1097 1706 1247 1776; x_wconf 75' lang='grc' dir='ltr'>αὐτῷ</span> <span class='ocrx_word' id='word_1_147' title='bbox 1274 1706 1331 1759; x_wconf 80' lang='grc' dir='ltr'>δὲ</span> <span class='ocrx_word' id='word_1_148' title='bbox 1378 1706 1593 1772; x_wconf 82' lang='grc' dir='ltr'>δεικνὺς</span> <span class='ocrx_word' id='word_1_149' title='bbox 1624 1726 1751 1763; x_wconf 86' lang='grc' dir='ltr'>συν-</span> 
     </span>
    </p>
   </div>
   <div class='ocr_carea' id='block_1_17' title="bbox 176 1780 1750 1872">
    <p class='ocr_par' dir='ltr' id='par_1_17' title="bbox 176 1780 1750 1872">
     <span class='ocr_line' id='line_1_17' title="bbox 176 1780 1750 1872; baseline 0.005 -26"><span class='ocrx_word' id='word_1_150' title='bbox 176 1780 572 1865; x_wconf 79' lang='grc' dir='ltr'>ητοιμασμένον</span> <span class='ocrx_word' id='word_1_151' title='bbox 620 1794 736 1869; x_wconf 66' lang='grc' dir='ltr'>[πο.</span> <span class='ocrx_word' id='word_1_152' title='bbox 771 1798 1296 1871; x_wconf 73' lang='grc' dir='ltr'>συνητιμασμένον1,</span> <span class='ocrx_word' id='word_1_153' title='bbox 1330 1799 1416 1853; x_wconf 84' lang='grc' dir='ltr'><strong><em>ῖνα</em></strong></span> <span class='ocrx_word' id='word_1_154' title='bbox 1443 1798 1750 1872; x_wconf 80' lang='grc' dir='ltr'>ὁλοκλήρως</span> 
     </span>
    </p>
   </div>
   <div class='ocr_carea' id='block_1_18' title="bbox 178 1880 1750 1964">
    <p class='ocr_par' dir='ltr' id='par_1_18' title="bbox 178 1880 1750 1964">
     <span class='ocr_line' id='line_1_18' title="bbox 178 1880 1750 1964; baseline 0.006 -26"><span class='ocrx_word' id='word_1_155' title='bbox 178 1888 233 1937; x_wconf 79' lang='grc' dir='ltr'>ὲν</span> <span class='ocrx_word' id='word_1_156' title='bbox 261 1885 372 1957; x_wconf 84' lang='grc' dir='ltr'>Υἱῷ</span> <span class='ocrx_word' id='word_1_157' title='bbox 415 1889 876 1960; x_wconf 80' lang='grc' dir='ltr'>πεπαρῳνηκότες</span> <span class='ocrx_word' id='word_1_158' title='bbox 922 1880 1251 1961; x_wconf 77' lang='grc' dir='ltr'>ἐλέγχωνται</span> <span class='ocrx_word' id='word_1_159' title='bbox 1294 1891 1404 1945; x_wconf 89' lang='grc' dir='ltr'><strong><em>τῶν</em></strong></span> <span class='ocrx_word' id='word_1_160' title='bbox 1432 1894 1750 1964; x_wconf 79' lang='grc' dir='ltr'>παραδόξων</span> 
     </span>
    </p>
   </div>
   <div class='ocr_carea' id='block_1_19' title="bbox 178 1975 1751 2055">
    <p class='ocr_par' dir='ltr' id='par_1_19' title="bbox 178 1975 1751 2055">
     <span class='ocr_line' id='line_1_19' title="bbox 178 1975 1751 2055; baseline 0.007 -28"><span class='ocrx_word' id='word_1_161' title='bbox 178 1977 225 2028; x_wconf 80' lang='lat' dir='ltr'><strong><em>oi</em></strong></span> <span class='ocrx_word' id='word_1_162' title='bbox 252 1975 463 2046; x_wconf 75' lang='grc' dir='ltr'>θεωροὶ,</span> <span class='ocrx_word' id='word_1_163' title='bbox 499 1979 591 2031; x_wconf 75' lang='grc' dir='ltr'>καὶ</span> <span class='ocrx_word' id='word_1_164' title='bbox 616 1979 722 2049; x_wconf 81' lang='grc' dir='ltr'>τῆς</span> <span class='ocrx_word' id='word_1_165' title='bbox 747 1980 1010 2035; x_wconf 81' lang='grc' dir='ltr'>ἀνωτάτω</span> <span class='ocrx_word' id='word_1_166' title='bbox 1037 1981 1223 2036; x_wconf 81' lang='grc' dir='ltr'>πασῶν</span> <span class='ocrx_word' id='word_1_167' title='bbox 1251 1982 1441 2047; x_wconf 77' lang='grc' dir='ltr'>οὐσίας</span> <span class='ocrx_word' id='word_1_168' title='bbox 1457 1984 1555 2055; x_wconf 83' lang='grc' dir='ltr'>τὴν</span> <span class='ocrx_word' id='word_1_169' title='bbox 1577 1983 1751 2049; x_wconf 75' lang='grc' dir='ltr'>οὕτως</span> 
     </span>
    </p>
   </div>
   <div class='ocr_carea' id='block_1_20' title="bbox 180 2068 1751 2149">
    <p class='ocr_par' dir='ltr' id='par_1_20' title="bbox 180 2068 1751 2149">
     <span class='ocr_line' id='line_1_20' title="bbox 180 2068 1751 2149; baseline 0.007 -27"><span class='ocrx_word' id='word_1_170' title='bbox 180 2073 424 2142; x_wconf 75' lang='grc' dir='ltr'>ὑπερφυᾶ</span> <span class='ocrx_word' id='word_1_171' title='bbox 469 2071 900 2144; x_wconf 80' lang='grc' dir='ltr'>καθυϐρίσαντες</span> <span class='ocrx_word' id='word_1_172' title='bbox 948 2073 1195 2146; x_wconf 86' lang='grc' dir='ltr'>δύναμιν,</span> <span class='ocrx_word' id='word_1_173' title='bbox 1245 2074 1310 2127; x_wconf 82' lang='grc' dir='ltr'><strong><em>δι’</em></strong></span> <span class='ocrx_word' id='word_1_174' title='bbox 1352 2068 1427 2130; x_wconf 83' lang='grc' dir='ltr'>ὧν</span> <span class='ocrx_word' id='word_1_175' title='bbox 1457 2078 1558 2149; x_wconf 78' lang='grc' dir='ltr'>οὐχ</span> <span class='ocrx_word' id='word_1_176' title='bbox 1604 2079 1751 2143; x_wconf 82' lang='grc' dir='ltr'>ὅπως</span> 
     </span>
    </p>
   </div>
   <div class='ocr_carea' id='block_1_21' title="bbox 1844 909 3419 985">
    <p class='ocr_par' dir='ltr' id='par_1_21' title="bbox 1844 909 3419 985">
     <span class='ocr_line' id='line_1_21' title="bbox 1844 909 3419 985; baseline -0.003 -18"><span class='ocrx_word' id='word_1_177' title='bbox 1844 930 1995 985; x_wconf 84' lang='lat' dir='ltr'><strong><em>quem</em></strong></span> <span class='ocrx_word' id='word_1_178' title='bbox 2024 930 2117 984; x_wconf 84' lang='lat' dir='ltr'><strong><em>ego</em></strong></span> <span class='ocrx_word' id='word_1_179' title='bbox 2153 913 2361 967; x_wconf 84' lang='lat' dir='ltr'><strong><em>mittam</em></strong></span> <span class='ocrx_word' id='word_1_180' title='bbox 2391 913 2534 967; x_wconf 78' lang='lat' dir='ltr'><strong><em>vobis</em></strong></span> <span class='ocrx_word' id='word_1_181' title='bbox 2574 930 2607 966; x_wconf 91' lang='lat' dir='ltr'><strong><em>a</em></strong></span> <span class='ocrx_word' id='word_1_182' title='bbox 2644 911 2835 976; x_wconf 85' lang='lat' dir='ltr'><strong><em>Patre,</em></strong></span> <span class='ocrx_word' id='word_1_183' title='bbox 2865 909 3128 980; x_wconf 76' lang='lat' dir='ltr'><strong><em>Spiritum</em></strong></span> <span class='ocrx_word' id='word_1_184' title='bbox 3159 911 3419 974; x_wconf 76' lang='lat' dir='ltr'><strong><em>veritatis,</em></strong></span> 
     </span>
    </p>
   </div>
   <div class='ocr_carea' id='block_1_22' title="bbox 1844 1000 3423 1073">
    <p class='ocr_par' dir='ltr' id='par_1_22' title="bbox 1844 1000 3423 1073">
     <span class='ocr_line' id='line_1_22' title="bbox 1844 1000 3423 1073; baseline -0.002 -16"><span class='ocrx_word' id='word_1_185' title='bbox 1844 1005 1934 1073; x_wconf 83' lang='lat' dir='ltr'><strong><em>qui</em></strong></span> <span class='ocrx_word' id='word_1_186' title='bbox 1964 1021 1994 1056; x_wconf 91' lang='lat' dir='ltr'><strong><em>a</em></strong></span> <span class='ocrx_word' id='word_1_187' title='bbox 2022 1002 2186 1059; x_wconf 82' lang='lat' dir='ltr'><strong><em>Patre</em></strong></span> <span class='ocrx_word' id='word_1_188' title='bbox 2214 1003 2486 1071; x_wconf 85' lang='lat' dir='ltr'><strong><em>procedit,</em></strong></span> <span class='ocrx_word' id='word_1_189' title='bbox 2525 1001 2615 1057; x_wconf 82' lang='lat' dir='ltr'><strong><em>itte</em></strong></span> <span class='ocrx_word' id='word_1_190' title='bbox 2660 1003 3020 1057; x_wconf 75' lang='lat' dir='ltr'><strong><em>testimonium</em></strong></span> <span class='ocrx_word' id='word_1_191' title='bbox 3049 1000 3334 1071; x_wconf 82' lang='lat' dir='ltr'><strong><em>perhibebit</em></strong></span> <span class='ocrx_word' id='word_1_192' title='bbox 3359 1002 3423 1055; x_wconf 85' lang='lat' dir='ltr'><strong><em>de</em></strong></span> 
     </span>
    </p>
   </div>
   <div class='ocr_carea' id='block_1_23' title="bbox 1846 1090 3423 1165">
    <p class='ocr_par' dir='ltr' id='par_1_23' title="bbox 1846 1090 3423 1165">
     <span class='ocr_line' id='line_1_23' title="bbox 1846 1090 3423 1165; baseline -0.001 -17"><span class='ocrx_word' id='word_1_193' title='bbox 1846 1111 1945 1149; x_wconf 78' lang='lat' dir='ltr'><strong><em>nte.</em></strong></span> <span class='ocrx_word' id='word_1_194' title='bbox 1977 1095 2047 1151; x_wconf 88' lang='lat' dir='ltr'><strong><em>Et</em></strong></span> <span class='ocrx_word' id='word_1_195' title='bbox 2097 1112 2183 1150; x_wconf 78' lang='lat' dir='ltr'><strong><em>vos</em></strong></span> <span class='ocrx_word' id='word_1_196' title='bbox 2237 1090 2598 1150; x_wconf 82' lang='lat' dir='ltr'><strong><em>testimonium</em></strong></span> <span class='ocrx_word' id='word_1_197' title='bbox 2632 1094 2950 1164; x_wconf 76' lang='lat' dir='ltr'><strong><em>perhibetis,</em></strong></span> <span class='ocrx_word' id='word_1_198' title='bbox 3001 1094 3125 1165; x_wconf 87' lang='lat' dir='ltr'><strong><em>quia</em></strong></span> <span class='ocrx_word' id='word_1_199' title='bbox 3161 1094 3227 1148; x_wconf 85' lang='lat' dir='ltr'><strong><em>ab</em></strong></span> <span class='ocrx_word' id='word_1_200' title='bbox 3269 1094 3423 1148; x_wconf 86' lang='lat' dir='ltr'><strong><em>initio</em></strong></span> 
     </span>
    </p>
   </div>
   <div class='ocr_carea' id='block_1_24' title="bbox 1846 1184 3229 1243">
    <p class='ocr_par' dir='ltr' id='par_1_24' title="bbox 1846 1184 3229 1243">
     <span class='ocr_line' id='line_1_24' title="bbox 1846 1184 3229 1243; baseline 0.006 -2"><span class='ocrx_word' id='word_1_201' title='bbox 1846 1204 2047 1242; x_wconf 84' lang='lat' dir='ltr'><strong><em>mecum</em></strong></span> <span class='ocrx_word' id='word_1_202' title='bbox 2070 1188 2221 1243; x_wconf 79' lang='lat' dir='ltr'><strong><em>estis.</em></strong></span> <span class='ocrx_word' id='word_1_203' title='bbox 3214 1184 3229 1195; x_wconf 84' lang='grc'><em>’</em></span> 
     </span>
    </p>
   </div>
   <div class='ocr_carea' id='block_1_25' title="bbox 1918 1344 3424 1421">
    <p class='ocr_par' dir='ltr' id='par_1_25' title="bbox 1918 1344 3424 1421">
     <span class='ocr_line' id='line_1_25' title="bbox 1918 1344 3424 1421; baseline -0.003 -17"><span class='ocrx_word' id='word_1_204' title='bbox 1918 1348 2172 1421; x_wconf 89' lang='lat' dir='ltr'><strong><em>Seipsum</em></strong></span> <span class='ocrx_word' id='word_1_205' title='bbox 2207 1360 2260 1405; x_wconf 93' lang='lat' dir='ltr'><strong><em>et</em></strong></span> <span class='ocrx_word' id='word_1_206' title='bbox 2285 1347 2504 1404; x_wconf 83' lang='lat' dir='ltr'><strong><em>Patrem</em></strong></span> <span class='ocrx_word' id='word_1_207' title='bbox 2537 1347 2731 1404; x_wconf 89' lang='lat' dir='ltr'><strong><em>dicens</em></strong></span> <span class='ocrx_word' id='word_1_208' title='bbox 2778 1362 2808 1402; x_wconf 91' lang='lat' dir='ltr'><strong><em>a</em></strong></span> <span class='ocrx_word' id='word_1_209' title='bbox 2837 1345 3173 1403; x_wconf 84' lang='lat' dir='ltr'><strong><em>vecordibus</em></strong></span> <span class='ocrx_word' id='word_1_210' title='bbox 3214 1344 3424 1400; x_wconf 71' lang='lat' dir='ltr'><strong><em>Iudaeis</em></strong></span> 
     </span>
    </p>
   </div>
   <div class='ocr_carea' id='block_1_26' title="bbox 1845 1437 3422 1512">
    <p class='ocr_par' dir='ltr' id='par_1_26' title="bbox 1845 1437 3422 1512">
     <span class='ocr_line' id='line_1_26' title="bbox 1845 1437 3422 1512; baseline -0.006 -14"><span class='ocrx_word' id='word_1_211' title='bbox 1845 1441 1975 1498; x_wconf 87' lang='lat' dir='ltr'><strong><em>odio</em></strong></span> <span class='ocrx_word' id='word_1_212' title='bbox 2010 1443 2225 1509; x_wconf 89' lang='lat' dir='ltr'><strong><em>haberi,</em></strong></span> <span class='ocrx_word' id='word_1_213' title='bbox 2256 1442 2420 1512; x_wconf 84' lang='lat' dir='ltr'><strong><em>idque</em></strong></span> <span class='ocrx_word' id='word_1_214' title='bbox 2448 1441 2622 1512; x_wconf 79' lang='lat' dir='ltr'><strong><em>gratis</em></strong></span> <span class='ocrx_word' id='word_1_215' title='bbox 2674 1455 2739 1495; x_wconf 87' lang='lat' dir='ltr'><strong><em>ac</em></strong></span> <span class='ocrx_word' id='word_1_216' title='bbox 2776 1439 2928 1493; x_wconf 88' lang='lat' dir='ltr'><strong><em>nulla</em></strong></span> <span class='ocrx_word' id='word_1_217' title='bbox 2957 1438 3104 1509; x_wconf 88' lang='lat' dir='ltr'><strong><em>justa</em></strong></span> <span class='ocrx_word' id='word_1_218' title='bbox 3137 1437 3205 1493; x_wconf 87' lang='lat' dir='ltr'><strong><em>de</em></strong></span> <span class='ocrx_word' id='word_1_219' title='bbox 3231 1452 3422 1502; x_wconf 86' lang='lat' dir='ltr'><strong><em>causa,</em></strong></span> 
     </span>
    </p>
   </div>
   <div class='ocr_carea' id='block_1_27' title="bbox 1847 1527 3427 1599">
    <p class='ocr_par' dir='ltr' id='par_1_27' title="bbox 1847 1527 3427 1599">
     <span class='ocr_line' id='line_1_27' title="bbox 1847 1527 3427 1599; baseline -0.004 -10"><span class='ocrx_word' id='word_1_220' title='bbox 1847 1532 2014 1589; x_wconf 89' lang='lat' dir='ltr'><strong><em>simul</em></strong></span> <span class='ocrx_word' id='word_1_221' title='bbox 2076 1533 2243 1589; x_wconf 89' lang='lat' dir='ltr'><strong><em>etiam</em></strong></span> <span class='ocrx_word' id='word_1_222' title='bbox 2292 1532 2506 1587; x_wconf 81' lang='lat' dir='ltr'><strong><em>utiliter</em></strong></span> <span class='ocrx_word' id='word_1_223' title='bbox 2567 1530 2786 1585; x_wconf 86' lang='lat' dir='ltr'><strong><em>inducit</em></strong></span> <span class='ocrx_word' id='word_1_224' title='bbox 2845 1527 3154 1599; x_wconf 85' lang='lat' dir='ltr'><strong><em>Spiritum,</em></strong></span> <span class='ocrx_word' id='word_1_225' title='bbox 3224 1537 3427 1584; x_wconf 80' lang='lat' dir='ltr'><strong><em>sanctae</em></strong></span> 
     </span>
    </p>
   </div>
   <div class='ocr_carea' id='block_1_28' title="bbox 1851 1606 3424 1695">
    <p class='ocr_par' dir='ltr' id='par_1_28' title="bbox 1851 1606 3424 1695">
     <span class='ocr_line' id='line_1_28' title="bbox 1851 1606 3424 1695; baseline -0.003 -17"><span class='ocrx_word' id='word_1_226' title='bbox 1851 1606 2145 1680; x_wconf 73' lang='lat' dir='ltr'><strong><em>&#39;l‘rinitatis</em></strong></span> <span class='ocrx_word' id='word_1_227' title='bbox 2210 1625 2675 1695; x_wconf 85' lang='lat' dir='ltr'><strong><em>complementum</em></strong></span> <span class='ocrx_word' id='word_1_228' title='bbox 2731 1622 2836 1677; x_wconf 92' lang='lat' dir='ltr'><strong><em>hoc</em></strong></span> <span class='ocrx_word' id='word_1_229' title='bbox 2890 1621 3055 1676; x_wconf 89' lang='lat' dir='ltr'><strong><em>modo</em></strong></span> <span class='ocrx_word' id='word_1_230' title='bbox 3122 1630 3424 1683; x_wconf 81' lang='lat' dir='ltr'><strong><em>astruens,</em></strong></span> 
     </span>
    </p>
   </div>
   <div class='ocr_carea' id='block_1_29' title="bbox 1847 1713 3423 1779">
    <p class='ocr_par' dir='ltr' id='par_1_29' title="bbox 1847 1713 3423 1779">
     <span class='ocr_line' id='line_1_29' title="bbox 1847 1713 3423 1779; baseline -0.004 -6"><span class='ocrx_word' id='word_1_231' title='bbox 1847 1724 1901 1773; x_wconf 87' lang='lat' dir='ltr'><strong><em>et</em></strong></span> <span class='ocrx_word' id='word_1_232' title='bbox 1959 1731 2067 1770; x_wconf 92' lang='lat' dir='ltr'><strong><em>una</em></strong></span> <span class='ocrx_word' id='word_1_233' title='bbox 2136 1730 2262 1772; x_wconf 90' lang='lat' dir='ltr'><strong><em>cum</em></strong></span> <span class='ocrx_word' id='word_1_234' title='bbox 2326 1714 2489 1769; x_wconf 84' lang='lat' dir='ltr'><strong><em>Patre</em></strong></span> <span class='ocrx_word' id='word_1_235' title='bbox 2577 1730 2637 1771; x_wconf 89' lang='lat' dir='ltr'><strong><em>se</em></strong></span> <span class='ocrx_word' id='word_1_236' title='bbox 2712 1715 2977 1768; x_wconf 85' lang='lat' dir='ltr'><strong><em>violatum</em></strong></span> <span class='ocrx_word' id='word_1_237' title='bbox 3066 1713 3364 1769; x_wconf 85' lang='lat' dir='ltr'><strong><em>ostendens</em></strong></span> <span class='ocrx_word' id='word_1_238' title='bbox 3407 1753 3423 1779; x_wconf 96' lang='lat'><strong><em>,</em></strong></span> 
     </span>
    </p>
   </div>
   <div class='ocr_carea' id='block_1_30' title="bbox 1849 1805 3425 1879">
    <p class='ocr_par' dir='ltr' id='par_1_30' title="bbox 1849 1805 3425 1879">
     <span class='ocr_line' id='line_1_30' title="bbox 1849 1805 3425 1879; baseline -0.003 -15"><span class='ocrx_word' id='word_1_239' title='bbox 1849 1817 1910 1865; x_wconf 92' lang='lat' dir='ltr'><strong><em>ut</em></strong></span> <span class='ocrx_word' id='word_1_240' title='bbox 1943 1824 2070 1864; x_wconf 89' lang='lat' dir='ltr'><strong><em>cum</em></strong></span> <span class='ocrx_word' id='word_1_241' title='bbox 2128 1808 2206 1863; x_wconf 86' lang='lat' dir='ltr'><strong><em>illi</em></strong></span> <span class='ocrx_word' id='word_1_242' title='bbox 2262 1807 2658 1863; x_wconf 84' lang='lat' dir='ltr'><strong><em>miraculorum</em></strong></span> <span class='ocrx_word' id='word_1_243' title='bbox 2713 1813 3058 1879; x_wconf 85' lang='lat' dir='ltr'><strong><em>spectatores</em></strong></span> <span class='ocrx_word' id='word_1_244' title='bbox 3116 1806 3171 1860; x_wconf 90' lang='lat' dir='ltr'><strong><em>in</em></strong></span> <span class='ocrx_word' id='word_1_245' title='bbox 3228 1805 3425 1860; x_wconf 84' lang='lat' dir='ltr'><strong><em>Filium</em></strong></span> 
     </span>
    </p>
   </div>
   <div class='ocr_carea' id='block_1_31' title="bbox 1847 1899 3424 1972">
    <p class='ocr_par' dir='ltr' id='par_1_31' title="bbox 1847 1899 3424 1972">
     <span class='ocr_line' id='line_1_31' title="bbox 1847 1899 3424 1972; baseline -0.003 -18"><span class='ocrx_word' id='word_1_246' title='bbox 1847 1902 2009 1972; x_wconf 87' lang='lat' dir='ltr'><strong><em>plane</em></strong></span> <span class='ocrx_word' id='word_1_247' title='bbox 2045 1899 2373 1955; x_wconf 83' lang='lat' dir='ltr'><strong><em>dcbacchati</em></strong></span> <span class='ocrx_word' id='word_1_248' title='bbox 2407 1907 2560 1963; x_wconf 88' lang='lat' dir='ltr'><strong><em>sunt,</em></strong></span> <span class='ocrx_word' id='word_1_249' title='bbox 2611 1913 2884 1969; x_wconf 76' lang='lat' dir='ltr'><strong><em>suprema:</em></strong></span> <span class='ocrx_word' id='word_1_250' title='bbox 2912 1913 3135 1969; x_wconf 87' lang='lat' dir='ltr'><strong><em>quoque</em></strong></span> <span class='ocrx_word' id='word_1_251' title='bbox 3178 1899 3424 1952; x_wconf 79' lang='lat' dir='ltr'><strong><em>omnium</em></strong></span> 
     </span>
    </p>
   </div>
   <div class='ocr_carea' id='block_1_32' title="bbox 1850 1989 3426 2062">
    <p class='ocr_par' dir='ltr' id='par_1_32' title="bbox 1850 1989 3426 2062">
     <span class='ocr_line' id='line_1_32' title="bbox 1850 1989 3426 2062; baseline -0.004 -14"><span class='ocrx_word' id='word_1_252' title='bbox 1850 1991 2481 2062; x_wconf 43' lang='lat' dir='ltr'><strong><em>substantia’potestati</em></strong></span> <span class='ocrx_word' id='word_1_253' title='bbox 2523 1992 2787 2060; x_wconf 89' lang='lat' dir='ltr'><strong><em>injuriam</em></strong></span> <span class='ocrx_word' id='word_1_254' title='bbox 2842 1989 3044 2045; x_wconf 84' lang='lat' dir='ltr'><strong><em>fecisse</em></strong></span> <span class='ocrx_word' id='word_1_255' title='bbox 3093 2001 3426 2061; x_wconf 76' lang='lat' dir='ltr'><strong><em>arguantur,</em></strong></span> 
     </span>
    </p>
   </div>
   <div class='ocr_carea' id='block_1_33' title="bbox 1849 2082 3429 2153">
    <p class='ocr_par' dir='ltr' id='par_1_33' title="bbox 1849 2082 3429 2153">
     <span class='ocr_line' id='line_1_33' title="bbox 1849 2082 3429 2153; baseline -0.002 -15"><span class='ocrx_word' id='word_1_256' title='bbox 1849 2099 1963 2139; x_wconf 89' lang='lat' dir='ltr'><strong><em>non</em></strong></span> <span class='ocrx_word' id='word_1_257' title='bbox 2019 2083 2182 2138; x_wconf 90' lang='lat' dir='ltr'><strong><em>modo</em></strong></span> <span class='ocrx_word' id='word_1_258' title='bbox 2231 2097 2299 2137; x_wconf 90' lang='lat' dir='ltr'><strong><em>ex</em></strong></span> <span class='ocrx_word' id='word_1_259' title='bbox 2356 2097 2423 2138; x_wconf 89' lang='lat' dir='ltr'><strong><em>eo</em></strong></span> <span class='ocrx_word' id='word_1_260' title='bbox 2477 2084 2626 2153; x_wconf 91' lang='lat' dir='ltr'><strong><em>quod</em></strong></span> <span class='ocrx_word' id='word_1_261' title='bbox 2675 2082 3091 2152; x_wconf 89' lang='lat' dir='ltr'><strong><em>suscipiendum</em></strong></span> <span class='ocrx_word' id='word_1_262' title='bbox 3151 2096 3258 2135; x_wconf 91' lang='lat' dir='ltr'><strong><em>non</em></strong></span> <span class='ocrx_word' id='word_1_263' title='bbox 3306 2096 3429 2136; x_wconf 83' lang='lat' dir='ltr'><strong><em>esse</em></strong></span> 
     </span>
    </p>
   </div>
   <div class='ocr_carea' id='block_1_34' title="bbox 181 2162 1759 2247">
    <p class='ocr_par' dir='ltr' id='par_1_34' title="bbox 181 2162 1750 2242">
     <span class='ocr_line' id='line_1_34' title="bbox 181 2162 1750 2242; baseline 0.007 -28"><span class='ocrx_word' id='word_1_264' title='bbox 181 2162 574 2233; x_wconf 82' lang='grc' dir='ltr'>παραδέχεσθαι</span> <span class='ocrx_word' id='word_1_265' title='bbox 612 2165 724 2218; x_wconf 82' lang='grc' dir='ltr'>δεῖν</span> <span class='ocrx_word' id='word_1_266' title='bbox 762 2165 929 2237; x_wconf 77' lang='grc' dir='ltr'>ᾤοντο</span> <span class='ocrx_word' id='word_1_267' title='bbox 967 2167 1058 2220; x_wconf 78' lang='grc' dir='ltr'>τὸν</span> <span class='ocrx_word' id='word_1_268' title='bbox 1087 2168 1344 2239; x_wconf 82' lang='grc' dir='ltr'>Χριστὸν,</span> <span class='ocrx_word' id='word_1_269' title='bbox 1378 2169 1555 2224; x_wconf 86' lang='grc' dir='ltr'>καίτοι</span> <span class='ocrx_word' id='word_1_270' title='bbox 1589 2189 1750 2242; x_wconf 83' lang='grc' dir='ltr'>τερα-</span> 
     </span>
    </p>
   </div>
   <div class='ocr_carea' id='block_1_35' title="bbox 1861 2162 3427 2247">
    <p class='ocr_par' dir='ltr' id='par_1_35' title="bbox 1861 2173 3427 2247">
     <span class='ocr_line' id='line_1_35' title="bbox 1861 2173 3427 2247; baseline -0.003 -15"><span class='ocrx_word' id='word_1_271' title='bbox 1861 2176 2130 2233; x_wconf 73' lang='lat' dir='ltr'><strong><em>Christum</em></strong></span> <span class='ocrx_word' id='word_1_272' title='bbox 2185 2184 2465 2247; x_wconf 89' lang='lat' dir='ltr'><strong><em>putarent,</em></strong></span> <span class='ocrx_word' id='word_1_273' title='bbox 2508 2176 2642 2231; x_wconf 89' lang='lat' dir='ltr'><strong><em>licet</em></strong></span> <span class='ocrx_word' id='word_1_274' title='bbox 2692 2177 2757 2229; x_wconf 90' lang='lat' dir='ltr'><strong><em>ad</em></strong></span> <span class='ocrx_word' id='word_1_275' title='bbox 2792 2174 2959 2230; x_wconf 78' lang='lat' dir='ltr'><strong><em>ﬁdem</em></strong></span> <span class='ocrx_word' id='word_1_276' title='bbox 3008 2174 3089 2231; x_wconf 90' lang='lat' dir='ltr'><strong><em>eis</em></strong></span> <span class='ocrx_word' id='word_1_277' title='bbox 3120 2173 3427 2229; x_wconf 78' lang='lat' dir='ltr'><strong><em>faciendam</em></strong></span> 
     </span>
    </p>
   </div>
   <div class='ocr_carea' id='block_1_36' title="bbox 179 2255 1746 2330">
    <p class='ocr_par' dir='ltr' id='par_1_36' title="bbox 179 2255 1746 2330">
     <span class='ocr_line' id='line_1_36' title="bbox 179 2255 1746 2330; baseline 0.008 -25"><span class='ocrx_word' id='word_1_278' title='bbox 179 2255 507 2325; x_wconf 86' lang='grc' dir='ltr'>τουργοῦντα</span> <span class='ocrx_word' id='word_1_279' title='bbox 540 2255 723 2321; x_wconf 80' lang='grc' dir='ltr'>ξένως,</span> <span class='ocrx_word' id='word_1_280' title='bbox 767 2259 848 2321; x_wconf 86' lang='grc' dir='ltr'><strong><em>είς</em></strong></span> <span class='ocrx_word' id='word_1_281' title='bbox 878 2257 1250 2330; x_wconf 82' lang='grc' dir='ltr'>πληροφορίαν</span> <span class='ocrx_word' id='word_1_282' title='bbox 1272 2260 1484 2325; x_wconf 83' lang='grc' dir='ltr'>αὐτῶν,</span> <span class='ocrx_word' id='word_1_283' title='bbox 1521 2262 1636 2317; x_wconf 82' lang='grc' dir='ltr'>ἀλλ’</span> <span class='ocrx_word' id='word_1_284' title='bbox 1666 2256 1746 2317; x_wconf 72' lang='grc' dir='ltr'><strong><em>ὧν</em></strong></span> 
     </span>
    </p>
   </div>
   <div class='ocr_carea' id='block_1_37' title="bbox 178 2343 1749 2421">
    <p class='ocr_par' dir='ltr' id='par_1_37' title="bbox 178 2343 1749 2421">
     <span class='ocr_line' id='line_1_37' title="bbox 178 2343 1749 2421; baseline 0.006 -24"><span class='ocrx_word' id='word_1_285' title='bbox 178 2343 276 2416; x_wconf 65' lang='grc' dir='ltr'>ἤδη</span> <span class='ocrx_word' id='word_1_286' title='bbox 301 2345 590 2416; x_wconf 78' lang='grc' dir='ltr'>δεδράκασι</span> <span class='ocrx_word' id='word_1_287' title='bbox 616 2363 630 2375; x_wconf 78' lang='grc'><em>’</em></span> <span class='ocrx_word' id='word_1_288' title='bbox 661 2347 1089 2419; x_wconf 77' lang='grc' dir='ltr'>δεδυσσεὸήκασι</span> <span class='ocrx_word' id='word_1_289' title='bbox 1134 2348 1243 2421; x_wconf 85' lang='grc' dir='ltr'>γὰρ</span> <span class='ocrx_word' id='word_1_290' title='bbox 1276 2351 1355 2414; x_wconf 80' lang='grc' dir='ltr'><strong><em>εἰς</em></strong></span> <span class='ocrx_word' id='word_1_291' title='bbox 1384 2351 1565 2416; x_wconf 82' lang='grc' dir='ltr'>αὑτὸν,</span> <span class='ocrx_word' id='word_1_292' title='bbox 1591 2351 1628 2407; x_wconf 77' lang='grc' dir='ltr'><strong><em>ἀ</em></strong></span> <span class='ocrx_word' id='word_1_293' title='bbox 1654 2354 1749 2408; x_wconf 65' lang='grc' dir='ltr'><strong><em>καὶ⁵</em></strong></span> 
     </span>
    </p>
   </div>
   <div class='ocr_carea' id='block_1_38' title="bbox 184 2436 1752 2513">
    <p class='ocr_par' dir='ltr' id='par_1_38' title="bbox 184 2436 1752 2513">
     <span class='ocr_line' id='line_1_38' title="bbox 184 2436 1752 2513; baseline 0.005 -25"><span class='ocrx_word' id='word_1_294' title='bbox 184 2436 340 2505; x_wconf 81' lang='grc' dir='ltr'>μόνον</span> <span class='ocrx_word' id='word_1_295' title='bbox 365 2438 516 2490; x_wconf 77' lang='grc' dir='ltr'>ἐστὶν</span> <span class='ocrx_word' id='word_1_296' title='bbox 544 2439 790 2509; x_wconf 81' lang='grc' dir='ltr'>ἐννοῆσαι</span> <span class='ocrx_word' id='word_1_297' title='bbox 821 2438 1069 2509; x_wconf 86' lang='grc' dir='ltr'>φρικτόν.</span> <span class='ocrx_word' id='word_1_298' title='bbox 1112 2439 1335 2504; x_wconf 75' lang='grc' dir='ltr'>Καίτοι,</span> <span class='ocrx_word' id='word_1_299' title='bbox 1374 2440 1509 2511; x_wconf 83' lang='grc' dir='ltr'>φαίη</span> <span class='ocrx_word' id='word_1_300' title='bbox 1545 2442 1654 2513; x_wconf 83' lang='grc' dir='ltr'>γὰρ</span> <span class='ocrx_word' id='word_1_301' title='bbox 1684 2444 1752 2498; x_wconf 80' lang='grc' dir='ltr'>ἄν</span> 
     </span>
    </p>
   </div>
   <div class='ocr_carea' id='block_1_39' title="bbox 182 2523 1752 2604">
    <p class='ocr_par' dir='ltr' id='par_1_39' title="bbox 182 2523 1752 2604">
     <span class='ocr_line' id='line_1_39' title="bbox 182 2523 1752 2604; baseline 0.006 -26"><span class='ocrx_word' id='word_1_302' title='bbox 182 2544 263 2591; x_wconf 87' lang='grc' dir='ltr'><strong><em>τις</em></strong></span> <span class='ocrx_word' id='word_1_303' title='bbox 286 2530 466 2598; x_wconf 83' lang='grc' dir='ltr'>τυχὸν,</span> <span class='ocrx_word' id='word_1_304' title='bbox 511 2523 556 2583; x_wconf 81' lang='grc' dir='ltr'><strong>ὦ</strong></span> <span class='ocrx_word' id='word_1_305' title='bbox 586 2530 890 2600; x_wconf 85' lang='grc' dir='ltr'>παράφρων</span> <span class='ocrx_word' id='word_1_306' title='bbox 933 2529 1174 2596; x_wconf 83' lang='grc' dir='ltr'>Ἰουδαῖε,</span> <span class='ocrx_word' id='word_1_307' title='bbox 1222 2529 1517 2601; x_wconf 77' lang='grc' dir='ltr'>θαυμάτων</span> <span class='ocrx_word' id='word_1_308' title='bbox 1544 2550 1626 2587; x_wconf 89' lang='grc' dir='ltr'><strong><em>σοι</em></strong></span> <span class='ocrx_word' id='word_1_309' title='bbox 1654 2534 1752 2604; x_wconf 78' lang='grc' dir='ltr'>γέ-</span> 
     </span>
    </p>
   </div>
   <div class='ocr_carea' id='block_1_40' title="bbox 185 2621 1753 2695">
    <p class='ocr_par' dir='ltr' id='par_1_40' title="bbox 185 2621 1753 2695">
     <span class='ocr_line' id='line_1_40' title="bbox 185 2621 1753 2695; baseline 0.004 -23"><span class='ocrx_word' id='word_1_310' title='bbox 185 2637 301 2688; x_wconf 87' lang='grc' dir='ltr'>γονε</span> <span class='ocrx_word' id='word_1_311' title='bbox 345 2621 679 2692; x_wconf 85' lang='grc' dir='ltr'>δημιουργὸς</span> <span class='ocrx_word' id='word_1_312' title='bbox 724 2624 753 2676; x_wconf 89' lang='grc' dir='ltr'><strong><em>ό</em></strong></span> <span class='ocrx_word' id='word_1_313' title='bbox 800 2623 1072 2695; x_wconf 77' lang='grc' dir='ltr'>Χριστδς,</span> <span class='ocrx_word' id='word_1_314' title='bbox 1123 2623 1160 2678; x_wconf 82' lang='grc' dir='ltr'><strong>ἆ</strong></span> <span class='ocrx_word' id='word_1_315' title='bbox 1212 2624 1308 2677; x_wconf 71' lang='grc' dir='ltr'>καὶ</span> <span class='ocrx_word' id='word_1_316' title='bbox 1357 2625 1456 2695; x_wconf 82' lang='grc' dir='ltr'>τὴν</span> <span class='ocrx_word' id='word_1_317' title='bbox 1496 2626 1753 2691; x_wconf 79' lang='grc' dir='ltr'>Μωσέως</span> 
     </span>
    </p>
   </div>
   <div class='ocr_carea' id='block_1_41' title="bbox 187 2711 1755 2787">
    <p class='ocr_par' dir='ltr' id='par_1_41' title="bbox 187 2711 1755 2787">
     <span class='ocr_line' id='line_1_41' title="bbox 187 2711 1755 2787; baseline 0.004 -23"><span class='ocrx_word' id='word_1_318' title='bbox 187 2711 463 2783; x_wconf 79' lang='grc' dir='ltr'>ὑπεραίρει</span> <span class='ocrx_word' id='word_1_319' title='bbox 509 2711 664 2777; x_wconf 81' lang='grc' dir='ltr'>δόξαν</span> <span class='ocrx_word' id='word_1_320' title='bbox 688 2713 792 2767; x_wconf 76' lang='grc' dir='ltr'>-καὶ</span> <span class='ocrx_word' id='word_1_321' title='bbox 823 2713 1024 2778; x_wconf 80' lang='grc' dir='ltr'>παντὸς</span> <span class='ocrx_word' id='word_1_322' title='bbox 1056 2714 1211 2784; x_wconf 84' lang='grc' dir='ltr'>ἁγίου</span> <span class='ocrx_word' id='word_1_323' title='bbox 1255 2713 1633 2787; x_wconf 82' lang='grc' dir='ltr'>λαμπρότητα.</span> <span class='ocrx_word' id='word_1_324' title='bbox 1677 2717 1755 2771; x_wconf 76' lang='grc' dir='ltr'><strong><em>Τὸ</em></strong></span> 
     </span>
    </p>
   </div>
   <div class='ocr_carea' id='block_1_42' title="bbox 187 2804 1755 2878">
    <p class='ocr_par' dir='ltr' id='par_1_42' title="bbox 187 2804 1755 2878">
     <span class='ocr_line' id='line_1_42' title="bbox 187 2804 1755 2878; baseline 0.004 -20"><span class='ocrx_word' id='word_1_325' title='bbox 187 2804 287 2875; x_wconf 83' lang='grc' dir='ltr'><strong><em>γάρ</em></strong></span> <span class='ocrx_word' id='word_1_326' title='bbox 318 2804 484 2872; x_wconf 84' lang='grc' dir='ltr'>φάναι</span> <span class='ocrx_word' id='word_1_327' title='bbox 532 2805 624 2858; x_wconf 84' lang='grc' dir='ltr'>τὸν</span> <span class='ocrx_word' id='word_1_328' title='bbox 652 2805 876 2877; x_wconf 85' lang='grc' dir='ltr'>Κύριον,</span> <span class='ocrx_word' id='word_1_329' title='bbox 932 2824 950 2857; x_wconf 81' lang='grc' dir='ltr'><strong><em>ι</em></strong></span> <span class='ocrx_word' id='word_1_330' title='bbox 975 2806 1037 2860; x_wconf 74' lang='lat' dir='ltr'><strong><em>Et</em></strong></span> <span class='ocrx_word' id='word_1_331' title='bbox 1069 2805 1139 2860; x_wconf 85' lang='grc' dir='ltr'>τὰ</span> <span class='ocrx_word' id='word_1_332' title='bbox 1171 2805 1305 2878; x_wconf 76' lang='grc' dir='ltr'>ἔργα</span> <span class='ocrx_word' id='word_1_333' title='bbox 1335 2807 1410 2878; x_wconf 81' lang='grc' dir='ltr'>μὴ</span> <span class='ocrx_word' id='word_1_334' title='bbox 1436 2808 1669 2878; x_wconf 82' lang='grc' dir='ltr'>ἐποίησα</span> <span class='ocrx_word' id='word_1_335' title='bbox 1695 2810 1755 2864; x_wconf 86' lang='grc' dir='ltr'><strong><em>ἐν</em></strong></span> 
     </span>
    </p>
   </div>
   <div class='ocr_carea' id='block_1_43' title="bbox 188 2894 1756 2970">
    <p class='ocr_par' dir='ltr' id='par_1_43' title="bbox 188 2894 1756 2970">
     <span class='ocr_line' id='line_1_43' title="bbox 188 2894 1756 2970; baseline 0.004 -24"><span class='ocrx_word' id='word_1_336' title='bbox 188 2894 377 2959; x_wconf 76' lang='grc' dir='ltr'>αὐτοῖς,</span> <span class='ocrx_word' id='word_1_337' title='bbox 408 2895 444 2950; x_wconf 79' lang='grc' dir='ltr'><strong><em>ά</em></strong></span> <span class='ocrx_word' id='word_1_338' title='bbox 473 2896 663 2967; x_wconf 72' lang='grc' dir='ltr'>μηδεὶς</span> <span class='ocrx_word' id='word_1_339' title='bbox 691 2896 850 2961; x_wconf 82' lang='grc' dir='ltr'>ἄλλος</span> <span class='ocrx_word' id='word_1_340' title='bbox 878 2898 1125 2969; x_wconf 79' lang='grc' dir='ltr'>ἐποίησε,</span> <span class='ocrx_word' id='word_1_341' title='bbox 1156 2916 1175 2950; x_wconf 75' lang='grc' dir='ltr'><strong><em>ι</em></strong></span> <span class='ocrx_word' id='word_1_342' title='bbox 1212 2897 1470 2969; x_wconf 84' lang='grc' dir='ltr'>τοιαύτην</span> <span class='ocrx_word' id='word_1_343' title='bbox 1501 2899 1631 2970; x_wconf 77' lang='grc' dir='ltr'>ἡμῖν</span> <span class='ocrx_word' id='word_1_344' title='bbox 1656 2898 1756 2970; x_wconf 76' lang='grc' dir='ltr'><strong><em>την</em></strong></span> 
     </span>
    </p>
   </div>
   <div class='ocr_carea' id='block_1_44' title="bbox 185 2984 1757 3062">
    <p class='ocr_par' dir='ltr' id='par_1_44' title="bbox 185 2984 1757 3062">
     <span class='ocr_line' id='line_1_44' title="bbox 185 2984 1757 3062; baseline 0.004 -24"><span class='ocrx_word' id='word_1_345' title='bbox 185 2986 413 3041; x_wconf 81' lang='grc' dir='ltr'>διάνοιαν</span> <span class='ocrx_word' id='word_1_346' title='bbox 440 2987 707 3060; x_wconf 81' lang='grc' dir='ltr'>εἰσφέρει.</span> <span class='ocrx_word' id='word_1_347' title='bbox 740 2984 875 3042; x_wconf 83' lang='grc' dir='ltr'>Εἶτα</span> <span class='ocrx_word' id='word_1_348' title='bbox 897 2989 990 3042; x_wconf 72' lang='grc' dir='ltr'><strong><em>τδν</em></strong></span> <span class='ocrx_word' id='word_1_349' title='bbox 1014 2989 1122 3044; x_wconf 87' lang='grc' dir='ltr'><strong><em>τῶν</em></strong></span> <span class='ocrx_word' id='word_1_350' title='bbox 1146 2989 1444 3045; x_wconf 76' lang='grc' dir='ltr'>ἐλαττόνων</span> <span class='ocrx_word' id='word_1_351' title='bbox 1477 2990 1757 3062; x_wconf 81' lang='grc' dir='ltr'>ὑπηρέτην</span> 
     </span>
    </p>
   </div>
   <div class='ocr_carea' id='block_1_45' title="bbox 188 3077 1758 3154">
    <p class='ocr_par' dir='ltr' id='par_1_45' title="bbox 188 3077 1758 3154">
     <span class='ocr_line' id='line_1_45' title="bbox 188 3077 1758 3154; baseline 0.003 -24"><span class='ocrx_word' id='word_1_352' title='bbox 188 3078 277 3130; x_wconf 72' lang='grc' dir='ltr'>καὶ</span> <span class='ocrx_word' id='word_1_353' title='bbox 300 3077 568 3143; x_wconf 84' lang='grc' dir='ltr'>διάκονον,</span> <span class='ocrx_word' id='word_1_354' title='bbox 608 3080 752 3150; x_wconf 78' lang='grc' dir='ltr'>φημὶ</span> <span class='ocrx_word' id='word_1_355' title='bbox 773 3079 842 3133; x_wconf 78' lang='grc' dir='ltr'><strong><em>-δὲ</em></strong></span> <span class='ocrx_word' id='word_1_356' title='bbox 872 3081 1101 3146; x_wconf 89' lang='grc' dir='ltr'>Μωσέα,</span> <span class='ocrx_word' id='word_1_357' title='bbox 1150 3085 1273 3147; x_wconf 87' lang='grc' dir='ltr'>ταῖς</span> <span class='ocrx_word' id='word_1_358' title='bbox 1304 3081 1449 3136; x_wconf 80' lang='grc' dir='ltr'>οὕτω</span> <span class='ocrx_word' id='word_1_359' title='bbox 1480 3082 1758 3154; x_wconf 74' lang='grc' dir='ltr'>λαμπραῖς</span> 
     </span>
    </p>
   </div>
   <div class='ocr_carea' id='block_1_46' title="bbox 190 3171 1757 3247">
    <p class='ocr_par' dir='ltr' id='par_1_46' title="bbox 190 3171 1757 3247">
     <span class='ocr_line' id='line_1_46' title="bbox 190 3171 1757 3247; baseline 0.003 -24"><span class='ocrx_word' id='word_1_360' title='bbox 190 3171 544 3240; x_wconf 67' lang='grc' dir='ltr'><strong><em>⁴διειταστέφεις</em></strong></span> <span class='ocrx_word' id='word_1_361' title='bbox 592 3174 796 3243; x_wconf 86' lang='grc' dir='ltr'>τιμαῖς,</span> <span class='ocrx_word' id='word_1_362' title='bbox 845 3172 938 3227; x_wconf 75' lang='grc' dir='ltr'>τὸν</span> <span class='ocrx_word' id='word_1_363' title='bbox 981 3172 1038 3225; x_wconf 79' lang='grc' dir='ltr'>δὲ</span> <span class='ocrx_word' id='word_1_364' title='bbox 1082 3173 1429 3245; x_wconf 86' lang='grc' dir='ltr'>ἁσυγκρίτως</span> <span class='ocrx_word' id='word_1_365' title='bbox 1472 3174 1757 3247; x_wconf 76' lang='grc' dir='ltr'>ὑπερφερῆ</span> 
     </span>
    </p>
   </div>
   <div class='ocr_carea' id='block_1_47' title="bbox 190 3263 1760 3338">
    <p class='ocr_par' dir='ltr' id='par_1_47' title="bbox 190 3263 1760 3338">
     <span class='ocr_line' id='line_1_47' title="bbox 190 3263 1760 3338; baseline 0.004 -23"><span class='ocrx_word' id='word_1_366' title='bbox 190 3263 440 3318; x_wconf 71' lang='grc' dir='ltr'>καὶςπολὺ</span> <span class='ocrx_word' id='word_1_367' title='bbox 486 3263 601 3318; x_wconf 89' lang='grc' dir='ltr'><strong><em>τῶν</em></strong></span> <span class='ocrx_word' id='word_1_368' title='bbox 642 3264 946 3335; x_wconf 79' lang='grc' dir='ltr'>ἀμεινόνων</span> <span class='ocrx_word' id='word_1_369' title='bbox 996 3265 1257 3338; x_wconf 81' lang='grc' dir='ltr'>ἐργάτην,</span> <span class='ocrx_word' id='word_1_370' title='bbox 1302 3267 1575 3332; x_wconf 74' lang='grc' dir='ltr'>ἀσυνέτως</span> <span class='ocrx_word' id='word_1_371' title='bbox 1617 3269 1760 3323; x_wconf 75' lang='grc' dir='ltr'>οὕτω</span> 
     </span>
    </p>
   </div>
   <div class='ocr_carea' id='block_1_48' title="bbox 185 3354 1760 3429">
    <p class='ocr_par' dir='ltr' id='par_1_48' title="bbox 185 3354 1760 3429">
     <span class='ocr_line' id='line_1_48' title="bbox 185 3354 1760 3429; baseline 0.004 -22"><span class='ocrx_word' id='word_1_372' title='bbox 185 3354 728 3426; x_wconf 72' lang='grc' dir='ltr'>παρωθούμενοςούκ</span> <span class='ocrx_word' id='word_1_373' title='bbox 766 3356 1043 3429; x_wconf 74' lang='grc' dir='ltr'>ἐρυθριᾷς,</span> <span class='ocrx_word' id='word_1_374' title='bbox 1080 3357 1258 3411; x_wconf 68' lang='grc' dir='ltr'>καίτοι</span> <span class='ocrx_word' id='word_1_375' title='bbox 1277 3360 1390 3422; x_wconf 88' lang='grc' dir='ltr'>τοῖς</span> <span class='ocrx_word' id='word_1_376' title='bbox 1413 3358 1760 3424; x_wconf 80' lang='grc' dir='ltr'>διά-Μωσέως</span> 
     </span>
    </p>
   </div>
   <div class='ocr_carea' id='block_1_49' title="bbox 191 3447 1762 3521">
    <p class='ocr_par' dir='ltr' id='par_1_49' title="bbox 191 3447 1762 3521">
     <span class='ocr_line' id='line_1_49' title="bbox 191 3447 1762 3521; baseline 0.003 -21"><span class='ocrx_word' id='word_1_377' title='bbox 191 3447 478 3518; x_wconf 77' lang='grc' dir='ltr'>χρησμῳδή</span> <span class='ocrx_word' id='word_1_378' title='bbox 487 3463 624 3519; x_wconf 83' lang='grc' dir='ltr'>μασι</span> <span class='ocrx_word' id='word_1_379' title='bbox 646 3448 720 3501; x_wconf 78' lang='grc' dir='ltr'>τὸ</span> <span class='ocrx_word' id='word_1_380' title='bbox 748 3447 918 3502; x_wconf 81' lang='grc' dir='ltr'>πάλαι</span> <span class='ocrx_word' id='word_1_381' title='bbox 941 3448 1329 3521; x_wconf 65' lang='grc' dir='ltr'>διηγγελμένον</span> <span class='ocrx_word' id='word_1_382' title='bbox 1360 3450 1634 3519; x_wconf 76' lang='grc' dir='ltr'>ἐπάγοντα</span> <span class='ocrx_word' id='word_1_383' title='bbox 1664 3451 1762 3504; x_wconf 85' lang='grc' dir='ltr'>πέ-</span> 
     </span>
    </p>
   </div>
   <div class='ocr_carea' id='block_1_50' title="bbox 1851 2266 3432 2340">
    <p class='ocr_par' dir='ltr' id='par_1_50' title="bbox 1851 2266 3432 2340">
     <span class='ocr_line' id='line_1_50' title="bbox 1851 2266 3432 2340; baseline -0.003 -16"><span class='ocrx_word' id='word_1_384' title='bbox 1851 2269 2123 2340; x_wconf 86' lang='lat' dir='ltr'><strong><em>stupenda</em></strong></span> <span class='ocrx_word' id='word_1_385' title='bbox 2156 2267 2425 2322; x_wconf 87' lang='lat' dir='ltr'><strong><em>miracula</em></strong></span> <span class='ocrx_word' id='word_1_386' title='bbox 2453 2267 2728 2335; x_wconf 87' lang='lat' dir='ltr'><strong><em>edentem,</em></strong></span> <span class='ocrx_word' id='word_1_387' title='bbox 2766 2267 2862 2323; x_wconf 88' lang='lat' dir='ltr'><strong><em>sed</em></strong></span> <span class='ocrx_word' id='word_1_388' title='bbox 2889 2282 2954 2321; x_wconf 85' lang='lat' dir='ltr'><strong><em>ex</em></strong></span> <span class='ocrx_word' id='word_1_389' title='bbox 2987 2266 3055 2321; x_wconf 91' lang='lat' dir='ltr'><strong><em>iis</em></strong></span> <span class='ocrx_word' id='word_1_390' title='bbox 3087 2281 3208 2338; x_wconf 72' lang='lat' dir='ltr'><strong><em>quae</em></strong></span> <span class='ocrx_word' id='word_1_391' title='bbox 3237 2282 3432 2338; x_wconf 81' lang='lat' dir='ltr'><strong><em>perpe-</em></strong></span> 
     </span>
    </p>
   </div>
   <div class='ocr_carea' id='block_1_51' title="bbox 1852 2359 3433 2429">
    <p class='ocr_par' dir='ltr' id='par_1_51' title="bbox 1852 2359 3433 2429">
     <span class='ocr_line' id='line_1_51' title="bbox 1852 2359 3433 2429; baseline -0.003 -14"><span class='ocrx_word' id='word_1_392' title='bbox 1852 2368 2112 2415; x_wconf 86' lang='lat' dir='ltr'><strong><em>trarunt:</em></strong></span> <span class='ocrx_word' id='word_1_393' title='bbox 2155 2374 2219 2415; x_wconf 91' lang='lat' dir='ltr'><strong><em>ea</em></strong></span> <span class='ocrx_word' id='word_1_394' title='bbox 2264 2360 2467 2429; x_wconf 82' lang='lat' dir='ltr'><strong><em>quippe</em></strong></span> <span class='ocrx_word' id='word_1_395' title='bbox 2498 2360 2553 2413; x_wconf 93' lang='lat' dir='ltr'><strong><em>in</em></strong></span> <span class='ocrx_word' id='word_1_396' title='bbox 2611 2359 2769 2414; x_wconf 90' lang='lat' dir='ltr'><strong><em>illum</em></strong></span> <span class='ocrx_word' id='word_1_397' title='bbox 2831 2366 3147 2429; x_wconf 89' lang='lat' dir='ltr'><strong><em>patrarunt,</em></strong></span> <span class='ocrx_word' id='word_1_398' title='bbox 3197 2375 3317 2429; x_wconf 75' lang='lat' dir='ltr'><strong><em>qua:</em></strong></span> <span class='ocrx_word' id='word_1_399' title='bbox 3348 2359 3433 2412; x_wconf 77' lang='lat' dir='ltr'><strong><em>vel</em></strong></span> 
     </span>
    </p>
   </div>
   <div class='ocr_carea' id='block_1_52' title="bbox 1852 2445 3434 2519">
    <p class='ocr_par' dir='ltr' id='par_1_52' title="bbox 1852 2445 3434 2519">
     <span class='ocr_line' id='line_1_52' title="bbox 1852 2445 3434 2519; baseline -0.002 -16"><span class='ocrx_word' id='word_1_400' title='bbox 1852 2447 2113 2519; x_wconf 81' lang='lat' dir='ltr'><strong><em>cogitanti</em></strong></span> <span class='ocrx_word' id='word_1_401' title='bbox 2146 2447 2434 2502; x_wconf 85' lang='lat' dir='ltr'><strong><em>horrorem</em></strong></span> <span class='ocrx_word' id='word_1_402' title='bbox 2484 2448 2782 2501; x_wconf 88' lang='lat' dir='ltr'><strong><em>incutiant.</em></strong></span> <span class='ocrx_word' id='word_1_403' title='bbox 2813 2447 3006 2516; x_wconf 86' lang='lat' dir='ltr'><strong><em>Atqui,</em></strong></span> <span class='ocrx_word' id='word_1_404' title='bbox 3054 2461 3087 2502; x_wconf 95' lang='lat' dir='ltr'><strong><em>o</em></strong></span> <span class='ocrx_word' id='word_1_405' title='bbox 3113 2462 3306 2501; x_wconf 88' lang='lat' dir='ltr'><strong><em>vecors</em></strong></span> <span class='ocrx_word' id='word_1_406' title='bbox 3335 2445 3434 2501; x_wconf 80' lang='lat' dir='ltr'><strong><em>Ju-</em></strong></span> 
     </span>
    </p>
   </div>
   <div class='ocr_carea' id='block_1_53' title="bbox 1852 2538 3431 2609">
    <p class='ocr_par' dir='ltr' id='par_1_53' title="bbox 1852 2538 3431 2609">
     <span class='ocr_line' id='line_1_53' title="bbox 1852 2538 3431 2609; baseline -0.003 -14"><span class='ocrx_word' id='word_1_407' title='bbox 1852 2541 1988 2605; x_wconf 76' lang='lat' dir='ltr'><strong><em>daee,</em></strong></span> <span class='ocrx_word' id='word_1_408' title='bbox 2013 2539 2159 2595; x_wconf 84' lang='lat' dir='ltr'><strong><em>dicet</em></strong></span> <span class='ocrx_word' id='word_1_409' title='bbox 2202 2539 2428 2609; x_wconf 86' lang='lat' dir='ltr'><strong><em>aliquis,</em></strong></span> <span class='ocrx_word' id='word_1_410' title='bbox 2480 2538 2746 2593; x_wconf 89' lang='lat' dir='ltr'><strong><em>miracula</em></strong></span> <span class='ocrx_word' id='word_1_411' title='bbox 2797 2538 2895 2591; x_wconf 85' lang='lat' dir='ltr'><strong><em>tibi</em></strong></span> <span class='ocrx_word' id='word_1_412' title='bbox 2928 2538 3187 2594; x_wconf 83' lang='lat' dir='ltr'><strong><em>Christus</em></strong></span> <span class='ocrx_word' id='word_1_413' title='bbox 3229 2538 3431 2603; x_wconf 85' lang='lat' dir='ltr'><strong><em>edidit,</em></strong></span> 
     </span>
    </p>
   </div>
   <div class='ocr_carea' id='block_1_54' title="bbox 1854 2628 3432 2702">
    <p class='ocr_par' dir='ltr' id='par_1_54' title="bbox 1854 2628 3432 2702">
     <span class='ocr_line' id='line_1_54' title="bbox 1854 2628 3432 2702; baseline -0.003 -16"><span class='ocrx_word' id='word_1_414' title='bbox 1854 2646 1976 2702; x_wconf 70' lang='lat' dir='ltr'><strong><em>quas</em></strong></span> <span class='ocrx_word' id='word_1_415' title='bbox 2004 2645 2127 2685; x_wconf 92' lang='lat' dir='ltr'><strong><em>cum</em></strong></span> <span class='ocrx_word' id='word_1_416' title='bbox 2165 2629 2334 2685; x_wconf 80' lang='lat' dir='ltr'><strong><em>Mosis</em></strong></span> <span class='ocrx_word' id='word_1_417' title='bbox 2365 2628 2623 2699; x_wconf 81' lang='lat' dir='ltr'><strong><em>gloriam,</em></strong></span> <span class='ocrx_word' id='word_1_418' title='bbox 2654 2637 2769 2682; x_wconf 92' lang='lat' dir='ltr'><strong><em>tum</em></strong></span> <span class='ocrx_word' id='word_1_419' title='bbox 2811 2628 3060 2681; x_wconf 91' lang='lat' dir='ltr'><strong><em>omnium</em></strong></span> <span class='ocrx_word' id='word_1_420' title='bbox 3108 2636 3432 2683; x_wconf 79' lang='lat' dir='ltr'><strong><em>&#39;sanctorum</em></strong></span> 
     </span>
    </p>
   </div>
   <div class='ocr_carea' id='block_1_55' title="bbox 1856 2715 3430 2793">
    <p class='ocr_par' dir='ltr' id='par_1_55' title="bbox 1856 2715 3430 2793">
     <span class='ocr_line' id='line_1_55' title="bbox 1856 2715 3430 2793; baseline -0.004 -16"><span class='ocrx_word' id='word_1_421' title='bbox 1856 2719 2205 2793; x_wconf 86' lang='lat' dir='ltr'><strong><em>splendorem</em></strong></span> <span class='ocrx_word' id='word_1_422' title='bbox 2243 2726 2529 2789; x_wconf 84' lang='lat' dir='ltr'><strong><em>superant.</em></strong></span> <span class='ocrx_word' id='word_1_423' title='bbox 2581 2716 2741 2783; x_wconf 88' lang='lat' dir='ltr'><strong><em>Quod</em></strong></span> <span class='ocrx_word' id='word_1_424' title='bbox 2785 2717 2931 2771; x_wconf 90' lang='lat' dir='ltr'><strong><em>enim</em></strong></span> <span class='ocrx_word' id='word_1_425' title='bbox 2986 2715 3252 2771; x_wconf 89' lang='lat' dir='ltr'><strong><em>Dominus</em></strong></span> <span class='ocrx_word' id='word_1_426' title='bbox 3299 2718 3374 2770; x_wconf 84' lang='lat' dir='ltr'><strong><em>ait</em></strong></span> <span class='ocrx_word' id='word_1_427' title='bbox 3417 2735 3430 2771; x_wconf 94' lang='lat'>:</span> 
     </span>
    </p>
   </div>
   <div class='ocr_carea' id='block_1_56' title="bbox 1860 2807 3437 2883">
    <p class='ocr_par' dir='ltr' id='par_1_56' title="bbox 1860 2807 3437 2883">
     <span class='ocr_line' id='line_1_56' title="bbox 1860 2807 3437 2883; baseline -0.001 -19"><span class='ocrx_word' id='word_1_428' title='bbox 1860 2830 1880 2864; x_wconf 78' lang='grc' dir='ltr'><strong><em>ι</em></strong></span> <span class='ocrx_word' id='word_1_429' title='bbox 1919 2811 1977 2867; x_wconf 88' lang='lat' dir='ltr'><strong><em>Si</em></strong></span> <span class='ocrx_word' id='word_1_430' title='bbox 2014 2825 2180 2883; x_wconf 83' lang='lat' dir='ltr'><strong><em>opera</em></strong></span> <span class='ocrx_word' id='word_1_431' title='bbox 2214 2825 2324 2866; x_wconf 91' lang='lat' dir='ltr'><strong><em>non</em></strong></span> <span class='ocrx_word' id='word_1_432' title='bbox 2376 2808 2643 2865; x_wconf 80' lang='lat' dir='ltr'><strong><em>&#39;fecissem</em></strong></span> <span class='ocrx_word' id='word_1_433' title='bbox 2676 2808 2733 2862; x_wconf 86' lang='lat' dir='ltr'><strong><em>in</em></strong></span> <span class='ocrx_word' id='word_1_434' title='bbox 2774 2807 2876 2872; x_wconf 86' lang='lat' dir='ltr'><strong><em>eis,</em></strong></span> <span class='ocrx_word' id='word_1_435' title='bbox 2910 2821 3033 2878; x_wconf 67' lang='lat' dir='ltr'><strong><em>qua:</em></strong></span> <span class='ocrx_word' id='word_1_436' title='bbox 3082 2822 3243 2862; x_wconf 91' lang='lat' dir='ltr'><strong><em>nemo</em></strong></span> <span class='ocrx_word' id='word_1_437' title='bbox 3294 2808 3437 2864; x_wconf 87' lang='lat' dir='ltr'><strong><em>alius</em></strong></span> 
     </span>
    </p>
   </div>
   <div class='ocr_carea' id='block_1_57' title="bbox 1857 2898 3435 2970">
    <p class='ocr_par' dir='ltr' id='par_1_57' title="bbox 1857 2898 3435 2970">
     <span class='ocr_line' id='line_1_57' title="bbox 1857 2898 3435 2970; baseline -0.004 -10"><span class='ocrx_word' id='word_1_438' title='bbox 1857 2904 2031 2970; x_wconf 77' lang='lat' dir='ltr'><strong><em>fecit,</em></strong></span> <span class='ocrx_word' id='word_1_439' title='bbox 2073 2923 2091 2956; x_wconf 75' lang='grc' dir='ltr'><strong><em>ι</em></strong></span> <span class='ocrx_word' id='word_1_440' title='bbox 2145 2902 2464 2959; x_wconf 88' lang='lat' dir='ltr'><strong><em>istiusmodi</em></strong></span> <span class='ocrx_word' id='word_1_441' title='bbox 2508 2900 2673 2956; x_wconf 90' lang='lat' dir='ltr'><strong><em>nobis</em></strong></span> <span class='ocrx_word' id='word_1_442' title='bbox 2732 2915 2961 2956; x_wconf 83' lang='lat' dir='ltr'><strong><em>sensum</em></strong></span> <span class='ocrx_word' id='word_1_443' title='bbox 3035 2898 3227 2953; x_wconf 77' lang='lat' dir='ltr'><strong><em>infert.</em></strong></span> <span class='ocrx_word' id='word_1_444' title='bbox 3277 2898 3435 2954; x_wconf 89' lang='lat' dir='ltr'><strong><em>Tunc</em></strong></span> 
     </span>
    </p>
   </div>
   <div class='ocr_carea' id='block_1_58' title="bbox 1857 2991 3444 3067">
    <p class='ocr_par' dir='ltr' id='par_1_58' title="bbox 1857 2991 3444 3067">
     <span class='ocr_line' id='line_1_58' title="bbox 1857 2991 3444 3067; baseline -0.003 -16"><span class='ocrx_word' id='word_1_445' title='bbox 1857 3011 1987 3067; x_wconf 77' lang='lat' dir='ltr'><strong><em>ergo</em></strong></span> <span class='ocrx_word' id='word_1_446' title='bbox 2024 2994 2413 3051; x_wconf 21' lang='lat' dir='ltr'><strong><em>Mosemrillum</em></strong></span> <span class='ocrx_word' id='word_1_447' title='bbox 2446 2992 2774 3048; x_wconf 82' lang='lat' dir='ltr'><strong><em>inferiorum</em></strong></span> <span class='ocrx_word' id='word_1_448' title='bbox 2815 2991 3141 3047; x_wconf 82' lang='lat' dir='ltr'><strong><em>ministrum</em></strong></span> <span class='ocrx_word' id='word_1_449' title='bbox 3175 3000 3285 3045; x_wconf 92' lang='lat' dir='ltr'><strong><em>tam</em></strong></span> <span class='ocrx_word' id='word_1_450' title='bbox 3331 2992 3444 3048; x_wconf 86' lang='lat' dir='ltr'><strong><em>cla—</em></strong></span> 
     </span>
    </p>
   </div>
   <div class='ocr_carea' id='block_1_59' title="bbox 1858 3083 3435 3154">
    <p class='ocr_par' dir='ltr' id='par_1_59' title="bbox 1858 3083 3435 3154">
     <span class='ocr_line' id='line_1_59' title="bbox 1858 3083 3435 3154; baseline -0.004 -12"><span class='ocrx_word' id='word_1_451' title='bbox 1858 3089 1938 3144; x_wconf 89' lang='lat' dir='ltr'><strong><em>ris</em></strong></span> <span class='ocrx_word' id='word_1_452' title='bbox 1973 3087 2233 3143; x_wconf 80' lang='lat' dir='ltr'><strong><em>laudibus</em></strong></span> <span class='ocrx_word' id='word_1_453' title='bbox 2263 3085 2460 3153; x_wconf 83' lang='lat' dir='ltr'><strong><em>eﬂ&#39;ers;</em></strong></span> <span class='ocrx_word' id='word_1_454' title='bbox 2498 3083 2590 3154; x_wconf 90' lang='lat' dir='ltr'><strong><em>qui</em></strong></span> <span class='ocrx_word' id='word_1_455' title='bbox 2622 3099 2756 3139; x_wconf 81' lang='lat' dir='ltr'><strong><em>vero</em></strong></span> <span class='ocrx_word' id='word_1_456' title='bbox 2793 3083 3309 3154; x_wconf 81' lang='lat' dir='ltr'><strong><em>incomparabiliter</em></strong></span> <span class='ocrx_word' id='word_1_457' title='bbox 3340 3097 3435 3136; x_wconf 58' lang='lat' dir='ltr'><strong><em>auo</em></strong></span> 
     </span>
    </p>
   </div>
   <div class='ocr_carea' id='block_1_60' title="bbox 1859 3173 3437 3248">
    <p class='ocr_par' dir='ltr' id='par_1_60' title="bbox 1859 3173 3437 3248">
     <span class='ocr_line' id='line_1_60' title="bbox 1859 3173 3437 3248; baseline -0.006 -13"><span class='ocrx_word' id='word_1_458' title='bbox 1859 3179 2085 3243; x_wconf 84' lang='lat' dir='ltr'><strong><em>tecellit,</em></strong></span> <span class='ocrx_word' id='word_1_459' title='bbox 2135 3186 2186 3234; x_wconf 87' lang='lat' dir='ltr'><strong><em>et</em></strong></span> <span class='ocrx_word' id='word_1_460' title='bbox 2235 3177 2396 3248; x_wconf 81' lang='lat' dir='ltr'><strong><em>longe</em></strong></span> <span class='ocrx_word' id='word_1_461' title='bbox 2426 3174 2881 3247; x_wconf 68' lang='lat' dir='ltr'><strong><em>praestantior-um</em></strong></span> <span class='ocrx_word' id='word_1_462' title='bbox 2937 3181 3022 3229; x_wconf 89' lang='lat' dir='ltr'><strong><em>est</em></strong></span> <span class='ocrx_word' id='word_1_463' title='bbox 3071 3173 3291 3239; x_wconf 76' lang='lat' dir='ltr'><strong><em>artifex,</em></strong></span> <span class='ocrx_word' id='word_1_464' title='bbox 3325 3182 3437 3227; x_wconf 88' lang='lat' dir='ltr'><strong><em>tam</em></strong></span> 
     </span>
    </p>
   </div>
   <div class='ocr_carea' id='block_1_61' title="bbox 1862 3265 3440 3342">
    <p class='ocr_par' dir='ltr' id='par_1_61' title="bbox 1862 3265 3440 3342">
     <span class='ocr_line' id='line_1_61' title="bbox 1862 3265 3440 3342; baseline -0.004 -14"><span class='ocrx_word' id='word_1_465' title='bbox 1862 3273 2027 3328; x_wconf 84' lang='lat' dir='ltr'><strong><em>stulte</em></strong></span> <span class='ocrx_word' id='word_1_466' title='bbox 2060 3270 2352 3342; x_wconf 74' lang='lat' dir='ltr'><strong><em>repudiare</em></strong></span> <span class='ocrx_word' id='word_1_467' title='bbox 2374 3285 2482 3325; x_wconf 86' lang='lat' dir='ltr'><strong><em>non</em></strong></span> <span class='ocrx_word' id='word_1_468' title='bbox 2525 3267 2836 3330; x_wconf 83' lang='lat' dir='ltr'><strong><em>erubescis,</em></strong></span> <span class='ocrx_word' id='word_1_469' title='bbox 2873 3265 3001 3320; x_wconf 89' lang='lat' dir='ltr'><strong><em>licet</em></strong></span> <span class='ocrx_word' id='word_1_470' title='bbox 3032 3265 3283 3321; x_wconf 78' lang='lat' dir='ltr'><strong><em>Mosaicis</em></strong></span> <span class='ocrx_word' id='word_1_471' title='bbox 3316 3274 3440 3321; x_wconf 78' lang='lat' dir='ltr'><strong><em>ora-</em></strong></span> 
     </span>
    </p>
   </div>
   <div class='ocr_carea' id='block_1_62' title="bbox 1861 3358 3439 3432">
    <p class='ocr_par' dir='ltr' id='par_1_62' title="bbox 1861 3358 3439 3432">
     <span class='ocr_line' id='line_1_62' title="bbox 1861 3358 3439 3432; baseline -0.004 -13"><span class='ocrx_word' id='word_1_472' title='bbox 1861 3364 2004 3420; x_wconf 78' lang='lat' dir='ltr'><strong><em>culis</em></strong></span> <span class='ocrx_word' id='word_1_473' title='bbox 2038 3363 2198 3418; x_wconf 83' lang='lat' dir='ltr'><strong><em>ﬁnem</em></strong></span> <span class='ocrx_word' id='word_1_474' title='bbox 2231 3363 2360 3418; x_wconf 90' lang='lat' dir='ltr'><strong><em>olim</em></strong></span> <span class='ocrx_word' id='word_1_475' title='bbox 2396 3360 2824 3432; x_wconf 78' lang='lat' dir='ltr'><strong><em>praenuntiatum</em></strong></span> <span class='ocrx_word' id='word_1_476' title='bbox 2852 3358 3053 3414; x_wconf 79' lang='lat' dir='ltr'><strong><em>ati&#39;erat</em></strong></span> <span class='ocrx_word' id='word_1_477' title='bbox 3088 3358 3255 3429; x_wconf 75' lang='lat'><strong><em>910</em></strong></span> <span class='ocrx_word' id='word_1_478' title='bbox 3269 3366 3321 3413; x_wconf 89' lang='lat' dir='ltr'><strong><em>et</em></strong></span> <span class='ocrx_word' id='word_1_479' title='bbox 3350 3359 3439 3413; x_wconf 83' lang='lat' dir='ltr'><strong><em>iu-</em></strong></span> 
     </span>
    </p>
   </div>
   <div class='ocr_carea' id='block_1_63' title="bbox 1864 3450 3440 3510">
    <p class='ocr_par' dir='ltr' id='par_1_63' title="bbox 1864 3450 3440 3510">
     <span class='ocr_line' id='line_1_63' title="bbox 1864 3450 3440 3510; baseline -0.002 -1"><span class='ocrx_word' id='word_1_480' title='bbox 1864 3463 1948 3509; x_wconf 89' lang='lat' dir='ltr'><strong><em>tra</em></strong></span> <span class='ocrx_word' id='word_1_481' title='bbox 1981 3454 2272 3510; x_wconf 78' lang='lat' dir='ltr'><strong><em>veritatem</em></strong></span> <span class='ocrx_word' id='word_1_482' title='bbox 2310 3454 2559 3508; x_wconf 83' lang='lat' dir='ltr'><strong><em>umbram</em></strong></span> <span class='ocrx_word' id='word_1_483' title='bbox 2601 3451 2821 3506; x_wconf 84' lang='lat' dir='ltr'><strong><em>demum</em></strong></span> <span class='ocrx_word' id='word_1_484' title='bbox 2855 3450 3119 3505; x_wconf 85' lang='lat' dir='ltr'><strong><em>includat.</em></strong></span> <span class='ocrx_word' id='word_1_485' title='bbox 3169 3450 3440 3506; x_wconf 78' lang='lat' dir='ltr'><strong><em>Dominus</em></strong></span> 
     </span>
    </p>
   </div>
   <div class='ocr_carea' id='block_1_64' title="bbox 190 3538 1759 3618">
    <p class='ocr_par' dir='ltr' id='par_1_64' title="bbox 190 3538 1756 3613">
     <span class='ocr_line' id='line_1_64' title="bbox 190 3538 1756 3613; baseline 0.003 -20"><span class='ocrx_word' id='word_1_486' title='bbox 190 3553 307 3608; x_wconf 77' lang='grc' dir='ltr'>ρας,</span> <span class='ocrx_word' id='word_1_487' title='bbox 334 3539 429 3592; x_wconf 77' lang='grc' dir='ltr'>καὶ</span> <span class='ocrx_word' id='word_1_488' title='bbox 450 3538 850 3594; x_wconf 83' lang='grc' dir='ltr'>κατακλείοντα</span> <span class='ocrx_word' id='word_1_489' title='bbox 868 3539 1056 3595; x_wconf 77' lang='grc' dir='ltr'>λοιπὸν</span> <span class='ocrx_word' id='word_1_490' title='bbox 1077 3542 1158 3604; x_wconf 83' lang='grc' dir='ltr'><strong><em>είς</em></strong></span> <span class='ocrx_word' id='word_1_491' title='bbox 1177 3541 1438 3613; x_wconf 81' lang='grc' dir='ltr'>ἀλήθειαν</span> <span class='ocrx_word' id='word_1_492' title='bbox 1460 3542 1557 3613; x_wconf 83' lang='grc' dir='ltr'><strong><em>τὴν</em></strong></span> <span class='ocrx_word' id='word_1_493' title='bbox 1580 3543 1756 3598; x_wconf 85' lang='grc' dir='ltr'>σκιάν.</span> 
     </span>
    </p>
   </div>
   <div class='ocr_carea' id='block_1_65' title="bbox 1861 3538 3437 3618">
    <p class='ocr_par' dir='ltr' id='par_1_65' title="bbox 1863 3539 3437 3616">
     <span class='ocr_line' id='line_1_65' title="bbox 1863 3539 3437 3616; baseline -0.004 -15"><span class='ocrx_word' id='word_1_494' title='bbox 1863 3561 1997 3616; x_wconf 74' lang='lat' dir='ltr'><strong><em>ergo</em></strong></span> <span class='ocrx_word' id='word_1_495' title='bbox 2045 3552 2237 3600; x_wconf 89' lang='lat' dir='ltr'><strong><em>noster</em></strong></span> <span class='ocrx_word' id='word_1_496' title='bbox 2280 3541 2450 3599; x_wconf 56' lang='lat' dir='ltr'><strong><em>‘Jesus</em></strong></span> <span class='ocrx_word' id='word_1_497' title='bbox 2495 3543 2753 3598; x_wconf 81' lang='lat' dir='ltr'><strong><em>Christus</em></strong></span> <span class='ocrx_word' id='word_1_498' title='bbox 2794 3539 3050 3611; x_wconf 53' lang='lat' dir='ltr'><strong><em>‘Spiritus</em></strong></span> <span class='ocrx_word' id='word_1_499' title='bbox 3104 3541 3437 3595; x_wconf 80' lang='lat' dir='ltr'><strong><em>mentionem</em></strong></span> 
     </span>
    </p>
   </div>
   <div class='ocr_carea' id='block_1_66' title="bbox 205 3628 1761 3705">
    <p class='ocr_par' dir='ltr' id='par_1_66' title="bbox 205 3628 1761 3705">
     <span class='ocr_line' id='line_1_66' title="bbox 205 3628 1761 3705; baseline 0.003 -22"><span class='ocrx_word' id='word_1_500' title='bbox 205 3628 363 3700; x_wconf 85' lang='grc' dir='ltr'>Ὁμοῦ</span> <span class='ocrx_word' id='word_1_501' title='bbox 406 3629 704 3702; x_wconf 75' lang='grc' dir='ltr'>τοιγαροῦν</span> <span class='ocrx_word' id='word_1_502' title='bbox 724 3632 760 3685; x_wconf 85' lang='grc' dir='ltr'><strong><em>ό</em></strong></span> <span class='ocrx_word' id='word_1_503' title='bbox 792 3631 997 3704; x_wconf 74' lang='grc' dir='ltr'>Κύριος</span> <span class='ocrx_word' id='word_1_504' title='bbox 1030 3632 1193 3704; x_wconf 75' lang='grc' dir='ltr'>ἡμῶν</span> <span class='ocrx_word' id='word_1_505' title='bbox 1218 3632 1445 3704; x_wconf 65' lang='grc' dir='ltr'>⁴Ἰησοῦς</span> <span class='ocrx_word' id='word_1_506' title='bbox 1461 3635 1499 3688; x_wconf 66' lang='grc' dir='ltr'>υό</span> <span class='ocrx_word' id='word_1_507' title='bbox 1518 3634 1761 3705; x_wconf 71' lang='grc' dir='ltr'>Χριστὸς</span> 
     </span>
    </p>
   </div>
   <div class='ocr_carea' id='block_1_67' title="bbox 192 3722 1766 3798">
    <p class='ocr_par' dir='ltr' id='par_1_67' title="bbox 192 3722 1766 3798">
     <span class='ocr_line' id='line_1_67' title="bbox 192 3722 1766 3798; baseline 0.006 -27"><span class='ocrx_word' id='word_1_508' title='bbox 192 3722 642 3792; x_wconf 80' lang='grc' dir='ltr'>συνεισκεκόμικε</span> <span class='ocrx_word' id='word_1_509' title='bbox 689 3723 789 3793; x_wconf 78' lang='grc' dir='ltr'>μὲν</span> <span class='ocrx_word' id='word_1_510' title='bbox 831 3724 1173 3792; x_wconf 83' lang='grc' dir='ltr'>ἀναγκαίως,</span> <span class='ocrx_word' id='word_1_511' title='bbox 1208 3725 1404 3798; x_wconf 55' lang='grc' dir='ltr'>θέαυτῷ</span> <span class='ocrx_word' id='word_1_512' title='bbox 1450 3744 1510 3782; x_wconf 88' lang='grc' dir='ltr'><strong><em>τε</em></strong></span> <span class='ocrx_word' id='word_1_513' title='bbox 1550 3727 1648 3782; x_wconf 79' lang='grc' dir='ltr'>καὶ</span> <span class='ocrx_word' id='word_1_514' title='bbox 1687 3726 1766 3798; x_wconf 81' lang='grc' dir='ltr'>τῷ</span> 
     </span>
    </p>
   </div>
   <div class='ocr_carea' id='block_1_68' title="bbox 186 3813 1766 3891">
    <p class='ocr_par' dir='ltr' id='par_1_68' title="bbox 186 3813 1766 3891">
     <span class='ocr_line' id='line_1_68' title="bbox 186 3813 1766 3891; baseline 0.005 -26"><span class='ocrx_word' id='word_1_515' title='bbox 186 3813 358 3884; x_wconf 78' lang='grc' dir='ltr'>-Ιῐατρὶ</span> <span class='ocrx_word' id='word_1_516' title='bbox 391 3814 490 3886; x_wconf 77' lang='grc' dir='ltr'>τὴν</span> <span class='ocrx_word' id='word_1_517' title='bbox 543 3814 636 3868; x_wconf 87' lang='grc' dir='ltr'><strong><em>τοῦ</em></strong></span> <span class='ocrx_word' id='word_1_518' title='bbox 687 3815 1004 3888; x_wconf 75' lang='grc' dir='ltr'>Πνεύματος</span> <span class='ocrx_word' id='word_1_519' title='bbox 1055 3819 1316 3890; x_wconf 73' lang='grc' dir='ltr'><strong><em>μνήμην⁴</em></strong></span> <span class='ocrx_word' id='word_1_520' title='bbox 1372 3819 1667 3891; x_wconf 79' lang='grc' dir='ltr'>ἀπελέγχει</span> <span class='ocrx_word' id='word_1_521' title='bbox 1709 3819 1766 3873; x_wconf 81' lang='grc' dir='ltr'>δὲ</span> 
     </span>
    </p>
   </div>
   <div class='ocr_carea' id='block_1_69' title="bbox 189 3903 1766 3982">
    <p class='ocr_par' dir='ltr' id='par_1_69' title="bbox 189 3903 1766 3982">
     <span class='ocr_line' id='line_1_69' title="bbox 189 3903 1766 3982; baseline 0.004 -24"><span class='ocrx_word' id='word_1_522' title='bbox 189 3903 308 3975; x_wconf 74' lang='grc' dir='ltr'>’ἅμα</span> <span class='ocrx_word' id='word_1_523' title='bbox 333 3905 395 3960; x_wconf 84' lang='grc' dir='ltr'><strong><em>τό</em></strong></span> <span class='ocrx_word' id='word_1_524' title='bbox 428 3907 725 3979; x_wconf 74' lang='grc' dir='ltr'>εἰρημένον</span> <span class='ocrx_word' id='word_1_525' title='bbox 754 3908 974 3981; x_wconf 82' lang='grc' dir='ltr'>ἀληθὲς,</span> <span class='ocrx_word' id='word_1_526' title='bbox 1002 3910 1156 3963; x_wconf 77' lang='grc' dir='ltr'>τοῦτ’</span> <span class='ocrx_word' id='word_1_527' title='bbox 1191 3910 1359 3975; x_wconf 80' lang='grc' dir='ltr'>ἔστιν,</span> <span class='ocrx_word' id='word_1_528' title='bbox 1388 3911 1469 3975; x_wconf 80' lang='grc' dir='ltr'>ὡς</span> <span class='ocrx_word' id='word_1_529' title='bbox 1498 3913 1659 3982; x_wconf 73' lang='grc' dir='ltr'>εἴπερ</span> <span class='ocrx_word' id='word_1_530' title='bbox 1682 3928 1766 3975; x_wconf 87' lang='grc' dir='ltr'><strong><em>τις</em></strong></span> 
     </span>
    </p>
   </div>
   <div class='ocr_carea' id='block_1_70' title="bbox 197 3998 1765 4075">
    <p class='ocr_par' dir='ltr' id='par_1_70' title="bbox 197 3998 1765 4075">
     <span class='ocr_line' id='line_1_70' title="bbox 197 3998 1765 4075; baseline 0.004 -25"><span class='ocrx_word' id='word_1_531' title='bbox 197 3998 360 4053; x_wconf 72' lang='grc' dir='ltr'>ἕλοιτο</span> <span class='ocrx_word' id='word_1_532' title='bbox 383 4000 471 4055; x_wconf 85' lang='grc' dir='ltr'>διὰ</span> <span class='ocrx_word' id='word_1_533' title='bbox 506 4001 699 4072; x_wconf 88' lang='grc' dir='ltr'>μίσους</span> <span class='ocrx_word' id='word_1_534' title='bbox 742 4000 884 4073; x_wconf 75' lang='grc' dir='ltr'>ἔχειν</span> <span class='ocrx_word' id='word_1_535' title='bbox 910 4003 1000 4055; x_wconf 85' lang='grc' dir='ltr'>τὸν</span> <span class='ocrx_word' id='word_1_536' title='bbox 1032 4002 1177 4067; x_wconf 81' lang='grc' dir='ltr'>Υἱδν,</span> <span class='ocrx_word' id='word_1_537' title='bbox 1210 4005 1674 4074; x_wconf 75' lang='grc' dir='ltr'>συναποστυγήσει</span> <span class='ocrx_word' id='word_1_538' title='bbox 1702 4004 1765 4075; x_wconf 83' lang='grc' dir='ltr'><strong><em>δὴ</em></strong></span> 
     </span>
    </p>
   </div>
   <div class='ocr_carea' id='block_1_71' title="bbox 196 4085 1764 4168">
    <p class='ocr_par' dir='ltr' id='par_1_71' title="bbox 196 4085 1764 4168">
     <span class='ocr_line' id='line_1_71' title="bbox 196 4085 1764 4168; baseline 0.005 -26"><span class='ocrx_word' id='word_1_539' title='bbox 196 4091 408 4155; x_wconf 84' lang='grc' dir='ltr'>πάντως</span> <span class='ocrx_word' id='word_1_540' title='bbox 428 4093 526 4146; x_wconf 74' lang='grc' dir='ltr'>καὶ</span> <span class='ocrx_word' id='word_1_541' title='bbox 551 4092 648 4145; x_wconf 83' lang='grc' dir='ltr'>τὸν</span> <span class='ocrx_word' id='word_1_542' title='bbox 679 4091 739 4158; x_wconf 81' lang='grc' dir='ltr'>ἐξ</span> <span class='ocrx_word' id='word_1_543' title='bbox 780 4085 953 4163; x_wconf 76' lang='grc' dir='ltr'>οὗπερ</span> <span class='ocrx_word' id='word_1_544' title='bbox 982 4093 1100 4145; x_wconf 77' lang='grc' dir='ltr'>ἐστὶ</span> <span class='ocrx_word' id='word_1_545' title='bbox 1128 4094 1348 4165; x_wconf 83' lang='grc' dir='ltr'>Πατέρα</span> <span class='ocrx_word' id='word_1_546' title='bbox 1374 4111 1389 4125; x_wconf 76' lang='grc' dir='ltr'><strong>ο</strong></span> <span class='ocrx_word' id='word_1_547' title='bbox 1439 4096 1533 4148; x_wconf 70' lang='grc' dir='ltr'>καὶ</span> <span class='ocrx_word' id='word_1_548' title='bbox 1562 4095 1701 4163; x_wconf 86' lang='grc' dir='ltr'>πῶς,</span> <span class='ocrx_word' id='word_1_549' title='bbox 1729 4095 1764 4168; x_wconf 80' lang='grc' dir='ltr'><strong>ἢ</strong></span> 
     </span>
    </p>
   </div>
   <div class='ocr_carea' id='block_1_72' title="bbox 193 4181 1767 4258">
    <p class='ocr_par' dir='ltr' id='par_1_72' title="bbox 193 4181 1767 4258">
     <span class='ocr_line' id='line_1_72' title="bbox 193 4181 1767 4258; baseline 0.004 -25"><span class='ocrx_word' id='word_1_550' title='bbox 193 4181 317 4235; x_wconf 74' lang='grc' dir='ltr'>’τίνα</span> <span class='ocrx_word' id='word_1_551' title='bbox 358 4183 421 4253; x_wconf 82' lang='grc' dir='ltr'>δὴ</span> <span class='ocrx_word' id='word_1_552' title='bbox 454 4184 681 4254; x_wconf 78' lang='grc' dir='ltr'>τρόπον,</span> <span class='ocrx_word' id='word_1_553' title='bbox 726 4184 825 4239; x_wconf 78' lang='grc' dir='ltr'><strong><em>θέα</em></strong></span> <span class='ocrx_word' id='word_1_554' title='bbox 855 4184 1037 4237; x_wconf 87' lang='grc' dir='ltr'>πάλιν.</span> <span class='ocrx_word' id='word_1_555' title='bbox 1085 4184 1214 4237; x_wconf 79' lang='grc' dir='ltr'>Ἰδοὺ</span> <span class='ocrx_word' id='word_1_556' title='bbox 1243 4186 1372 4257; x_wconf 84' lang='grc' dir='ltr'>γὰρ,</span> <span class='ocrx_word' id='word_1_557' title='bbox 1410 4186 1518 4239; x_wconf 83' lang='grc' dir='ltr'>ίδοὺ</span> <span class='ocrx_word' id='word_1_558' title='bbox 1545 4186 1767 4258; x_wconf 81' lang='grc' dir='ltr'>Πνεῦμα</span> 
     </span>
    </p>
   </div>
   <div class='ocr_carea' id='block_1_73' title="bbox 190 4272 1768 4348">
    <p class='ocr_par' dir='ltr' id='par_1_73' title="bbox 190 4272 1768 4348">
     <span class='ocr_line' id='line_1_73' title="bbox 190 4272 1768 4348; baseline 0.005 -24"><span class='ocrx_word' id='word_1_559' title='bbox 190 4272 297 4344; x_wconf 73' lang='grc' dir='ltr'><strong><em>τῆς</em></strong></span> <span class='ocrx_word' id='word_1_560' title='bbox 339 4274 622 4346; x_wconf 78' lang='grc' dir='ltr'>ἀληθείας,</span> <span class='ocrx_word' id='word_1_561' title='bbox 659 4276 1012 4342; x_wconf 57' lang='grc' dir='ltr'>,τοῦτ’νέστιν,</span> <span class='ocrx_word' id='word_1_562' title='bbox 1053 4274 1244 4330; x_wconf 76' lang='grc' dir='ltr'>ἑαυτοῦ</span> <span class='ocrx_word' id='word_1_563' title='bbox 1275 4277 1366 4330; x_wconf 70' lang='grc' dir='ltr'>τὸν</span> <span class='ocrx_word' id='word_1_564' title='bbox 1413 4277 1768 4348; x_wconf 87' lang='grc' dir='ltr'>Παράκλητον</span> 
     </span>
    </p>
   </div>
   <div class='ocr_carea' id='block_1_74' title="bbox 201 4364 1764 4440">
    <p class='ocr_par' dir='ltr' id='par_1_74' title="bbox 201 4364 1764 4440">
     <span class='ocr_line' id='line_1_74' title="bbox 201 4364 1764 4440; baseline 0.005 -25"><span class='ocrx_word' id='word_1_565' title='bbox 201 4364 378 4429; x_wconf 73' lang='grc' dir='ltr'>εἰπὼν,</span> <span class='ocrx_word' id='word_1_566' title='bbox 414 4369 567 4438; x_wconf 79' lang='grc' dir='ltr'><strong><em>παρά</em></strong></span> <span class='ocrx_word' id='word_1_567' title='bbox 595 4367 689 4421; x_wconf 83' lang='grc' dir='ltr'><strong><em>τοῦ</em></strong></span> <span class='ocrx_word' id='word_1_568' title='bbox 725 4368 933 4440; x_wconf 68' lang='grc' dir='ltr'>Πατρός</span> <span class='ocrx_word' id='word_1_569' title='bbox 953 4368 1130 4422; x_wconf 81' lang='grc' dir='ltr'>,αὐτὸν</span> <span class='ocrx_word' id='word_1_570' title='bbox 1158 4367 1552 4439; x_wconf 83' lang='grc' dir='ltr'>ἐκπορεύεσθαί</span> <span class='ocrx_word' id='word_1_571' title='bbox 1580 4386 1764 4439; x_wconf 85' lang='grc' dir='ltr'>φησιν.</span> 
     </span>
    </p>
   </div>
   <div class='ocr_carea' id='block_1_75' title="bbox 205 4457 1767 4533">
    <p class='ocr_par' dir='ltr' id='par_1_75' title="bbox 205 4457 1767 4533">
     <span class='ocr_line' id='line_1_75' title="bbox 205 4457 1767 4533; baseline 0.004 -23"><span class='ocrx_word' id='word_1_572' title='bbox 205 4457 403 4531; x_wconf 82' lang='grc' dir='ltr'>Ὠσπερ</span> <span class='ocrx_word' id='word_1_573' title='bbox 423 4462 533 4532; x_wconf 85' lang='grc' dir='ltr'><strong><em>γάρ</em></strong></span> <span class='ocrx_word' id='word_1_574' title='bbox 558 4463 708 4517; x_wconf 85' lang='grc' dir='ltr'>ἐστιν</span> <span class='ocrx_word' id='word_1_575' title='bbox 727 4462 857 4515; x_wconf 86' lang='grc' dir='ltr'>ἴδιον</span> <span class='ocrx_word' id='word_1_576' title='bbox 883 4462 1108 4532; x_wconf 81' lang='grc' dir='ltr'>Πνεῦμα</span> <span class='ocrx_word' id='word_1_577' title='bbox 1136 4462 1231 4517; x_wconf 85' lang='grc' dir='ltr'><strong><em>τοῦ</em></strong></span> <span class='ocrx_word' id='word_1_578' title='bbox 1268 4463 1396 4517; x_wconf 75' lang='grc' dir='ltr'>Υῖοῦ</span> <span class='ocrx_word' id='word_1_579' title='bbox 1425 4463 1687 4533; x_wconf 80' lang='grc' dir='ltr'>φυσικῶς,</span> <span class='ocrx_word' id='word_1_580' title='bbox 1709 4466 1767 4517; x_wconf 84' lang='grc' dir='ltr'><strong><em>ἐν</em></strong></span> 
     </span>
    </p>
   </div>
   <div class='ocr_carea' id='block_1_76' title="bbox 193 4553 1766 4626">
    <p class='ocr_par' dir='ltr' id='par_1_76' title="bbox 193 4553 1766 4626">
     <span class='ocr_line' id='line_1_76' title="bbox 193 4553 1766 4626; baseline 0.003 -22"><span class='ocrx_word' id='word_1_581' title='bbox 193 4553 341 4624; x_wconf 69' lang='grc' dir='ltr'>αὐτῷ</span> <span class='ocrx_word' id='word_1_582' title='bbox 365 4572 423 4607; x_wconf 87' lang='grc' dir='ltr'><strong><em>τε</em></strong></span> <span class='ocrx_word' id='word_1_583' title='bbox 445 4557 714 4626; x_wconf 83' lang='grc' dir='ltr'>ὑπάρχον,</span> <span class='ocrx_word' id='word_1_584' title='bbox 743 4558 839 4610; x_wconf 77' lang='grc' dir='ltr'>καὶ</span> <span class='ocrx_word' id='word_1_585' title='bbox 862 4556 930 4610; x_wconf 87' lang='grc' dir='ltr'><strong><em>δι’</em></strong></span> <span class='ocrx_word' id='word_1_586' title='bbox 950 4556 1115 4610; x_wconf 78' lang='grc' dir='ltr'>αὐτοῦ</span> <span class='ocrx_word' id='word_1_587' title='bbox 1150 4557 1357 4626; x_wconf 70' lang='grc' dir='ltr'>προϊὸν,</span> <span class='ocrx_word' id='word_1_588' title='bbox 1387 4557 1530 4610; x_wconf 72' lang='grc' dir='ltr'>οὕτω</span> <span class='ocrx_word' id='word_1_589' title='bbox 1553 4559 1651 4610; x_wconf 80' lang='grc' dir='ltr'>καὶ</span> <span class='ocrx_word' id='word_1_590' title='bbox 1672 4554 1766 4609; x_wconf 83' lang='grc' dir='ltr'><strong><em>τοῦ</em></strong></span> 
     </span>
    </p>
   </div>
   <div class='ocr_carea' id='block_1_77' title="bbox 190 4644 1767 4719">
    <p class='ocr_par' dir='ltr' id='par_1_77' title="bbox 190 4644 1767 4719">
     <span class='ocr_line' id='line_1_77' title="bbox 190 4644 1767 4719; baseline -0.001 -21"><span class='ocrx_word' id='word_1_591' title='bbox 190 4645 424 4717; x_wconf 79' lang='grc' dir='ltr'>Πατρός.</span> <span class='ocrx_word' id='word_1_592' title='bbox 453 4644 549 4713; x_wconf 80' lang='grc' dir='ltr'>Οἷς</span> <span class='ocrx_word' id='word_1_593' title='bbox 584 4648 639 4701; x_wconf 81' lang='grc' dir='ltr'>δὲ</span> <span class='ocrx_word' id='word_1_594' title='bbox 671 4647 732 4701; x_wconf 75' lang='grc' dir='ltr'>τὸ</span> <span class='ocrx_word' id='word_1_595' title='bbox 765 4648 980 4719; x_wconf 85' lang='grc' dir='ltr'>πνεῦμα</span> <span class='ocrx_word' id='word_1_596' title='bbox 1008 4646 1205 4710; x_wconf 77' lang='grc' dir='ltr'>κοινὸν,</span> <span class='ocrx_word' id='word_1_597' title='bbox 1236 4646 1445 4710; x_wconf 79' lang='grc' dir='ltr'>τούτοις</span> <span class='ocrx_word' id='word_1_598' title='bbox 1477 4647 1564 4716; x_wconf 78' lang='grc' dir='ltr'>εἴη</span> <span class='ocrx_word' id='word_1_599' title='bbox 1597 4647 1767 4719; x_wconf 87' lang='grc' dir='ltr'>δήπου</span> 
     </span>
    </p>
   </div>
   <div class='ocr_carea' id='block_1_78' title="bbox 193 4734 1769 4808">
    <p class='ocr_par' dir='ltr' id='par_1_78' title="bbox 193 4734 1769 4808">
     <span class='ocr_line' id='line_1_78' title="bbox 193 4734 1769 4808; baseline -0.001 -18"><span class='ocrx_word' id='word_1_600' title='bbox 193 4737 412 4802; x_wconf 78' lang='grc' dir='ltr'>’πάντως</span> <span class='ocrx_word' id='word_1_601' title='bbox 434 4739 499 4793; x_wconf 75' lang='grc' dir='ltr'>ἂν</span> <span class='ocrx_word' id='word_1_602' title='bbox 529 4740 624 4792; x_wconf 78' lang='grc' dir='ltr'>καὶ</span> <span class='ocrx_word' id='word_1_603' title='bbox 647 4738 716 4792; x_wconf 76' lang='grc' dir='ltr'><strong><em>τὰ</em></strong></span> <span class='ocrx_word' id='word_1_604' title='bbox 737 4739 838 4807; x_wconf 72' lang='grc' dir='ltr'>τῆς</span> <span class='ocrx_word' id='word_1_605' title='bbox 865 4738 1050 4801; x_wconf 70' lang='grc' dir='ltr'>οὐσίας</span> <span class='ocrx_word' id='word_1_606' title='bbox 1073 4739 1133 4792; x_wconf 81' lang='grc' dir='ltr'>οὐ</span> <span class='ocrx_word' id='word_1_607' title='bbox 1160 4738 1510 4808; x_wconf 81' lang='grc' dir='ltr'>διωρισμένα.</span> <span class='ocrx_word' id='word_1_608' title='bbox 1544 4738 1634 4807; x_wconf 76' lang='grc' dir='ltr'><strong><em>Μὴ</em></strong></span> <span class='ocrx_word' id='word_1_609' title='bbox 1661 4734 1769 4806; x_wconf 84' lang='grc' dir='ltr'><strong><em>γὰρ</em></strong></span> 
     </span>
    </p>
   </div>
   <div class='ocr_carea' id='block_1_79' title="bbox 191 4826 1770 4901">
    <p class='ocr_par' dir='ltr' id='par_1_79' title="bbox 191 4826 1770 4901">
     <span class='ocr_line' id='line_1_79' title="bbox 191 4826 1770 4901; baseline -0.001 -20"><span class='ocrx_word' id='word_1_610' title='bbox 191 4827 264 4899; x_wconf 63' lang='lat' dir='ltr'><strong><em>si,</em></strong></span> <span class='ocrx_word' id='word_1_611' title='bbox 289 4845 430 4891; x_wconf 80' lang='grc' dir='ltr'>τινες</span> <span class='ocrx_word' id='word_1_612' title='bbox 460 4832 608 4901; x_wconf 77' lang='grc' dir='ltr'>ἡμᾶς</span> <span class='ocrx_word' id='word_1_613' title='bbox 636 4830 743 4883; x_wconf 89' lang='grc' dir='ltr'><strong><em>τῶν</em></strong></span> <span class='ocrx_word' id='word_1_614' title='bbox 775 4830 1053 4884; x_wconf 70' lang='grc' dir='ltr'>δυσσεϐεῖν</span> <span class='ocrx_word' id='word_1_615' title='bbox 1087 4830 1356 4883; x_wconf 72' lang='grc' dir='ltr'>εἰωθότων</span> <span class='ocrx_word' id='word_1_616' title='bbox 1394 4832 1505 4891; x_wconf 89' lang='grc' dir='ltr'>τοῖς</span> <span class='ocrx_word' id='word_1_617' title='bbox 1539 4826 1597 4893; x_wconf 79' lang='grc' dir='ltr'>ἐξ</span> <span class='ocrx_word' id='word_1_618' title='bbox 1627 4829 1770 4897; x_wconf 82' lang='grc' dir='ltr'>ἅμα·</span> 
     </span>
    </p>
   </div>
   <div class='ocr_carea' id='block_1_80' title="bbox 1865 3632 3441 3695">
    <p class='ocr_par' dir='ltr' id='par_1_80' title="bbox 1865 3632 3441 3695">
     <span class='ocr_line' id='line_1_80' title="bbox 1865 3632 3441 3695; baseline -0.004 -1"><span class='ocrx_word' id='word_1_619' title='bbox 1865 3651 2056 3694; x_wconf 83' lang='lat' dir='ltr'><strong><em>secum</em></strong></span> <span class='ocrx_word' id='word_1_620' title='bbox 2097 3650 2203 3691; x_wconf 79' lang='lat' dir='ltr'><strong><em>una</em></strong></span> <span class='ocrx_word' id='word_1_621' title='bbox 2240 3643 2297 3691; x_wconf 90' lang='lat' dir='ltr'><strong><em>et</em></strong></span> <span class='ocrx_word' id='word_1_622' title='bbox 2344 3649 2474 3690; x_wconf 86' lang='lat' dir='ltr'><strong><em>cum</em></strong></span> <span class='ocrx_word' id='word_1_623' title='bbox 2504 3633 2679 3689; x_wconf 71' lang='lat' dir='ltr'><strong><em>Patre</em></strong></span> <span class='ocrx_word' id='word_1_624' title='bbox 2737 3633 3056 3689; x_wconf 85' lang='lat' dir='ltr'><strong><em>necessario</em></strong></span> <span class='ocrx_word' id='word_1_625' title='bbox 3103 3632 3311 3695; x_wconf 90' lang='lat' dir='ltr'><strong><em>intulit,</em></strong></span> <span class='ocrx_word' id='word_1_626' title='bbox 3362 3633 3441 3687; x_wconf 88' lang='lat' dir='ltr'><strong><em>si-</em></strong></span> 
     </span>
    </p>
   </div>
   <div class='ocr_carea' id='block_1_81' title="bbox 1864 3723 3436 3799">
    <p class='ocr_par' dir='ltr' id='par_1_81' title="bbox 1864 3723 3436 3799">
     <span class='ocr_line' id='line_1_81' title="bbox 1864 3723 3436 3799; baseline -0.004 -15"><span class='ocrx_word' id='word_1_627' title='bbox 1864 3729 2310 3799; x_wconf 27' lang='lat' dir='ltr'><strong><em>mulquesverum</em></strong></span> <span class='ocrx_word' id='word_1_628' title='bbox 2341 3740 2467 3783; x_wconf 87' lang='lat' dir='ltr'><strong><em>esse</em></strong></span> <span class='ocrx_word' id='word_1_629' title='bbox 2509 3723 2758 3781; x_wconf 89' lang='lat' dir='ltr'><strong><em>ostendit</em></strong></span> <span class='ocrx_word' id='word_1_630' title='bbox 2789 3724 2939 3794; x_wconf 89' lang='lat' dir='ltr'><strong><em>quod</em></strong></span> <span class='ocrx_word' id='word_1_631' title='bbox 2975 3723 3127 3793; x_wconf 87' lang='lat' dir='ltr'><strong><em>prius</em></strong></span> <span class='ocrx_word' id='word_1_632' title='bbox 3174 3723 3436 3790; x_wconf 79' lang='lat' dir='ltr'><strong><em>diximus,</em></strong></span> 
     </span>
    </p>
   </div>
   <div class='ocr_carea' id='block_1_82' title="bbox 1866 3812 3439 3892">
    <p class='ocr_par' dir='ltr' id='par_1_82' title="bbox 1866 3812 3439 3892">
     <span class='ocr_line' id='line_1_82' title="bbox 1866 3812 3439 3892; baseline -0.006 -16"><span class='ocrx_word' id='word_1_633' title='bbox 1866 3835 2063 3892; x_wconf 87' lang='lat' dir='ltr'><strong><em>nempe</em></strong></span> <span class='ocrx_word' id='word_1_634' title='bbox 2086 3818 2135 3875; x_wconf 89' lang='lat' dir='ltr'><strong><em>si</em></strong></span> <span class='ocrx_word' id='word_1_635' title='bbox 2178 3817 2305 3890; x_wconf 89' lang='lat' dir='ltr'><strong><em>quis</em></strong></span> <span class='ocrx_word' id='word_1_636' title='bbox 2328 3816 2533 3891; x_wconf 70' lang='lat' dir='ltr'><strong><em>Filium</em></strong></span> <span class='ocrx_word' id='word_1_637' title='bbox 2588 3814 2803 3881; x_wconf 83' lang='lat' dir='ltr'><strong><em>oderit,</em></strong></span> <span class='ocrx_word' id='word_1_638' title='bbox 2845 3814 3007 3870; x_wconf 87' lang='lat' dir='ltr'><strong><em>simul</em></strong></span> <span class='ocrx_word' id='word_1_639' title='bbox 3041 3812 3205 3868; x_wconf 80' lang='lat' dir='ltr'><strong><em>etiam</em></strong></span> <span class='ocrx_word' id='word_1_640' title='bbox 3236 3828 3439 3868; x_wconf 82' lang='lat' dir='ltr'><strong><em>exosu-</em></strong></span> 
     </span>
    </p>
   </div>
   <div class='ocr_carea' id='block_1_83' title="bbox 1865 3902 3438 3980">
    <p class='ocr_par' dir='ltr' id='par_1_83' title="bbox 1865 3902 3438 3980">
     <span class='ocr_line' id='line_1_83' title="bbox 1865 3902 3438 3980; baseline -0.006 -14"><span class='ocrx_word' id='word_1_641' title='bbox 1865 3910 2172 3967; x_wconf 82' lang='lat' dir='ltr'><strong><em>rum-iilum</em></strong></span> <span class='ocrx_word' id='word_1_642' title='bbox 2199 3923 2265 3964; x_wconf 82' lang='lat' dir='ltr'><strong><em>ex</em></strong></span> <span class='ocrx_word' id='word_1_643' title='bbox 2290 3922 2401 3980; x_wconf 90' lang='lat' dir='ltr'><strong><em>quo</em></strong></span> <span class='ocrx_word' id='word_1_644' title='bbox 2429 3914 2514 3963; x_wconf 86' lang='lat' dir='ltr'><strong><em>est</em></strong></span> <span class='ocrx_word' id='word_1_645' title='bbox 2549 3905 2768 3963; x_wconf 85' lang='lat' dir='ltr'><strong><em>Patrem</em></strong></span> <span class='ocrx_word' id='word_1_646' title='bbox 2791 3920 2941 3976; x_wconf 63' lang='grc' dir='ltr'><strong><em>μιαί)</em></strong></span> <span class='ocrx_word' id='word_1_647' title='bbox 2972 3911 3129 3975; x_wconf 84' lang='lat' dir='ltr'><strong><em>pacto</em></strong></span> <span class='ocrx_word' id='word_1_648' title='bbox 3152 3918 3306 3969; x_wconf 83' lang='lat' dir='ltr'><strong><em>vero,</em></strong></span> <span class='ocrx_word' id='word_1_649' title='bbox 3340 3902 3438 3957; x_wconf 87' lang='lat' dir='ltr'><strong><em>ad-</em></strong></span> 
     </span>
    </p>
   </div>
   <div class='ocr_carea' id='block_1_84' title="bbox 1865 3991 3440 4063">
    <p class='ocr_par' dir='ltr' id='par_1_84' title="bbox 1865 3991 3440 4063">
     <span class='ocr_line' id='line_1_84' title="bbox 1865 3991 3440 4063; baseline -0.007 -7"><span class='ocrx_word' id='word_1_650' title='bbox 1865 4009 2018 4056; x_wconf 80' lang='lat' dir='ltr'><strong><em>verte</em></strong></span> <span class='ocrx_word' id='word_1_651' title='bbox 2044 4014 2262 4055; x_wconf 87' lang='lat' dir='ltr'><strong><em>rursus.</em></strong></span> <span class='ocrx_word' id='word_1_652' title='bbox 2281 3996 2422 4052; x_wconf 79' lang='lat' dir='ltr'><strong><em>Ecce</em></strong></span> <span class='ocrx_word' id='word_1_653' title='bbox 2447 3996 2619 4061; x_wconf 89' lang='lat' dir='ltr'><strong><em>enim,</em></strong></span> <span class='ocrx_word' id='word_1_654' title='bbox 2636 4010 2762 4050; x_wconf 82' lang='lat' dir='ltr'><strong><em>ecce</em></strong></span> <span class='ocrx_word' id='word_1_655' title='bbox 2783 4011 2907 4048; x_wconf 82' lang='lat' dir='ltr'><strong><em>cum</em></strong></span> <span class='ocrx_word' id='word_1_656' title='bbox 2934 3991 3208 4063; x_wconf 78' lang='lat' dir='ltr'><strong><em>Spiritum</em></strong></span> <span class='ocrx_word' id='word_1_657' title='bbox 3235 3991 3440 4046; x_wconf 79' lang='lat' dir='ltr'><strong><em>verita-</em></strong></span> 
     </span>
    </p>
   </div>
   <div class='ocr_carea' id='block_1_85' title="bbox 1867 4082 3441 4157">
    <p class='ocr_par' dir='ltr' id='par_1_85' title="bbox 1867 4082 3441 4157">
     <span class='ocr_line' id='line_1_85' title="bbox 1867 4082 3441 4157; baseline -0.003 -12"><span class='ocrx_word' id='word_1_658' title='bbox 1867 4092 1962 4157; x_wconf 91' lang='lat' dir='ltr'><strong><em>tis,</em></strong></span> <span class='ocrx_word' id='word_1_659' title='bbox 1996 4092 2047 4146; x_wconf 89' lang='lat' dir='ltr'><strong><em>id</em></strong></span> <span class='ocrx_word' id='word_1_660' title='bbox 2083 4100 2168 4146; x_wconf 89' lang='lat' dir='ltr'><strong><em>est</em></strong></span> <span class='ocrx_word' id='word_1_661' title='bbox 2206 4107 2388 4155; x_wconf 88' lang='lat' dir='ltr'><strong><em>suum,</em></strong></span> <span class='ocrx_word' id='word_1_662' title='bbox 2413 4087 2766 4143; x_wconf 79' lang='lat' dir='ltr'><strong><em>‘Paracletum</em></strong></span> <span class='ocrx_word' id='word_1_663' title='bbox 2805 4087 3029 4150; x_wconf 80' lang='lat' dir='ltr'><strong><em>dixerit,</em></strong></span> <span class='ocrx_word' id='word_1_664' title='bbox 3071 4099 3098 4137; x_wconf 91' lang='lat' dir='ltr'><strong><em>a</em></strong></span> <span class='ocrx_word' id='word_1_665' title='bbox 3127 4082 3293 4138; x_wconf 76' lang='lat' dir='ltr'><strong><em>Patre</em></strong></span> <span class='ocrx_word' id='word_1_666' title='bbox 3319 4085 3441 4154; x_wconf 88' lang='lat' dir='ltr'><strong><em>ipse</em></strong></span> 
     </span>
    </p>
   </div>
   <div class='ocr_carea' id='block_1_86' title="bbox 1871 4173 3440 4255">
    <p class='ocr_par' dir='ltr' id='par_1_86' title="bbox 1871 4173 3440 4255">
     <span class='ocr_line' id='line_1_86' title="bbox 1871 4173 3440 4255; baseline -0.005 -16"><span class='ocrx_word' id='word_1_667' title='bbox 1871 4185 1943 4239; x_wconf 90' lang='lat' dir='ltr'><strong><em>ait</em></strong></span> <span class='ocrx_word' id='word_1_668' title='bbox 1964 4182 2282 4255; x_wconf 85' lang='lat' dir='ltr'><strong><em>procedere.</em></strong></span> <span class='ocrx_word' id='word_1_669' title='bbox 2305 4178 2462 4237; x_wconf 85' lang='lat' dir='ltr'><strong><em>Sicut</em></strong></span> <span class='ocrx_word' id='word_1_670' title='bbox 2479 4182 2623 4235; x_wconf 89' lang='lat' dir='ltr'><strong><em>enim</em></strong></span> <span class='ocrx_word' id='word_1_671' title='bbox 2645 4178 2905 4249; x_wconf 85' lang='lat' dir='ltr'><strong><em>proprius</em></strong></span> <span class='ocrx_word' id='word_1_672' title='bbox 2930 4174 3158 4232; x_wconf 63' lang='lat' dir='ltr'><strong><em>est&#39;Filii</em></strong></span> <span class='ocrx_word' id='word_1_673' title='bbox 3188 4173 3440 4247; x_wconf 75' lang='lat' dir='ltr'><strong><em>Spiritus</em></strong></span> 
     </span>
    </p>
   </div>
   <div class='ocr_carea' id='block_1_87' title="bbox 1869 4267 3442 4341">
    <p class='ocr_par' dir='ltr' id='par_1_87' title="bbox 1869 4267 3442 4341">
     <span class='ocr_line' id='line_1_87' title="bbox 1869 4267 3442 4341; baseline -0.006 -11"><span class='ocrx_word' id='word_1_674' title='bbox 1869 4277 2194 4331; x_wconf 82' lang='lat' dir='ltr'><strong><em>naturaliter</em></strong></span> <span class='ocrx_word' id='word_1_675' title='bbox 2226 4282 2279 4327; x_wconf 92' lang='lat' dir='ltr'><strong><em>ct</em></strong></span> <span class='ocrx_word' id='word_1_676' title='bbox 2300 4274 2356 4327; x_wconf 89' lang='lat' dir='ltr'><strong><em>in</em></strong></span> <span class='ocrx_word' id='word_1_677' title='bbox 2389 4272 2509 4341; x_wconf 88' lang='lat' dir='ltr'><strong><em>ipso</em></strong></span> <span class='ocrx_word' id='word_1_678' title='bbox 2533 4271 2830 4334; x_wconf 80' lang='lat' dir='ltr'><strong><em>exsisteus,</em></strong></span> <span class='ocrx_word' id='word_1_679' title='bbox 2849 4276 2899 4322; x_wconf 87' lang='lat' dir='ltr'><strong><em>et</em></strong></span> <span class='ocrx_word' id='word_1_680' title='bbox 2922 4283 3018 4337; x_wconf 88' lang='lat' dir='ltr'><strong><em>per</em></strong></span> <span class='ocrx_word' id='word_1_681' title='bbox 3042 4267 3219 4340; x_wconf 90' lang='lat' dir='ltr'><strong><em>ipsum</em></strong></span> <span class='ocrx_word' id='word_1_682' title='bbox 3239 4282 3442 4337; x_wconf 80' lang='lat' dir='ltr'><strong><em>proce-</em></strong></span> 
     </span>
    </p>
   </div>
   <div class='ocr_carea' id='block_1_88' title="bbox 1869 4359 3440 4430">
    <p class='ocr_par' dir='ltr' id='par_1_88' title="bbox 1869 4359 3440 4430">
     <span class='ocr_line' id='line_1_88' title="bbox 1869 4359 3440 4430; baseline -0.006 -6"><span class='ocrx_word' id='word_1_683' title='bbox 1869 4369 2029 4430; x_wconf 85' lang='lat' dir='ltr'><strong><em>deus,</em></strong></span> <span class='ocrx_word' id='word_1_684' title='bbox 2064 4368 2142 4421; x_wconf 86' lang='lat' dir='ltr'><strong><em>ita</em></strong></span> <span class='ocrx_word' id='word_1_685' title='bbox 2174 4367 2339 4422; x_wconf 89' lang='lat' dir='ltr'><strong><em>etiam</em></strong></span> <span class='ocrx_word' id='word_1_686' title='bbox 2393 4364 2598 4419; x_wconf 80' lang='lat' dir='ltr'><strong><em>Patris.</em></strong></span> <span class='ocrx_word' id='word_1_687' title='bbox 2645 4362 2858 4429; x_wconf 79' lang='lat' dir='ltr'><strong><em>Quibus</em></strong></span> <span class='ocrx_word' id='word_1_688' title='bbox 2911 4372 3092 4415; x_wconf 89' lang='lat' dir='ltr'><strong><em>autem</em></strong></span> <span class='ocrx_word' id='word_1_689' title='bbox 3127 4359 3440 4416; x_wconf 86' lang='lat' dir='ltr'><strong><em>communis</em></strong></span> 
     </span>
    </p>
   </div>
   <div class='ocr_carea' id='block_1_89' title="bbox 1870 4453 3438 4531">
    <p class='ocr_par' dir='ltr' id='par_1_89' title="bbox 1870 4453 3438 4531">
     <span class='ocr_line' id='line_1_89' title="bbox 1870 4453 3438 4531; baseline -0.006 -15"><span class='ocrx_word' id='word_1_690' title='bbox 1870 4469 1956 4516; x_wconf 89' lang='lat' dir='ltr'><strong><em>est</em></strong></span> <span class='ocrx_word' id='word_1_691' title='bbox 1984 4459 2269 4531; x_wconf 85' lang='lat' dir='ltr'><strong><em>Spiritus,</em></strong></span> <span class='ocrx_word' id='word_1_692' title='bbox 2322 4457 2376 4511; x_wconf 91' lang='lat' dir='ltr'><strong><em>hi</em></strong></span> <span class='ocrx_word' id='word_1_693' title='bbox 2411 4459 2602 4527; x_wconf 87' lang='lat' dir='ltr'><strong><em>utique</em></strong></span> <span class='ocrx_word' id='word_1_694' title='bbox 2647 4455 2959 4509; x_wconf 78' lang='lat' dir='ltr'><strong><em>substantia</em></strong></span> <span class='ocrx_word' id='word_1_695' title='bbox 2996 4469 3105 4508; x_wconf 84' lang='lat' dir='ltr'><strong><em>non</em></strong></span> <span class='ocrx_word' id='word_1_696' title='bbox 3155 4453 3438 4508; x_wconf 71' lang='lat' dir='ltr'><strong><em>differunt.</em></strong></span> 
     </span>
    </p>
   </div>
   <div class='ocr_carea' id='block_1_90' title="bbox 1868 4542 3441 4615">
    <p class='ocr_par' dir='ltr' id='par_1_90' title="bbox 1868 4542 3441 4615">
     <span class='ocr_line' id='line_1_90' title="bbox 1868 4542 3441 4615; baseline -0.004 -12"><span class='ocrx_word' id='word_1_697' title='bbox 1868 4549 1946 4606; x_wconf 85' lang='lat' dir='ltr'><strong><em>Ne</em></strong></span> <span class='ocrx_word' id='word_1_698' title='bbox 1981 4565 2082 4605; x_wconf 90' lang='lat' dir='ltr'><strong><em>nos</em></strong></span> <span class='ocrx_word' id='word_1_699' title='bbox 2115 4551 2259 4604; x_wconf 88' lang='lat' dir='ltr'><strong><em>enim</em></strong></span> <span class='ocrx_word' id='word_1_700' title='bbox 2289 4548 2476 4603; x_wconf 86' lang='lat' dir='ltr'><strong><em>stultis</em></strong></span> <span class='ocrx_word' id='word_1_701' title='bbox 2508 4547 2624 4602; x_wconf 85' lang='lat' dir='ltr'><strong><em>suis</em></strong></span> <span class='ocrx_word' id='word_1_702' title='bbox 2654 4546 3000 4600; x_wconf 89' lang='lat' dir='ltr'><strong><em>sermonibus</em></strong></span> <span class='ocrx_word' id='word_1_703' title='bbox 3033 4544 3187 4615; x_wconf 86' lang='lat' dir='ltr'><strong><em>impii</em></strong></span> <span class='ocrx_word' id='word_1_704' title='bbox 3217 4542 3441 4613; x_wconf 86' lang='lat' dir='ltr'><strong><em>quidam</em></strong></span> 
     </span>
    </p>
   </div>
   <div class='ocr_carea' id='block_1_91' title="bbox 1871 4634 3439 4711">
    <p class='ocr_par' dir='ltr' id='par_1_91' title="bbox 1871 4634 3439 4711">
     <span class='ocr_line' id='line_1_91' title="bbox 1871 4634 3439 4711; baseline -0.007 -14"><span class='ocrx_word' id='word_1_705' title='bbox 1871 4644 2038 4697; x_wconf 81' lang='lat' dir='ltr'><strong><em>adea</em></strong></span> <span class='ocrx_word' id='word_1_706' title='bbox 2072 4657 2192 4711; x_wconf 68' lang='lat' dir='ltr'><strong><em>qua:</em></strong></span> <span class='ocrx_word' id='word_1_707' title='bbox 2227 4639 2381 4694; x_wconf 78' lang='lat' dir='ltr'><strong><em>nefas</em></strong></span> <span class='ocrx_word' id='word_1_708' title='bbox 2428 4638 2724 4699; x_wconf 85' lang='lat' dir='ltr'><strong><em>abducant,</em></strong></span> <span class='ocrx_word' id='word_1_709' title='bbox 2783 4644 2842 4692; x_wconf 78' lang='lat' dir='ltr'><strong><em>ut</em></strong></span> <span class='ocrx_word' id='word_1_710' title='bbox 2885 4637 3190 4708; x_wconf 78' lang='lat' dir='ltr'><strong><em>cogitemus</em></strong></span> <span class='ocrx_word' id='word_1_711' title='bbox 3238 4634 3439 4688; x_wconf 80' lang='lat' dir='ltr'><strong><em>Filium</em></strong></span> 
     </span>
    </p>
   </div>
   <div class='ocr_carea' id='block_1_92' title="bbox 1870 4725 3443 4800">
    <p class='ocr_par' dir='ltr' id='par_1_92' title="bbox 1870 4725 3443 4800">
     <span class='ocr_line' id='line_1_92' title="bbox 1870 4725 3443 4800; baseline -0.006 -12"><span class='ocrx_word' id='word_1_712' title='bbox 1870 4734 2114 4788; x_wconf 85' lang='lat' dir='ltr'><strong><em>ministri</em></strong></span> <span class='ocrx_word' id='word_1_713' title='bbox 2149 4733 2296 4786; x_wconf 78' lang='lat' dir='ltr'><strong><em>vices</em></strong></span> <span class='ocrx_word' id='word_1_714' title='bbox 2327 4729 2628 4800; x_wconf 82' lang='lat' dir='ltr'><strong><em>implendo,</em></strong></span> <span class='ocrx_word' id='word_1_715' title='bbox 2662 4728 2928 4800; x_wconf 82' lang='lat' dir='ltr'><strong><em>Spiritum</em></strong></span> <span class='ocrx_word' id='word_1_716' title='bbox 2965 4728 3059 4799; x_wconf 84' lang='lat' dir='ltr'><strong><em>qui</em></strong></span> <span class='ocrx_word' id='word_1_717' title='bbox 3105 4742 3140 4781; x_wconf 65' lang='grc' dir='ltr'><strong><em>ο</em></strong></span> <span class='ocrx_word' id='word_1_718' title='bbox 3171 4725 3329 4780; x_wconf 83' lang='lat' dir='ltr'><strong><em>Patre</em></strong></span> <span class='ocrx_word' id='word_1_719' title='bbox 3357 4731 3443 4780; x_wconf 88' lang='lat' dir='ltr'><strong><em>est</em></strong></span> 
     </span>
    </p>
   </div>
   <div class='ocr_carea' id='block_1_93' title="bbox 1873 4814 3442 4880">
    <p class='ocr_par' dir='ltr' id='par_1_93' title="bbox 1873 4814 3442 4880">
     <span class='ocr_line' id='line_1_93' title="bbox 1873 4814 3442 4880; baseline -0.007 -1"><span class='ocrx_word' id='word_1_720' title='bbox 1873 4834 2138 4880; x_wconf 69' lang='lat' dir='ltr'><strong><em>creatura:</em></strong></span> <span class='ocrx_word' id='word_1_721' title='bbox 2174 4822 2530 4878; x_wconf 86' lang='lat' dir='ltr'><strong><em>ministrare:</em></strong></span> <span class='ocrx_word' id='word_1_722' title='bbox 2569 4837 2690 4876; x_wconf 87' lang='lat' dir='ltr'><strong><em>nam</em></strong></span> <span class='ocrx_word' id='word_1_723' title='bbox 2731 4820 2784 4875; x_wconf 92' lang='lat' dir='ltr'><strong><em>id</em></strong></span> <span class='ocrx_word' id='word_1_724' title='bbox 2819 4820 3064 4875; x_wconf 87' lang='lat' dir='ltr'><strong><em>nonnulli</em></strong></span> <span class='ocrx_word' id='word_1_725' title='bbox 3096 4819 3278 4872; x_wconf 83' lang='lat' dir='ltr'><strong><em>dicere</em></strong></span> <span class='ocrx_word' id='word_1_726' title='bbox 3319 4814 3442 4871; x_wconf 86' lang='lat' dir='ltr'><strong><em>ausi</em></strong></span> 
     </span>
    </p>
   </div>
   <div class='ocr_carea' id='block_1_94' title="bbox 194 4906 1759 4993">
    <p class='ocr_par' dir='ltr' id='par_1_94' title="bbox 194 4917 1759 4993">
     <span class='ocr_line' id='line_1_94' title="bbox 194 4917 1759 4993; baseline -0.001 -22"><span class='ocrx_word' id='word_1_727' title='bbox 194 4917 346 4984; x_wconf 81' lang='grc' dir='ltr'>θείας</span> <span class='ocrx_word' id='word_1_728' title='bbox 376 4920 820 4993; x_wconf 81' lang='grc' dir='ltr'>ἀποκομιζόντων</span> <span class='ocrx_word' id='word_1_729' title='bbox 852 4920 1051 4989; x_wconf 82' lang='grc' dir='ltr'>λόγοις,</span> <span class='ocrx_word' id='word_1_730' title='bbox 1082 4923 1163 4983; x_wconf 84' lang='grc' dir='ltr'><strong><em>είς</em></strong></span> <span class='ocrx_word' id='word_1_731' title='bbox 1193 4919 1229 4973; x_wconf 77' lang='grc' dir='ltr'><strong>ἃ</strong></span> <span class='ocrx_word' id='word_1_732' title='bbox 1261 4920 1334 4990; x_wconf 82' lang='grc' dir='ltr'>μὴ</span> <span class='ocrx_word' id='word_1_733' title='bbox 1360 4919 1517 4988; x_wconf 81' lang='grc' dir='ltr'>θέμις</span> <span class='ocrx_word' id='word_1_734' title='bbox 1544 4920 1759 4976; x_wconf 79' lang='grc' dir='ltr'>ἐννοεῖν.</span> 
     </span>
    </p>
   </div>
   <div class='ocr_carea' id='block_1_95' title="bbox 1861 4906 3525 4993">
    <p class='ocr_par' dir='ltr' id='par_1_95' title="bbox 1875 4906 3525 4984">
     <span class='ocr_line' id='line_1_95' title="bbox 1875 4906 3525 4984; baseline -0.007 -12"><span class='ocrx_word' id='word_1_735' title='bbox 1875 4916 2193 4983; x_wconf 61' lang='grc' dir='ltr'>διωμοσία</span> <span class='ocrx_word' id='word_1_736' title='bbox 2220 4916 2404 4984; x_wconf 86' lang='lat' dir='ltr'><strong><em>potius</em></strong></span> <span class='ocrx_word' id='word_1_737' title='bbox 2444 4925 2873 4970; x_wconf 87' lang='lat' dir='ltr'><strong><em>consentaneum</em></strong></span> <span class='ocrx_word' id='word_1_738' title='bbox 2905 4920 2989 4968; x_wconf 91' lang='lat' dir='ltr'><strong><em>est</em></strong></span> <span class='ocrx_word' id='word_1_739' title='bbox 3018 4909 3266 4971; x_wconf 86' lang='lat' dir='ltr'><strong><em>credere,</em></strong></span> <span class='ocrx_word' id='word_1_740' title='bbox 3295 4906 3441 4978; x_wconf 89' lang='lat' dir='ltr'><strong><em>quod</em></strong></span> <span class='ocrx_word' id='word_1_741' title='bbox 3524 4936 3525 4941; x_wconf 59' lang='grc' dir='ltr'><strong><em>η</em></strong></span> 
     </span>
    </p>
   </div>
   <div class='ocr_carea' id='block_1_96' title="bbox 206 5009 1776 5083">
    <p class='ocr_par' dir='ltr' id='par_1_96' title="bbox 206 5009 1776 5083">
     <span class='ocr_line' id='line_1_96' title="bbox 206 5009 1776 5083; baseline -0.001 -22"><span class='ocrx_word' id='word_1_742' title='bbox 206 5009 275 5073; x_wconf 81' lang='grc' dir='ltr'>ὡς</span> <span class='ocrx_word' id='word_1_743' title='bbox 316 5012 654 5083; x_wconf 79' lang='grc' dir='ltr'>ὑπουργικήν</span> <span class='ocrx_word' id='word_1_744' title='bbox 710 5012 829 5065; x_wconf 80' lang='grc' dir='ltr'>τινα</span> <span class='ocrx_word' id='word_1_745' title='bbox 871 5012 1060 5081; x_wconf 83' lang='grc' dir='ltr'>χρείαν</span> <span class='ocrx_word' id='word_1_746' title='bbox 1103 5010 1437 5082; x_wconf 84' lang='grc' dir='ltr'>ἀποπληρῶν</span> <span class='ocrx_word' id='word_1_747' title='bbox 1481 5012 1510 5062; x_wconf 82' lang='grc' dir='ltr'><strong><em>ὁ</em></strong></span> <span class='ocrx_word' id='word_1_748' title='bbox 1550 5009 1678 5072; x_wconf 80' lang='grc' dir='ltr'><strong><em>Υἱὸς</em></strong></span> <span class='ocrx_word' id='word_1_749' title='bbox 1715 5010 1776 5062; x_wconf 67' lang='grc' dir='ltr'>τὸ</span> 
     </span>
    </p>
   </div>
   <div class='ocr_carea' id='block_1_97' title="bbox 114 5080 1775 5173">
    <p class='ocr_par' dir='ltr' id='par_1_97' title="bbox 114 5080 1775 5173">
     <span class='ocr_line' id='line_1_97' title="bbox 114 5080 1775 5173; baseline 0.001 -21"><span class='ocrx_word' id='word_1_750' title='bbox 114 5080 122 5101; x_wconf 70' lang='grc'><em>’</em></span> <span class='ocrx_word' id='word_1_751' title='bbox 194 5101 349 5170; x_wconf 72' lang='grc' dir='ltr'><strong><em>⁸παρὰ</em></strong></span> <span class='ocrx_word' id='word_1_752' title='bbox 383 5080 477 5155; x_wconf 83' lang='grc' dir='ltr'><strong><em>τοῦ</em></strong></span> <span class='ocrx_word' id='word_1_753' title='bbox 514 5080 726 5173; x_wconf 67' lang='grc' dir='ltr'>Πατρός</span> <span class='ocrx_word' id='word_1_754' title='bbox 769 5080 997 5173; x_wconf 78' lang='grc' dir='ltr'>Πνεῦμα</span> <span class='ocrx_word' id='word_1_755' title='bbox 1030 5104 1095 5173; x_wconf 84' lang='grc' dir='ltr'>τῇ</span> <span class='ocrx_word' id='word_1_756' title='bbox 1131 5080 1627 5156; x_wconf 22' lang='grc' dir='ltr'>κτίσειηδιακονεῦ</span> <span class='ocrx_word' id='word_1_757' title='bbox 1684 5101 1775 5153; x_wconf 70' lang='grc' dir='ltr'>καὶ</span> 
     </span>
    </p>
   </div>
   <div class='ocr_carea' id='block_1_98' title="bbox 196 5192 1773 5267">
    <p class='ocr_par' dir='ltr' id='par_1_98' title="bbox 196 5192 1773 5267">
     <span class='ocr_line' id='line_1_98' title="bbox 196 5192 1773 5267; baseline 0 -21"><span class='ocrx_word' id='word_1_758' title='bbox 196 5192 353 5248; x_wconf 79' lang='grc' dir='ltr'>τοῦτο</span> <span class='ocrx_word' id='word_1_759' title='bbox 400 5195 510 5267; x_wconf 85' lang='grc' dir='ltr'>γὰρ</span> <span class='ocrx_word' id='word_1_760' title='bbox 559 5196 832 5259; x_wconf 83' lang='grc' dir='ltr'>ἀσυνέτως</span> <span class='ocrx_word' id='word_1_761' title='bbox 883 5196 1027 5259; x_wconf 84' lang='grc' dir='ltr'>τινὲς</span> <span class='ocrx_word' id='word_1_762' title='bbox 1079 5196 1139 5249; x_wconf 79' lang='grc' dir='ltr'>οὐ</span> <span class='ocrx_word' id='word_1_763' title='bbox 1203 5193 1521 5248; x_wconf 82' lang='grc' dir='ltr'>κατέδεισαν</span> <span class='ocrx_word' id='word_1_764' title='bbox 1578 5194 1773 5246; x_wconf 85' lang='grc' dir='ltr'>εἰπεῖν.</span> 
     </span>
    </p>
   </div>
   <div class='ocr_carea' id='block_1_99' title="bbox 193 5284 1773 5358">
    <p class='ocr_par' dir='ltr' id='par_1_99' title="bbox 193 5284 1773 5358">
     <span class='ocr_line' id='line_1_99' title="bbox 193 5284 1773 5358; baseline 0 -19"><span class='ocrx_word' id='word_1_765' title='bbox 193 5284 478 5341; x_wconf 66' lang='grc' dir='ltr'>πιστεύειν</span> <span class='ocrx_word' id='word_1_766' title='bbox 521 5287 579 5341; x_wconf 82' lang='grc' dir='ltr'>δὲ</span> <span class='ocrx_word' id='word_1_767' title='bbox 635 5288 837 5358; x_wconf 79' lang='grc' dir='ltr'>μᾶλλον</span> <span class='ocrx_word' id='word_1_768' title='bbox 883 5288 1194 5351; x_wconf 83' lang='grc' dir='ltr'>ἀκόλουθον,</span> <span class='ocrx_word' id='word_1_769' title='bbox 1230 5287 1314 5350; x_wconf 85' lang='grc' dir='ltr'>ὼς</span> <span class='ocrx_word' id='word_1_770' title='bbox 1364 5285 1594 5356; x_wconf 80' lang='grc' dir='ltr'>ἐπείπερ</span> <span class='ocrx_word' id='word_1_771' title='bbox 1644 5285 1773 5339; x_wconf 74' lang='grc' dir='ltr'>ἴδιόν</span> 
     </span>
    </p>
   </div>
   <div class='ocr_carea' id='block_1_100' title="bbox 206 5377 1768 5449">
    <p class='ocr_par' dir='ltr' id='par_1_100' title="bbox 206 5377 1768 5449">
     <span class='ocr_line' id='line_1_100' title="bbox 206 5377 1768 5449; baseline -0.001 -20"><span class='ocrx_word' id='word_1_772' title='bbox 206 5378 345 5432; x_wconf 73' lang='grc' dir='ltr'>ἐστιν</span> <span class='ocrx_word' id='word_1_773' title='bbox 376 5379 567 5443; x_wconf 81' lang='grc' dir='ltr'>αὐτοῦ,</span> <span class='ocrx_word' id='word_1_774' title='bbox 614 5379 864 5449; x_wconf 86' lang='grc' dir='ltr'>καθάπερ</span> <span class='ocrx_word' id='word_1_775' title='bbox 894 5378 1086 5449; x_wconf 83' lang='grc' dir='ltr'>ἀμέλει</span> <span class='ocrx_word' id='word_1_776' title='bbox 1117 5380 1218 5432; x_wconf 63' lang='grc' dir='ltr'><strong>καῖ</strong></span> <span class='ocrx_word' id='word_1_777' title='bbox 1237 5378 1331 5432; x_wconf 90' lang='grc' dir='ltr'><strong><em>τοῦ</em></strong></span> <span class='ocrx_word' id='word_1_778' title='bbox 1358 5377 1492 5431; x_wconf 84' lang='grc' dir='ltr'>Θεοῦ</span> <span class='ocrx_word' id='word_1_779' title='bbox 1526 5378 1623 5430; x_wconf 79' lang='grc' dir='ltr'>καὶ</span> <span class='ocrx_word' id='word_1_780' title='bbox 1656 5378 1768 5429; x_wconf 87' lang='grc' dir='ltr'>Πα-</span> 
     </span>
    </p>
   </div>
   <div class='ocr_carea' id='block_1_101' title="bbox 199 5469 1799 5546">
    <p class='ocr_par' dir='ltr' id='par_1_101' title="bbox 199 5469 1799 5546">
     <span class='ocr_line' id='line_1_101' title="bbox 199 5469 1799 5546; baseline 0.009 -25"><span class='ocrx_word' id='word_1_781' title='bbox 199 5471 343 5542; x_wconf 71' lang='grc' dir='ltr'>τρός.</span> <span class='ocrx_word' id='word_1_782' title='bbox 390 5473 711 5527; x_wconf 76' lang='grc' dir='ltr'>ἀποστέλλει</span> <span class='ocrx_word' id='word_1_783' title='bbox 750 5475 863 5535; x_wconf 84' lang='grc' dir='ltr'>τοῖς</span> <span class='ocrx_word' id='word_1_784' title='bbox 905 5472 1083 5541; x_wconf 86' lang='grc' dir='ltr'>ἁγίοις</span> <span class='ocrx_word' id='word_1_785' title='bbox 1130 5471 1295 5525; x_wconf 82' lang='grc' dir='ltr'>αὑτοῦ</span> <span class='ocrx_word' id='word_1_786' title='bbox 1339 5472 1606 5544; x_wconf 78' lang='grc' dir='ltr'>μαθηταῖς</span> <span class='ocrx_word' id='word_1_787' title='bbox 1634 5469 1769 5539; x_wconf 74' lang='grc' dir='ltr'>πρὸς</span> <span class='ocrx_word' id='word_1_788' title='bbox 1790 5539 1799 5546; x_wconf 61' lang='grc'>,</span> 
     </span>
    </p>
   </div>
   <div class='ocr_carea' id='block_1_102' title="bbox 206 5562 1765 5637">
    <p class='ocr_par' dir='ltr' id='par_1_102' title="bbox 206 5562 1765 5637">
     <span class='ocr_line' id='line_1_102' title="bbox 206 5562 1765 5637; baseline -0.001 -21"><span class='ocrx_word' id='word_1_789' title='bbox 206 5564 486 5636; x_wconf 74' lang='grc' dir='ltr'>ἁγιασμόν.</span> <span class='ocrx_word' id='word_1_790' title='bbox 540 5565 601 5619; x_wconf 83' lang='lat' dir='ltr'><strong><em>El</em></strong></span> <span class='ocrx_word' id='word_1_791' title='bbox 626 5565 684 5619; x_wconf 86' lang='grc' dir='ltr'><strong><em>δέ</em></strong></span> <span class='ocrx_word' id='word_1_792' title='bbox 713 5565 778 5634; x_wconf 83' lang='grc' dir='ltr'>δὴ</span> <span class='ocrx_word' id='word_1_793' title='bbox 809 5564 1088 5635; x_wconf 80' lang='grc' dir='ltr'>νομίζουσι</span> <span class='ocrx_word' id='word_1_794' title='bbox 1120 5565 1318 5637; x_wconf 88' lang='grc' dir='ltr'>τρόπον</span> <span class='ocrx_word' id='word_1_795' title='bbox 1352 5562 1495 5628; x_wconf 77' lang='grc' dir='ltr'>τινά,</span> <span class='ocrx_word' id='word_1_796' title='bbox 1526 5562 1621 5615; x_wconf 73' lang='grc' dir='ltr'>καὶ</span> <span class='ocrx_word' id='word_1_797' title='bbox 1649 5563 1765 5633; x_wconf 85' lang='grc' dir='ltr'>δρι-</span> 
     </span>
    </p>
   </div>
   <div class='ocr_carea' id='block_1_103' title="bbox 201 5654 1764 5729">
    <p class='ocr_par' dir='ltr' id='par_1_103' title="bbox 201 5654 1764 5729">
     <span class='ocr_line' id='line_1_103' title="bbox 201 5654 1764 5729; baseline -0.003 -19"><span class='ocrx_word' id='word_1_798' title='bbox 201 5656 274 5729; x_wconf 74' lang='grc' dir='ltr'>μὺ</span> <span class='ocrx_word' id='word_1_799' title='bbox 302 5659 439 5711; x_wconf 88' lang='grc' dir='ltr'>νοεῖν</span> <span class='ocrx_word' id='word_1_800' title='bbox 470 5674 527 5710; x_wconf 79' lang='grc' dir='ltr'><strong><em>τε</em></strong></span> <span class='ocrx_word' id='word_1_801' title='bbox 557 5657 651 5712; x_wconf 70' lang='grc' dir='ltr'>καὶ</span> <span class='ocrx_word' id='word_1_802' title='bbox 677 5656 877 5726; x_wconf 84' lang='grc' dir='ltr'>λέγειν,</span> <span class='ocrx_word' id='word_1_803' title='bbox 911 5657 1155 5711; x_wconf 82' lang='grc' dir='ltr'>διάκονον</span> <span class='ocrx_word' id='word_1_804' title='bbox 1181 5659 1314 5729; x_wconf 84' lang='grc' dir='ltr'>ἡμῖν</span> <span class='ocrx_word' id='word_1_805' title='bbox 1348 5657 1439 5711; x_wconf 72' lang='grc' dir='ltr'>καὶ</span> <span class='ocrx_word' id='word_1_806' title='bbox 1468 5654 1764 5724; x_wconf 73' lang='grc' dir='ltr'>ὑπουργὸν,</span> 
     </span>
    </p>
   </div>
   <div class='ocr_carea' id='block_1_104' title="bbox 1873 4999 3443 5079">
    <p class='ocr_par' dir='ltr' id='par_1_104' title="bbox 1873 4999 3443 5079">
     <span class='ocr_line' id='line_1_104' title="bbox 1873 4999 3443 5079; baseline -0.008 -16"><span class='ocrx_word' id='word_1_807' title='bbox 1873 5025 1997 5063; x_wconf 89' lang='lat' dir='ltr'><strong><em>cum</em></strong></span> <span class='ocrx_word' id='word_1_808' title='bbox 2031 5007 2272 5079; x_wconf 90' lang='lat' dir='ltr'><strong><em>Spiritus</em></strong></span> <span class='ocrx_word' id='word_1_809' title='bbox 2301 5006 2372 5062; x_wconf 88' lang='lat' dir='ltr'><strong><em>sit</em></strong></span> <span class='ocrx_word' id='word_1_810' title='bbox 2399 5007 2525 5076; x_wconf 84' lang='lat' dir='ltr'><strong><em>ejus</em></strong></span> <span class='ocrx_word' id='word_1_811' title='bbox 2554 5006 2833 5077; x_wconf 82' lang='lat' dir='ltr'><strong><em>preprius,</em></strong></span> <span class='ocrx_word' id='word_1_812' title='bbox 2876 5002 3040 5058; x_wconf 85' lang='lat' dir='ltr'><strong><em>sicuti</em></strong></span> <span class='ocrx_word' id='word_1_813' title='bbox 3081 4999 3335 5053; x_wconf 85' lang='lat' dir='ltr'><strong><em>nimirum</em></strong></span> <span class='ocrx_word' id='word_1_814' title='bbox 3357 5005 3443 5054; x_wconf 88' lang='lat' dir='ltr'><strong><em>est</em></strong></span> 
     </span>
    </p>
   </div>
   <div class='ocr_carea' id='block_1_105' title="bbox 1874 5090 3443 5163">
    <p class='ocr_par' dir='ltr' id='par_1_105' title="bbox 1874 5090 3443 5163">
     <span class='ocr_line' id='line_1_105' title="bbox 1874 5090 3443 5163; baseline -0.008 -9"><span class='ocrx_word' id='word_1_815' title='bbox 1874 5101 1966 5156; x_wconf 89' lang='lat' dir='ltr'><strong><em>Dei</em></strong></span> <span class='ocrx_word' id='word_1_816' title='bbox 2011 5116 2073 5155; x_wconf 89' lang='lat' dir='ltr'><strong><em>ac</em></strong></span> <span class='ocrx_word' id='word_1_817' title='bbox 2107 5098 2306 5163; x_wconf 81' lang='lat' dir='ltr'><strong><em>Patris,</em></strong></span> <span class='ocrx_word' id='word_1_818' title='bbox 2338 5099 2546 5153; x_wconf 86' lang='lat' dir='ltr'><strong><em>sanctis</em></strong></span> <span class='ocrx_word' id='word_1_819' title='bbox 2586 5113 2711 5153; x_wconf 90' lang='lat' dir='ltr'><strong><em>eum</em></strong></span> <span class='ocrx_word' id='word_1_820' title='bbox 2756 5096 2874 5150; x_wconf 88' lang='lat' dir='ltr'><strong><em>suis</em></strong></span> <span class='ocrx_word' id='word_1_821' title='bbox 2918 5090 3208 5162; x_wconf 89' lang='lat' dir='ltr'><strong><em>discipulis</em></strong></span> <span class='ocrx_word' id='word_1_822' title='bbox 3258 5090 3443 5143; x_wconf 86' lang='lat' dir='ltr'><strong><em>mittat</em></strong></span> 
     </span>
    </p>
   </div>
   <div class='ocr_carea' id='block_1_106' title="bbox 1870 5179 3442 5255">
    <p class='ocr_par' dir='ltr' id='par_1_106' title="bbox 1870 5179 3442 5255">
     <span class='ocr_line' id='line_1_106' title="bbox 1870 5179 3442 5255; baseline -0.009 -6"><span class='ocrx_word' id='word_1_823' title='bbox 1870 5194 1938 5249; x_wconf 85' lang='lat' dir='ltr'><strong><em>ad</em></strong></span> <span class='ocrx_word' id='word_1_824' title='bbox 1976 5193 2494 5250; x_wconf 81' lang='lat' dir='ltr'><strong><em>sanctiticationem.</em></strong></span> <span class='ocrx_word' id='word_1_825' title='bbox 2528 5189 2686 5255; x_wconf 85' lang='lat' dir='ltr'><strong><em>Quod</em></strong></span> <span class='ocrx_word' id='word_1_826' title='bbox 2720 5189 2767 5242; x_wconf 88' lang='lat' dir='ltr'><strong><em>si</em></strong></span> <span class='ocrx_word' id='word_1_827' title='bbox 2819 5193 3040 5239; x_wconf 88' lang='lat' dir='ltr'><strong><em>acutum</em></strong></span> <span class='ocrx_word' id='word_1_828' title='bbox 3077 5180 3265 5236; x_wconf 85' lang='lat' dir='ltr'><strong><em>nescio</em></strong></span> <span class='ocrx_word' id='word_1_829' title='bbox 3309 5179 3442 5250; x_wconf 86' lang='lat' dir='ltr'><strong><em>quid</em></strong></span> 
     </span>
    </p>
   </div>
   <div class='ocr_carea' id='block_1_107' title="bbox 1872 5273 3444 5354">
    <p class='ocr_par' dir='ltr' id='par_1_107' title="bbox 1872 5273 3444 5354">
     <span class='ocr_line' id='line_1_107' title="bbox 1872 5273 3444 5354; baseline -0.011 -11"><span class='ocrx_word' id='word_1_830' title='bbox 1872 5288 2078 5343; x_wconf 88' lang='lat' dir='ltr'><strong><em>sentire</em></strong></span> <span class='ocrx_word' id='word_1_831' title='bbox 2107 5301 2166 5340; x_wconf 87' lang='lat' dir='ltr'><strong><em>se</em></strong></span> <span class='ocrx_word' id='word_1_832' title='bbox 2203 5301 2265 5338; x_wconf 87' lang='lat' dir='ltr'><strong><em>ac</em></strong></span> <span class='ocrx_word' id='word_1_833' title='bbox 2314 5284 2501 5354; x_wconf 83' lang='lat' dir='ltr'><strong><em>dicere</em></strong></span> <span class='ocrx_word' id='word_1_834' title='bbox 2534 5280 2872 5341; x_wconf 79' lang='lat' dir='ltr'><strong><em>existimant,</em></strong></span> <span class='ocrx_word' id='word_1_835' title='bbox 2906 5276 3033 5329; x_wconf 86' lang='lat' dir='ltr'><strong><em>dum</em></strong></span> <span class='ocrx_word' id='word_1_836' title='bbox 3086 5273 3173 5327; x_wconf 89' lang='lat' dir='ltr'><strong><em>nic</em></strong></span> <span class='ocrx_word' id='word_1_837' title='bbox 3224 5287 3444 5342; x_wconf 86' lang='lat' dir='ltr'><strong><em>quoque</em></strong></span> 
     </span>
    </p>
   </div>
   <div class='ocr_carea' id='block_1_108' title="bbox 1867 5365 3444 5447">
    <p class='ocr_par' dir='ltr' id='par_1_108' title="bbox 1867 5365 3444 5447">
     <span class='ocr_line' id='line_1_108' title="bbox 1867 5365 3444 5447; baseline -0.011 -14"><span class='ocrx_word' id='word_1_838' title='bbox 1867 5378 2072 5433; x_wconf 73' lang='lat' dir='ltr'><strong><em>Filium</em></strong></span> <span class='ocrx_word' id='word_1_839' title='bbox 2103 5377 2263 5432; x_wconf 85' lang='lat' dir='ltr'><strong><em>nobis</em></strong></span> <span class='ocrx_word' id='word_1_840' title='bbox 2308 5375 2619 5447; x_wconf 86' lang='lat' dir='ltr'><strong><em>ministrum</em></strong></span> <span class='ocrx_word' id='word_1_841' title='bbox 2649 5376 2702 5423; x_wconf 91' lang='lat' dir='ltr'><strong><em>et</em></strong></span> <span class='ocrx_word' id='word_1_842' title='bbox 2732 5376 3115 5422; x_wconf 83' lang='lat' dir='ltr'><strong><em>exsecutorem</em></strong></span> <span class='ocrx_word' id='word_1_843' title='bbox 3152 5365 3444 5425; x_wconf 87' lang='lat' dir='ltr'><strong><em>inducunt,</em></strong></span> 
     </span>
    </p>
   </div>
   <div class='ocr_carea' id='block_1_109' title="bbox 1875 5457 3449 5541">
    <p class='ocr_par' dir='ltr' id='par_1_109' title="bbox 1875 5457 3449 5541">
     <span class='ocr_line' id='line_1_109' title="bbox 1875 5457 3449 5541; baseline -0.011 -16"><span class='ocrx_word' id='word_1_844' title='bbox 1875 5471 1967 5541; x_wconf 89' lang='lat' dir='ltr'><strong><em>qui</em></strong></span> <span class='ocrx_word' id='word_1_845' title='bbox 2000 5485 2106 5524; x_wconf 90' lang='lat' dir='ltr'><strong><em>non</em></strong></span> <span class='ocrx_word' id='word_1_846' title='bbox 2138 5469 2322 5523; x_wconf 88' lang='lat' dir='ltr'><strong><em>dicere</em></strong></span> <span class='ocrx_word' id='word_1_847' title='bbox 2356 5463 2612 5519; x_wconf 75' lang='lat' dir='ltr'><strong><em>convenit</em></strong></span> <span class='ocrx_word' id='word_1_848' title='bbox 2640 5480 2652 5515; x_wconf 94' lang='lat'>:</span> <span class='ocrx_word' id='word_1_849' title='bbox 2681 5459 2846 5514; x_wconf 87' lang='lat' dir='ltr'><strong><em>Stulti</em></strong></span> <span class='ocrx_word' id='word_1_850' title='bbox 2885 5473 2949 5512; x_wconf 89' lang='lat' dir='ltr'><strong><em>ac</em></strong></span> <span class='ocrx_word' id='word_1_851' title='bbox 2985 5457 3136 5520; x_wconf 64' lang='grc' dir='ltr'>(παισὶ,</span> <span class='ocrx_word' id='word_1_852' title='bbox 3184 5471 3291 5511; x_wconf 92' lang='lat' dir='ltr'><strong><em>non</em></strong></span> <span class='ocrx_word' id='word_1_853' title='bbox 3321 5472 3449 5511; x_wconf 88' lang='lat' dir='ltr'><strong><em>sen-</em></strong></span> 
     </span>
    </p>
   </div>
   <div class='ocr_carea' id='block_1_110' title="bbox 1874 5547 3450 5631">
    <p class='ocr_par' dir='ltr' id='par_1_110' title="bbox 1874 5547 3450 5631">
     <span class='ocr_line' id='line_1_110' title="bbox 1874 5547 3450 5631; baseline -0.009 -15"><span class='ocrx_word' id='word_1_854' title='bbox 1874 5563 1992 5616; x_wconf 85' lang='lat' dir='ltr'><strong><em>titis</em></strong></span> <span class='ocrx_word' id='word_1_855' title='bbox 2021 5576 2128 5631; x_wconf 86' lang='lat' dir='ltr'><strong><em>quo</em></strong></span> <span class='ocrx_word' id='word_1_856' title='bbox 2162 5558 2471 5629; x_wconf 66' lang='lat' dir='ltr'><strong><em>praecipites</em></strong></span> <span class='ocrx_word' id='word_1_857' title='bbox 2493 5556 2692 5607; x_wconf 89' lang='lat' dir='ltr'><strong><em>iterum</em></strong></span> <span class='ocrx_word' id='word_1_858' title='bbox 2723 5552 2909 5619; x_wconf 78' lang='lat' dir='ltr'><strong><em>ruitis,</em></strong></span> <span class='ocrx_word' id='word_1_859' title='bbox 2938 5559 2991 5605; x_wconf 86' lang='lat' dir='ltr'><strong><em>et</em></strong></span> <span class='ocrx_word' id='word_1_860' title='bbox 3021 5550 3286 5607; x_wconf 77' lang='lat' dir='ltr'><strong><em>adversus</em></strong></span> <span class='ocrx_word' id='word_1_861' title='bbox 3314 5547 3450 5603; x_wconf 87' lang='lat' dir='ltr'><strong><em>Uni-</em></strong></span> 
     </span>
    </p>
   </div>
   <div class='ocr_carea' id='block_1_111' title="bbox 1874 5641 3449 5725">
    <p class='ocr_par' dir='ltr' id='par_1_111' title="bbox 1874 5641 3449 5725">
     <span class='ocr_line' id='line_1_111' title="bbox 1874 5641 3449 5725; baseline -0.011 -17"><span class='ocrx_word' id='word_1_862' title='bbox 1874 5654 2038 5725; x_wconf 81' lang='lat' dir='ltr'><strong><em>gcniti</em></strong></span> <span class='ocrx_word' id='word_1_863' title='bbox 2071 5651 2307 5723; x_wconf 76' lang='lat' dir='ltr'><strong><em>gloriam</em></strong></span> <span class='ocrx_word' id='word_1_864' title='bbox 2342 5645 2654 5716; x_wconf 80' lang='lat' dir='ltr'><strong><em>insurgitis,</em></strong></span> <span class='ocrx_word' id='word_1_865' title='bbox 2684 5646 2901 5701; x_wconf 85' lang='lat' dir='ltr'><strong><em>miseris</em></strong></span> <span class='ocrx_word' id='word_1_866' title='bbox 2931 5660 2996 5700; x_wconf 85' lang='lat' dir='ltr'><strong><em>ex</em></strong></span> <span class='ocrx_word' id='word_1_867' title='bbox 3049 5641 3321 5715; x_wconf 87' lang='lat' dir='ltr'><strong><em>imperitia</em></strong></span> <span class='ocrx_word' id='word_1_868' title='bbox 3354 5654 3449 5699; x_wconf 65' lang='grc' dir='ltr'><strong><em>νοτ</em></strong></span> 
     </span>
    </p>
   </div>
  </div>
