3998 6318
508 268 618 327 “9

1508 266 1565 323 S.
1606 266 1884 324 CYBlLLl
1923 267 2391 324 ALEXANDRINI
2430 271 2748 327 ARCHIEP.

3669 271 3778 328 ιεο

509 398 626 444 stra
658 386 931 443 contextis
959 383 1315 441 rationibus?
1346 383 1482 440 Nam
1515 387 1563 442 si
1592 388 1832 443 ministri
1873 388 1997 443 loco
2034 396 2088 442 et

2198 390 2294 444 κάν
2321 390 2496 461 τούτῳ
2523 389 2589 461 δὴ
2616 390 2779 443 πάλιν
2802 391 2894 443 τὸν
2919 388 3045 441 Υἰδν
3076 388 3504 459 εἰσκομίζοντες,
3531 387 3654 452 πῶς
3674 387 3777 440 οὐκ

454 523 471 541 κ
509 480 706 535 ordine
754 478 923 534 Filius
967 476 1195 531 omnino
1243 475 1513 546 Spiritum
1556 491 1587 530 a
1629 476 1788 533 Patre
1827 479 2085 548 largitur,

511 569 793 642 quomodo
822 568 982 624 fateri
1010 582 1241 624 necesse
1273 584 1381 622 non
1416 576 1502 624 est
1529 568 1600 624 ab
1626 568 1747 639 ejus
1777 569 2089 625 substantia

513 665 695 735 ipsum
723 676 842 718 esse
871 675 1101 732 prorsus
1141 661 1402 726 alienum,
1446 670 1542 715 aut
1573 659 1712 716 forte
1739 662 2089 731 prtestantio-

512 770 625 808 rem
679 754 948 823 longeque
997 753 1287 821 potiorem,
1339 752 1385 807 si
1441 767 1532 807 res
1575 750 1654 805 ita
1689 752 1779 818 sit,
1816 760 1875 807 ut
1923 753 2091 808 stulte

511 844 772 901 sentitis?
805 842 861 898 Si
891 843 1038 899 enim
1069 859 1133 899 ex
1153 842 1315 899 Patre
1349 859 1452 897 non
1476 842 1743 914 procedit,
1776 843 1882 898 hoc
1914 853 1998 898 est
2025 859 2090 898 ex

508 938 629 1008 ejus
663 936 991 1002 substantia,
1026 945 1085 992 ut
1126 950 1225 991 vos
1265 935 1452 1001 vultis,
1485 935 1765 1006 quomodo
1797 950 1908 989 non
1943 950 2086 1006 pra}-

512 1031 749 1085 stantior
781 1025 918 1083 Filio
953 1027 1196 1099 Spiritus
1221 1026 1580 1082 censebitur?
1612 1026 1819 1082 Deinde
1845 1027 1976 1098 quid
2004 1027 2090 1081 di-

511 1137 701 1177 cemus
727 1136 853 1178 cum
886 1119 1230 1176 audierimus
1262 1120 1443 1190 ipsum
1477 1118 1545 1175 de
1567 1135 1627 1175 se
1657 1120 2048 1191 praedicantem
2073 1139 2085 1174 :

518 1232 536 1266 ι
572 1214 667 1269 llle
703 1229 788 1269 tne
821 1212 1174 1275 clariﬁcabit,
1205 1213 1338 1281 quia
1371 1212 1439 1268 de
1467 1228 1593 1268 meo
1620 1214 1881 1284 accipiet;
1914 1220 1969 1268 et
1992 1228 2091 1268 an-

511 1303 788 1358 nuntiabit
816 1302 971 1357 vobis
998 1300 1156 1353 "-"?
1178 1321 1197 1353 ι
1222 1301 1301 1355 Ad
1336 1302 1451 1357 haec
1483 1303 1620 1358 illud
1649 1318 1873 1374 quoque
1900 1319 2091 1359 neces-

514 1396 665 1450 sario
695 1393 914 1448 tandem
950 1380 1263 1455 succurret.
1295 1391 1521 1463 Nempe,
1560 1395 1607 1449 si
1638 1396 1879 1451 ministri
1918 1396 2091 1449 vicem

514 1500 544 1540 a
588 1485 726 1540 Filio
763 1484 978 1554 impleri
1005 1486 1237 1556 putatis,
1268 1485 1365 1555 qui
1391 1485 1631 1542 alienum
1663 1488 1848 1552 nobis,
1882 1488 1986 1542 hoc
2009 1495 2094 1543 est

513 1594 543 1634 a
582 1574 694 1635 Deo
722 1586 777 1634 et
808 1576 983 1634 Patre
1008 1578 1242 1649 largitus
1294 1585 1379 1634 est
1432 1586 1686 1633 sanctum
1742 1590 1941 1634 natura
1992 1593 2091 1635 sua

515 1668 799 1740 Spiritum,
837 1684 948 1724 non
980 1669 1085 1724 erit
1128 1671 1431 1725 secundum
1463 1677 1718 1724 naturam
1757 1685 1911 1725 suam
1958 1686 2092 1725 san-

512 1763 635 1811 etus
666 1754 864 1822 Filius,
894 1757 990 1811 sed
1017 1756 1440 1826 participatione
1462 1756 1754 1824 duntaxat,
1784 1759 1947 1813 sicuti
1971 1774 2095 1815 nos.

514 1847 727 1902 Dicitur
753 1850 921 1915 enim,
962 1848 1125 1918 juxta
1173 1849 1469 1920 impiorum
1512 1852 1867 1915 sententiam,
1905 1870 1933 1908 a
1968 1854 2100 1910 sub-

515 1941 719 1998 stantia
755 1941 932 1997 Patris
967 1942 1205 2009 alienus,
1237 1956 1303 1996 ex
1338 1957 1447 2012 qua
1485 1942 1654 1996 etiam
1686 1944 1936 2013 procedit
1978 1946 2102 2016 Spi-

515 2030 656 2087 ritus
687 2030 779 2085 ille
805 2032 899 2101 qui
931 2046 1030 2102 per
1059 2047 1182 2086 eum
1216 2032 1513 2101 praebetur.
1545 2033 1686 2090 Fieri
1711 2051 1844 2108 ergo
1875 2038 2098 2108 poterit,

515 2122 561 2178 si
600 2122 863 2193 proprius
915 2138 1023 2178 non
1057 2123 1217 2195 911
1255 2126 1328 2180 sit
1366 2124 1488 2180 Filii
1527 2126 1788 2196 Spiritus,
1839 2130 1936 2184 sed
1983 2130 2101 2200 ipse

513 2228 735 2284 quoque
781 2214 1133 2269 adventitiam
1164 2217 1365 2272 habeat
1400 2218 1898 2275 sanctiﬁcationem
1956 2222 2101 2276 sicut

515 2314 792 2370 creatura,
837 2307 1135 2364 sanctitate
1182 2323 1406 2379 quoque
1437 2324 1537 2364 sua
1581 2309 1879 2381 aliquando
1926 2312 2101 2381 possit

513 2401 797 2454 excedere.
848 2398 1004 2466 Quod
1037 2400 1183 2457 enim
1221 2403 1567 2460 accessionis
1619 2405 1741 2460 loco
1792 2406 2093 2476 accipitur,

515 2490 791 2561 quomodo
822 2492 1020 2548 abesse
1070 2509 1182 2548 non
1220 2495 1467 2564 poterit?
1511 2499 1581 2549 At
1608 2497 1735 2566 quis
1782 2498 1852 2552 ab
1887 2498 2098 2555 istius-

515 2582 660 2636 modi
694 2584 967 2654 do,;matis
999 2586 1191 2655 procul
1239 2603 1350 2642 non
1393 2587 1602 2658 fugiet?
1636 2588 1750 2646 Nos
1785 2606 1938 2654 vero.
1973 2592 2098 2663 qui-

516 2674 621 2731 bus
685 2676 863 2730 amica
907 2687 991 2732 est
1034 2677 1240 2733 veritas
1286 2693 1351 2734 ac
1387 2679 1638 2735 veritatis
1679 2680 1956 2751 dogmata,
2002 2698 2099 2737 ne—

514 2781 785 2837 quaquam
824 2768 947 2822 illos
995 2783 1316 2838 sequemur,
1360 2769 1455 2824 scd
1491 2781 1816 2825 sanctorum
1867 2771 2094 2828 Patrum

517 2857 637 2914 ﬁdei
672 2859 912 2930 vestigiis
948 2860 1290 2925 insistentes,
1334 2863 1619 2932 proprium
1654 2879 1777 2919 esse
1826 2864 1950 2919 Filii
1999 2865 2099 2921 Pa-

515 2951 781 3005 racletum
825 2951 1083 3018 dicimus,
1124 2953 1227 3008 hoc
1268 2961 1352 3009 est
1385 2962 1636 3009 sanctum
1675 2954 1964 3026 Spiritum,
1996 2975 2098 3016 nec

2190 480 2482 534 ἀκόλουθον
2527 483 2734 534 εἰπεῖν·
2772 481 2961 550 Μωροί
3005 480 3102 534 καὶ
3148 479 3362 550 τυφλοὶ,
3410 480 3485 545 πῆ
3514 479 3580 539 δὴ
3607 478 3777 534 πάλιν

2195 572 2364 636 ἰόντες
2386 572 2546 643 ὑμεῖς
2569 572 2669 626 οὐκ
2694 571 3037 634 αἰσθάνεσθε,
3058 572 3151 625 καὶ
3177 571 3280 642 τῆς
3304 570 3399 625 τοῦ
3427 570 3777 640 Μονογενοῦς

2193 663 2593 735 κατεπαίρεσθε
2621 662 2798 734 δόξης,
2857 666 2920 718 ἐκ
2947 664 3050 732 τῆς
3084 664 3313 735 ἐνούσης
3339 665 3470 736 ὑμῖν
3499 664 3776 737 ἀμαθείας

2190 754 2411 818 ἀθλίους
2436 753 2775 825 συνείροντες
2807 753 3135 824 λογισμούς;
3172 756 3234 808 El
3257 754 3367 826 γὰρ
3389 755 3526 819 ὅλως
3545 760 3777 828 χορηγεῖ

2190 847 2252 901 τὸ
2293 846 2519 918 Πνεῦμα
2562 848 2713 918 παρὰ
2743 847 2954 918 Πατρὸς
2982 848 3011 899 ὁ
3044 848 3191 911 Υἱὸς,
3226 848 3285 900 ἐν
3315 847 3596 918 ὑπηρέτου
3631 849 3776 913 τινὸς

2191 938 2343 1004 τάξει
2371 939 2770 1009 λελογισμένος,
2827 939 2943 1003 πῶς
2986 940 3086 993 οὐκ
3133 941 3432 1008 ἀναγκαῖον
3465 940 3773 1012 ὁμολογεῖν,

2190 1032 2266 1096 ὡς
2308 1031 2586 1103 ἀλλότριον
2634 1033 2732 1102 μὲν
2773 1031 2888 1086 ἔστι
2918 1030 3195 1096 παντελῶς
3233 1034 3333 1103 τῆς
3357 1033 3547 1097 οὐσίας
3582 1032 3771 1096 αὐτοῦ,

2193 1125 2333 1194 τάχα
2357 1125 2413 1178 δέ
2442 1125 2535 1178 καὶ
2565 1124 2785 1195 ἄμεινον
2813 1123 3000 1188 αὐτοῦ,
3041 1125 3134 1178 καὶ
3169 1126 3310 1179 κατά
3336 1126 3470 1179 πολύ
3502 1128 3772 1197 κρεῖττον,

2193 1216 2368 1286 ἄνπερ
2415 1216 2588 1278 οὕτως
2635 1215 2731 1286 ἔχη
2761 1217 2901 1270 κατά
2944 1232 3009 1284 γε
3038 1215 3137 1287 τὴν
3166 1218 3298 1289 παρ’
3327 1219 3455 1288 ὑμῖν
3488 1217 3772 1287 άμαθίαν;

2194 1309 2258 1361 Εἰ
2288 1307 2394 1379 γάρ
2422 1307 2524 1361 οὐκ
2552 1308 2618 1360 ἐκ
2645 1306 2737 1359 τοῦ
2770 1307 2982 1377 Πατρὸς
3007 1308 3385 1379 ἐκπορεύεται.
3422 1308 3568 1363 τοῦτ’
3605 1309 3773 1372 ἐστιν,

2194 1404 2260 1455 ἐκ
2300 1400 2398 1471 τῆς
2432 1399 2622 1462 οὐσίας
2660 1398 2824 1451 αὐτοῦ
2854 1402 2881 1451 ὁ
2915 1399 3041 1463 Υἱὸς
3073 1399 3195 1452 καθ’
3236 1400 3401 1469 ὑμᾶς,
3445 1400 3565 1463 πῶς
3590 1402 3694 1454 οὐκ
3719 1403 3776 1453 ἐν

2196 1492 2446 1564 ἀμείνοσι
2476 1494 2650 1545 νοοῖτο
2673 1491 2739 1545 ἂν
2777 1491 2837 1544 τὸ
2873 1490 3097 1559 Πνεῦμα
3129 1494 3281 1561 παρᾶ
3309 1492 3400 1545 τὸν
3434 1493 3600 1558 Υἰόνς
3642 1489 3778 1545 Εἶτα

2194 1586 2248 1639 τί
2275 1571 2478 1655 ξραμεν,
2513 1585 2639 1638 ὃταν
2669 1582 2996 1654 ἀκούσωμεν
3022 1583 3271 1652 λέγοντος
3307 1585 3434 1655 περί
3462 1583 3657 1649 αὐτοῦ,
3696 1584 3779 1638 ὅτι

2204 1695 2222 1729 ι
2247 1677 2486 1739 Ἐκεῖνος
2513 1675 2613 1746 ἐμὲ
2637 1674 2874 1741 δοξάσει,
2900 1675 2982 1728 ὃτι
3019 1675 3085 1729 ἐκ
3115 1676 3208 1728 τοῦ
3241 1675 3375 1747 ἐμοῦ
3404 1676 3655 1749 λήψεται,
3686 1678 3781 1731 καὶ

2200 1768 2494 1838 ἀναγγελεῖ
2520 1768 2686 1843 ὑμῖν;
2721 1787 2740 1820 ι
2779 1767 2922 1838 Πρὸς
2950 1766 3007 1821 δέ
3034 1769 3148 1831 τοῖς
3183 1768 3517 1840 εἰρημένοις,
3558 1770 3785 1823 κάκεῖνο

2198 1863 2404 1928 λοιπὸν,
2438 1864 2516 1935 ὡς
2562 1862 2624 1927 ἐξ
2670 1863 2916 1933 ἀνάγκης
2946 1862 3281 1935 εἰσϐήσεται.
3329 1866 3393 1919 Εἰ
3430 1865 3541 1937 γὰρ
3574 1868 3781 1937 ὑπουρ-

2198 1957 2325 2025 γίαν
2359 1955 2673 2025 διακονικὴν
2699 1953 3053 2026 ἀποπληροῦν
3079 1954 3258 2009 οἴεσθε
3287 1955 3379 2010 τὸν
3406 1957 3556 2020 Υἰὸν,
3598 1957 3663 2011 τὸ
3689 1959 3782 2012 ἁλ-

2198 2045 2412 2118 λότριον
2439 2048 2592 2117 ἡμῖν,
2619 2044 2764 2099 τοῦτ’
2791 2044 2931 2112 ἔστι,
2977 2046 3039 2099 τὸ
3071 2045 3225 2117 παρὰ
3253 2046 3349 2101 τοῦ
3375 2046 3513 2100 Θεοῦ
3541 2047 3639 2102 καὶ
3673 2048 3784 2101 Πα-

2199 2138 2326 2208 τρὸς
2354 2137 2792 2208 κεχορηγηκότα,
2822 2136 2976 2202 ἆγιον
3008 2135 3067 2191 ὃν
3094 2137 3414 2207 κατὰφύσιν
3440 2139 3688 2208 Πνεῦμα,
3722 2142 3783 2193 οὐ

2200 2228 2344 2284 κατά
2391 2228 2552 2298 φύσιν
2602 2227 2756 2297 ἅγιος
2787 2230 2815 2281 ὁ
2846 2228 2996 2292 Υἱὸς,
3031 2229 3171 2282 κατὰ
3204 2227 3420 2298 μέθεξιν
3448 2229 3504 2282 δὲ
3524 2268 3547 2291 ,
3593 2230 3782 2299 ὥσπερ

2200 2324 2382 2392 ἡμεῖς.
2434 2322 2669 2390 Λέγεται
2715 2321 2824 2392 γὰρ
2866 2323 3010 2376 κατά
3052 2321 3152 2393 τὴν
3190 2322 3299 2376 τῶν
3329 2324 3606 2377 δυσσεὸῶν
3634 2324 3783 2393 ἀμά-

2199 2414 2371 2481 θειαν,
2406 2413 2690 2484 ἀλλότριος
2718 2407 2859 2467 εἶναι
2897 2413 2998 2484 τῆς
3026 2413 3215 2477 οὐσίας
3248 2412 3345 2467 τοῦ
3378 2414 3613 2485 Πατρὺς,
3634 2415 3695 2479 ἐξ
3716 2410 3786 2486 ἧς

2199 2507 2292 2561 καὶ
2325 2507 2540 2578 πρόεισι
2572 2506 2634 2559 τὸ
2683 2492 2906 2578 Πνεῦμα
2950 2506 3012 2559 τὸ
3051 2507 3119 2560 δι’
3154 2505 3319 2560 αὐτοῦ
3348 2509 3781 2579 χορηγούμενον.

2201 2601 2395 2654 Ἔσται
2452 2598 2633 2652 τοίνυν
2686 2598 2792 2653 τῶν
2847 2598 3231 2669 ἐνδεχομένων,
3279 2598 3437 2667 εἰπερ
3485 2600 3587 2653 οὐκ
3652 2598 3789 2654 ἰδιον

2195 2689 2289 2744 τοῦ
2320 2689 2453 2743 Υίοῦ
2488 2689 2549 2742 τὸ
2577 2688 2802 2757 Πνεῦμά
2833 2692 2981 2743 ἐστιν
3001 2732 3016 2754 ,
3049 2689 3165 2742 ἀλλ’
3197 2690 3509 2759 εἰσποιητὸν
3547 2690 3659 2761 ἔχει
3689 2691 3791 2744 καὶ

2197 2781 2362 2845 αὐτὸς
2390 2782 2481 2834 τὸν
2511 2782 2802 2850 ἀγιασμὸν,
2832 2781 3084 2852 καθάπερ
3122 2782 3156 2852 ἡ
3193 2783 3390 2844 κτίσις,
3438 2783 3534 2835 καὶ
3574 2783 3791 2835 άποπει

2198 2875 2311 2927 σεῖν
2337 2870 2597 2926 δύνασθαί
2628 2889 2757 2924 ποτε
2777 2872 2877 2942 τῆς
2910 2871 3135 2942 ἐνούσης
3168 2872 3455 2941 ἁγιότητος
3487 2872 3657 2943 αὐτῷ.
3709 2873 3793 2927 Τὸ

2197 2965 2308 3036 γὰρ
2336 2965 2412 3027 ὡς
2433 2966 2490 3017 ἐν
2515 2963 2665 3029 τάξει
2699 2964 3018 3035 προσθήκης
3050 2965 3369 3037 ἐπικτηθὲν,
3411 2967 3529 3030 πῶς
3580 2968 3679 3020 οὐκ
3719 2966 3793 3021 ἂν

516 3040 737 3094 aliunde
764 3043 1021 3104 ascitum,
1056 3045 1201 3099 sicut
1228 3052 1312 3099 est
1342 3044 1397 3097 in
1428 3044 1496 3100 iis
1521 3046 1613 3115 qui
1633 3056 1759 3102 sunt
1786 3051 2095 3107 sanctitatis

2199 3055 2537 3124 ἀπογένοιτο,
2559 3057 2699 3109 κατά
2722 3072 2785 3125 γε
2812 3056 2904 3110 τὸν
2930 3056 3024 3110 τοῦ
3049 3056 3417 3128 ἐγχωροῦντος
3438 3058 3595 3126 λόγον
3616 3075 3628 3121 ;
3651 3054 3794 3113 Εἶτα

516 3147 770 3202 capaces,
807 3134 1008 3202 quibus
1033 3145 1087 3189 et
1116 3152 1145 3186 e
1174 3135 1344 3189 nihilo
1371 3145 1527 3192 ortus
1553 3148 1655 3203 est,
1685 3142 1780 3196 sed
1812 3141 1936 3210 ejus
1962 3158 2097 3197 con-

517 3224 940 3278 substantialem
994 3226 1161 3280 sicuti
1209 3241 1406 3297 nempe
1457 3237 1512 3283 ct
1555 3231 1755 3286 Patris.
1812 3233 1905 3287 Sic
1950 3235 2096 3289 enim

517 3314 1019 3371 ecclesiasticarum
1054 3318 1372 3388 dogmatum
1417 3322 1558 3377 ratio
1593 3322 1646 3377 iu
1674 3340 1841 3381 vanas
1872 3327 2097 3382 deorum

519 3405 732 3463 fabulas
761 3424 869 3461 non
911 3409 1101 3474 abibit,
1141 3411 1234 3464 sed
1276 3411 1331 3464 in
1368 3428 1532 3467 unam
1581 3414 1801 3471 deitatis
1829 3418 2098 3472 rationem

518 3507 711 3554 saneta
744 3498 986 3555 Trinitas
1010 3502 1441 3573 constringitur.
1479 3504 1654 3560 Simul
1673 3523 1803 3578 ergo
1831 3511 2097 3565 substan-

519 3591 610 3646 tiae
652 3591 914 3647 unitatem
957 3594 1322 3654 ostendendo.
1359 3612 1495 3662 suae,
1528 3599 1784 3670 inquam,
1813 3609 1868 3657 et
1899 3601 1998 3657 Dei
2031 3618 2099 3674 ac

520 3681 719 3748 Patris,
742 3692 796 3739 et
824 3682 1085 3753 Spiritum
1112 3689 1363 3745 veritatis
1382 3688 1727 3747 Paracletum
1747 3695 2096 3764 appellando,

520 3788 549 3826 ιι
580 3773 746 3830 Patre
777 3779 1076 3846 procedere
1114 3779 1216 3843 ait,
1252 3790 1443 3850 aperte
1482 3790 1537 3837 et
1580 3782 1889 3838 indubitate
1919 3788 2100 3856 arguit

520 3863 612 3919 Dei
653 3863 866 3920 hostem
904 3867 957 3919 in
1000 3868 1234 3922 solidum
1256 3885 1401 3935 esse,
1428 3871 1522 3941 qui
1555 3871 1761 3927 Christi
1796 3873 1871 3929 sit
1896 3874 2094 3931 hostis.

517 3954 655 4010 Nam
687 3959 784 4027 qui
818 3958 1150 4027 petulantem
1185 3976 1243 4015 se
1274 3962 1509 4031 gesserit
1547 3963 1602 4017 in
1638 3961 1865 4033 Filium,
1903 3969 2100 4023 merito

519 4061 741 4116 quoque
800 4047 854 4099 in
889 4062 1015 4101 emn
1055 4062 1118 4102 ex
1174 4063 1284 4117 quo
1339 4057 1424 4104 est
1471 4065 1701 4119 peccare
1759 4053 2097 4107 censebitur.

520 4137 658 4191 Cum
693 4154 826 4207 ergo
860 4140 1071 4194 venerit
1117 4138 1463 4209 Paracletus,
1501 4143 1701 4213 inquit,
1738 4142 1977 4213 Spiritus
2006 4160 2098 4200 ve—

522 4229 726 4295 ritatis,
763 4230 814 4283 id
847 4240 932 4285 est
977 4247 1152 4292 meus,
1197 4232 1287 4301 qui
1323 4248 1352 4286 a
1395 4232 1557 4289 Patre
1598 4237 1869 4304 procedit,
1909 4238 1998 4291 ille
2030 4245 2103 4293 te-

522 4320 842 4376 stimonium
876 4323 1184 4390 perhibebit
1238 4322 1307 4378 de
1356 4340 1463 4379 me.
1526 4323 1846 4382 Perbibebit
1888 4338 2096 4394 autem,

2198 3153 2282 3214 τίς
2312 3150 2420 3204 τῶν
2446 3149 2703 3204 τοιούτων
2719 3150 2818 3205 οὐκ
2850 3151 3245 3222 ἀποδραμεῖται
3279 3151 3598 3221 δογμάτωνς
3640 3153 3792 3223 Πρε-

2201 3243 2539 3316 πωδέστερον
2569 3242 2627 3296 δὲ
2661 3237 2813 3313 οἶμαι
2840 3243 2901 3294 τὸ
2925 3242 3098 3306 οὕτως
3119 3244 3310 3296 εἰπεῖν.
3344 3244 3476 3312 Φίλη
3496 3226 3793 3315 τοιγαροῦν

2199 3336 2333 3406 ἡμῖν
2357 3335 2391 3403 ἡ
2422 3331 2669 3402 ἀλήθεια,
2698 3331 2791 3386 καὶ
2818 3330 2884 3385 τὰ
2912 3331 2976 3384 ἐκ
3007 3332 3102 3400 τῆς
3128 3330 3383 3402 ἀληθείας
3402 3330 3669 3400 δείγματα,
3687 3331 3794 3384 καὶ

2200 3425 2383 3487 αὐτοῖς
2418 3422 2649 3486 ἐκείνοις
2678 3423 2838 3494 ἡμεῖς
2837 3422 2956 3499 ρύχ
2975 3420 3241 3492 ἑψόμεθα,
3268 3421 3367 3492 τὴν
3393 3421 3450 3475 δέ
3483 3422 3595 3474 τῶν
3615 3422 3795 3489 ἁγίων

2199 3515 2461 3585 Πατέρων
2486 3513 2902 3586 ἰχνηλατοῦντες
2960 3513 3163 3579 πίστιν,
3219 3514 3348 3568 ἴδιον
3400 3512 3543 3568 εἷναί
3604 3532 3795 3584 φαμεν

2197 3605 2293 3661 τοῦ
2317 3605 2452 3659 ’Υίοῦ
2481 3606 2575 3659 τὸν
2603 3606 2991 3678 Παράκλητον,
3023 3604 3166 3659 τοῦτ’
3198 3605 3335 3669 ἔστι,
3362 3607 3422 3660 τὸ
3466 3606 3692 3676 Πνεῦμα
3728 3609 3795 3662 τὸ

2201 3700 2375 3769 ἀγιον,
2399 3699 2494 3752 καὶ
2507 3699 2606 3752 οὐκ
2636 3699 3116 3771 ἐπεισκρινόμενον
3145 3697 3374 3764 ἔξωθεν,
3408 3699 3532 3753 οὐδὲ
3556 3698 3791 3764 ἐπίκτη-

2198 3808 2289 3844 τον
2318 3793 2377 3844 ἐν
2406 3788 2575 3861 αὐτῷ,
2602 3788 2859 3860 καθάπερ
2882 3790 3031 3844 ἐστὶν
3062 3791 3121 3842 ἐν
3154 3792 3267 3852 τοῖς
3303 3790 3591 3860 ἁγιότητος
3610 3791 3793 3844 δεκτι-

2199 3884 2336 3955 κοῖς,
2371 3875 2452 3945 οἷς
2481 3881 2575 3935 καὶ
2601 3883 2666 3934 ἐκ
2692 3882 2768 3952 μὴ
2796 3881 2967 3935 ὄντων
3022 3883 3055 3949 ἡ
3105 3882 3341 3950 γένεσις,
3362 3882 3477 3936 ἀλλ’
3499 3881 3792 3953 ὁμοούσιον

2201 3974 2372 4045 αὐτῷ,
2393 3974 2645 4046 καθάπερ
2671 3974 2863 4044 ἀμέλει
2901 3974 2997 4029 καὶ
3018 3974 3112 4028 τοῦ
3139 3975 3371 4047 Πατρός.
3394 3975 3553 4028 Οὗτω
3582 3975 3690 4046 γὰρ
3718 3975 3788 4027 ἂν

2199 4068 2301 4121 οὐκ
2332 4069 2413 4131 είς
2438 4065 2698 4121 πολύθεον
2728 4068 2859 4137 ἡμῖν
2892 4068 3223 4137 μυθολογίαν
3253 4071 3285 4137 ὴ
3333 4067 3445 4122 τῶν
3495 4068 3790 4137 ἐκκλησια-

2202 4158 2401 4212 στικῶν
2444 4159 2731 4228 δογμάτων
2769 4159 3048 4229 οἰχήσεται
3081 4159 3333 4230 δύναμις,
3379 4159 3497 4213 ιῖιλλἴ
3554 4162 3637 4223 εἰς
3690 4159 3792 4212 ἕνα

2201 4250 2452 4323 θεότητος
2477 4251 2634 4320 λόγον
2666 4252 2698 4320 ἡ
2736 4250 2867 4317 ἁγία
2895 4252 3065 4322 Τριὰς
3081 4252 3498 4321 ἀνασιρίγγεται.
3536 4253 3625 4304 Ἐν
3663 4268 3793 4305 ταυ-

2200 4341 2277 4413 τῷ
2311 4341 2597 4413 τοιγαροῦν
2623 4341 2840 4411 καὶτῆς
2878 4343 3064 4406 οὐσίας
3110 4344 3231 4414 τὴνι
3259 4344 3484 4413 ἑνότητα
3526 4343 3792 4412 παραδει-

523 4427 732 4481 ηιιιεεο,
765 4413 1075 4481 quomodo?
1112 4413 1405 4485 Operando
1433 4417 1695 4473 nimirum
1744 4421 1797 4474 in
1826 4423 1981 4477 vobis
2045 4431 2095 4477 et

2209 4435 2361 4505 κνὺς,
2390 4433 2584 4488 ἐαυτοῦ
2605 4450 2686 4498 τε,
2713 4434 2879 4504 φημὶ,
2905 4434 3001 4487 καὶ
3028 4434 3126 4504 τῆς
3153 4413 3247 4488 τοῦ
3276 4435 3409 4488 Θεοῦ
3432 4436 3528 4488 καὶ
3550 4435 3790 4505 Πατρὸς,

524 4519 625 4573 per
654 4519 751 4558 vos
778 4504 1063 4566 miracula,
1095 4509 1254 4561 testis
1282 4508 1387 4562 erit
1412 4509 1599 4579 justus
1623 4526 1687 4565 ac
1714 4528 1876 4567 verax
1902 4514 2098 4570 divina:

524 4609 657 4648 mea?
687 4595 977 4664 potestatis
1032 4606 1198 4665 atque
1231 4601 1559 4668 majestatis.
1595 4601 1750 4657 Meus
1793 4606 1937 4658 enim
1972 4605 2099 4677 Spi-

521 4686 662 4741 ritus
690 4696 771 4739 est
812 4687 904 4753 qui
934 4697 1196 4756 operatur
1223 4690 1277 4744 in
1310 4692 1471 4745 vobis
1494 4692 1558 4745 “.
1606 4692 1675 4747 Ut
1703 4703 1883 4749 autem
1918 4712 2095 4771 meus,

520 4778 605 4834 sic
639 4786 693 4833 et
724 4777 818 4832 Dei
869 4794 932 4833 ac
977 4778 1176 4837 Patris.
1236 4779 1411 4834 Simul
1469 4783 1653 4853 itaque
1708 4785 1908 4855 injuria
1957 4789 2094 4845 allici

522 4868 869 4937 cogitandum
909 4876 994 4923 est
1038 4884 1134 4925 eos
1173 4869 1270 4941 qui
1308 4886 1396 4940 per
1454 4888 1624 4927 unum
1670 4874 1821 4929 illum
1897 4879 2095 4933 bonum

524 4958 784 5029 Spiritum
831 4961 1096 5015 miracula
1132 4961 1200 5015 ad
1253 4972 1460 5018 certam
1510 4964 1633 5031 ﬁdei
1673 4967 2100 5025 demonstratio-

521 5067 645 5107 nem
678 5053 869 5116 edunt,
922 5064 981 5109 ιιι
1010 5055 1065 5108 in
1101 5070 1337 5126 persona
1385 5057 1613 5124 Christi,
1651 5061 1704 5114 in
1736 5077 1850 5132 quo
1884 5063 2099 5117 inhabi-

520 5145 678 5207 tavit,
711 5145 867 5213 juxta
892 5146 1123 5201 Paulum
1161 5146 1205 5179 "
1231 5188 1245 5214 ,
1273 5164 1383 5203 non
1422 5166 1550 5220 pars
1580 5153 1763 5223 aliqua
1789 5154 2097 5213 divinitatis

521 5236 835 5302 inellabilis,
868 5237 965 5294 sed
1002 5242 1182 5296 omnis
1222 5241 1347 5312 ejus
1396 5244 1682 5313 plenitudo
1714 5246 2094 5315 corporaliter.

522 5327 921 5387 Testimonium
988 5322 1168 5390 autem
1225 5337 1550 5406 perhibente
1609 5336 1861 5407 Spiritu,
1930 5340 2098 5395 simul

520 5422 681 5477 etiam
724 5425 1096 5479 testimonium
1135 5442 1231 5482 vos
1280 5428 1384 5500 ipsi
1437 5444 1661 5498 quoque
1716 5430 2095 5498 pcrhibcbitis,

2204 4525 2426 4593 Πνεῦμα
2451 4525 2549 4595 τῆς
2575 4524 2831 4594 ἀληθείας
2858 4525 2950 4579 τὸν
2997 4527 3355 4599 Παράκλητον
3404 4522 3543 4581 εἶναι
3590 4526 3790 4593 λέγων,

2205 4616 2354 4683 παρὰ
2410 4614 2506 4666 τοῦ
2546 4617 2760 4687 Πατρὸς
2818 4617 3213 4688 ἐκπορεύεσθαί
3258 4635 3443 4689 φησιν,
3496 4619 3792 4689 ἁπελέγχει

2204 4708 2390 4776 σαφῶς
2435 4710 2528 4762 καὶ
2585 4711 2972 4782 ἀναμφιλόγως
3007 4710 3275 4783 θεομάχοι)
3333 4712 3645 4783 ὁλοκλήρως
3700 4713 3792 4764 τὸν

2200 4801 2602 4871 Χριστομάχον.
2653 4803 2712 4856 Ὀ
2740 4803 2848 4873 γὰρ
2883 4803 3020 4867 ὅλως
3043 4804 3395 4876 ὲμπαροινείν
3421 4803 3684 4875 ἐθελήσας
3712 4804 3793 4873 τῷ

2203 4888 2338 4959 Υίῷ,
2361 4892 2846 4962 πεπλημμεληκὼς
2868 4894 2933 4947 ἂν
2968 4894 3192 4958 εἰκότως
3223 4896 3315 4947 καὶ
3352 4895 3431 4957 εἰς
3456 4894 3617 4947 αὐτὸν
3648 4896 3792 4946 νοοῖ-

2198 4998 2261 5034 το
2298 4982 2387 5035 τὸν
2409 4982 2468 5048 ἐξ
2492 4979 2662 5056 οὗπερ
2689 4987 2857 5039 ἐστίν.
2885 4987 3054 5040 Ὅταν
3075 4987 3257 5040 τοίνυν
3276 4986 3406 5058 ἔλθῃ
3432 4990 3461 5041 ό
3494 4987 3792 5057 Παράκλη-

2198 5092 2308 5137 τος,
2338 5078 2494 5144 φησί,
2528 5077 2586 5130 τὸ
2613 5079 2840 5149 Πνεῦμα
2877 5080 2978 5151 τῆς
3014 5080 3295 5152 ἀληθείας,
3352 5080 3499 5135 τοῦτ’
3551 5081 3671 5135 ἔστι
3726 5082 3791 5133 τὸ

2204 5169 2353 5240 ἐμὸν,
2386 5169 2414 5223 ὃ
2439 5169 2588 5240 παρά
2612 5169 2706 5223 τοῦ
2729 5170 2943 5242 Πατρὸς
2968 5172 3349 5244 ἐκπορεύεται,
3400 5174 3604 5237 ἐκεῖνος
3655 5189 3795 5242 μαρ-

2202 5262 2428 5331 τυρήσει
2456 5262 2585 5333 περὶ
2608 5261 2767 5332 ἐμοῦ.
2799 5263 3161 5335 Μαρτυρήσει
3182 5264 3239 5317 δὲ
3258 5264 3374 5327 πῶς
3401 5281 3416 5329 ;
3453 5263 3790 5336 Ἐνεργῆσαν

2203 5351 2388 5422 γὰρέν
2411 5354 2539 5422 ὑμῖν
2561 5368 2620 5406 τε
2662 5354 2759 5407 καὶ
2787 5353 2855 5407 δι’
2900 5355 3055 5425 ὑμῶν
3098 5355 3164 5410 τὰ
3214 5354 3515 5428 παράδοξα,
3577 5354 3791 5425 μάρτυς

2205 5440 2388 5497 ἔσεται
2413 5443 2623 5509 δίκαιός
2652 5460 2710 5497 τε
2746 5444 2842 5498 καὶ
2872 5444 3080 5517 ἀληθὴς
3114 5445 3215 5518 τῆς
3263 5447 3402 5517 ἐμῆς
3442 5445 3787 5517 θεοπρεποῦς

590 5704 707 5735 ’³⁸³³
724 5702 879 5758 Joan.
916 5719 1003 5768 xv,
1033 5703 1118 5757 M.
1196 5703 1493 5776 "Philipp.
1536 5724 1595 5775 ιι,
1632 5712 1714 5767 15.
1793 5715 2067 5771 ²⁵(]οῐοες.
2106 5731 2164 5781 ιι,
2200 5719 2252 5773 9.
