3998 6318
197 304 233 360 ι
247 306 311 361 2i
1301 292 1365 347 IN
1395 289 1683 347 JOANNIS
1721 289 1810 344 EV

1917 283 2172 341 GELIUM
2212 283 2337 339 LIB.
2365 282 2431 338 Χ.
3349 282 3454 340 ‘29

192 414 466 481 ἐξουσίας,
502 413 599 467 καὶ
634 412 733 483 τῆς
767 412 825 466 ἐν
851 410 1081 479 δυνάμει
1122 406 1558 478 μεγαλειότητος.
1621 403 1783 473 Ἐμὸν

1917 403 2086 472 nquit.
2119 398 2470 471 Spectatores
2503 395 2650 451 enim
2679 396 2784 467 ipsi
2817 394 2997 451 fuistis
3018 391 3331 464 signorum,
3366 394 3461 464 qui

194 508 307 578 γάρ
344 506 589 577 Πνεῦμα,
616 505 677 558 τδ
705 500 960 575 ἐνεργοῦν
998 501 1056 553 ἐν
1093 499 1243 569 ὑμῖν.
1287 499 1498 568 Ὥσπερ
1526 495 1583 548 δὲ
1616 494 1770 565 ἐμὸν,

1917 506 2094 546 tecum
2116 505 2337 560 semper
2371 487 2571 553 fuistis,
2601 493 2784 557 utpote
2813 485 3097 554 discipuli.

193 572 339 653 οὕτω
385 572 604 652 καὶ-τοῦ
639 594 774 649 Θεοῦ
796 572 913 648 *καὶ
945 591 1180 663 Πατρός.
1210 586 1685 660 Συγκαθυϐρίσθαι
1714 582 2004 654 τοιγαροῦν
2052 584 2263 654 ἀνάγκη
2298 585 2438 635 νοεῖν
2472 581 2598 644 τοὺς
2642 579 2707 633 δι’
2745 577 2865 642 ἐνὸς
2910 577 3004 632 τοῦ
3042 574 3245 646 ἀγαθοῦ
3287 572 3459 628 Ilvati-

201 707 373 762 ματος
400 688 471 743 τά
505 687 787 759 παράδοξα
816 685 954 756 πρὸς
975 656 1350 754 πλήροφορίαν
1399 656 1519 750 τῆς⁷
1550 676 1786 738 πίστεως
1815 673 2238 745 ἐνεργήσαντας,
2277 672 2352 735 ὼς
2393 671 2451 723 ἐν
2507 672 2784 739 προσώπῳ
2817 665 3073 738 Χριστοῦ,
3119 667 3176 718 ἐν
3319 678 3453 717 κατο

96 826 113 848 ,
195 758 381 857 ᾤκησε
445 758 599 837 κατάί
658 781 750 834 τὸν
809 778 1057 843 Παῦλον,
1114 776 1237 847 οὐχὶ
1294 775 1459 846 μέρος
1527 789 1578 825 τι
1645 769 1746 838 τῆς
1785 766 2067 836 ἀφράστου
2134 765 2408 834 θεότητος,
2475 761 2589 815 ἀλλ’
2637 762 2757 814 ὅλον
2788 759 2848 811 τὸ
2888 758 3164 828 πλήρωμα
3222 771 3464 827 σωματι-

361 875 780 949 Μαρτυροῦντος
810 872 983 928 δέτοῦ
1026 871 1364 942 Πνεύματος,
1420 860 2021 934 συνεπιμαρτυρήσετε,
2078 861 2237 931 φησὶ,
2304 861 2397 913 καὶ
2428 859 2584 927 ὑμεῖς
2639 854 2811 909 αὐτοί.
2856 854 3121 923 Γεγόνατε
3178 853 3289 925 γὰρ
3329 855 3462 907 αὖτ’

199 972 362 1024 όπται
390 947 482 1021 καλ.
521 964 715 1036 θεωροὶ
751 963 859 1017 τῶν
883 960 1034 1033 παρά
1050 963 1162 1023 τοῖς
1190 953 1773 1025 ίδίοιςτετελεσμένων,
1814 949 1902 1002 ἀεὶ
1933 952 2203 1016 συνόντες,
2234 953 2309 1013 ὡς
2343 948 2583 1021 μαθηταί
2614 947 2712 1017 (ι).

280 1058 474 1114 Ταῦτα
524 1055 840 1123 λελάληκα
922 1051 1080 1122 ὑμῖν,
1130 1052 1231 1104 ἵνα
1304 1047 1390 1120 μὴ
1457 1044 1785 1103 dicar-dcuit-

208 1150 417 1207 σθῆτε.

273 1171 417 1219 νητε.

273 1243 387 1314 Τὴν
416 1241 525 1294 τῶν
558 1237 830 1292 Ἰουδαίων
861 1236 1123 1290 ἀπόνοιαν
1171 1234 1480 1304 φανοτάτην
1523 1232 1636 1294 τοῖς
1669 1230 1788 1283 ἐαυ-

1955 1042 2072 1098 XVI
2095 1082 2110 1107 ,
2154 1045 2205 1098 l.
2250 1043 2380 1098 "(cc
2412 1042 2615 1095 loculus
2647 1054 2764 1092 sum
2791 1037 2934 1091 vobis
2959 1078 2972 1101 ,
3004 1047 3061 1088 ut
3092 1053 3193 1089 non
3233 1035 3464 1090 scanda-

1889 1136 2144 1189 lizemini.

1959 1226 2096 1281 Cum
2118 1224 2434 1279 Judaeorum
2476 1222 2719 1278 furorem
2748 1219 3007 1276 Christus
3028 1218 3143 1273 suis
3178 1217 3468 1286 discipulis

150 1328 159 1337 ί
204 1331 300 1386 τοῦ
343 1309 618 1402 μαθηταῖς
639 1325 900 1389 καθιστὰς
916 1327 943 1379 ό
964 1323 1171 1395 Σωτὴρ,
1201 1323 1342 1393 τάχα
1363 1322 1458 1375 καὶ
1476 1319 1791 1387 ἐπενεγκεῖν

1917 1325 2213 1390 :xponeret,
2240 1318 2519 1388 subjicere
2549 1314 2784 1370 debebat
2811 1311 3064 1367 infelices
3097 1310 3222 1364 illos
3254 1309 3319 1363 ad
3351 1315 3471 1362 tau-

206 1425 318 1487 τοῖς
342 1400 469 1493 περὶ
493 1420 698 1474 τούτων
722 1418 915 1489 ἔμελλε
945 1418 1145 1486 λόγοις,
1185 1417 1267 1469 ὃτι
1297 1414 1361 1484 δὴ
1417 1412 1555 1484 πρὸς
1596 1409 1789 1464 τοσαύ-

1917 1427 2002 1465 am
2054 1409 2418 1481 pervicaciam
2457 1407 2623 1478 912
2652 1412 2939 1469 venturos,
2984 1411 3150 1472 atque
3186 1400 3261 1453 ita
3308 1412 3474 1453 aures

208 1533 305 1585 την
337 1492 526 1583 ἥξουσι
556 1510 854 1581 δυσηκοῒαν
893 1509 944 1563 οἱ
995 1508 1245 1569 τάλανες,
1303 1501 1678 1574 ἀποφράξουσι
1731 1500 1787 1553 δὲ

1917 1505 2277 1561 ὼειτυοιυγοε
2307 1509 2630 1569 tantumque
2655 1497 2769 1552 odii
2792 1502 3157 1564 concepturos
3184 1493 3237 1545 in
3278 1492 3470 1554 Deum,

208 1580 476 1672 aii-tmth
504 1599 696 1670 ἀκοὴν,
721 1597 817 1651 καὶ
857 1597 935 1660 είς
961 1595 1118 1650 τοῦτο
1156 1592 1461 1665 βαδιοῦνται
1510 1589 1789 1662 μισοθεῖας

1917 1602 1946 1647 :t
1982 1593 2227 1648 veritatis
2259 1590 2563 1646 doctrinam
2597 1597 2706 1641 tam
2729 1583 3128 1641 contumeliose
3152 1580 3468 1641 habituros.

210 1694 258 1746 οἱ
273 1670 520 1754 δείλαιοι,
551 1688 945 1762 καθυϐρίσουσι
976 1687 1033 1742 δέ
1062 1686 1203 1741 οὓτω
1224 1686 1349 1749 τοὺς
1364 1682 1504 1753 ὑπὲρ
1533 1682 1631 1752 τῆς
1653 1680 1789 1751 ἀλη-

1917 1693 1953 1738 ιι
1980 1683 2231 1754 quamvis
2270 1682 2377 1735 duo
2410 1684 2599 1735 essent
2636 1676 2811 1748 ipsius
2849 1673 3034 1746 gloria:
3065 1678 3253 1735 testes,
3296 1686 3364 1724 ne
3392 1670 3473 1724 sic

1917 1774 2110 1794 ουρ-1-...
2142 1773 2311 1794 ε-,--..
2348 1770 2630 1794 --....:..--..
2656 1767 2823 1794 ...ιιιηι
2885 1780 3008 1794 Δια-η
3040 1769 3229 1794 anni-In
3268 1761 3347 1794 ιον
3384 1759 3469 1794 Αἱ-

210 1784 361 1847 θείας
392 1783 605 1851 λόγους,
630 1781 705 1844 ὡς
744 1779 902 1852 εἴπερ
941 1780 1036 1833 καὶ
1076 1777 1169 1831 δύο
1204 1775 1444 1853 γένοιντο
1487 1773 1647 1843 τυχὸν
1693 1773 1792 1840 τῆς

210 1872 379 1928 αὑτοῦ
406 1872 562 1941 δόξης
591 1874 637 1925 οἱ
674 1871 972 1943 μάρτυρες,
1020 1870 1153 1941 μηδὲ
1207 1867 1349 1921 οὕτω
1386 1863 1795 1938 παραδέξασθαι

211 1964 392 2018 θέλειν
421 1963 610 2030 αὐτὴν.
650 1963 827 2015 καίτοι
875 1959 1174 2033 διαρρήδην
1218 1954 1655 2025 ἀνακεκραγότος
1706 1951 1795 2005 τοῦ

212 2056 399 2126 νόμον,
421 2052 769 2106 πιστεύεσθαι
793 2052 923 2114 δεῖν,
945 2051 1035 2104 καὶ
1047 2047 1433 2109 ἀνενδοιάστως
1454 2042 1594 2098 εἶναι
1619 2061 1797 2115 παρα--

213 2146 401 2199 δεκτὸν
458 2145 566 2197 πᾶν
609 2143 746 2212 ὅπερ
776 2141 842 2195 ἂν
869 2138 959 2193 διὰ
978 2140 1078 2210 τῆς
1105 2135 1196 2189 δύο
1224 2134 1387 2205 τυχὸν
1432 2134 1465 2204 ἢ
1489 2132 1653 2202 τριῶν
1679 2132 1798 2183 ἐπι-

220 2238 546 2307 μαρτυροῖτο
570 2234 775 2304 φωνῆς.
825 2230 986 2286 Ἀλλά
1004 2227 1164 2283 τοῦτο
1206 2226 1303 2297 μὲν
1335 2222 1396 2279 οὔ
1426 2241 1578 2295 φησι,
1607 2221 1799 2293 χρησί-

221 2345 338 2395 μως
362 2329 445 2390 είς
474 2326 536 2378 τὸ
562 2325 755 2397 παρόν.
788 2323 900 2377 Καὶ
923 2322 1030 2394 γὰρ
1062 2320 1127 2374 ἂν
1152 2317 1214 2371 οὐ
1244 2315 1475 2387 μετρίαν
1494 2314 1678 2376 αὐτοῖς
1710 2315 1794 2367 ἐν·

220 2420 447 2491 εποίησε
474 2418 575 2487 τὴν
605 2416 855 2487 ἀκηδίαν,
894 2416 987 2469 καὶ
1009 2412 1309 2476 διακλάσας
1345 2409 1534 2480 ὥσπερ
1563 2408 1641 2471 είς
1660 2404 1794 2461 ἀπό.

218 2531 422 2585 γνωσιν
450 2515 576 2577 τοὺς
605 2511 875 2582 μαθητὰς,
897 2511 1055 2563 ὄκνου
1087 2510 1183 2564 καὶ
1218 2505 1421 2570 δειλίας
1455 2502 1801 2574 ἀπαραπόδι-

222 2623 345 2661 στον
379 2607 440 2658 ἐν
466 2604 651 2667 αὐτοῖς
674 2603 839 2656 ἐτίθει
860 2603 958 2672 τὴν
994 2600 1246 2673 πάροδον.
1273 2598 1436 2662 Εἰκὸς
1486 2597 1595 2669 γὰρ
1632 2595 1803 2666 δήπου

222 2696 342 2750 καθ’
396 2694 624 2756 ἑαυτοὺς
687 2694 911 2755 ἐννοεῖν,
956 2692 1031 2757 ὡς
1084 2691 1133 2745 εί
1180 2691 1368 2762 μηδενὶ
1422 2687 1804 2758 πεισθήσονται

226 2784 504 2849 παντελῶς
527 2783 636 2837 τῶν
653 2783 930 2837 Ἰουδαίων
962 2783 1010 2835 οἱ
1053 2782 1240 2853 δῆμοι,
1298 2779 1433 2834 ἀλλά
1495 2779 1591 2832 καὶ
1643 2776 1806 2831 αὑτὸν

224 2879 524 2949 ἡγήσονται
563 2877 692 2945 παρ’
723 2875 875 2929 οὐδὲν
924 2873 1015 2926 τὸν
1065 2872 1446 2945 Παράκλητον,
1476 2870 1652 2924 καίτοι
1692 2870 1805 2931 τοῖς

227 2970 366 3040 ὑπὲρ
383 2969 545 3038 λόγον
572 2969 913 3040 τερατουργή
924 2984 1058 3037 μασι
1079 2966 1551 3038 καταπλήττοντα,
1581 2962 1732 3016 οὐδὲν
1749 2961 1805 3014 δὲ

1895 1774 2115 1845 quidem
2142 1773 2314 1842 ipsam
2347 1770 2632 1839 suscipere
2656 1767 2849 1830 velint,
2883 1780 3009 1820 cum
3039 1769 3230 1833 aperte
3267 1761 3353 1815 lex
3384 1759 3469 1815 di-

1896 1879 1986 1925 cat
2017 1867 2170 1923 credi
2210 1872 2264 1922 et
2297 1863 2607 1920 indubitate
2647 1861 2856 1932 suscipi
2900 1859 3100 1913 debere
3147 1855 3294 1927 quod
3338 1854 3478 1908 duo-

1898 1966 2020 2017 ru'n:
2058 1968 2152 2014 aut
2190 1959 2354 2013 trium
2390 1957 2613 2011 testium
2665 1968 2764 2009 ore
2819 1951 3239 2020 comprobatum
3292 1946 3367 2000 sit
3409 1946 3476 1997 ²“.

1900 2053 2101 2108 Verum
2132 2050 2264 2106 illud
2283 2048 2505 2119 quidem
2541 2048 2595 2100 in
2623 2059 2865 2116 praesens
2888 2042 3095 2096 utiliter
3122 2042 3335 2094 reticet.
3367 2035 3479 2091 Nec

1897 2144 2047 2200 enim
2084 2141 2416 2197 mediocrem
2453 2137 2535 2194 eis
2585 2135 2916 2191 anxietatem
2956 2130 3255 2193 intulisset,
3287 2142 3349 2181 ac
3382 2125 3480 2182 de-

1898 2235 2212 2307 speratione
2239 2230 2433 2287 fractis
2463 2223 2873 2299 quodammodo
2911 2220 3312 2290 discipulorum
3360 2215 3481 2269 ani-

1899 2331 2006 2385 mis
2034 2324 2313 2383 formidiui
2344 2337 2407 2378 ac
2447 2319 2660 2376 inertiae
2692 2316 2943 2388 pervium
2981 2312 3191 2367 aditum
3238 2309 3482 2364 fecisset.
3578 2342 3589 2351 ι

1900 2418 2193 2476 Probabile
2236 2415 2385 2471 enim
2436 2419 2556 2471 erat
2589 2422 2685 2465 eos
2720 2406 2863 2478 apud
2894 2419 2953 2461 se
2991 2402 3045 2459 id
3077 2403 3323 2472 cogitare
3360 2418 3373 2453 :
3425 2397 3484 2451 Si

1901 2509 2037 2565 nulli
2075 2509 2288 2580 penitus
2319 2501 2752 2573 obtemperaturi
2774 2505 2904 2556 sunt
2926 2493 3241 2551 Iudaeorum
3273 2489 3485 2562 populi,

1905 2605 2001 2660 sed
2022 2610 2076 2659 et
2108 2602 2286 2672 ipsum
2320 2613 2417 2669 pro
2445 2595 2620 2650 nihilo
2655 2591 3001 2647 Paracletum
3054 2585 3299 2642 habituri
3335 2591 3487 2647 sunt,

1905 2692 2158 2767 quamvis
2187 2689 2534 2746 mirabilibus
2564 2678 2737 2756 signis
2764 2681 3034 2737 attonitos
3079 2677 3367 2743 faciatLac
3398 2674 3487 2727 ni—

1907 2785 2208 2843 hilominus
2236 2781 2519 2838 Christum
2546 2777 2732 2832 odisse
2758 2769 3268 2845 deprehendantur,
3292 2773 3343 2822 et
3364 2780 3489 2819 cum

1916 2881 2041 2950 ipso
2092 2872 2492 2943 Patrem,quid
2520 2869 2723 2925 frustra
2772 2866 3017 2921 laborem
3075 2855 3492 2930 impendimus?

1908 2948 2101 3037 q—uidni
2129 2964 2235 3017 hac
2269 2960 2524 3015 molestia
2566 2956 2786 3013 liberari
2833 2968 2936 3009 nos
3004 2949 3281 3013 convenit,
3323 2948 3493 3002 silen-

225 3038 387 3135 ἦττον
423 3038 725 3114 ἁλώσονται
763 3058 859 3112 καὶ
885 3038 1023 3130 μετά
1051 3056 1211 3110 τοῦτο
1237 3054 1522 3127 μισοῦντες
1548 3053 1805 3125 Χριστὸν,

1917 3057 2046 3111 tium
2096 3052 2290 3108 inutile
2344 3065 2473 3121 erga
2528 3046 2849 3119 praefractas
2901 3042 3153 3098 homines
3226 3038 3494 3093 doctrinm

225 3151 318 3203 uel
330 3149 434 3203 σὺν
449 3146 596 3218 αὑτῷ
610 3147 699 3200 τὸν
715 3146 955 3218 Πατέρα,
977 3146 1030 3198 τί
1051 3147 1146 3200 καὶ
1166 3144 1325 3200 πόνον
1342 3143 1545 3213 ἀνατλῆ
1553 3160 1641 3195 σαι
1690 3141 1812 3211 δεή-

230 3258 310 3294 σει
334 3240 526 3305 κενόνς
561 3239 614 3292 τί
656 3238 731 3311 μὴ
761 3239 856 3292 καὶ
885 3238 1225 3309 πραγμάτων
1252 3234 1688 3291 ἀπαλλάττεσθαι
1710 3234 1809 3298 δεῖ,

228 3334 325 3405 τὴν
354 3335 439 3395 εἰς
454 3331 720 3402 ἀνηκόους
750 3331 1095 3402 σιωπὴν,τοῦ
1129 3330 1403 3384 διδάσκειν
1434 3328 1811 3400 προτιμήσαν-

228 3442 359 3492 τας;
391 3424 582 3479 Ταῦτά
601 3441 705 3486 τοι,
740 3422 956 3478 κατὰτὸ
978 3422 1146 3487 εἰκὸς,
1174 3422 1274 3476 οὐκ
1318 3422 1592 3493 ἀγνοήσας
1616 3420 1814 3489 λογιεῖ·

234 3518 356 3573 σθαι
405 3518 538 3581 τοὺς
589 3516 859 3589 μαθητὰς,
890 3515 1227 3587 περιστέλλει
1268 3514 1370 3586 μὲν
1428 3516 1693 3584 ἐντέχνως
1745 3512 1815 3566 τὰ

232 3610 446 3680 ὅσαπερ
469 3604 537 3679 ἦν
590 3606 965 3678 μοχθηρότερα
1006 3604 1143 3676 πρὸς
1171 3603 1453 3676 ὲξήγησιν⁶
1484 3605 1577 3657 καὶ
1608 3603 1810 3658 δειλίαν

233 3702 326 3755 καὶ
362 3700 525 3755 ὄκνου
556 3699 649 3752 τοῦ
677 3697 814 3770 πρὸς
839 3696 901 3750 τὸ
928 3697 1124 3768 χρῆναι
1146 3696 1417 3751 διδάσκειν
1444 3695 1777 3767 ἐμποιητικά
1800 3712 1813 3725 ·

238 3792 582 3866 παρατρέπει
610 3791 669 3844 δὲ
693 3789 977 3861 χρησίμως
1006 3785 1100 3842 τοῦ
1135 3788 1296 3858 λόγου
1325 3786 1424 3859 τὴν
1467 3786 1696 3858 δύναμιν
1722 3788 1820 3841 ἐπὶ

234 3886 296 3938 τὸ
328 3880 851 3954 προευτρεπίζεσθαι
890 3881 1016 3944 δεῖν,
1056 3879 1151 3934 καὶ
1183 3878 1620 3951 προεσκευόωθαι
1643 3895 1818 3932 νεανι·

240 3976 349 4041 κῶς
377 3978 516 4049 πρὸς
540 3971 609 4028 τὰ
630 3974 688 4042 ἐξ
708 3974 930 4029 ἐκείνων
955 3973 1211 4044 ἐσόμενα,
1227 3973 1345 4045 ἦτοι
1373 3971 1818 4045 προσδοκώμενα.

241 4074 314 4126 Τὸ
343 4074 452 4144 γὰρ
484 4070 764 4141 αἰφνιδίως
789 4069 881 4123 καὶ
904 4067 1180 4137 ἀδοκήτως
1222 4066 1360 4119 τισὶν
1378 4066 1667 4132 ,ὲπελθείν,
1701 4068 1820 4119 ίκα-

241 4164 328 4218 νὸν
348 4162 585 4234 ταράξαι
621 4162 714 4214 καὶ
757 4159 857 4230 τὴν
896 4158 1017 4212 λίαν
1060 4156 1290 4228 ἔχουσαν
1345 4156 1574 4228 ἐδραίως
1619 4158 1817 4228 ψυχήν·

241 4260 301 4312 τὸ
326 4257 384 4310 δὲ
422 4257 500 4319 ὼς
533 4255 651 4326 ἥξοι
691 4255 785 4307 καὶ
820 4252 974 4305 ἔσται
1018 4249 1486 4322 προῦποπτευθὲν,
1543 4249 1823 4320 λειοτέραν

241 4351 356 4419 ἔχει
380 4349 482 4418 τὴν
525 4345 770 4417 πρόοδον,
816 4342 915 4397 καὶ
958 4340 1019 4395 τὸ
1057 4340 1222 4412 ἄχθος
1258 4340 1708 4411 εὐφορητότερον,
1749 4341 1825 4405 ὼς

1914 3142 2453 3219 praeferentes?Haec
2494 3138 2641 3210 apud
2696 3152 2758 3194 se
2802 3134 3143 3207 cogitaturos
3190 3128 3495 3198 discipulos

1913 3254 2038 3296 cum
2084 3252 2193 3292 non
2240 3236 2543 3307 ignoraret,
2604 3229 2902 3285 artificiose
2949 3226 3168 3296 quidem
3217 3221 3495 3278 contrahit

1913 3344 2252 3404 quacunque
2292 3328 2569 3397 explicatu
2628 3324 2815 3396 gravia
2872 3320 3219 3380 videbantur,
3267 3330 3496 3386 quaeque

1914 3422 2260 3478 timiditatem
2299 3427 2354 3472 et
2384 3415 2656 3486 ignaviam
2707 3412 3067 3467 conciliatura
3097 3427 3113 3476 ;
3149 3407 3258 3460 vim
3304 3412 3489 3458 autem

1914 3525 1968 3572 et
2003 3515 2270 3570 rationem
2294 3509 2579 3566 sermonis
2629 3506 2842 3561 utiliter
2877 3502 3153 3559 convertit
3187 3499 3253 3554 ad
3288 3513 3496 3569 pracpa-

1916 3608 2121 3664 randos
2160 3615 2215 3661 et
2250 3600 2580 3667 muniendos
2633 3598 2903 3653 adversus
2958 3596 3283 3664 ingruentes
3333 3603 3498 3644 casus

1916 3701 2152 3757 animos.
2185 3695 2317 3750 Nam
2343 3693 2491 3765 quod
2520 3698 2746 3759 repente
2775 3697 2828 3742 et
2849 3696 3043 3757 praeter
3073 3698 3225 3754 spem
3261 3680 3499 3751 ingruit,

1917 3795 2081 3851 etiam
2116 3793 2459 3845 constantem
2509 3784 2754 3837 animum
2804 3778 3029 3832 turbare
3060 3782 3276 3845 potest;
3314 3770 3499 3843 provi-

1920 3901 2042 3943 sum
2070 3896 2201 3938 vere
2235 3888 2290 3935 et
2333 3883 2483 3932 certa
2521 3889 2617 3945 spe
2660 3879 3041 3942 exspectatqu
3070 3906 3086 3929 ,
3122 3864 3300 3921 levius
3354 3862 3500 3916 ferit.

1921 3975 2193 4031 Existimo
2228 3984 2359 4027 vero
2393 3966 2676 4023 Christum
2714 3960 2966 4017 nonnihil
2994 3955 3308 4015 istiusmodi
3338 3951 3507 4024 signi.

1922 4069 2088 4124 ﬁcare
2115 4064 2276 4121 velle.
2308 4060 2366 4116 Si
2400 4059 2547 4115 enim
2591 4054 2713 4126 σεο,
2756 4053 2956 4123 inquit,
3005 4057 3158 4103 tanta
3193 4047 3305 4116 jam
3351 4043 3506 4099 vobis

1922 4163 2079 4232 signa
2112 4156 2282 4219 edidi,
2325 4154 2489 4222 idque
2515 4149 2673 4205 vobis
2706 4145 2957 4210 testibus,
2998 4150 3051 4197 et
3090 4140 3411 4194 Paracletus
3449 4138 3504 4191 in

1923 4226 2078 4308 vobis
2110 4247 2314 4304 similia
2347 4256 2568 4315 quoque
2618 4239 2871 4294 editurus
2913 4242 3030 4298 est,
3076 4246 3253 4300 neque
3293 4226 3508 4283 Judaici

1926 4344 2131 4402 furoris
2172 4339 2416 4397 cessabit
2470 4333 2736 4394 audacia,
2781 4329 2875 4384 sed
2920 4327 3084 4381 iidem
3131 4324 3392 4388 omnino,
3442 4337 3507 4375 ac

244 4413 695 4514 προεγνωσμένον
714 4437 813 4508 ήδη
838 4436 934 4489 καὶ
960 4433 1429 4506 προτετριμμένον
1453 4435 1570 4495 ταῖς
1590 4431 1683 4485 τοῦ
1718 4450 1810 4487 πα

1926 4435 2233 4494 deteriores
2265 4436 2397 4487 sunt
2431 4426 2626 4490 futuri,
2660 4421 2835 4476 nolite
2867 4416 3265 4481 scandalizari,
3297 4413 3501 4484 inquit,

244 4529 355 4584 θεῖν
371 4527 761 4591 ἀνενδοιάστως
792 4525 1025 4579 ἐλπίσιν.
1073 4519 1241 4596 Οἶμαι
1269 4523 1326 4577 δέ
1354 4542 1406 4577 τι
1443 4524 1536 4577 καί⁵
1584 4523 1823 4577 τοιοῦτον

244 4620 598 4692 ὺποσημῆναι
631 4617 915 4691 βούλεσθαι
936 4616 1026 4670 τὸν
1054 4615 1309 4688 Χριστόν.
1329 4614 1392 4668 Et
1420 4616 1528 4687 γὰρ
1556 4617 1687 4684 ἐγὼ,
1726 4633 1822 4685 φη-

247 4715 318 4780 σὶ,
351 4711 593 4779 τοσαῦτα
639 4710 737 4782 μὲν
769 4709 869 4781 ἥδη
920 4706 1474 4779 τεθαυματούργηκα,
1527 4708 1620 4762 καὶ
1666 4708 1825 4761 τοῦτο

245 4808 337 4862 ἐπὶ
360 4807 632 4877 μάρτυσιν
654 4804 782 4872 ὑμῖν
813 4817 826 4831 °
853 4800 1332 4871 θαυματουργήσει
1360 4800 1417 4853 δὲ
1446 4800 1538 4853 καὶ
1570 4801 1824 4871 ἐφ’ὑμῶν

1932 4541 2059 4582 cum
2088 4524 2144 4579 id
2197 4521 2357 4576 vobis
2404 4514 2707 4586 contingit,
2756 4510 2851 4567 sed
2894 4524 3149 4569 meorum
3195 4500 3509 4564 sermunum

1930 4618 2122 4687 utique
2145 4617 2502 4669 mementote.
2544 4625 2563 4659 ι
2607 4604 2725 4660 Νοὴ
2761 4602 2908 4657 enim
2956 4610 3038 4656 est
3075 4599 3379 4670 discipulus
3420 4611 3511 4651 su-

1931 4725 2030 4782 per
2083 4705 2453 4778 magistrum,
2524 4711 2701 4768 neque
2746 4708 2942 4749 servus
3004 4706 3169 4762 super
3225 4686 3506 4745 dominum

1931 4818 2092 4860 suum
2118 4800 2187 4854 '7.
2228 4817 2248 4850 ι

247 4903 277 4954 ό
308 4869 810 4972 Παράκλητος,νκαὶ
836 4894 936 4965 τῆς
964 4869 1245 4946 ἡἸουδαίων
1292 4892 1549 4955 ἀπονοίας
1579 4894 1681 4947 οὐκ
1711 4869 1961 4970 ἀτονήσει
1989 4894 2051 4947 τὸ
2089 4891 2314 4964 θράσος,
2376 4887 2491 4942 ἀλλ’
2542 4883 2756 4938 ἔσονται
2781 4879 2944 4935 πάλιν
3007 4877 3064 4928 ἐν
3105 4870 3336 4935 τούτοις,
3412 4869 3508 4924 καὶ

251 4993 309 5047 ἐν
338 4962 454 5053 τοίς
475 4962 577 5045 ἔτι-
600 4989 827 5061 χείροσι,
880 4962 958 5054 μὴ
997 4982 1443 5053 σκανδαλισθῆτε,
1482 4984 1670 5055 φησὶν,
1704 4985 1834 5042 ὅταν
1862 4962 1965 5041 καὶ
1993 4962 2150 5039 αὐτοὶ
2190 4980 2349 5036 τοῦτο
2399 4977 2662 5040 παθόντες
2714 4967 3063 5044 εὑρίσκησθε,
3136 4962 3508 5034 διαμέμνησθε

334 5175 382 5206 ’⁸
408 5173 566 5230 Deut.
618 5188 754 5238 xm,
788 5172 843 5225 θ,
938 5172 980 5203 ’⁷
1005 5170 1195 5225 Matth.
1223 5187 1279 5233 ι,
1309 5169 1402 5225 24.

316 5333 394 5404 (1)
437 5330 522 5389 Me
561 5331 834 5404 monitore
877 5341 1227 5404 nequaquam
1274 5323 1550 5404 indigebit
1587 5322 1835 5394 quicun-
1933 5333 2042 5377 tam
2076 5321 2406 5404 scripturam
2427 5316 2575 5404 ,ηιξκιε
2611 5311 2972 5404 intellectam;
3003 5304 3266 5404 adeoque.
3285 5302 3338 5356 in
3370 5300 3512 5356 hanc

243 5391 603 5530 ge'attente
641 5401 833 5481 legerit
866 5391 1033 5453 verba
1080 5391 1476 5481 S..Cyrilli.'ad
1525 5391 1686 5449 Joan.
1740 5410 1833 5457 xv,

333 5512 352 5530 .
381 5474 475 5530 27.
521 5475 944 5530 Μαρτυρουντος
989 5468 1047 5522 δὲ
1093 5485 1188 5522 του
1247 5468 1585 5530 Πνευματος,
1611 5480 1833 5518 συνεπι-

333 5512 352 5538 ,
381 5474 475 5530 27.
521 5468 948 5544 Μαρτῦροῦντος
1093 5468 1188 5544 τοῦ
1247 5468 1585 5544 Πνεύμ-ατος,
1611 5480 1833 5544 συνεπι-

248 5535 657 5616 μαρτυρήσετέ,
690 5535 845 5611 (final,
869 5540 974 5620 καὶ
1000 5539 1161 5610 ὑμεῖς
1204 5536 1380 5591 αὐτοί.
1421 5535 1460 5587 Γ
1465 5535 1686 5603 εγόνατε
1721 5535 1833 5606 γὰρ

247 5615 517 5667 αὐτόπται
555 5615 650 5667 καὶ
683 5610 879 5668 θεωροὶ
909 5626 1016 5661 των
1056 5605 1207 5668 παρά
1247 5608 1365 5668 τοῖς
1410 5604 1560 5668 ἰδίοις
1619 5604 1833 5657 τετελε-

251 5624 517 5667 αῡτόπται
555 5624 650 5667 καὶ
683 5624 879 5678 θεωροὶ
909 5626 1016 5661 των
1056 5624 1207 5678 παρα
1247 5624 1365 5668 τοις
1410 5624 1560 5669 ιοιοις
1619 5624 1824 5657 τετελε-

251 5686 489 5753 σμένων,
540 5684 625 5736 ἀεὶ
664 5680 957 5753 συνόντες,Δ
987 5679 1059 5753 ὡς
1104 5676 1380 5753 μαθηταί,
1430 5682 1487 5727 ιιι
1534 5674 1824 5753 intelligat,

253 5744 403 5816 ἰδίοις
440 5744 640 5808 factum
687 5765 813 5807 csse
846 5744 1220 5812 οκΊουδαίὸις,
1252 5744 1492 5816 propter
1535 5744 1825 5798 abbrevia-

1932 5378 2266 5447 scntentiam
2305 5387 2441 5443 verti
2474 5385 2713 5440 debere:
2759 5378 3143 5447 Testimonium
3174 5381 3513 5447 αυιεηιηρςτε

1932 5441 2385 5528 itilieiitengpiritu
2410 5496 2425 5517 .
2454 5472 2542 5509 vos
2564 5453 2666 5520 ipsi
2693 5464 2904 5528 quoque
2924 5487 2938 5508 ,
2967 5446 3135 5528 inquit
3159 5484 3175 5528 ,
3217 5441 3512 5528 ρει-Ιιίὺεὸίέ

1935 5535 2025 5587 tis.
2059 5521 2277 5587 Oculdti
2309 5528 2449 5582 enim
2491 5532 2646 5577 testes
2682 5521 2862 5589 fuistis
2890 5528 2937 5570 et
2975 5525 3297 5589 spectatores
3328 5527 3510 5566 eorum

1932 5617 2047 5669 qua:
2082 5598 2220 5666 apud
2252 5596 2721 5669 Judaeos__peract_a
2755 5599 2875 5669 suum
2899 5629 2912 5651 ,
2944 5588 3035 5657 qui
3079 5595 3513 5669 mecumﬂsempcr

1934 5651 2160 5739 iit-"sui,
2203 5651 2715 5739 utpote___discipuli.
2794 5651 3143 5713 Coram-Intus
3184 5693 3200 5720 ,
3264 5651 3513 5712 Nonum.

1938 5733 2085 5795 Eccl.
2120 5736 2217 5792 Gr.
2256 5733 2334 5801 ll,
2384 5733 2511 5791 520.
