3998 6318
482 283 593 339 4ῒό

1487 282 1547 339 S.
1587 283 1871 339 CYlilLLl
1910 284 2382 343 ALEXANDIUNI
2423 287 2746 344 AIiClllEP.

3647 287 3752 343 εει

479 395 538 448 δὲ
577 394 856 467 πανταχοῦ
889 394 996 449 τῶν
1026 391 1176 465 ἐμῶν
1210 392 1405 462 λόγων.
1447 412 1467 447 ι
1501 397 1578 449 Οὐ
1610 396 1719 467 γάρ
1750 398 1867 451 ἐστι
1892 398 2144 468 μαθητὴς
2171 400 2314 471 ὑπὲρ
2345 402 2435 455 τὸν
2481 401 2823 467 διδάσκαλον,
2888 400 3008 455 οὐδὲ
3072 400 3257 466 δοῦλος
3327 400 3467 472 ὑπὲρ
3502 399 3596 454 τὸν
3652 404 3747 456 κύ-

481 508 598 563 ριον
629 489 816 544 αὐτοῦ.
865 507 886 541 ι

549 581 667 637 XVI
688 623 702 647 ,
755 582 809 637 2.
852 582 1059 651 Absque
1089 583 1374 653 synagogis
1405 581 1600 650 facient
1632 569 1719 638 uos
1753 600 1771 637 :
1795 582 1886 639 sed
1924 584 2045 638 veni.

2237 586 2766 656 Ἀποσυναγώγηους
2802 584 3173 653 ποιήσουσιν
3192 580 3348 651 ὑμᾶς
3376 598 3393 613 ο
3423 582 3562 637 ἀλλ’
3591 583 3753 656 ἔρχεο

477 675 606 728 liora
641 685 695 728 ut
720 675 891 728 omnis
919 676 1010 744 qui
1038 676 1290 743 inter/icit
1321 691 1409 729 vos
1437 675 1727 730 arbitretur
1755 676 2060 748 obsequium

476 783 532 820 se
559 775 816 834 prwstare
856 766 989 823 Deo.
1969 756 1975 762 ’

542 860 705 932 913
727 859 1041 915 Extremum
1057 862 1327 926 omnium,
1349 872 1407 917 ut
1437 865 1603 919 verbo
1616 865 1819 930 dicam,
1837 866 2059 936 pericu-

474 955 585 1006 lum
626 954 708 1008 eis
748 955 1110 1024 praenuntiat,
1144 971 1253 1010 non
1286 966 1344 1012 ιιι
1379 972 1611 1012 suorum
1654 958 2056 1029 discipulorum

475 1040 672 1096 animis
706 1041 979 1097 imbellem
1016 1054 1219 1099 metum
1247 1046 1548 1103 incuteret:
1574 1064 1673 1103 nec
1692 1050 1837 1104 enim
1862 1051 1913 1104 id
1933 1066 2056 1105 eum

478 1132 658 1190 facere
712 1137 1027 1201 decuisset,
1071 1139 1167 1209 qui
1219 1138 1528 1209 discipulos
1588 1142 1679 1195 ad‘
1725 1142 2055 1212 intrepidam

473 1226 754 1297 Evangelii
787 1229 1235 1299 prazdicationem
1270 1231 1612 1301 instigabat:
1650 1228 1745 1288 sed
1784 1242 1863 1298 ut,
1906 1241 2054 1288 metu

470 1320 805 1388 gravissimo
869 1322 1198 1392 prmvisione
1261 1322 1379 1393 ipsa
1435 1324 1626 1379 leviori
1692 1324 1838 1380 facto
1892 1334 2056 1397 atque

469 1409 725 1481 depulso,
761 1411 827 1467 ad
861 1412 1148 1467 subeunda
1182 1416 1390 1483 quaevis
1439 1414 1683 1483 pericula
1731 1417 2055 1472 audaciores

471 1503 792 1567 evaderent,
840 1512 894 1558 et
952 1502 1275 1559 difﬁcillima
1325 1521 1560 1576 quaeque
1613 1515 2049 1564 contemnerent.

466 1591 601 1649 Nam
633 1594 725 1666 qui
753 1596 900 1665 quod
930 1596 1155 1666 gravius
1185 1604 1270 1652 est
1301 1612 1409 1652 non
1441 1600 1655 1662 metuit,
1680 1616 1843 1669 quam
1874 1602 2054 1671 jactu-

467 1700 585 1739 ram
641 1702 707 1742 ex
741 1702 807 1742 eo
837 1688 987 1757 quod
1038 1689 1213 1745 levius
1253 1697 1338 1745 est
1376 1691 1597 1761 capiet?
1639 1691 1702 1747 Et
1735 1695 1826 1763 qui
1858 1695 2051 1750 ultima

468 1794 698 1847 qumque
732 1794 843 1833 non
885 1778 1273 1846 reformidant,
1307 1782 1642 1853 quibusnam
1686 1786 1812 1841 aliis
1839 1787 2048 1842 turbari

467 1869 716 1937 queunt?
751 1867 816 1923 Ut
850 1885 985 1940 ergo
1033 1882 1285 1940 paratum
1325 1871 1393 1925 ad
1437 1874 1627 1928 omnia
1682 1876 2051 1933 libentissime

468 1960 796 2029 perterenda
828 1961 1076 2015 animum
1110 1962 1399 2029 haberent,
1442 1964 1577 2018 etin
1614 1967 1911 2035 perniciem
1941 1967 2045 2024 sibi

465 2066 494 2104 a
529 2050 733 2107 ludatis
770 2054 1097 2108 intentatam
1139 2061 1250 2109 tam
1297 2063 1525 2112 strenue
1571 2058 1951 2129 insurgerent,
1988 2070 2048 2117 ut

467 2160 532 2198 ne
555 2144 992 2200 crudelissimam
1017 2146 1239 2217 quidem
1274 2158 1527 2215 mortem,
1549 2150 1594 2205 si
1623 2166 1711 2206 res
1746 2153 1819 2205 ita
1857 2152 2043 2220 ferret,

463 2241 794 2299 metuerent,
838 2250 948 2288 non
981 2236 1225 2305 vulgaria
1274 2246 1488 2292 tantum
1537 2241 1621 2294 eis
1651 2249 1915 2295 eventura
1944 2243 2041 2307 ait,

464 2341 563 2381 nec
614 2323 931 2380 inda-orum
985 2325 1228 2382 furorem
1262 2329 1602 2400 quieturum,
1647 2331 1693 2385 si
1739 2333 1901 2387 modo
1947 2347 2042 2388 eos

462 2419 756 2489 synagogis
808 2420 1102 2484 moverint,
1148 2421 1244 2476 sed
1301 2422 1636 2493 impietatem
1695 2424 1913 2479 illorum
1976 2441 2043 2481 eo

464 2524 852 2579 processuram
899 2510 1184 2580 praedicat,
1213 2518 1272 2565 ut
1316 2527 1586 2567 summam
1617 2515 1671 2567 in
1707 2529 1802 2570 eos
1839 2516 2041 2570 crude-

463 2600 673 2655 litatem
724 2600 945 2669 pietatis
976 2616 1105 2673 erga
1137 2600 1304 2657 Deum
1339 2601 1443 2657 iter
1473 2617 1598 2657 esse
1634 2612 1847 2674 putent.
1882 2604 2042 2672 Quod

459 2701 642 2748 autem
679 2692 890 2749 Christi
936 2695 1317 2750 sectatoribus
1369 2709 1646 2766 synagoga
1686 2695 2040 2753 interdictum

459 2786 531 2842 sit
573 2801 748 2857 eaque
801 2801 963 2858 poena
1013 2788 1231 2842 multati
1285 2787 1397 2843 sint
1449 2787 1628 2854 initio,
1682 2786 2040 2846 manifestum

456 2880 587 2947 erit,
629 2880 968 2951 evangelista
1002 2878 1244 2947 dicente,
1279 2881 1482 2935 multos
1521 2880 1741 2951 quidem
1778 2882 1944 2937 etiam
1973 2898 2041 2938 ex

458 2972 810 3043 principibus
860 2972 917 3026 in
964 2986 1087 3027 cum
1142 2971 1471 3035 credidisse,
1506 2972 1601 3027 sed
1647 2981 1871 3043 prepter
1900 2973 2041 3029 Pha-

459 3065 650 3120 ri'saeos
680 3080 788 3119 non
823 3063 995 3119 fuisse
1026 3063 1339 3128 confessos,
1367 3080 1435 3117 ne
1459 3080 1523 3118 ex
1572 3080 1848 3137 synagoga
1872 3067 2039 3136 ejice-

458 3156 739 3211 rentur“.
786 3154 854 3208 Et
900 3170 1097 3211 rursus
1130 3174 1143 3208 τ
1183 3173 1202 3206 ι
1234 3152 1356 3209 Jam
1387 3155 1533 3211 enim
1585 3158 2041 3226 conspiravera’nt

2162 693 2255 729 ται
2294 675 2434 744 ὥρα,
2490 678 2590 730 ἵνα
2620 676 2740 744 πᾶς
2775 679 2808 731 ὀ
2844 676 3202 741 ἀποκτείνας
3240 673 3399 739 ὑμᾶς
3443 677 3599 748 δόξῃ
3645 685 3750 735 .la-

2161 769 2362 837 τρείαν
2394 768 2756 839 προσφέρειν
2780 767 2859 833 τῷ
2897 768 3039 834 Θεῷ.

2251 860 2563 930 Ἀνεκόμισε
2599 860 2735 929 πρὸς
2758 860 2887 913 αὐτὸ
2917 860 2977 912 τὸ
3000 859 3241 927 πάντων,
3268 877 3346 927 ως
3381 865 3513 927 ἔπος
3548 864 3748 929 εἰπεῖν,

2160 950 2461 1021 ἀκρότατον
2490 950 2598 1003 τῶν
2622 951 2810 1004 δεινῶν
2837 951 2930 1004 τοῦ
2960 952 3208 1006 κινδύνου
3265 957 3365 1027 τὴν
3414 957 3746 1028 πρόρρησιν,

2159 1041 2258 1111 οὐχ
2291 1040 2375 1095 ἵνα
2398 1044 2498 1114 τὴν
2528 1043 2791 1115 ἄνανδρον
2812 1046 2927 1107 τοῖς
2962 1043 3158 1097 ἑαυτοῦ
3205 1046 3477 1118 μαθηταῖς
3525 1051 3748 1122 ἐνεργά-

2162 1148 2322 1201 σηται
2368 1134 2560 1187 πτοίαν
2581 1153 2594 1166 ·
2651 1134 2711 1187 οὐ
2763 1134 2873 1206 γὰρ
2908 1134 2973 1189 ἂν
2993 1136 3205 1207 ἥρμοσε
3247 1139 3380 1210 δρᾷν
3407 1141 3487 1210 τῷ
3521 1160 3585 1209 γε
3613 1143 3746 1206 ὅλως

2160 1224 2519 1295 παροτρύνειν
2555 1226 2792 1281 ἐθέλοντι
2825 1228 2961 1298 πρὸς
2988 1229 3050 1281 τὸ
3083 1229 3453 1307 εὐτολμοτατα
3506 1233 3629 1288 λίαν
3656 1237 3742 1289 τὸν

2157 1316 2514 1385 εὐαγγελικδν
2550 1318 2787 1391 κηρύξαι
2829 1320 3007 1388 λόγον,
3052 1321 3168 1374 ἀλλ’
3205 1323 3292 1376 ἵνα
3339 1325 3434 1378 τὸν
3482 1328 3743 1381 ἀνωτάτω

2158 1408 2341 1477 φόϐον,
2356 1409 2432 1473 ὡς
2452 1410 2553 1480 ἤδη
2584 1411 3061 1482 προεγνωσμένον,
3080 1413 3302 1485 εὐτριϐῆ
3323 1414 3454 1469 ὄντα
3468 1417 3557 1469 διὰ
3583 1417 3741 1471 τοῦτο

2156 1501 2602 1573 παρωθούμενοι,
2634 1503 2838 1567 παντὸς
2898 1504 2996 1575 μὲν
3058 1504 3160 1574 ἤδη
3213 1508 3738 1563 κατανεανιεύωνται

2155 1593 2347 1658 κακοῦ,
2380 1593 2584 1665 μηδένα
2603 1593 2660 1647 δὲ
2694 1594 2832 1656 ὅλως
2859 1597 3095 1648 ποιοῖντο
3126 1594 3302 1665 λόγον,
3327 1596 3462 1668 μηδὲ
3498 1598 3663 1670 εἴπερ
3691 1619 3740 1654 τι

2155 1688 2367 1757 προσίοι
2400 1687 2508 1739 τῶν
2535 1687 2955 1759 ἀφορητοτέρων
2997 1689 3185 1744 κακῶν
3220 1687 3361 1745 εῖναι
3415 1691 3737 1748 δοκούντων.

2155 1776 2280 1840 Τοῖς
2311 1777 2420 1845 γὰρ
2452 1776 2512 1829 τὸ
2543 1778 2725 1847 μεῖζον
2757 1780 2819 1832 οὐ
2860 1779 3150 1843 δεδοικόσι,
3203 1780 3366 1834 ποίαν
3414 1781 3481 1835 ἂν
3539 1784 3741 1854 ζημίαν

2155 1867 2363 1919 ἐποίσει
2394 1866 2456 1919 τὺ
2481 1866 2740 1933 ﬂavam;
2772 1870 2835 1921 Οἱ
2857 1868 2914 1921 δὲ
2938 1869 3035 1922 καὶ
3057 1870 3165 1921 τῶν
3190 1872 3272 1934 είς
3299 1871 3467 1942 άκρον
3498 1874 3741 1941 ἡκόντων

2151 1956 2424 2024 δειμάτων
2466 1955 2895 2026 κατευμεγεθεῖν
2942 1959 3266 2026 ἐγνωκότες,
3324 1958 3414 2012 διὰ
3464 1959 3613 2023 τίνος
3660 1960 3740 2013 ἔτι

2149 2045 2256 2099 τῶν
2290 2046 2467 2099 ἄλλων
2490 2048 2815 2117 ταραχθεῖεν
2843 2048 2942 2114 ἆνς
2976 2048 3094 2101 ’Ἰνα
3131 2048 3310 2102 τοίνυν
3354 2049 3598 2120 εὐτρεπῆ
3640 2053 3738 2122 τὴν

2147 2139 2385 2193 διάνοιαν
2407 2140 2577 2208 ἔχοιεν
2594 2141 2672 2202 είς
2689 2140 2750 2193 τὸ
2766 2140 2941 2194 πάντα
2969 2139 3089 2192 λίαν
3115 2141 3369 2211 ἀσμένως
3393 2144 3737 2209 ὑπενεγκεῖν,

2148 2230 2406 2301 καὶπρὸς
2438 2231 2499 2283 τὸ
2524 2230 2720 2302 χρῆναι
2765 2231 3017 2285 τοσοῦτον
3063 2232 3161 2302 τῆς
3201 2224 3265 2286 sic
3299 2233 3408 2286 τῶν
3465 2233 3739 2288 Ἰουδαίων

2146 2320 2633 2385 κατεξανξστασθαι
2683 2321 2907 2393 βλάϐης,
2954 2323 3027 2386 ὡς
3094 2323 3227 2394 μηδὲ
3275 2324 3456 2389 αὐτὸν,
3486 2326 3536 2377 εί
3583 2326 3740 2396 τύχοι

2145 2412 2391 2482 παρόντα
2421 2410 2514 2466 τὸν
2539 2411 2691 2483 ὠμὸν
2711 2412 2938 2466 δεδιέναι
2964 2413 3193 2467 θάνατον
3236 2430 3249 2444 ⁸
3282 2415 3403 2486 οὐχὶ
3436 2416 3506 2469 τά
3531 2418 3590 2470 ὲν
3625 2417 3737 2471 ἔθει

2148 2506 2311 2575 μόνον
2345 2504 2724 2577 συμϐήσεσθαι
2776 2506 2944 2576 λέγει,
2973 2507 3093 2560 οὐδὲ
3152 2507 3312 2580 μέχρι
3357 2509 3564 2563 τούτων
3614 2513 3740 2582 στή-

2146 2597 2336 2652 σεσθαι
2368 2597 2467 2670 τὴν
2503 2598 2817 2670 ἐπιϐουλὴν,
2871 2600 2989 2672 ἤτοι
3034 2600 3133 2671 τὴν
3165 2600 3276 2653 τῶν
3318 2602 3589 2656 Ἰουδαίων
3639 2606 3733 2657 ἐπ-

2144 2688 2464 2754 ανάστασιν,
2486 2689 2561 2754 ὡς
2598 2690 3061 2761 ἀποσυναγώγους
3114 2690 3367 2760 γενέσθαι
3406 2692 3587 2762 μόνον,
3617 2693 3736 2747 ἀλλ’

2142 2782 2223 2846 εἰς
2244 2780 2402 2835 τοῦτο
2425 2781 2763 2836 κατολισθεῖν
2800 2782 3085 2853 ὠμότητος
3115 2782 3215 2854 τὴν
3261 2783 3485 2839 ἐκείνων
3519 2787 3735 2839 ἀνοσιό-

2140 2890 2281 2944 τητα
2315 2874 2764 2944 προμεμήνυκεν,
2797 2873 2874 2938 ὡς
2897 2874 3149 2946 οἱηθῆναί
3181 2890 3333 2941 ποτε,
3365 2876 3462 2929 καὶ
3487 2875 3587 2947 τὴν
3632 2877 3734 2948 τῆς

2143 2965 2223 3028 είς
2242 2963 2376 3017 Θεὸν
2401 2963 2683 3028 εὐσεϐείας
2716 2964 2854 3018 ξέναι
2882 2964 3070 3036 τρίϐον
3099 2964 3198 3037 τὴν
3249 2967 3371 3019 κατ’
3422 2968 3608 3022 αὐτῶν
3650 2972 3734 3035 είς

2142 3056 2311 3129 ἀκρον
2357 3055 2776 3128 ἀπανθρωπίαν.
2819 3057 2943 3111 Ὀτι
2988 3058 3047 3112 δὲ
3092 3058 3513 3129 ἀποσυνάγωγοι
3580 3064 3734 3134 παρά

2141 3150 2255 3211 τοῖς
2300 3147 2576 3213 Ἰουδαίοις
2610 3149 2871 3218 ἐγίνοντο,
2919 3150 3014 3204 καὶ
3069 3149 3271 3220 ταύτην
3330 3151 3406 3216 ὡς
3447 3155 3506 3206 ὲν
3535 3154 3733 3227 ἀρχαῖς

460 3246 666 3302 Scriba!
707 3255 762 3301 et
801 3243 1088 3308 Pharisaei,
1122 3256 1181 3302 ut
1239 3247 1285 3303 si
1338 3247 1466 3318 quis
1520 3262 1645 3303 eum
1686 3249 2042 3307 conﬁteretur

2147 3240 2237 3295 τοῦ
2262 3240 2585 3312 πράγματος
2615 3240 2886 3311 ὑπέμενον
2929 3241 3110 3314 δίκην,
3136 3243 3187 3295 oi
3216 3240 3313 3313 τῆς
3362 3244 3583 3317 ἀγάπης
3631 3248 3732 3319 τῆς

457 3353 581 3393 esse
630 3337 935 3403 Christum,
977 3346 1133 3393 extra
1193 3353 1523 3410 synagogam
1584 3338 1736 3394 ﬁeret
1762 3341 1831 3393 ".
1874 3360 1893 3393 ι
1935 3339 2040 3396 Ve-

457 3447 580 3486 rum
606 3432 734 3486 licet
764 3430 1108 3502 conspiratio
1143 3430 1258 3485 haec
1290 3428 1631 3495 Judaorum,
1662 3431 1861 3502 inquit,
1898 3448 2038 3487 non-

458 3523 627 3578 nullis
656 3524 982 3593 gravissima
1012 3522 1103 3587 sit,
1136 3521 1421 3577 sciendum
1453 3533 1631 3577 tamen
1659 3537 1756 3578 vos
1787 3524 2040 3594 graviora

457 3630 700 3670 manere.
726 3612 805 3670 Ne
834 3613 1005 3678 enim,
1048 3615 1247 3684 inquit,
1278 3613 1531 3684 quamvis
1567 3613 1713 3669 istud
1756 3615 1866 3684 pati
1902 3630 2038 3671 con—

456 3709 664 3779 tigerit,
706 3705 994 3778 angimini.
1034 3704 1114 3761 Eo
1141 3707 1342 3777 quippe
1379 3706 1748 3777 improbitatis
1787 3717 2041 3778 erumpet

458 3800 676 3853 illorum
704 3798 958 3867 audacia,
987 3805 1049 3851 ut
1082 3805 1315 3853 mortem
1350 3798 1506 3852 vobis
1552 3797 1827 3853 intentare
1855 3800 2040 3857 cultus

455 3889 627 3945 divini
658 3890 779 3945 loco
807 3889 1066 3944 habeant.
1092 3888 1248 3954 Quod
1276 3895 1426 3944 certe
1456 3888 1661 3942 factum
1700 3889 2040 3959 reperiemus

458 3983 515 4037 in
566 3990 762 4038 sancto
823 3979 1106 4053 Stephano
1165 3981 1260 4035 illo
1316 3989 1618 4053 martyrum
1684 3983 1955 4055 principe,
1985 3993 2041 4041 et

456 4074 629 4129 Paulo
655 4074 859 4129 divino.
891 4072 1174 4144 Stephano
1203 4072 1410 4143 quippe
1443 4072 1800 4144 blasphemiae
1821 4076 2037 4147 culpam

459 4169 825 4237 imponentes,
847 4173 903 4221 et
933 4166 1066 4221 hinc
1095 4165 1274 4220 zelum
1305 4178 1432 4235 erga
1458 4162 1626 4220 Deum
1651 4174 2037 4236 praetexentes.

459 4270 689 4313 ιιιυηοιιι
720 4258 799 4312 illi
852 4259 1005 4314 saxis
1042 4257 1350 4313 intulerunt
1383 4257 1429 4289 ³⁸
1458 4275 1471 4310 :
1502 4254 1734 4313 Paulum
1767 4274 1899 4314 vero
1943 4275 2039 4316 sa-

2140 3336 2222 3399 είς
2264 3335 2499 3405 Χριστὸν
2542 3334 2863 3406 ὲξημμένοι,
2912 3336 3082 3403 σαφὲς
3114 3336 3180 3391 ἂν
3209 3336 3441 3405 γένοιτο,
3478 3338 3730 3407 λέγοντος

2140 3428 2236 3480 τοῦ
2292 3426 2707 3495 εὐαγγελιστοῦ,
2749 3427 2831 3481 ὅτι
2870 3446 2889 3479 ι
2926 3427 3120 3481 Πολλοὶ
3155 3427 3335 3499 μέντοι
3380 3429 3474 3481 καὶ
3507 3430 3578 3482 ἐκ
3618 3428 3725 3481 τῶν

2141 3518 2418 3591 ἀρχόντων
2450 3518 2779 3572 ἐπίστευσαν
2825 3518 2906 3581 είς
2932 3517 3121 3584 αὐτὸν,
3151 3518 3288 3571 ἀλλά
3329 3518 3417 3573 διὰ
3464 3520 3592 3583 τούς
3621 3520 3728 3573 Φα-

2144 3611 2386 3682 ρισαίους
2414 3612 2514 3682 οὐχ
2536 3609 2871 3681 ὡμολόγουν,
2909 3609 2997 3663 ἴνα
3029 3611 3104 3681 μὴ
3158 3612 3580 3680 ἀποσυνάγωγοι
3632 3612 3728 3681 γέ-

2141 3720 2361 3756 νωνται.
2395 3720 2414 3753 ι
2446 3702 2559 3755 Καὶ
2594 3702 2758 3756 πάλιν
2789 3720 2803 3733 ·
2851 3720 2868 3753 ι
2908 3702 3048 3774 Ἤδη
3092 3703 3201 3775 γὰρ
3253 3702 3622 3758 συνετέθειντο
3674 3707 3727 3758 οι

2140 3792 2494 3865 Γραμματεῖς
2520 3793 2614 3847 καὶ
2650 3794 2698 3845 oi
2719 3794 3024 3864 Φαρισαῖοι,
3047 3793 3134 3848 ἵνα
3162 3794 3255 3847 ἐάν
3294 3811 3378 3859 τις
3408 3794 3571 3849 αὐτὸν
3605 3797 3728 3866 ὁμο.

2140 3882 2348 3958 λογήση
2379 3883 2471 3937 τὸν
2498 3883 2734 3954 Χριστὸν
2762 3874 2923 3950 εἶναι,
2951 3885 3381 3955 ἀποσυνάγωγος
3413 3885 3662 3956 γένηται·
3700 3907 3720 3940 ι

2142 3976 2257 4031 ἀλλ’
2288 3978 2338 4030 εί
2364 3976 2458 4031 καί⁵
2502 3975 2640 4047 πρὸς
2680 3976 2908 4047 ταύτην,
2952 3978 3106 4049 φησι,
3161 3978 3260 4049 τὴν
3308 3977 3416 4032 τῶν
3456 3978 3727 4033 Ἰουδαίων

2142 4064 2435 4137 ἐπιϐουλὴν
2466 4065 2761 4137 ἀφορήτως
2812 4066 2999 4137 ἔχουσί
3027 4084 3200 4132 τινες,
3236 4069 3412 4122 ἰστέον
3451 4069 3723 4134 ἐντεῦθεν,

2140 4156 2217 4221 ὡς
2242 4156 2305 4210 οὐ
2327 4158 2490 4228 μέχρι
2516 4155 2720 4211 τούτων
2756 4157 2824 4211 τα
2854 4156 2977 4211 καθ’
3009 4159 3156 4229 ὑμᾶς
3191 4162 3468 4232 στήσεται.
3493 4160 3585 4233 Μὴ
3618 4162 3726 4234 γὰρ

2139 4252 2297 4319 ὅλως,
2329 4252 2514 4324 φησιν,
2546 4253 2597 4306 εἰ
2621 4253 2714 4307 καὶ
2736 4253 2976 4326 συμϐαίη
2996 4254 3157 4309 τοῦτο
3186 4255 3377 4311 παθεῖν
3403 4258 3722 4330 ἀσχάλλετε.

462 4351 964 4421 pientissimum'et
1013 4350 1428 4407 sanctissimum
1461 4347 1636 4406 Judaei
1666 4351 1887 4422 quidem
1924 4354 2040 4407 rin-

2147 4346 2543 4417 Κατοιχήσεται
2574 4345 2638 4417 δὴ
2669 4346 2808 4416 πρὸς
2846 4347 3003 4402 τοῦτο
3033 4347 3369 4423 φαυλότητος
3393 4349 3463 4405 τά
3501 4352 3725 4408 ἐκείνων

461 4454 655 4515 gemes
682 4441 822 4498 adeo
852 4443 1125 4512 persecuti
1162 4452 1311 4510 sunt,
1346 4451 1407 4498 ut
1438 4442 1651 4514 seipsos
1677 4443 2041 4514 jurejurando

2147 4437 2487 4509 τολμήματα,
2529 4438 2604 4503 ὡς
2625 4440 2705 4503 είς
2738 4438 2996 4511 λατρείας
3027 4441 3256 4513 δύναμιν
3306 4443 3407 4513 τῆς
3442 4443 3727 4514 θεοφιλοῦς

458 4533 626 4608 914
663 4534 1063 4589 obstrinxerim
1104 4550 1216 4590 non
1265 4535 1420 4607 prius
1474 4549 1535 4591 se
1587 4534 2035 4603 manducaturos,

2147 4529 2231 4583 τὸν
2269 4530 2389 4583 καθ’
2428 4529 2584 4601 ὐμῶν
2609 4530 2861 4602 οἰηθῆναι
2891 4530 3123 4587 θάνατον
3146 4549 3171 4574 ι’
3202 4532 3232 4587 ὃ
3269 4533 3334 4606 δὴ
3367 4534 3462 4588 καὶ
3502 4538 3726 4606 γεγονὸς

464 4605 640 4697 neque
675 4626 969 4693 bibituros,
1011 4642 1178 4696 quam
1231 4605 1356 4682 eum
1406 4624 1816 4681 interfecissent
1842 4626 1906 4681 ³¹.
1946 4625 2038 4683 Sic

2147 4620 2471 4692 εὑρήσομεν,
2496 4618 2587 4673 ἐπί
2616 4635 2678 4672 τε
2708 4619 2786 4690 τῷ
2818 4620 2959 4692 ἁγίῳ
2981 4621 3253 4692 στεφάνῳ,
3276 4605 3342 4693 τῇ
3385 4621 3492 4677 τῶν
3518 4605 3728 4694 μαρτύ·

460 4720 609 4773 enim
634 4719 689 4773 in
717 4718 951 4773 Actibus
983 4726 1305 4773 sanctorum
1342 4718 1720 4786 apostolorum
1767 4719 2035 4790 scriptum

2148 4728 2256 4781 ρων
2288 4711 2535 4780 ἀπαρχῇ.
2562 4710 2657 4763 καὶ
2693 4710 2787 4764 ἐπὶ
2813 4710 2892 4782 τῷ
2921 4711 3195 4783 θεσπεσίῳ
3228 4712 3447 4783 Παύλῳ.
3469 4715 3726 4786 Στεφάνῳ

465 4811 825 4882 reperiemus.
854 4808 1071 4880 Optima
1104 4824 1236 4880 ergo
1262 4819 1319 4864 et
1347 4808 1645 4864 utilissima
1672 4816 1756 4864 est
1784 4809 1872 4864 illa
1899 4826 2039 4880 pra:-

2149 4804 2246 4873 μὲν
2277 4801 2386 4873 γὰρ
2418 4802 2480 4854 τὸ
2507 4802 2605 4872 τῆς
2642 4801 2955 4874 δυσφημίας
2981 4803 3236 4877 ἔγκλημα
3274 4805 3722 4876 περιπλέκοντες,

462 4900 636 4955 dictio
677 4915 799 4972 qua:
848 4900 1096 4971 gravium
1155 4896 1425 4952 malorum
1468 4904 1670 4951 metum
1710 4897 2034 4966 prtemollit,

2147 4895 2240 4948 καὶ
2277 4893 2438 4962 ζῆλον
2494 4893 2744 4949 ἐντεῦθεν
2782 4896 2875 4949 τὸν
2916 4896 3161 4967 φιλόθεον
3210 4897 3593 4970 πλαττόμενοι,
3634 4900 3727 4953 τὸν

460 5003 514 5050 et
554 4993 710 5063 quasi
763 4991 875 5062 jam
922 5007 990 5048 ea
1040 4997 1299 5062 expertos
1345 4988 1411 5043 ad
1455 4988 1624 5043 animi
1654 4989 1911 5045 virtutem
1949 5005 2038 5043 rc-

2147 4986 2232 5039 διά
2282 4985 2444 5039 λίθων
2496 4987 2777 5057 ἐπήγαγον
2816 4987 3048 5041 θάνατον
3084 5006 3100 5020 ο
3161 4989 3238 5060 τῷ
3273 5006 3336 5058 γε
3369 4991 3477 5062 μὴν
3506 4988 3637 5060 ἱερῷ
3666 5006 3726 5043 τε

463 5094 643 5141 vocat.
714 5083 1040 5155 Refrigescit
1109 5083 1257 5138 enim
1329 5080 1737 5153 quodammodo
1807 5080 2036 5153 periculi

2147 5079 2240 5131 καὶ
2280 5079 2576 5148 σοφωτάτῳ
2609 5078 2807 5151 Παύλῳ
2831 5080 3084 5133 τοσοῦτον
3119 5081 3399 5154 ὲπέτριξον
3433 5083 3541 5135 τῶν
3599 5084 3727 5136 Ἰου-

462 5184 628 5232 aestus
658 5187 784 5232 ante
820 5175 1099 5245 provisus,
1132 5181 1186 5229 et
1219 5173 1419 5228 lentius
1449 5171 1679 5227 invadit.

2147 5171 2306 5226 δαίων
2328 5171 2490 5237 τινὲς,
2535 5172 2612 5237 ὡς
2638 5171 3034 5244 ἀναθεματίσαι
3057 5176 3304 5240 ἑαυτοὺς,
3333 5177 3471 5246 μήτε
3510 5176 3729 5244 φαγεῖν,

462 5269 602 5342 μήτε
632 5269 797 5329 πιεῖν,
850 5265 1007 5336 ἄχρις
1031 5259 1091 5319 οὐ
1128 5264 1388 5318 ἀνέλωσιν
1417 5262 1599 5316 αὐτόν.
1652 5259 1809 5315 Οὐτω
1843 5258 1952 5329 γὰρ
1982 5258 2036 5311 ὲν
2073 5263 2192 5339 ταῖς
2209 5260 2448 5333 Πράξεσι
2481 5261 2588 5316 τῶν
2616 5262 2787 5331 ἀγίων
2852 5262 3165 5316 ἀποστόλων
3217 5263 3605 5336 γεγραμμένον
3642 5261 3741 5316 εὐ·-

462 5362 723 5437 ρήσομεν.
753 5356 908 5427 Καλὴ
931 5356 1218 5429 τοιγαροῦν
1240 5357 1334 5410 καὶ
1374 5354 1653 5425 λυσιτελὴς
1687 5352 1807 5405 λίαν
1869 5351 1902 5420 ἡ
1972 5353 2295 5424 πρόῤῥησις,
2359 5354 2899 5427 προεξευμαρεζουσα
2953 5354 3051 5425 μὲν
3096 5353 3183 5408 τὸν
3227 5356 3321 5410 ἐπὶ
3362 5358 3473 5420 τοῖς
3534 5356 3727 5416 δεινοῖς

464 5452 647 5523 φόϐον,
680 5452 755 5513 ὡς
779 5450 836 5503 δὲ
877 5450 976 5522 ἠδη
1021 5448 1357 5511 πεπονθότας
1399 5445 1842 5517 ἁναχαλκεύουσα
1889 5443 2026 5516 πρὸς
2062 5447 2310 5518 ἀνδρείαν
2338 5450 2463 5512 τοὺς
2512 5448 2781 5519 μαθητάς.
2852 5448 3413 5521 Προαποψυχθήσεται
3447 5449 3557 5522 γάρ
3613 5467 3730 5515 πως

464 5549 499 5619 ὴ
529 5541 620 5597 τοῦ
653 5540 895 5595 κινδύνου
926 5543 1194 5613 θερμότης
1227 5537 1654 5614 προεγνωσμένη
1680 5537 1790 5599 τοῖς
1810 5535 2099 5606 πάσχουσι,
2129 5540 2221 5593 καὶ
2240 5539 2634 5610 ἀσθενεστέραν
2654 5538 2751 5612 τὴν
2786 5538 2975 5609 ἔφοδον
3004 5540 3313 5612 ἐργάζεται.

536 5725 759 5783 "Joan.
798 5741 896 5792 xu,
931 5726 1015 5780 i2.
1092 5725 1135 5758 "
1160 5723 1318 5780 Joan.
1354 5738 1432 5789 is,
1455 5722 1546 5777 ΕΞ.
1627 5723 1671 5755 ³ο
1705 5724 1826 5778 Act.
1861 5737 1959 5788 vn,
2001 5720 2192 5777 56-59.
2274 5720 2313 5751 ³¹
2343 5721 2464 5775 Act.
2503 5736 2661 5787 χχιιι,
2693 5718 2789 5776 21.
