3998 6318
128 331 236 391 4⁸25

1194 341 1258 394 ΙΝ
1291 342 1577 399 JOANNIS
1611 343 2053 401 EVANGELIUM
2083 346 2210 402 LIB.
2244 347 2310 402 Χ.

3267 350 3372 405 626

198 454 306 508 Kal
333 451 518 508 ταῦτα
554 456 943 520 ποιήσουσιν,
988 457 1076 512 ὅτι
1128 461 1238 514 οὐκ
1273 463 1548 531 ἔγνωσαν
1596 465 1704 516 τὸν

1877 464 2015 530 XVI,
2051 468 2103 522 5.
2135 465 2200 520 Et
2234 467 2344 520 lucc
2379 469 2580 536 facient
2611 470 2773 530 vobis,
2816 480 2939 535 quia
2974 481 3074 518 non
3120 479 3370 519 noverunt

128 544 378 610 Πατέρα,
403 545 546 598 οὐδὲ
577 546 702 614 ἐμέ.

202 634 409 699 Ἐδειξε
439 634 545 688 τῶν
577 635 844 690 Ἰουδαίων
863 638 953 692 τὸν
976 637 1158 710 ζῆλον,
1186 643 1248 696 οὐ
1307 644 1427 696 κατ’
1470 645 1703 712 ἐπίγνω-

130 741 233 789 σιν,
274 726 522 798 καθάπερ
539 728 729 797 ἀμέλει
755 731 848 782 καὶ
895 732 922 788 ό
952 731 1160 795 Παῦλός
1197 750 1330 802 φησι
1364 751 1378 764 ο
1425 736 1704 808 πεπλανη-

131 815 292 886 μένον
323 816 378 869 δὲ
406 819 629 888 σφόδρα,
667 821 758 872 καὶ
782 819 886 884 ἔξω
922 838 1025 874 που
1054 821 1302 891 βαίνοντα
1352 825 1448 894 τῆς
1495 827 1708 890 εὐθείας

128 904 270 966 ὀδοῦ,
301 905 476 960 καίτοι
503 905 784 971 δοκοῦντα,
824 911 966 963 κατά
1001 926 1067 976 γε
1100 910 1190 962 τὸν
1247 913 1305 963 ἐν
1348 913 1531 976 αὐτοῖς
1579 915 1708 968 ὅντα

132 994 356 1058 σκοπὸν,
389 995 658 1049 τελεῖσθαι
681 996 771 1049 διὰ
795 996 950 1054 Θεόν.
976 999 1164 1070 ’ῼοντο
1206 1000 1304 1070 μὲν
1334 1001 1456 1070 γὰρ,
1484 1002 1584 1072 τῆς
1619 1003 1708 1058 διὰ

131 1086 372 1150 Μωσέως
401 1087 870 1160 ὑπερασπίζοντες
897 1089 1137 1160 ἐντολῆς,
1173 1091 1264 1145 τὸν
1294 1093 1386 1145 τοῦ
1413 1095 1580 1165 νόμου
1623 1097 1710 1150 δο-

131 1177 271 1247 τῆρα
303 1179 723 1250 κατευφραίνειν
773 1181 922 1243 Θεὸν,
977 1185 1068 1235 καὶ
1120 1184 1416 1254 μαχόμενοι
1469 1189 1582 1251 τοῖς
1623 1187 1712 1242 διὰ

134 1268 369 1338 Χριστοῦ
402 1268 783 1340 θεσπίσμασιν,
812 1271 1116 1342 εὐδοκιμεῖν
1153 1276 1201 1327 oi
1239 1274 1468 1338 τάλανες
1511 1278 1571 1330 ού
1630 1297 1713 1349 μι-

135 1359 279 1429 κρῶς
313 1360 712 1429 ὑπελάμϐανον.
749 1361 847 1416 Διὰ
877 1363 985 1432 γάρ
1018 1380 1101 1416 τοι
1156 1363 1313 1417 τοῦτο
1349 1367 1442 1420 καὶ
1474 1371 1584 1432 τοῖς
1620 1369 1711 1422 τὸν

137 1453 484 1520 εύαγγελικὸν
510 1456 927 1528 διακηρύττουσι
949 1458 1107 1527 λόγον
1136 1461 1416 1515 ἐπέκειντο
1443 1465 1708 1535 σφοδρῶς,

137 1546 249 1602 ἀλλ’
279 1547 507 1614 ἠγνόουν
547 1548 762 1618 ἁπάσης
794 1549 925 1602 εἵσω
952 1551 1211 1614 πεσόντες
1239 1553 1468 1622 μωρίας,
1498 1555 1592 1607 καὶ
1626 1555 1713 1608 διὰ

137 1637 232 1706 τῆς
265 1639 344 1700 είς
382 1638 474 1692 τὸν
513 1640 641 1692 Υίὺν
673 1640 913 1709 ἀτιμίας,
950 1643 1029 1704 είς
1062 1642 1223 1695 αὐτὸν
1272 1644 1714 1714 πλημμελοῦντες

137 1727 225 1780 τὸν
263 1727 394 1782 Θεὸν
430 1731 523 1782 καὶ
556 1724 799 1800 Πατέρα,
841 1731 1042 1800 μᾶλλον
1076 1732 1157 1786 -δὲ
1212 1735 1310 1788 οὐκ
1359 1736 1558 1799 εἰδότες
1598 1739 1714 1806 ἡλί-

1808 553 2046 618 Patrem,
2073 571 2234 626 neque
2264 573 2364 609 nte.

1874 643 2131 698 Ostendit
2160 642 2476 698 Judaeorum
2508 643 2705 707 zelum,
2731 657 2838 696 non
2873 641 3171 696 secundum
3200 641 3373 695 scien-

1808 735 1962 797 tiam,
1982 736 2144 796 sicuti
2179 751 2375 806 nempe
2404 744 2458 790 et
2490 734 2697 790 Paulus
2736 735 2812 787 ait
2839 735 2904 800 ⁸³,
2934 733 3030 788 sed
3076 746 3372 787 erroneum

1807 826 1965 881 valde
1992 837 2046 882 et
2078 842 2109 881 a
2139 834 2289 881 recta
2321 827 2404 880 via
2435 827 2696 891 alienum,
2723 826 2996 896 quamvis,
3029 834 3088 879 ut
3127 825 3228 895 ipsi
3267 823 3374 879 sibi

1809 917 2163 985 persuadent,
2191 917 2492 972 secundum
2526 917 2694 972 Deum
2725 931 2845 972 csse
2875 915 3144 971 videatur.
3174 914 3375 970 Existi-

1810 1007 2034 1060 mabant
2051 1007 2195 1061 enim
2223 1022 2280 1062 se
2296 1005 2592 1062 Mosaicum
2627 1014 2954 1076 praeceptum
2984 1005 3378 1077 propugnando

1810 1110 1923 1149 rem
1972 1097 2107 1167 legis
2144 1098 2320 1153 datori
2380 1097 2488 1151 Deo
2521 1106 2730 1168 gratam
2767 1096 2968 1158 facere,
3015 1105 3070 1150 et
3111 1097 3379 1152 doctrinae

1811 1185 2016 1242 Christi
2059 1189 2434 1260 repugnando,
2465 1191 2698 1243 multum
2733 1189 2837 1243 sibi
2870 1187 3166 1242 conciliare
3193 1189 3379 1256 splen-

1812 1276 1966 1332 doris
2022 1281 2306 1348 putabant.
2340 1282 2515 1347 Quam
2562 1281 2635 1335 ob
2685 1295 2909 1335 causam
2966 1280 3019 1332 in
3055 1279 3381 1347 evangelica:

1813 1368 2080 1424 doctrinm
2121 1387 2401 1438 praecones
2459 1371 2695 1427 ferocius
2736 1370 3073 1426 invadebant
3103 1389 3115 1423 :
3151 1369 3247 1425 sed
3287 1385 3382 1424 ne-

1815 1459 2064 1514 sciebant
2091 1477 2150 1517 se
2187 1462 2241 1516 in
2272 1463 2558 1517 stultitiam
2589 1462 2880 1516 immanem
2912 1460 3188 1530 delapsos,
3207 1469 3261 1515 et
3283 1475 3384 1515 no-

1815 1553 1927 1600 tam
1962 1546 2100 1603 Filio
2129 1550 2436 1620 irrogantes
2471 1567 2529 1605 se
2560 1553 2612 1603 in
2643 1550 2818 1621 ipsum
2857 1549 3026 1604 Deum
3061 1565 3126 1603 ac
3163 1548 3382 1603 Patrem

1815 1638 2156 1709 delinquere,
2189 1641 2320 1710 quin
2357 1650 2412 1696 et
2455 1641 2712 1710 ignorare
2747 1639 2966 1709 penitus
3011 1639 3386 1710 arguebantur

1817 1729 1946 1798 quid
1993 1730 2067 1784 sit
2113 1729 2293 1794 Pater,
2335 1731 2467 1800 quid
2523 1745 2718 1784 rursus
2769 1731 2861 1800 qui
2919 1746 2984 1785 ex
3027 1731 3146 1800 ipso
3179 1730 3387 1786 elfulsit

141 1836 328 1872 σκοντο
359 1820 654 1884 παντελῶς,
684 1821 736 1874 τί
769 1822 868 1890 μὲν
905 1822 1020 1875 ἔστι
1062 1823 1271 1894 Πατὴρ,
1298 1826 1348 1877 τί
1395 1826 1451 1879 δὲ
1488 1827 1647 1880 πάλιν
1684 1829 1712 1880 6

1826 1817 2026 1874 Filius:
2055 1829 2109 1874 et
2151 1821 2297 1890 quod
2324 1822 2525 1875 mirum
2556 1828 2662 1886 est,
2693 1819 2880 1876 Mosen
2916 1821 3384 1890 sapientissimum

139 1912 196 1978 ἐξ
223 1912 391 1966 αὐτοῦ
423 1914 674 1983 πεφηνὼς
709 1914 854 1978 Υἱός.
889 1917 997 1969 Καὶ
1021 1915 1080 1969 τό
1111 1932 1174 1984 γε
1205 1917 1530 1987 παράδοξον,
1583 1920 1712 1974 Μω-

141 2001 238 2056 σέα
271 2002 373 2074 μὲν
406 2003 514 2073 γὰρ
540 2004 628 2057 τὸν
679 2004 987 2072 σοφώτατον
1033 2009 1153 2069 ταῖς
1210 2007 1470 2062 ἀνωτάτω
1528 2013 1713 2080 τιμαῖς

140 2091 580 2160 καταστεφανοῦν
629 2094 937 2163 ἠπείγοντο,
990 2095 1158 2162 νόμου
1209 2096 1300 2149 τοῦ
1352 2096 1418 2149 δι’
1468 2098 1712 2166 ἀγγέλων

139 2182 398 2250 γεγονότα
429 2182 674 2238 διάκονον
707 2199 720 2213 ·
746 2184 837 2237 τὸν
865 2184 920 2237 δὲ
953 2183 1157 2254 Κύριον
1181 2185 1339 2256 ἡμῶν
1381 2186 1590 2258 Ἰησοῦν
1621 2187 1713 2242 τὸν

140 2273 394 2342 Χριστὸν,
449 2273 546 2345 τὴν
591 2274 901 2345 ἀπόρρητον
944 2275 1039 2328 τοῦ
1091 2277 1300 2347 Πατρὸς
1351 2277 1714 2348 ἐξηγούμενον

145 2364 418 2436 βούλησιν,
447 2366 675 2434 λέγοντά
705 2384 763 2420 τε
792 2367 980 2435 σαφῶς
1015 2385 1028 2398 ο
1069 2387 1088 2420 ι
1141 2370 1258 2422 Ἀπ’
1287 2371 1526 2441 ἐμαυτοῦ
1577 2371 1716 2425 ποιῶ

143 2457 311 2520 οὐδὲν,
344 2458 463 2512 ἀλλ’
493 2459 521 2510 6
553 2458 773 2528 πέμψας
804 2475 869 2528 με
903 2460 1114 2532 Πατὴρ,
1149 2461 1312 2526 αὐτός
1367 2481 1457 2532 μοι
1495 2465 1717 2538 ἐντολὴν

143 2549 335 2605 δέδωκε
353 2550 406 2603 τί
433 2551 572 2603 εῖπω
599 2551 689 2604 καὶ
717 2551 768 2603 τί
795 2551 1030 2621 λαλήσω,
1093 2570 1111 2603 ι
1147 2557 1266 2616 ταῖς
1296 2556 1550 2625 ἐσχάταις
1598 2558 1718 2611 ἀτιο

148 2640 291 2710 μίαις
313 2641 629 2710 περιϐαλεῖν
653 2643 751 2696 οὐκ
777 2641 1049 2712 ὤκνησαν,
1073 2644 1250 2696 καίτοι
1278 2645 1719 2718 συνθαυματουρ-

147 2731 361 2798 γοῦντος
396 2731 544 2802 αὑτῴ
569 2731 662 2786 τοῦ
702 2733 838 2787 Θεοῦ
869 2735 962 2786 καὶ
980 2735 1214 2804 Πατρὸς,
1243 2737 1337 2788 καὶ
1363 2736 1430 2788 δι’
1453 2737 1719 2806 αἰσθητῆς

147 2822 348 2876 ἀνωθεν
427 2822 828 2893 μαρτυροῦντος
902 2825 1106 2893 φωνῆς,
1171 2826 1608 2896 ἀνακεκραγότος
1661 2827 1719 2879 δὲ

149 2912 448 2985 διαρρήδην
487 2914 581 2966 καὶ
612 2913 877 2982 λέγοντυςο
912 2934 930 2965 ι
959 2908 1123 2978 Οὗτός
1153 2917 1299 2968 ἐστιν
1323 2917 1351 2967 ό
1383 2915 1510 2978 Υἱός
1561 2933 1661 2986 μου
1693 2919 1721 2970 6

149 3003 448 3072 ἀγαπητὸς,
478 3006 535 3054 ὲν
622 3003 949 3074 ηὑδόκησα.»
976 3005 1130 3058 Ἐστι
1161 3005 1338 3060 τοίνυν
1363 3007 1460 3059 οὐκ
1487 3006 1722 3077 ἁμφίόφ

149 3094 253 3160 λον,
279 3094 353 3158 ῶς
375 3093 536 3164 εἴπερ
561 3111 642 3156 τις
679 3095 853 3150 ἕλοιτο
882 3098 992 3158 τοῖς
1021 3095 1111 3148 τὸν
1173 3095 1312 3149 θεῖον
1365 3097 1724 3168 διαπορθμεύ-

151 3203 262 3239 ουσι
285 3186 442 3254 λόγον
469 3185 792 3253 ὲπιφύεσθαι
839 3186 1068 3257 πικρῶς,
1121 3187 1178 3239 ὲν
1223 3187 1415 3257 ἀγνοίᾳ
1476 3189 1721 3246 κείσεται

153 3278 326 3344 πάσης
381 3273 518 3346 ὁμοῦ
549 3274 647 3344 τῆς
695 3275 857 3342 ἁγίας
891 3291 952 3330 τε
1005 3274 1100 3326 καὶ
1131 3276 1415 3344 όμοουσίου
1471 3275 1721 3345 Τριάδος.

153 3368 281 3420 υῦδὲ
337 3369 446 3439 γὰρ
494 3362 600 3418 οἶδε
659 3366 750 3419 τὸν
793 3365 1034 3434 Πατέρα,
1083 3367 1111 3418 ό
1146 3365 1236 3417 τὸν
1287 3365 1347 3432 ἐξ
1402 3364 1566 3419 αὑτοῦ
1627 3383 1725 3419 πε-

155 3455 352 3524 φηνότα
369 3455 544 3522 Λόγον
564 3455 662 3522 τῆς
694 3453 1018 3524 πρεπούσης
1053 3453 1212 3522 δόξης
1238 3452 1342 3519 ἔξω
1370 3453 1559 3518 τιθεῖς,
1587 3456 1728 3514 κατά

156 3560 213 3614 γε
241 3542 330 3596 τὸν
356 3543 488 3596 ῑδιον
519 3543 739 3596 σκοπόν.
772 3542 895 3606 Πῶς
925 3543 1034 3613 γὰρ
1064 3543 1164 3597 οῦκ
1189 3542 1579 3608 ἁνενδοιάστως
1619 3562 1724 3598 πα.

162 3635 406 3705 ραδεκτὸν
431 3635 584 3706 παρά
608 3653 673 3704 γε
691 3638 802 3699 τοῖς
822 3635 1232 3706 νουνεχέστερον
1249 3637 1316 3706 τῇ
1335 3635 1444 3689 τῶν
1473 3638 1728 3706 πραγμά-

159 3745 259 3782 των
284 3727 443 3798 φύσει
474 3727 801 3798 προσϐαλεῖν
831 3727 1180 3796 δυναμένοις,
1206 3728 1282 3791 ὡς
1317 3727 1549 3800 ἐπείπερ
1581 3728 1730 3781 ἐστὶν

161 3819 435 3890 ὀμοούσιος
474 3819 553 3891 τῷ
611 3820 804 3888 Πατρὶ,
849 3817 1067 3888 λαλήσει
1103 3817 1203 3888 μὲν
1246 3817 1460 3882 πάντως
1489 3819 1558 3874 τὰ
1591 3818 1731 3874 κατὰ

165 3910 410 3981 βούλησιν
430 3911 526 3964 τοῦ
551 3909 782 3981 Πατρὸς,
813 3909 887 3971 ὼς
917 3908 973 3962 δὲ
1000 3907 1254 3962 κοινωνὸν
1275 3909 1374 3978 τῆς
1404 3908 1562 3978 δόξης
1591 3908 1732 3979 ἔχων

162 4000 336 4064 αὑτὸν,
366 4000 479 4068 ἔξει
501 3999 565 4071 δὴ
599 3999 812 4061 πάντως
849 3999 941 4050 καὶ
964 3996 1232 4050 συλλυπού
1242 4014 1421 4067 μενον,
1445 3998 1529 4067 ἐφ’
1553 3992 1635 4060 οἷς
1667 3997 1732 4050 ἂν

166 4092 421 4144 πταίωσιν
443 4093 526 4154 εἰς
552 4090 714 4144 αὐτόν
737 4106 909 4155 τινες;
939 4087 1310 4155 Ἀπολογεῖται
1329 4089 1507 4142 τοίνυν
1530 4090 1587 4141 ὲν
1609 4088 1733 4141 τού-

164 4183 316 4245 τοιςό
348 4181 554 4252 Κύριος
590 4180 746 4250 ἡμῶν
783 4178 990 4250 Ἰησοῦς
1019 4178 1048 4231 6
1093 4179 1347 4249 Χριστὸς,
1405 4181 1496 4234 καὶ
1549 4195 1735 4249 μονον-

167 4271 278 4342 ουχὶ
304 4272 410 4325 τῶν
446 4269 752 4325 Ἰουδαϊκῶν
786 4269 1153 4340 τολμημάτων
1175 4271 1487 4339 κατηγορεῖ,
1531 4269 1735 4340 πικρὰν

170 4364 259 4418 καὶ
279 4363 520 4434 ὀλέθριον
545 4361 794 4415 ἐντεῦθεν
817 4360 1028 4424 ἐπιθεὶς
1054 4361 1152 4430 τὴν
1198 4359 1376 4430 ψῆφον
1414 4361 1526 4424 τοῖς
1571 4361 1734 4418 αὑτὸν

1819 1913 2052 1966 summis
2097 1912 2403 1968 honoribus
2443 1926 2642 1966 ornare
2705 1912 3046 1991 nitebantur,
3094 1913 3228 1984 legis
3291 1928 3390 1983 per

1820 2003 2042 2074 angelos
2118 1993 2344 2058 traditas
2414 2005 2733 2060 ministrum
2783 2023 2797 2059 :
2852 2003 3146 2059 Dominum
3206 2013 3386 2059 autem

1820 2104 2070 2150 nostrum
2122 2093 2309 2150 Jesum
2345 2094 2654 2159 Christum,
2693 2095 2786 2165 qui
2833 2095 3018 2150 Patris
3062 2095 3388 2150 ineffabilem

1820 2185 2156 2241 voluntatem
2211 2187 2472 2256 explicat,
2525 2196 2582 2241 et
2637 2196 2825 2256 aperte
2876 2189 2993 2241 ait:
3030 2169 3049 2237 ξ
3092 2188 3137 2239 A
3177 2187 3389 2256 meipso

1821 2277 1965 2332 facio
1987 2278 2145 2342 nihil,
2177 2278 2274 2332 sed
2308 2279 2400 2345 qui
2426 2278 2572 2333 misit
2601 2294 2690 2336 me
2718 2277 2903 2343 Pater,
2932 2279 3052 2348 ipse
3080 2278 3212 2333 mihi
3238 2293 3386 2332 man-

1821 2369 2010 2430 datum
2057 2369 2206 2424 dedit
2236 2369 2367 2438 quid
2401 2369 2580 2423 dicam
2615 2378 2673 2425 et
2713 2369 2844 2439 quid
2880 2371 3077 2439 loquar
3111 2370 3176 2434 ³³,
3216 2387 3234 2421 ι
3273 2378 3390 2423 ture

1824 2459 2049 2530 pissima
2070 2460 2371 2530 ignominia
2399 2460 2614 2514 allicere
2639 2475 2746 2513 non
2770 2460 3119 2525 dubitarunt,
3139 2462 3392 2530 quamvis

1823 2551 2087 2605 miracula
2132 2551 2294 2604 simul
2328 2565 2454 2604 cum
2495 2566 2562 2604 co
2607 2549 2752 2604 Deus
2805 2565 2869 2603 ac
2917 2551 3079 2604 Pater
3114 2551 3298 2613 faciat,
3339 2561 3394 2603 ct

1825 2649 2014 2711 aperte
2062 2641 2282 2703 clamet,
2325 2655 2388 2694 ac
2439 2639 2588 2694 dicat
2627 2657 2640 2693 :
2680 2659 2698 2691 ι
2745 2639 2846 2693 llic
2895 2648 2979 2695 cst
3017 2638 3191 2696 Filius
3239 2657 3394 2696 meus

1825 2731 2080 2796 dilectus,
2138 2730 2193 2784 in
2247 2746 2356 2800 quo
2413 2729 2544 2784 mihi
2602 2731 2906 2798 complacui
2954 2729 3019 2783 “.
3077 2749 3095 2781 ι
3159 2729 3392 2786 Dubium

1827 2821 1991 2891 igitur
2014 2836 2124 2875 non
2153 2826 2237 2875 est
2267 2819 2437 2890 quod,
2466 2821 2514 2875 si
2552 2821 2677 2889 quis
2713 2819 2883 2874 divini
2907 2818 3070 2874 Verbi
3113 2836 3394 2890 praecones

1827 2913 2082 2968 acerbius
2157 2912 2399 2976 invadat,
2451 2912 2506 2965 in
2560 2912 2908 2982 ignoratione
2974 2911 3138 2968 simul
3189 2926 3395 2970 sancta:

1827 3011 1882 3058 et
1911 3003 2405 3058 consubstantialis
2451 3002 2744 3057 Trinitatis
2793 3013 3112 3058 versaturus
3158 3005 3247 3059 sit.
3285 3003 3396 3060 Nec

1828 3095 1972 3148 enim
2005 3095 2224 3150 Patrem
2267 3095 2439 3161 novit,
2472 3095 2564 3165 qui
2615 3094 2856 3149 Verbum
2891 3109 2955 3148 ex
2986 3109 3052 3149 eo
3092 3095 3395 3165 procedens

1829 3188 2178 3242 convenienti
2210 3188 2686 3257 gloria,quantum
2712 3187 2767 3241 in
2788 3202 2848 3241 se
2874 3194 2982 3252 est,
3014 3188 3231 3258 privare
3266 3187 3398 3241 niti-

1829 3285 1940 3331 tur.
1960 3276 2234 3348 Numquid
2265 3278 2408 3332 enim
2443 3278 2750 3333 indubitate
2776 3278 3056 3333 fatendum
3085 3285 3170 3335 est
3204 3278 3274 3332 iis
3302 3279 3398 3348 qui

1831 3384 2015 3423 rerum
2044 3379 2294 3423 naturam
2314 3369 2536 3438 penitus
2559 3369 2757 3425 intueri
2794 3369 3030 3440 possint,
3059 3369 3228 3438 quod,
3271 3384 3397 3423 cum

1831 3462 1902 3516 sit
1946 3460 2095 3514 l’atri
2156 3459 2668 3524 eonsubstantialis,
2703 3459 2992 3515 locuturus
3049 3459 3122 3513 sit
3173 3459 3400 3513 omnino

1829 3564 1953 3619 qua:
1998 3555 2123 3604 sunt
2164 3548 2321 3615 juxta
2354 3547 2517 3617 915
2562 3548 2900 3603 voluntatem
2954 3546 3156 3610 Patris,
3185 3554 3397 3600 etcum

1830 3656 1954 3696 eum
1985 3639 2176 3710 gloriae
2218 3653 2330 3693 sum
2373 3648 2684 3692 consortem
2722 3638 2940 3704 habeat,
2982 3635 3144 3692 simul
3182 3650 3401 3706 quoque

1831 3729 1983 3800 tangi
2015 3743 2246 3784 necesse
2295 3729 2366 3782 sit
2397 3729 2466 3782 iis
2505 3743 2628 3796 qua:
2662 3729 2716 3782 in
2748 3727 2929 3798 ipsum
2963 3726 3212 3780 nonnulli
3259 3726 3399 3782 deli-

1833 3820 2078 3892 querint?
2100 3820 2196 3876 His
2249 3821 2432 3875 verbis
2467 3821 2652 3890 itaque
2693 3817 2960 3873 Dominus
3003 3825 3191 3872 noster
3239 3814 3402 3871 Jesus

1834 3913 2090 3969 Christus
2132 3909 2446 3976 Iudaeorum
2503 3909 2745 3966 nefarios
2774 3916 3006 3964 conatus
3047 3914 3260 3961 tantum
3291 3920 3401 3960 non

1835 4011 2100 4070 accusat,
2157 4002 2412 4064 acerbam
2456 4016 2520 4055 ac
2565 3999 2840 4055 funestam
2893 3997 3021 4052 hinc
3069 3998 3401 4051 sententiam

1827 4093 2023 4172 ferens
2062 4094 2118 4149 in
2147 4109 2242 4150 eos
2279 4093 2372 4162 qui
2403 4092 2732 4148 crudelitate
2758 4105 2888 4160 erga
2912 4096 3134 4144 sanctos
3173 4097 3402 4158 apostov

1822 4173 1942 4253 'los,
1973 4189 2151 4256 ipsum
2182 4187 2412 4241 violant.
2440 4185 2551 4240 Nec
2584 4185 2730 4240 enim
2754 4185 2810 4238 in
2841 4185 2992 4253 ipsos
3020 4184 3237 4254 proprie
3280 4199 3406 4254 pec-

1839 4279 1944 4335 cati
1992 4279 2133 4334 ratio
2179 4286 2554 4344 convertetur,
2582 4278 2677 4333 sed
2737 4277 2792 4332 in
2849 4292 2972 4331 eum
3008 4276 3269 4332 ascendet
3310 4277 3400 4346 qui

1840 4367 2013 4424 divini
2059 4367 2404 4437 apostolatus
2436 4367 2517 4422 eis
2566 4382 2769 4421 munus
2818 4365 3104 4450 imposuit,
3140 4365 3406 4435 quemad-

171 4459 508 4529 ἀτιμάζουσι,
533 4456 620 4512 διὰ
650 4456 752 4524 τῆς
777 4457 856 4520 είς
889 4455 1084 4518 αὐτοὺς
1123 4457 1249 4518 τοὺς
1289 4456 1476 4523 ἁγίους
1507 4457 1722 4510 ἀποστό-

1842 4456 2061 4511 modum
2101 4464 2155 4511 et
2183 4457 2248 4509 ad
2282 4465 2532 4511 sanctum
2567 4454 2875 4509 Samuelem
2906 4455 3181 4525 quondam
3228 4454 3407 4509 aiebat

171 4551 285 4615 λους
312 4551 613 4623 ὠμότητος.
638 4550 712 4604 Οὐ
735 4549 843 4618 γὰρ
861 4551 940 4611 εἰς
958 4547 1153 4609 αὐτοὺς
1174 4547 1416 4616 κυρίωςό
1434 4545 1535 4615 τῆς
1556 4545 1736 4615 πλημ-

176 4642 384 4710 μελείας
409 4642 885 4713 περιτραπήσεται
922 4639 1098 4707 λόγος,
1131 4637 1246 4692 ἀλλ’
1281 4638 1360 4700 εἰς
1396 4637 1558 4690 αὑτὸν
1613 4639 1738 4692 ἀναο

177 4733 389 4804 ϐήσεται
415 4735 507 4790 τὸν
535 4734 632 4803 τῆς
665 4731 816 4794 Θείας
845 4731 1150 4800 ἀποστολῆς
1190 4731 1374 4791 αὐτοῖς
1423 4728 1734 4783 ἐπιτιθέντα

175 4825 263 4895 τὴν
298 4825 660 4897 λειτουργίαν,
691 4823 940 4892 καθάπερ
967 4821 1159 4890 ἀμέλει
1190 4821 1283 4874 καὶ
1308 4819 1442 4888 πρὸς
1479 4819 1736 4890 Σαμουὴλ

177 4933 298 4969 ποτε
355 4917 446 4973 τὸν
480 4917 634 4984 ἆγιον
688 4915 840 4983 ἔλεγε
877 4915 1004 4983 περὶ
1049 4910 1158 4964 τῶν
1209 4911 1343 4962 υἱῶν
1377 4910 1624 4979 Ἰσραὴλ,
1653 4910 1734 4964 ὅτι

1843 4549 1910 4604 de
1939 4548 2066 4610 ﬁliis
2113 4547 2281 4604 Israel
2315 4567 2328 4602 :
2368 4567 2387 4599 ι
2417 4546 2533 4602 Non
2591 4556 2644 4602 te
2679 4554 3145 4617 contempserunt,
3179 4546 3274 4602 sed
3321 4561 3409 4601 mc

1841 4647 2288 4707 contempserunt
2337 4638 2402 4690 ³⁵.
2458 4656 2476 4688 ι
2534 4635 2642 4692 Res
2691 4637 2876 4706 itaque
2925 4635 3408 4706 periculosissima:

1844 4729 2002 4798 plena
2047 4737 2132 4783 est
2171 4728 2324 4791 aleae,
2369 4728 2516 4782 nolle
2565 4728 2774 4782 sanctis
2823 4726 3406 4782 convenientissimum

1845 4818 2106 4876 honorem
2136 4818 2426 4889 impertiri.
2462 4819 2676 4874 Peccati
2705 4819 2912 4890 quippe
2937 4819 2992 4874 in
3035 4833 3131 4872 eos
3165 4815 3310 4872 ratio
3338 4815 3408 4869 ad

1843 4909 2022 4976 ipsum
2053 4923 2082 4960 a
2115 4924 2224 4977 quo
2244 4909 2395 4963 missi
2427 4921 2552 4964 sunt
2580 4917 2845 4964 recurret.

185 5012 300 5064 σού
352 5011 412 5066 σὲ
472 5009 907 5079 ἐξουθενήκασιν,
945 5005 1056 5058 ἀλλ’
1086 5004 1118 5074 ἢ
1154 5002 1254 5072 ἐμὲ
1297 5001 1701 5072 ἐξουθενήκασι.
1739 5021 1756 5054 ›
1796 5003 2035 5070 Πρᾶγμα
2064 5000 2348 5072 τοιγαροῦν
2406 4999 2836 5072 σφαλερώτατον,
2865 5000 2926 5052 τὸ
2983 4998 3056 5066 μὴ
3088 4999 3198 5058 τοῖς
3236 4995 3410 5066 ἁγίοις

183 5102 345 5155 θέλειν
385 5103 485 5174 τὴν
547 5103 733 5165 αὐτοῖς
783 5099 1196 5170 ἁρμοδιωτάτην
1239 5096 1530 5164 ἀπονεῖμαι
1583 5095 1768 5165 τιμήν.

181 5192 326 5260 λόγος
353 5195 433 5257 εἰς
466 5194 557 5246 τὸν
587 5191 980 5246 ἀποστείλαντα
1015 5187 1232 5251 αὐτούς.

260 5283 442 5337 Ἀλλὰ
486 5284 669 5338 ταῦτα
697 5280 1009 5348 λελάληκα
1046 5278 1188 5347 ὑμῖν
1207 5317 1222 5342 ,
1270 5278 1371 5331 ἵνα
1408 5275 1555 5330 ὅταν
1589 5275 1739 5341 ἔλθη

183 5375 218 5440 ἠ
267 5373 416 5442 ὥρα,
467 5372 884 5442 μνημονεύητε
952 5368 1151 5424 αὐτῶν
1177 5409 1191 5432 ,
1254 5366 1344 5422 ὅτι
1411 5365 1528 5436 ἐγὼ
1573 5361 1745 5420 εἷπον

183 5466 362 5621 ὑμὸνύᾶ
388 5553 576 5623 ἑτέρου
600 5570 695 5606 του
720 5550 880 5622 χάριν
911 5547 1039 5618 περὶ
1063 5546 1270 5600 τούτων
1297 5547 1480 5612 αὐτοῖς
1510 5543 1744 5616 πεποιῆο

255 5729 295 5761 ³³
321 5728 480 5783 Rom.
517 5744 569 5791 χ,
609 5726 663 5780 2.

469 5822 738 5883 Pnaon.
785 5818 902 5879 Gn.
935 5817 1204 5879 LXXIV.

740 5724 961 5778 “Joan.
999 5737 1116 5786 vni,
1151 5722 1222 5776 28
1250 5768 1265 5791 ε
1296 5738 1393 5782 xu.
1423 5722 1514 5778 49.
1595 5720 1638 5753 ³⁸
1662 5719 1854 5778 Matth.
1897 5735 1983 5784 tu,
2022 5720 2106 5776 f7.

1854 5095 2266 5165 ’Λναδραμεῖται
2306 5094 2415 5164 γὰρ
2459 5095 2557 5165 τῆς
2609 5095 2688 5157 είς
2721 5092 2920 5152 αὐτοὺς
2955 5088 3330 5158 πλημμελείας
3382 5085 3410 5134 ὀ

1918 5267 2059 5332 XVI,
2091 5271 2143 5325 4.
2196 5267 2300 5326 Sed
2333 5268 2444 5323 Ιιανο
2475 5248 2679 5322 locutu}
2715 5281 2830 5318 sum
2879 5263 3045 5326 vobis,
3082 5273 3139 5316 tu
3172 5279 3290 5317 cum
3325 5282 3410 5320 ve-

1851 5362 1987 5422 nerit
2041 5360 2195 5424 liora,
2234 5375 2418 5416 eorum
2479 5354 2915 5418 reminiscamini,
2965 5355 3092 5425 quia
3143 5371 3237 5424 ego
3293 5357 3418 5418 dixi

1947 5469 2018 5507 ιε.

1947 5469 1966 5504 ι
2003 5490 2018 5507 ο

1852 5451 2039 5596 ﬂagitia
2069 5541 2236 5602 aliam
2266 5540 2338 5600 ob
2361 5553 2582 5596 causam
2611 5536 2818 5592 factum
2851 5551 2974 5595 esse
2998 5537 3066 5602 de
3087 5537 3175 5597 his
3200 5552 3417 5596 sermo—

2186 5719 2264 5771 ³⁸1
2290 5717 2422 5788 Reg.
2461 5731 2577 5783 VIII,
2616 5717 2669 5772 7.

2990 5811 3060 5871 14
