3998 6318
594 325 694 379 ΩἹ

1581 326 1634 380 S.
1679 326 1951 381 CYRILLI
1993 324 2459 383 ΑιΕΧΑΝοιιιΜ
2501 326 2813 381 ARCIIIEP.

3731 330 3840 383 49.3

589 458 711 495 nem
737 441 952 505 asserit,
978 456 1139 511 quam
1173 451 1230 494 ut
1262 454 1646 512 agnoscerent,
1672 448 1716 502 si
1751 448 1805 502 in
1825 449 2124 503 tentationc

2262 447 2384 500 σθαι
2415 448 2504 499 τὸν
2539 448 2691 514 λόγον
2725 443 3141 515 διῖσχυρίζεται,
3193 445 3223 514 ἢ
3266 445 3350 498 ἵνα
3379 445 3721 514 γινώσκοιεν,
3752 451 3837 504 ὅτι

588 517 808 599 propter
832 546 891 585 se
927 529 1250 595 inciderent,
1283 534 1507 587 omnino
1536 535 1764 604 gloriam
1800 536 1926 590 hinc
1958 552 2148 606 repor-

591 628 823 674 taturos.
851 617 962 674 Nec
996 620 1140 674 enim
1174 621 1423 690 praedixi,
1446 622 1648 693 inquit,
1680 633 1737 678 ut
1764 625 1872 678 vim
1901 633 1954 680 et
1986 625 2151 680 robur

585 719 779 764 vestrae
807 710 1004 765 mentis
1035 725 1379 778 enervarem,
1410 713 1506 767 sed
1553 728 1730 784 neque
1761 723 1822 769 ut
1853 723 2150 784 praematu-

582 815 700 854 rum
747 799 903 856 vobis
958 800 1272 857 futurorum
1319 805 1589 860 malorum
1634 817 1899 863 terrorem
1936 809 2150 863 incute-

581 906 716 954 rem,
751 891 850 947 sed
905 900 964 946 ut
1003 893 1362 964 anticipatam
1413 896 1598 966 potius
1633 912 1824 953 eorum
1859 898 2014 954 vobis
2055 913 2150 953 co-

580 982 884 1056 gnitionem
925 983 1220 1049 traderem,
1267 1001 1375 1054 quo
1419 987 1689 1056 duplicem
1739 989 1866 1042 hinc
1911 988 2146 1043 fructum

579 1075 959 1145 reportaretis.
1013 1074 1254 1131 Primum
1312 1079 1458 1133 enim
1511 1081 1785 1135 recordati
1841 1081 1955 1136 haec
1988 1097 2020 1134 a
2061 1097 2148 1136 me

577 1165 838 1234 praedicta
875 1165 1068 1232 fuisse,
1107 1168 1442 1223 mirabimini
1495 1170 1586 1240 qui
1639 1184 1742 1240 ego
1783 1173 2142 1241 praeseierim,

575 1266 631 1311 et
669 1257 848 1326 ipsum
899 1257 1131 1327 periculi
1180 1265 1398 1329 tempus
1439 1260 1949 1318 manifestissimum
1981 1272 2145 1318 certae

577 1347 700 1402 fidei
753 1348 908 1403 vobis
961 1349 1064 1403 erit
1130 1357 1538 1419 argumentum.
1597 1351 1731 1407 Nam
1793 1353 1888 1422 qui
1959 1353 2143 1408 futura

575 1434 748 1498 novit,
767 1435 1045 1504 quomodo
1077 1451 1186 1490 non
1219 1437 1326 1492 erit
1350 1439 1654 1494 secundum
1682 1450 1938 1497 naturam
1967 1442 2144 1499 Deus?

572 1522 801 1588 Deinde,
835 1525 928 1594 qui
963 1534 1304 1596 praeparatus
1353 1536 1434 1584 est
1483 1539 1539 1584 et
1578 1532 1783 1602 aliquid
1829 1534 1934 1589 sibi
1981 1549 2142 1589 even-

573 1625 754 1668 turum
791 1624 955 1669 antea
979 1617 1149 1680 novit,
1165 1617 1372 1672 leviore
1400 1627 1548 1673 metu
1577 1621 1866 1688 allicietur,
1889 1630 1943 1677 et
1965 1624 2142 1693 quod-

570 1718 788 1773 cunque
837 1719 1000 1774 grave
1062 1720 1186 1762 esse
1231 1707 1450 1764 videtur
1512 1709 1674 1766 facile
1737 1715 2042 1783 superabit,
2085 1724 2141 1771 et

2258 534 2322 606 δὴ
2363 533 2581 596 πάντως
2607 535 2718 595 τοῖς
2761 532 2827 584 δι’
2861 531 3039 584 αὐτῶν
3069 530 3088 601 [
3115 531 3200 584 τσ.
3237 532 3836 607 αύτὺν]όμιλήσαντες

2259 627 2584 696 πειρασμοῖς
2640 624 2738 693 τῆς
2786 624 3100 693 ἁμαρτίας,
3157 623 3254 694 τὴν
3299 624 3548 694 ἐντεῦθεν
3591 627 3836 696 ἀποκερ-

2255 714 2473 769 δανοῦσι
2501 714 2677 779 δόξαν.
2731 715 2804 767 Ού
2839 712 2948 783 γὰρ
2983 714 3048 784 δὴ
3089 712 3396 785 προείρηκα
3421 753 3436 779 ,
3483 717 3660 786 φησὶ,
3705 716 3833 776 τοὺς

2255 805 2441 870 τόνους
2485 807 2582 876 τῆς
2615 805 2890 875 ὑμετέρας
2919 803 3156 866 διανοίας
3187 806 3614 876 προαπονευρῶν
3638 847 3654 870 ,
3713 807 3832 858 ἀλλ’

2255 899 2375 952 οὐδέ
2406 898 2656 969 πρόωρον
2697 897 2825 966 ὑμῖν
2873 897 2937 949 ἐκ
2985 895 3074 947 τοῦ
3120 895 3408 949 πείσεσθαί
3436 915 3488 950 τι
3518 899 3830 970 προσδοκᾷν

2255 991 2546 1060 ἐπινοήσας
2574 990 2635 1042 τὸ
2659 990 2841 1058 δεῖμα,
2881 989 3280 1060 προγινώσκειν
3314 991 3368 1043 δὲ
3399 992 3602 1062 μᾶλλον
3625 994 3824 1059 διδοὺς,

2254 1083 2340 1135 ἵνα
2368 1081 2550 1150 διττὴν
2585 1081 2833 1135 ἐντεῦθεν
2865 1081 2963 1150 τὴν
3001 1081 3270 1150 ὠφέλειαν
3314 1085 3631 1154 κερδάνητε.
3669 1089 3827 1158 Πρῶ-

2251 1191 2344 1226 τον
2372 1174 2468 1243 μὲν
2494 1174 2602 1242 γὰρ
2634 1172 3093 1243 ἀναμνησθέντες,
3122 1173 3202 1226 ὅτι
3248 1178 3509 1245 προεῖπον
3553 1178 3688 1246 ἐγὼ,
3735 1180 3828 1232 τὸν

2253 1264 2638 1334 προεγνωκότα
2668 1264 2998 1333 θαυμάσετε,
3030 1265 3125 1317 καὶ
3151 1265 3310 1329 αὐτὸς
3359 1269 3486 1338 ὑμῖν
3516 1271 3544 1321 6
3572 1270 3670 1322 τοῦ
3712 1289 3828 1323 κιν-

2250 1355 2406 1408 δύνου
2437 1355 2624 1427 καιρὸς
2647 1357 2724 1418 είς
2756 1355 3129 1425 πληροφορίαν
3164 1357 3441 1424 ἀσφαλοῦς
3471 1360 3826 1430 συμϐήσεται
3872 1397 3882 1406 -

2251 1445 2506 1509 πίστεως.
2550 1447 2606 1498 'U
2643 1445 2752 1516 γὰρ
2781 1446 2934 1509 εἰδὼς
2960 1446 3026 1498 τὰ
3052 1447 3305 1516 ἐσόμενα,
3345 1449 3465 1511 πῶς
3503 1451 3605 1503 οὐκ
3637 1451 3704 1504 ἂν
3738 1453 3823 1523 εἴη

2250 1538 2392 1592 κατά
2417 1537 2580 1606 φύσιν
2609 1538 2771 1603 Θεὸς;
2808 1539 2916 1591 Καὶ
2950 1538 3082 1610 πρός
3113 1555 3176 1606 γε
3220 1539 3392 1609 τούτῳ
3419 1541 3480 1594 τὸ
3511 1541 3720 1613 ἕτερον.
3763 1544 3826 1597 Ὁ

2247 1628 2357 1699 γὰρ
2407 1631 2471 1700 δὴ
2525 1630 3106 1702 προηυτρεπισμένος,
3165 1630 3258 1684 καὶ
3311 1633 3677 1703 προεγνωκὼς
3738 1637 3822 1689 ὅτι

2246 1722 2513 1785 πείσεται,
2550 1721 2954 1793 μαλθακωτέρῳ
2990 1723 3086 1793 μὲν
3115 1724 3494 1794 περιτεύξεται
3536 1727 3616 1796 τῷ
3645 1728 3818 1797 φόϐῳ,

568 1798 958 1854 inconcussum
992 1800 1045 1854 in
1099 1801 1232 1871 ipsis
1272 1802 1554 1860 laboribus
1586 1806 1832 1862 animum
1867 1816 1952 1865 est
1983 1810 2127 1865 babi-

2250 1815 2716 1885 κατευμεγεθήσει
2767 1814 2822 1868 δὲ
2875 1816 3070 1886 ῥᾳδίως
3133 1817 3334 1881 παντὸς
3385 1820 3479 1873 τοῦ
3533 1821 3823 1883 δοκοῦντος

570 1897 751 1944 turus.
805 1889 1011 1946 Praeter
1070 1907 1222 1960 spem
1286 1895 1430 1948 enim
1494 1896 1699 1967 aliquid
1759 1900 1889 1969 pati,
1947 1903 2143 1973 pungit

567 1982 773 2038 acrius.
822 1981 1096 2048 Quocirca
1145 1983 1468 2042 Psalmistes
1509 1989 1582 2042 ait
1618 2008 1630 2042 :
1666 2007 1684 2041 ι
1722 1989 1958 2049 Paratus
1994 2010 2138 2058 sum,

565 2083 618 2126 et
649 2088 758 2127 non
795 2089 914 2129 sum
948 2077 1203 2132 turbatus
1233 2079 1297 2130 ‘9.
1340 2097 1357 2129 ›
1395 2077 1706 2151 Discipulos
1747 2083 1916 2154 igitur
1947 2087 2141 2141 memi-

563 2165 714 2218 nisse
742 2164 898 2234 jubet
934 2165 1114 2221 futura
1144 2168 1248 2224 sibi
1284 2170 1546 2238 praedicta
1585 2174 1778 2240 fuisse,
1804 2179 2015 2234 utiliter
2077 2195 2140 2235 ac

563 2255 905 2310 necessario.
952 2254 1187 2311 Dubium
1243 2260 1444 2330 quippe
1501 2277 1612 2317 non
1661 2273 1779 2319 erat
1824 2268 1981 2337 quin,
2009 2284 2134 2323 eum

570 2344 749 2412 ipsum
786 2343 956 2400 Deum
1008 2362 1197 2402 verum
1237 2365 1362 2404 esse
1416 2351 1626 2408 idcirco
1669 2356 1957 2412 crederent
1985 2359 2137 2430 (pro-

562 2433 743 2500 prium
778 2433 924 2488 enim
958 2438 1068 2491 veri
1105 2437 1196 2492 Dei
1224 2449 1307 2494 est
1340 2452 1541 2497 cuncta
1572 2447 1781 2516 nosse),
1803 2448 1964 2504 facile
1996 2467 2134 2521 quo-

560 2536 667 2588 que
698 2523 958 2577 credituri
999 2534 1186 2581 essent
1217 2528 1286 2582 ab
1324 2543 1389 2584 eo
1431 2545 1489 2585 se
1527 2524 1791 2601 periculis
1840 2537 2132 2594 liberatum

558 2627 648 2666 U‘l.

623 2884 789 2956 916
818 2885 1119 2953 X\’Ls5,6.
1171 2887 1299 2944 Han:
1349 2900 1525 2946 autem
1567 2894 1632 2946 ab
1677 2895 1834 2948 initio
1885 2913 1985 2957 non
2015 2898 2128 2954 dixi

553 2975 719 3039 vobis,
760 2976 884 3044 quia
923 2977 1190 3031 vobiscum
1239 2997 1406 3034 eram.
1447 2981 1516 3035 Et
1562 3000 1700 3038 nunc
1731 2986 1864 3042 vado
1905 2989 1976 3043 ad
2006 3007 2126 3045 eum

552 3066 640 3133 qui
693 3065 837 3118 misit
895 3083 994 3128 me,
1032 3077 1081 3122 et
1133 3087 1281 3124 nemo
1329 3088 1394 3124 ea:
1451 3073 1594 3137 vobis
1649 3077 1942 3149 interrogat
1993 3099 2125 3137 me:

555 3158 671 3222 Quo
707 3157 896 3212 vadis?
927 3158 1033 3212 Sed
1057 3161 1179 3228 quia
1210 3161 1321 3216 Ita'c
1351 3163 1560 3219 locutus
1597 3182 1716 3220 sum
1751 3171 1916 3238 vobis,
1959 3174 2126 3228 tristi-

554 3249 628 3300 tia
662 3248 890 3315 implevit
920 3267 1009 3303 cor
1039 3263 1285 3308 vestrum.

625 3338 789 3392 Aliud
823 3341 1084 3409 quiddam
1117 3345 1248 3402 utile
1287 3361 1352 3401 ac
1389 3349 1547 3406 valde
1581 3355 1952 3410 necessarium
1976 3356 2128 3412 Cbri-

553 3439 672 3486 stus
711 3433 971 3501 providit.
1005 3433 1237 3492 Dubium
1275 3440 1475 3511 quippe
1521 3459 1629 3500 non
1660 3454 1780 3500 erat
1806 3448 1964 3518 quin,
2000 3465 2124 3505 cum

554 3522 684 3576 facti
719 3535 906 3580 essent
931 3526 1094 3581 initio
1122 3528 1242 3598 ejus
1273 3530 1552 3603 discipuli,
1579 3545 1632 3591 et
1660 3552 1782 3592 cum
1824 3555 1889 3594 eo
1921 3541 2126 3612 jugiter

544 3613 774 3678 versati,
815 3617 1100 3686 multaque
1136 3619 1401 3676 miracula
1442 3626 1646 3694 experti
1682 3625 1933 3697 fuissent,
1959 3640 2016 3684 et
2041 3631 2124 3686 in-

548 3707 972 3774 comparabilem
1027 3708 1146 3779 ejus
1189 3712 1297 3765 vim
1347 3728 1412 3768 ac
1461 3719 1758 3785 potentiam
1808 3722 2125 3791 perspexis~

547 3804 695 3862 sent,
739 3811 956 3875 onmem
980 3812 1040 3854 se
1093 3800 1450 3858 lentationem
1500 3814 1882 3875 superaturos,
1913 3810 2123 3864 omnia-

547 3903 656 3957 que
677 3872 906 3943 omnino
937 3891 1180 3958 pericula
1223 3872 1635 3963 expugnaturos
1679 3872 1958 3966 putarent.
1983 3899 2120 3968 Quis

547 3979 699 4033 enim
756 3979 1071 4048 ambigendi
1105 3981 1262 4038 locus
1303 3984 1445 4038 ult-ra
1474 3995 1623 4042 esset
1653 3988 1724 4045 iis
1755 3990 1844 4059 qui
1884 3998 1966 4056 tot
1999 4000 2120 4048 tan-

547 4079 714 4137 taque
754 4069 1014 4139 pollentis
1063 4071 1365 4127 bonitatem
1412 4079 1624 4146 experti
1667 4093 1876 4146 essent,
1909 4092 1963 4138 et
1995 4085 2118 4138 ani-

549 4172 696 4211 mum
734 4168 1029 4229 angustum
1059 4161 1114 4216 in
1160 4161 1265 4216 hoc
1309 4178 1422 4233 prae
1464 4180 1527 4221 se
1564 4167 1811 4226 ferendi?
1837 4171 1941 4228 Sed
1976 4190 2117 4244 quo-

550 4247 697 4301 niam
751 4247 1007 4305 Christus
1058 4251 1360 4314 multaeis
1420 4265 1618 4325 praeter
1649 4275 1800 4328 spem
1850 4275 2116 4320 eventura

547 4337 689 4390 mala
739 4337 1016 4406 praedixit,
1056 4355 1126 4394 ne
1165 4356 1228 4394 ex
1267 4356 1334 4396 eo
1370 4344 1530 4401 valde
1565 4351 1938 4417 turbarentur,
1967 4355 2115 4424 apud

2244 1903 2385 1960 εἷναι
2413 1906 2586 1974 δεινοῦ
2611 1947 2624 1971 ,
2668 1906 2962 1974 ἀκλόνητόν
3010 1923 3069 1958 τε
3112 1907 3203 1960 τὸν
3229 1909 3356 1962 νοῦν
3384 1910 3442 1962 ἐν
3472 1910 3656 1974 αὐτοῖς
3687 1913 3820 1981 κτή-

2244 2014 2395 2049 σεται
2441 1999 2552 2058 τοίς
2580 1996 2782 2058 πόνοις.
2829 1996 2901 2049 Τὸ
2938 1995 3042 2066 γὰρ
3085 1996 3363 2066 ἀδοκήτως
3388 2036 3403 2060 ,
3438 1993 3588 2068 οἶμαι
3615 2037 3629 2061 ,
3679 2001 3816 2064 παρ’

2241 2086 2429 2140 ἐλπίδα
2459 2086 2652 2139 παθεῖν
2695 2084 3024 2156 πικροτέραν
3065 2087 3179 2157 ἔχει
3221 2088 3319 2158 τὴν
3349 2089 3673 2160 προσϐολήν.
3707 2091 3820 2142 Καὶ

2239 2177 2369 2244 γοῦν
2388 2179 2415 2230 6
2437 2175 2666 2230 Ψάλλων
2691 2175 2871 2244 φησίν·
2903 2194 2920 2225 ι
2944 2175 3331 2246 Ἡτοιμάσθην,
3361 2177 3454 2230 καὶ
3488 2178 3585 2230 ούκ
3616 2180 3820 2248 ἐταρά-

2239 2267 2394 2339 χθην.
2435 2287 2452 2318 ι
2476 2267 2894 2338 Διαμεμνῆσθαι
2925 2268 3102 2321 τοίνυν
3135 2267 3347 2321 κελεύει
3391 2271 3517 2330 τοὺς
3560 2270 3818 2340 μαθητὰς

2238 2360 2332 2412 τοῦ
2370 2359 2762 2430 προειρηκότος
2809 2359 2992 2422 αὐτοῖς
3021 2359 3090 2412 τὰ
3122 2358 3356 2428 ἐσόμενα
3403 2359 3688 2429 χρησίμως
3718 2360 3820 2412 καὶ

2237 2452 2570 2521 ἀναγκαίως.
2602 2445 2710 2503 ’Ἦν
2744 2450 2852 2521 γὰρ
2891 2451 2991 2504 ούκ
3025 2451 3359 2520 ἀμφίϐολον,
3409 2451 3490 2504 ὅτι
3517 2450 3648 2504 Θεὸν
3675 2451 3819 2520 ἀλη-

2237 2540 2381 2594 θινὸν
2447 2540 2712 2609 ὑπάρχειν
2770 2539 2932 2592 αὑτὸν
2989 2541 3082 2594 καὶ
3123 2541 3209 2592 διὰ
3259 2541 3416 2593 τοῦτο
3460 2539 3818 2601 πιστεύοντες

2237 2632 2387 2702 (ἴδιον
2417 2631 2524 2701 γὰρ
2548 2629 2609 2683 τὸ
2637 2613 2814 2684 πάντα
2839 2632 3037 2684 εἰδέναι
3063 2631 3157 2684 τοῦ
3195 2631 3333 2686 κατὰ
3357 2631 3612 2702 ἀλήθειαν
3645 2632 3819 2695 ὄντος

2234 2722 2440 2794 Θεοῦ),
2493 2722 2589 2775 καὶ
2631 2723 2712 2776 ὅτι
2757 2721 2862 2776 τῶν
2905 2723 3091 2777 δεινῶν
3143 2721 3407 2788 ἐξελεῖται
3458 2723 3651 2794 ῥᾳδίως
3710 2741 3822 2776 πμ,

2234 2815 2569 2869 στεύσουσιν.

2308 2905 2499 2959 Ταῦτα
2528 2905 2597 2958 δὲ
2619 2905 2689 2970 ἐξ
2729 2905 2925 2974 ἀρχῆς
2966 2907 3076 2960 οὐκ
3117 2901 3289 2959 εἶπον
3327 2906 3501 2976 ὑμῖν,
3543 2907 3630 2960 ὅτι
3663 2908 3819 2976 μεθ’

2230 2995 2398 3067 ὑμῶν
2428 2997 2608 3066 ἤμην.
2641 2999 2768 3051 Νῦν
2803 2998 2872 3050 δὲ
2913 2998 3118 3066 ὑπάγω
3159 2999 3308 3066 πρὸς
3336 2997 3441 3051 τὸν
3477 2998 3816 3067 πέμψαντὰ

2225 3107 2320 3160 με,
2349 3087 2446 3142 καὶ
2479 3088 2680 3153 οὐδεὶς
2707 3090 2775 3153 ἐξ
2803 3089 2970 3157 ὑμῶν
2996 3089 3182 3158 ἐρωτᾷ
3213 3105 3318 3158 με’
3351 3090 3475 3143 Ποῦ
3514 3091 3814 3157 ὑπάγειςς

2245 3181 2409 3236 Ἀλλ’
2440 3181 2529 3234 ὅτι
2563 3181 2750 3234 ταῦτα
2772 3181 3088 3248 λελάληκα
3118 3181 3279 3250 ὑμῖν,
3313 3183 3350 3249 ἡ
3381 3185 3541 3249 λύπη
3564 3185 3820 3251 πεπλὴε

2223 3289 2417 3339 pa)er
2441 3271 2606 3340 ὑμῶν
2635 3271 2750 3339 τὴν
2786 3271 3054 3339 καρδίαν.

2310 3367 2529 3438 Ἐτέρου
2576 3366 2722 3428 τινὸς
2754 3365 3026 3435 χρησίμου
3059 3365 3152 3417 καὶ
3199 3365 3625 3433 ἀναγκαιοτάτου
3668 3365 3813 3421 λίαν

2229 3455 2557 3526 προενόησεν
2590 3457 2616 3508 ὁ
2654 3455 2909 3524 Χριστός.
2937 3449 3045 3505 Ἦν
3084 3452 3192 3523 γὰρ
3225 3455 3324 3507 οὐκ
3354 3455 3646 3524 ἀμφίϐολον
3667 3497 3681 3522 ,
3713 3458 3810 3510 ὅτι

2227 3546 2551 3616 κεκλημένοι
2597 3545 2732 3615 πρὸς
2766 3544 3064 3615 μαθητείαν
3107 3546 3164 3596 ἐν
3215 3547 3409 3616 ἀρχαῖς
3443 3549 3567 3617 παρ’
3599 3549 3809 3609 αὑτοῦ.

2229 3635 2476 3697 συνόντες
2499 3651 2557 3687 τε
2582 3635 2689 3700 ἀεὶ,
2718 3635 2812 3686 καὶ
2845 3633 3307 3705 συνδιαιτώμενοι,
3337 3636 3430 3688 καὶ
3459 3637 3657 3708 πολλὴν
3681 3641 3810 3691 τῶν

2227 3724 2546 3794 παραδόξων
2569 3723 2864 3792 ἐσχηκότες
2901 3724 2998 3793 τὴν
3027 3726 3243 3795 πεῖραν,
3287 3726 3687 3795 συσκεψάμενοί
3739 3746 3806 3781 τε

2223 3815 2320 3886 τὴν
2349 3814 2680 3884 ἀσύγκριτον
2729 3814 2892 3867 αὐτοῦ
2947 3815 3175 3884 δύναμιν
3228 3816 3320 3868 καὶ
3373 3817 3654 3883 ἐξουσίαν,
3709 3821 3805 3872 ὅτι

2224 3907 2401 3960 πάντα
2423 3906 2706 3976 νικήσουσι
2732 3906 3058 3976 πειρασμὸν,
3089 3909 3181 3959 καὶ
3204 3907 3419 3960 πάντων
3453 3907 3801 3974 ἁπαξαπλῶς

2221 3995 2575 4066 περιέσεσθαι
2611 3995 2719 4048 τῶν
2752 3996 2939 4048 δεινῶν
2974 3997 3375 4067 ὑπελάμϐανον.
3418 3997 3541 4061 Πῶς
3582 3999 3693 4071 γὰρ
3727 4003 3802 4054 ἂν

2219 4084 2288 4160 ἦν
2318 4089 2611 4152 ἐνδοιάζειν
2643 4089 2722 4142 ἔτι
2771 4090 3035 4162 καὶπρὸς
3079 4090 3240 4144 τοῦτο
3289 4092 3647 4162 μικροψυχεῖν
3696 4096 3800 4164 τὴν

2219 4178 2312 4231 τοῦ
2344 4181 2576 4233 τοσαῦτα
2607 4179 2882 4250 ἰσχύοντος
2917 4181 3179 4252 λαχόντας
3212 4183 3528 4252 εύμὲνειαν;
3567 4185 3796 4254 Ἐπειδὴ

2218 4272 2275 4325 δὲ
2306 4274 2418 4334 τοῖς
2473 4273 2601 4342 παρ’
2647 4273 2835 4326 ἐλπίδα
2879 4274 3290 4343 περιπεσεῖσθαι
3343 4275 3610 4338 κινδύνοις
3650 4293 3795 4346 προ-

2223 4364 2534 4432 μεμήνυκεν
2576 4364 2603 4415 ὀ
2641 4363 2913 4433 Χριστὸς,
2968 4363 3054 4416 ἵνα
3099 4363 3173 4434 μὴ
3218 4358 3419 4435 σφόδρα
3463 4364 3592 4435 πρὸς
3630 4366 3798 4418 τοῦτο

547 4443 606 4481 se
639 4427 949 4498 cogitantes
989 4444 1052 4485 ac
1083 4431 1328 4490 dicentes
1358 4453 1372 4490 :
1404 4434 1546 4509 Ergo
1575 4439 1784 4497 frustra
1833 4456 1963 4499 sunt
2008 4447 2112 4500 illa:

2234 4427 2590 4524 ταράττοιντο,
2623 4427 3067 4525 διενθυμούμενοί
3098 4427 3172 4508 τε,
3196 4427 3288 4508 καλ.
3318 4427 3568 4524 λέγοντές
3594 4475 3607 4488 ·
3643 4461 3793 4531 "Ap:

547 4531 673 4584 spes
703 4531 840 4586 quas
874 4518 1031 4572 initio
1064 4525 1438 4594 concepimus,
1466 4538 1520 4583 et
1565 4542 1756 4587 nostro
1792 4551 1962 4605 scopo
1992 4545 2113 4592 tan-

547 4608 670 4661 dem
720 4607 1049 4677 excidimus,
1076 4614 1190 4682 qui,
1229 4631 1354 4670 cum
1397 4635 1497 4674 nos
1533 4621 1598 4675 ad
1634 4624 1817 4678 omnia
1852 4625 1995 4679 bona
2023 4642 2117 4680 vo-

543 4710 703 4756 catos
729 4716 852 4757 esse
878 4711 1212 4771 putaremus,
1240 4707 1294 4762 in
1326 4711 1669 4768 calamitates
1697 4714 1834 4769 adeo
1868 4716 2117 4788 inexspe-

542 4792 1118 4864 ctatas.incidimus;
1181 4803 1493 4857 necessario
1555 4801 1820 4862 Dominus
1887 4823 2110 4863 causam

542 4887 738 4954 aperit,
777 4901 877 4942 cur
907 4887 1020 4943 haac
1056 4891 1216 4945 initio
1250 4893 1474 4948 minime
1523 4896 1858 4963 prazdixerit,
1899 4908 1952 4954 et
1980 4902 2053 4954 ait
2094 4919 2106 4954 :

545 4995 560 5023 ι
592 4973 726 5029 Haec
778 4976 844 5029 ab
895 4977 1056 5033 initio
1109 4995 1218 5033 non
1273 4979 1384 5034 dixi
1426 4983 1600 5049 vobis,
1649 4988 1776 5055 quia
1824 4991 2107 5046 vobiscum

537 5079 708 5118 eram.
748 5083 766 5114 ι
805 5064 1057 5130 Quandiu
1093 5069 1239 5121 cnim
1288 5085 1412 5124 cum
1459 5073 1568 5128 illis
1616 5084 1756 5140 erat,
1809 5080 2108 5136 sufﬁciebat

537 5156 602 5207 ad
634 5171 730 5211 eos
779 5172 846 5212 ex
881 5160 1033 5212 omni
1073 5159 1378 5217 tentationc
1417 5167 1715 5232 eruendos,
1749 5180 1803 5225 et
1837 5172 2106 5229 adversus

533 5263 724 5303 omnes
752 5263 915 5304 casus
947 5249 1303 5308 instruendos
1334 5261 1496 5324 atque
1529 5259 1836 5330 erigendos.
1873 5264 2104 5330 Quando

531 5353 660 5394 vero
685 5339 753 5394 ad
777 5340 998 5396 Patrem
1035 5343 1202 5410 vadit,
1229 5360 1290 5401 ea
1318 5364 1439 5418 quae
1468 5363 1620 5408 certo
1649 5363 1910 5412 eventura
1941 5369 2099 5415 erant

531 5430 736 5485 utiliter
783 5437 836 5485 et
870 5442 1180 5502 opportune
1230 5439 1313 5494 eis
1369 5443 1622 5512 explicat.
1673 5443 1806 5501 Nam
1864 5449 1910 5504 si
1949 5458 2099 5506 tem-

528 5535 739 5589 pestive
779 5537 868 5577 res
898 5539 1089 5594 gerere
1121 5530 1444 5600 cumprimis
1477 5537 1786 5606 studemus,
1818 5545 2096 5611 quomodo

603 5697 649 5728 ³⁸
672 5696 814 5752 Psal.
846 5713 1030 5766 cvvm,
1059 5702 1148 5757 60.

2214 4543 2322 4596 τῶν
2361 4545 2419 4597 ἐν
2465 4545 2660 4614 ἀρχαῖς
2704 4545 2934 4598 ἐλπίδων
2981 4547 3295 4618 ἐσφάλημεν
3337 4548 3430 4602 καὶ
3479 4552 3794 4620 διημαρτή-

2212 4651 2387 4702 καμεν
2434 4634 2526 4686 τοῦ
2577 4634 2780 4687 σκοποῦ
2805 4676 2819 4699 ,
2857 4637 3153 4707 κεκλῆσθαι
3196 4639 3294 4708 μὲν
3336 4640 3419 4707 ἐφ’
3466 4639 3640 4691 ἅπασι
3674 4643 3792 4705 τοῖς

2209 4722 2431 4788 ἀγαθοῖς
2457 4725 2749 4793 οἰηθέντες,
2783 4727 3208 4793 ἐκτελευτῶντες
3237 4730 3293 4782 δὲ
3327 4729 3499 4790 οὕτως
3538 4732 3619 4793 είς
3666 4731 3793 4783 ἀδο-

2209 4812 2408 4880 κήτου-ς
2444 4815 2750 4883 συμφορὰς,
2787 4817 3102 4883 ἀναγκαίως
3146 4819 3175 4869 6
3216 4818 3422 4890 Κύριος
3467 4820 3563 4871 τοῦ
3609 4819 3686 4890 μὴ
3725 4822 3788 4872 ἐν

2209 4903 2403 4972 ἀρχαῖς
2426 4905 2774 4976 προμηνῦσαι
2807 4908 2985 4973 ταυτὶ,
3017 4909 3115 4979 τὴν
3144 4910 3323 4963 αἰτίαν
3355 4910 3653 4980 ἐξηγεῖται,
3685 4914 3787 4965 καί

2209 5012 2372 5064 φησιν
2394 5013 2408 5029 ’
2459 5014 2477 5047 ι
2525 4997 2710 5050 Ταῦτα
2745 4996 2804 5062 ἐξ
2837 5001 3009 5070 ἀρχῆς
3051 5001 3150 5054 οὐκ
3177 4996 3327 5054 εἷπον
3355 5003 3506 5073 ύμῖν,
3544 5004 3624 5055 ὅτι
3657 5003 3783 5072 μεθ’

2207 5085 2360 5156 ὑμῶν
2394 5087 2560 5157 ἥμην.
2610 5105 2628 5138 ι
2675 5087 2926 5159 Ἐξήρκει
2967 5089 3064 5158 μὲν
3103 5089 3212 5160 γὰρ
3243 5088 3549 5160 συμπαρὼν
3590 5091 3782 5154 αὐτοῖς

2205 5175 2284 5230 ἔτι
2340 5179 2476 5250 πρὸς
2517 5179 2580 5231 τὸ
2625 5179 2925 5243 ἀνασώζειν
2975 5180 3213 5243 εὐκόλως
3241 5223 3254 5246 ,
3310 5183 3403 5234 καὶ
3447 5183 3512 5234 ὲκ
3572 5183 3783 5244 παντὸς

2207 5270 2431 5340 ῥύεσθαι
2459 5273 2790 5344 πειρασμοῦ,
2819 5274 2914 5326 καὶ
2945 5273 3040 5345 τὴν
3067 5276 3150 5344 ἐφ’
3188 5276 3357 5328 ἆπασι
3386 5278 3497 5338 τοῖς
3542 5276 3784 5345 συμϐαί-

2207 5380 2356 5416 νουσι
2407 5364 2758 5433 καθηκόντως
2824 5366 3095 5420 ποιεῖσθαι
3155 5367 3507 5420 διδασκαλίαν
3556 5385 3614 5419 τε
3685 5371 3784 5420 καὶ

2204 5455 2593 5525 ἐπανόρθωσιν.
2613 5456 2828 5526 Ἐπειδὴ
2858 5456 2912 5509 δὲ
2939 5457 3206 5528 ἀποδημεῖ
3231 5458 3364 5528 πρὸς
3407 5456 3498 5510 τὸν
3528 5457 3782 5528 Πατέρα,

2205 5545 2302 5617 τὴν
2334 5546 2440 5601 τῶν
2478 5547 2695 5601 ἔσεσθαι
2737 5549 3202 5619 προσδοκωμένων
3237 5549 3612 5619 ἀπαραίτητον
3644 5549 3770 5618 ἀφι-
