3998 6318
162 319 264 377 429

1242 317 1309 377 ΙΝ
1345 320 1627 380 JOANNIS
1658 318 2097 382 EVANGELIUM
2135 319 2261 380 LIB.
2305 320 2376 380 Χ.

3295 324 3403 384 430

165 440 242 504 ξιν
265 435 536 509 ἐξηγεῖται
577 439 862 509 χρησίμως
895 440 987 492 καί
1019 440 1077 492 ὲν
1116 440 1291 512 καιρῷ
1329 441 1404 512 τῷ
1434 441 1719 512 πρέποντι.

1841 457 1936 497 non
1975 441 2029 496 id
2080 442 2265 513 potius
2314 441 2459 499 Deus
2499 441 2726 499 fecerit?
2762 440 2968 496 Silentii
3011 457 3143 515 ergo
3186 453 3402 515 tempus

80 594 88 605 .
164 533 224 586 El
254 530 362 601 γὰρ
390 529 485 582 καί
513 529 645 599 ἡμῖν
668 528 851 593 αὐτοῖς
876 532 935 584 τὸ
955 531 1059 585 τοῦ
1088 532 1284 603 καιροῦ
1307 531 1403 586 τοῦ
1428 533 1730 607 πρέποντος

165 622 237 695 μὴ
282 621 620 694 ἁμαρτάνειν
655 622 1015 677 ἑσπούδασται
1040 662 1055 688 ,
1105 625 1222 688 πῶς
1276 626 1378 679 οὐκ
1427 624 1493 680 ἂν
1531 625 1730 697 μᾶλλον

162 714 352 785 ἀρέσαι
380 712 535 782 Θεῷ;
564 713 772 784 Καιρδς
809 709 901 768 οὖν
926 713 1036 786 ἀρα
1063 714 1276 786 σιωπῆς
1310 712 1381 786 ἦν
1421 718 1478 770 ὲν
1504 717 1725 787 ἀρχαῖς,

161 802 311 858 οὔπω
352 803 447 857 τοῦ
490 805 687 875 χρῆναι
724 805 919 875 μαθεῖν
944 848 959 871 ,
1009 807 1085 871 ὡς
1136 805 1195 874 ἐξ
1230 808 1477 879 ἀνάγκης
1516 807 1729 861 εἰσϐαί-

163 912 338 958 νοντος
357 910 370 923 ·
403 895 592 967 ἐπειδὴ
621 895 679 950 δὲ
714 895 986 967 ἀπεδήμει
1025 897 1160 968 πρὸς
1186 898 1278 951 τὸν
1306 896 1551 968 Πατέρα,
1576 899 1606 950 ό
1631 898 1731 967 τῆς

163 988 408 1059 φράσεως
438 987 738 1058 παρεισέδυ
768 987 980 1058 καιρός.
1026 983 1155 1060 ’Ἆρ’
1198 982 1291 1042 οὖν
1336 986 1733 1058 ἀπενοσφίξετο

162 1079 266 1133 τῶν
297 1077 558 1150 μαθητῶν
595 1080 624 1132 ό
656 1079 846 1150 Σωτὴρ
898 1079 1271 1151 ἀναφοιτήσας
1314 1079 1453 1151 πρὸς
1484 1079 1577 1157 ab)!
1621 1080 1731 1133 Πα-

116 1226 119 1229 λ
162 1171 308 1243 τέρα,
334 1171 427 1224 καὶ
471 1171 639 1242 συνῆν
671 1172 859 1237 αὐτοῖς
889 1175 954 1245 τῇ
989 1172 1086 1226 τοῦ
1130 1171 1446 1244 Πνεύματος
1479 1172 1732 1245 ἐνεργείᾳ

162 1281 217 1317 τε
247 1265 338 1318 καὶ
369 1262 620 1335 δυνάμει,
652 1265 746 1319 καὶ
774 1265 997 1337 χάριτι;
1028 1266 1176 1331 Πῶς,
1203 1265 1237 1337 ἦ
1268 1266 1413 1321 κατὰ
1453 1266 1578 1320 τίνα
1605 1266 1731 1337 τρό-

164 1373 295 1422 πον;
350 1356 429 1412 Οὐ
479 1356 589 1428 γὰρ
647 1357 903 1428 ψεύδεται
954 1359 1164 1429 λέγων’
1215 1376 1234 1410 ι
1278 1359 1409 1413 Ἰδοὺ
1460 1357 1571 1427 ἐγὼ
1609 1357 1730 1429 μεθ’

165 1447 311 1517 ὑμῶν
343 1448 460 1518 εἰμι
498 1448 681 1511 πάσας
722 1448 821 1512 τὰς
867 1450 1083 1522 ἡμέρας
1126 1449 1224 1504 καί
1262 1448 1369 1512 ἕως
1402 1447 1502 1519 τῆς
1541 1464 1731 1502 συντε-

163 1539 305 1602 λείας
358 1537 455 1592 τοῦ
489 1537 685 1602 αἰῶνος
710 1577 725 1603 ,
776 1557 795 1591 ι
835 1539 976 1610 πλὴν
1010 1540 1135 1593 ὅσον
1163 1541 1245 1602 εἰς
1278 1538 1461 1610 σάρκα
1511 1539 1607 1591 καὶ
1633 1537 1733 1609 τὴν

166 1630 298 1699 μετά
346 1631 602 1701 σώματος
655 1631 992 1702 παρουσίαν,
1052 1630 1349 1703 οὐδαμόθεν
1403 1630 1726 1700 ἀμφίϐολον.

173 1722 306 1775 Ἀλλ’
355 1716 467 1775 οἶδε
499 1722 597 1792 μὲν
629 1724 657 1775 ὸ
686 1722 878 1793 Σωτὴρ
925 1721 1367 1793 ἀναγκαιοτάτην
1412 1720 1632 1774 ἔσεσθαι
1663 1722 1729 1792 τῇ

161 1814 473 1884 ἀνθρωπεία
523 1812 686 1882 φύσει
743 1814 841 1882 τὴν
891 1814 972 1876 εἰς
1016 1813 1282 1884 οὐρανοὺς
1330 1811 1595 1867 ἀνάϐασιν
1633 1813 1733 1883 τῆς

166 1904 294 1968 ἰδίας
327 1905 534 1976 σαρκὸς
554 1945 568 1971 ,
601 1903 742 1974 πλὴν
772 1904 872 1957 οὐκ
905 1903 1204 1974 ἠγνόησεν,
1233 1904 1309 1968 ὡς
1340 1904 1502 1971 Θεὸς,
1543 1904 1626 1957 ὅτι
1664 1905 1731 1973 τῇ

162 1997 353 2068 πικρίᾳ
391 1998 493 2066 τῆς
520 1994 697 2066 λύπης
739 1994 1050 2066 μεμέθυστο
1093 1995 1205 2050 τῶν
1246 1995 1506 2068 μαθητῶν
1535 1998 1568 2067 ή
1599 2014 1734 2068 καρ-

160 2088 264 2142 δία.
306 2087 525 2140 Ἐλύπει
567 2086 677 2158 γὰρ
704 2086 826 2140 λίαν
861 2086 1060 2150 αὐτοὺς
1095 2087 1392 2157 ἀποδημῶν
1420 2090 1449 2141 ό
1478 2087 1732 2159 Χριστὸς.

163 2178 385 2246 ἐπείπερ
434 2177 624 2248 ἤθελον
672 2175 822 2247 αὐτῷ
877 2179 1117 2230 συνεῖναι
1165 2177 1254 2231 διά
1301 2177 1523 2241 παντός.
1565 2178 1655 2244 Ὠς
1678 2177 1734 2231 δὲ

165 2270 259 2341 ήδη
296 2270 592 2341 κεκρικότα
638 2270 797 2323 τοῦτο
847 2271 1016 2340 δρᾷν,
1081 2269 1202 2322 οὐδὲ
1275 2271 1648 2343 διερωτῶσιν,
1703 2272 1731 2325 ὃ

164 2361 216 2415 τί
266 2378 394 2415 ποτε
462 2362 573 2434 ἀρα
600 2400 614 2425 ,
646 2361 741 2415 καὶ
771 2360 860 2415 διὰ
894 2361 1053 2414 ποίαν
1099 2361 1282 2415 αἰτίαν
1331 2363 1730 2434 ἀποιχήσεται,

167 2452 199 2523 ἢ
250 2452 303 2505 τί
347 2452 408 2507 τὸ
444 2454 702 2521 ἐπεῖγον,
745 2454 913 2523 ἤγουν
958 2454 1253 2508 ἀναπεῖθον
1324 2458 1405 2518 εἰς
1471 2455 1532 2508 τὸ
1614 2455 1726 2510 ἀνω

1830 542 1949 589 erat
1985 535 2164 601 initio,
2198 533 2444 590 nondum
2490 549 2620 589 vero
2671 532 2917 590 discendi
2953 552 2965 588 :
3000 533 3096 589 sed
3153 549 3279 590 cum
3331 535 3403 588 ad

1832 623 2049 682 Patrem
2084 634 2354 697 pergeret,
2388 625 2680 696 eloquendi
2717 634 2933 696 tempus
2963 625 3154 681 subiit.
3184 623 3404 696 Ergone

1833 713 2093 772 Servator
2132 731 2388 773 reversus
2440 716 2505 772 ad
2547 714 2765 772 Patrem
2800 731 2830 771 a
2870 715 3156 786 discipulis
3188 716 3400 781 aberat,

1830 812 1885 860 et
1917 812 2102 861 tamen
2139 806 2221 863 eis
2268 806 2458 862 aderat
2489 804 2751 876 Spiritus,
2777 786 3042 871 efﬁcacia,
3072 816 3126 862 et
3169 808 3400 871 virtute,

1830 903 1886 951 et
1912 898 2129 968 gratia?
2156 896 2445 964 Quomodo
2490 897 2656 954 vero?
2677 896 2789 953 Nec
2815 898 2960 953 enim
3003 898 3288 958 mentitur.
3320 898 3405 953 di-

1830 1004 2001 1045 cens:
2038 1009 2057 1042 ι
2098 989 2238 1046 Ecce
2268 1004 2371 1061 ego
2411 990 2700 1046 vobiscum
2756 1004 2877 1044 sum
2913 989 3172 1044 omnibus
3210 988 3404 1043 diebus

1832 1099 2007 1154 usque
2061 1084 2128 1139 ad
2181 1083 2713 1140 consummationem
2764 1082 2951 1139 saeculi
2985 1082 3061 1147 '7;
3111 1099 3129 1132 ι
3186 1094 3406 1135 verum-

1830 1183 2016 1230 tamen
2046 1176 2226 1246 quoad
2265 1190 2488 1230 carnem
2519 1183 2574 1230 et
2616 1188 2940 1245 corpoream
2968 1170 3316 1242 praesentiam
3350 1171 3401 1225 id

1831 1267 2244 1339 intelligendum
2276 1282 2402 1322 esse
2451 1267 2635 1322 nullus
2674 1265 2919 1341 ambigit.
2953 1264 3226 1320 Caeterum
3256 1262 3406 1317 novit

1833 1357 2053 1430 quidem
2108 1358 2369 1414 Servator
2398 1364 2608 1413 naturae
2636 1357 2894 1411 humanae
2939 1354 3096 1410 valde
3144 1367 3405 1409 necessa-

1832 1451 1976 1506 rium
2009 1449 2128 1505 fore
2158 1449 2344 1504 carnis
2376 1464 2488 1506 suae
2520 1448 2575 1503 in
2610 1448 2781 1502 caelos
2813 1460 3124 1511 ascensum,
3157 1444 3253 1500 sed
3295 1459 3407 1499 non

1834 1541 2129 1613 ignoravit,
2161 1547 2222 1594 ut
2258 1538 2427 1605 Deus,
2474 1537 2835 1594 acerbissimo
2886 1537 3079 1591 dolore
3125 1535 3289 1607 917
3322 1534 3408 1595 di-

1841 1631 2178 1702 scipulorum
2206 1644 2305 1685 cor
2333 1630 2618 1701 impletum
2643 1627 2836 1684 fuisse.
2861 1625 3230 1682 Vehementer
3260 1625 3407 1680 enim

1833 1737 1930 1779 eos
1959 1723 2243 1779 discessus
2266 1721 2478 1777 Christi
2510 1720 2808 1791 pungebat,
2835 1720 2964 1790 quia
2993 1728 3258 1789 perpetuo
3282 1731 3408 1772 cum

1832 1831 1897 1872 eo
1929 1815 2137 1872 versari
2174 1813 2493 1884 cupiebant.
2526 1812 2663 1866 Eum
2695 1826 2849 1876 vero,
2874 1818 2935 1865 ut
2969 1811 3063 1881 qui
3112 1808 3224 1880 jam
3259 1808 3409 1864 istud

1831 1905 2012 1962 facere
2040 1906 2398 1966 decrevisset.
2443 1920 2556 1959 non
2589 1904 2936 1975 interrogant
2979 1917 3143 1973 quam
3181 1901 3253 1957 ob
3285 1915 3411 1955 cau-

1833 2014 1949 2055 sam
1995 2006 2145 2054 esset
2189 1996 2561 2062 discessurus,
2610 2004 2706 2052 aut
2754 1994 2887 2067 quid
2945 2010 3070 2051 eum
3120 1992 3191 2048 ad
3238 1992 3410 2048 caelos

1834 2088 2131 2146 ascendere
2157 2088 2479 2158 impelleret.
2510 2086 2754 2158 lgnoscit
2781 2086 2947 2156 igitur
2978 2086 3047 2141 iis
3082 2084 3159 2139 ita
3190 2097 3411 2155 quoque

1835 2180 2070 2243 aﬂ‘ectis,
2102 2186 2158 2234 et
2186 2177 2468 2233 silentium
2499 2177 2949 2247 intempestivum
2982 2175 3406 2247 usurpantibus,

1837 2270 1982 2342 quod
2016 2284 2084 2325 ne
2112 2269 2393 2324 discessus
2422 2266 2646 2339 quidem
2683 2281 2909 2323 causam
2946 2283 3042 2324 eos
3066 2267 3279 2322 discere
3314 2280 3412 2337 pa-

1837 2365 2029 2429 tiatur,
2073 2362 2205 2417 licet
2256 2360 2379 2432 ejus
2411 2360 2656 2433 cognitio
2703 2361 2937 2416 multum
2973 2360 3030 2414 in
3060 2373 3119 2416 se
3152 2357 3411 2414 utilitatis

1836 2456 2053 2511 habeat.
2478 2459 2481 2461 “

169 2542 391 2613 βαδίζειν
433 2541 618 2596 αὐτόν.
663 2530 1027 2610 ἴυγγινώσκει
1055 2542 1234 2596 τοίνυν
1269 2541 1345 2606 ὡς
1393 2542 1453 2606 ἐξ
1495 2542 1716 2614 ἀγάπης
1752 2545 1937 2599 αὐτοῖς
1970 2538 2201 2596 παθοῦσι
2228 2538 2521 2607 καὶτοῦτο,
2552 2537 2652 2593 καὶ
2712 2539 2920 2611 σιωπὴν
2979 2539 3079 2593 οὐκ
3139 2535 3410 2606 εὐκαίρως

167 2633 432 2704 ἑλομένοις
482 2633 704 2703 ἀγαπᾷν
753 2632 852 2702 τῆς
912 2631 1224 2703 ἀποδημίας
1285 2632 1388 2687 οὐκ
1431 2631 1608 2687 ἐῶσαν
1658 2632 1720 2685 τὸ
1748 2631 1921 2688 αἴτιον
1985 2629 2268 2702 ἐκμαθεῖν,
2326 2629 2508 2682 καίτοι
2573 2627 2775 2700 πολλὴν
2816 2628 3034 2699 ἔχοντος
3073 2627 3168 2681 τοῦ
3212 2627 3410 2680 εἰδέναι

168 2728 261 2800 τὴν
289 2727 382 2799 Evr,
391 2745 499 2782 σιν.

242 2819 402 2874 Ἀλλ’
451 2816 566 2886 ἐγὼ
619 2817 735 2889 τὴν
787 2818 1078 2887 ἀλήθειαν
1134 2817 1279 2888 ὑμῖν
1327 2818 1520 2890 λέγω·
1582 2834 1733 2888 συμ·

169 2911 324 2980 φέρει
359 2910 503 2981 ὑμῖν
569 2912 671 2966 ἵνα
713 2911 972 2966 ἀπέλθω.
1035 2912 1179 2966 Ἐὰν
1211 2912 1321 2982 γὰρ
1346 2912 1433 2982 μὴ
1473 2911 1733 2978 ἀπέλθω,

170 3005 199 3055 ὁ
234 3001 622 3070 Παράκλητος
655 3003 766 3056 οὐκ
790 3002 1103 3055 ἐλεύσεται
1141 3001 1292 3068 πρὸς
1322 3000 1499 3070 ὑμᾶς.

232 3092 424 3164 Θερμὴ
483 3093 579 3163 μὲν
625 3092 735 3164 γάρ
778 3093 923 3164 ὑμᾶς
970 3092 1301 3163 κατεδήδοκε
1347 3092 1526 3163 λύπη,
1579 3092 1735 3164 φησί,

168 3186 258 3238 καὶ
315 3183 517 3256 δριμὺς
573 3184 804 3256 ἐτάραξε
854 3186 1048 3247 πόνος·
1096 3184 1158 3237 οὑ
1201 3183 1311 3254 γὰρ
1355 3174 1739 3255 ἀταλαίπωρον

173 3276 376 3339 ἑαυτοῖς
421 3276 516 3329 τὸν
566 3275 703 3346 ὲμὸν
760 3275 983 3329 ἔσεσθαι
1050 3276 1329 3346 χωρισμὸν
1381 3275 1736 3346 ὑπειλήφατε,

175 3367 367 3438 σφόδρα
395 3366 727 3437 φρονοῦντες
772 3366 968 3437 ὀρθῶς.
1017 3365 1411 3438 Περιπεσεῖσθε
1452 3367 1561 3437 γὰρ
1598 3367 1737 3420 πάν-

171 3476 269 3522 τως
321 3453 402 3521 οἷς
443 3458 547 3529 ἤδη
586 3456 893 3529 προείρηκα
950 3460 1296 3528 πειρασμοῖς,
1346 3458 1438 3510 καὶ
1490 3459 1589 3528 τῆς
1630 3457 1740 3512 τῶν

171 3548 463 3601 διωκόντων
511 3547 859 3618 ἀνοσιότητος
896 3548 1220 3617 ὑπομενεῖτε
1272 3548 1371 3619 τὴν
1416 3549 1736 3620 ἀγριότητα.

172 3641 371 3712 Χρῆναι
396 3641 461 3712 δὴ
485 3636 580 3694 οὖν
603 3639 692 3692 ἀεὶ
712 3640 824 3693 τῶν
846 3640 1080 3711 ἡδίστων
1106 3641 1166 3694 τὸ
1194 3640 1474 3711 συμφέρον
1510 3641 1742 3712 προτάτ-

172 3733 351 3787 τεσθαι
382 3731 762 3802 λογιζόμενος,
800 3732 910 3802 ἐρῶ
956 3732 1094 3805 πρὸς
1134 3733 1280 3802 ὑμᾶς
1322 3731 1421 3804 τήν
1457 3731 1737 3801 ἀλήθειαν.

180 3843 197 3876 ι
229 3826 505 3897 Συμφέρει
540 3826 670 3896 ὑμῖν
696 3825 783 3877 ἵνα
805 3823 915 3893 ἐγὼ
940 3824 1178 3879 ἀπέλθω.
1216 3843 1237 3875 ι
1277 3824 1385 3876 Καὶ
1430 3823 1608 3877 πάντα
1644 3822 1741 3894 μὲν

174 3916 237 3969 τὰ
262 3918 516 3987 νοήματα
557 3914 637 3986 τῷ
671 3915 814 3987 ὑπὲρ
842 3917 988 3986 ἡμᾶς
1018 3915 1497 3986 παραχωρήσομεν
1529 3914 1742 3986 Σωτῆρι

174 4007 415 4079 Χριστῷ,
443 4007 589 4078 πλὴν
636 4007 696 4060 οὐ
734 4006 969 4077 μετρίως
997 4006 1062 4059 ἂν
1097 4003 1254 4076 οἶμαι
1284 4005 1613 4076 θορυϐήσειν
1645 4005 1740 4058 δύ-

175 4100 355 4153 νασθαί
379 4115 508 4153 τινα
539 4097 648 4152 τῶν
684 4098 1070 4167 ἁπλουστέρων
1098 4098 1160 4149 τὸ
1188 4096 1500 4167 εἰρημένον.
1532 4097 1743 4165 Λογιεῖ-

176 4205 256 4241 ται
284 4189 390 4260 γὰρ
426 4187 649 4251 πάντως
692 4189 872 4241 ἐκεῖνο
927 4184 1047 4239 καθ’
1082 4185 1275 4237 ἑαυτὸν
1298 4225 1313 4249 ,
1374 4185 1469 4238 καὶ
1519 4184 1737 4238 διασκέ-

175 4279 344 4349 ψεται,
375 4279 450 4344 ὡς
483 4279 647 4349 εἴπερ
676 4274 744 4349 ἦν
773 4278 994 4348 ἄμεινον
1026 4276 1088 4330 τὸ
1110 4275 1463 4346 ἀποδημῆσαι
1485 4276 1739 4347 Χριστὸν,

1912 2812 2049 2881 XVI,
2079 2813 2134 2880 6,
2169 2813 2222 2868 7.
2255 2811 2358 2868 Sed
2395 2828 2487 2883 ego
2533 2813 2807 2867 veritatem
2839 2810 2959 2865 dico
2988 2810 3133 2866 vobis
3161 2831 3173 2867 :
3201 2812 3412 2880 expedit

1837 2906 1983 2963 vobis
2015 2914 2074 2959 ut
2099 2921 2191 2975 ego
2218 2902 2429 2958 vadam.
2469 2903 2529 2958 Si
2555 2904 2693 2958 enim
2722 2919 2815 2975 ego
2854 2919 2958 2956 non
2998 2902 3202 2968 abiero,
3240 2902 3411 2960 Para-

1762 3033 1805 3093 ϐ
1837 3001 2002 3055 cletus
2044 3012 2146 3051 non
2179 2995 2347 3050 veniet
2377 2996 2447 3048 ad
2482 3013 2590 3050 ros.

1907 3088 2443 3145 Vehementissimus
2481 3102 2679 3158 nempe
2733 3101 2832 3141 vos
2878 3087 3036 3141 dolor
3073 3087 3293 3152 exedit,
3357 3097 3412 3142 et

1839 3180 2071 3236 acerbus
2118 3179 2275 3235 labor
2305 3179 2586 3243 turbavit,
2614 3192 2715 3233 nec
2744 3177 3049 3233 discessum
3081 3194 3260 3233 meum
3310 3194 3411 3233 ex-

1839 3281 2047 3344 pertem
2084 3270 2201 3327 fore
2247 3271 2517 3325 molestiae
2557 3278 2703 3335 recte
2745 3271 2936 3340 utique
2977 3270 3133 3326 vobis
3180 3285 3413 3340 persua-

1840 3364 2014 3421 sistis.
2057 3363 2316 3419 Incidetis
2369 3363 2515 3417 enim
2568 3361 2816 3432 profecto
2855 3363 2911 3415 in
2962 3375 3058 3416 eas
3107 3377 3247 3433 quas
3299 3361 3414 3416 dixi

1840 3458 2170 3512 tentationes
2194 3492 2211 3520 ,
2240 3462 2295 3510 et
2324 3455 2618 3524 impiorum
2652 3461 3069 3524 persecutorum
3108 3453 3413 3509 crudelita-

1842 3557 1948 3603 tem
2002 3547 2313 3617 perferetis.
2342 3545 2489 3601 Utile
2516 3559 2650 3616 ergo
2704 3545 2968 3614 iucundis
3010 3560 3225 3615 semper
3259 3551 3415 3599 ante-

1840 3637 2155 3708 ponendum
2186 3653 2310 3693 esse
2340 3637 2479 3707 apud
2512 3651 2600 3690 me
2632 3645 2913 3705 reputans,
2944 3636 3229 3690 veritatem
3256 3635 3414 3691 vobis

1842 3730 2041 3783 dicam.
2088 3746 2108 3779 ι
2134 3727 2363 3795 Expedit
2414 3726 2566 3781 vobis
2591 3734 2648 3779 ut
2679 3739 2781 3794 ego
2821 3724 3036 3779 vadant.
3090 3743 3109 3775 ›
3149 3723 3410 3793 Equidem

1844 3820 2122 3875 Servatori
2188 3818 2412 3875 Christo
2468 3819 2631 3887 longe
2679 3831 2780 3871 nos
2840 3814 3127 3871 excedenti
3193 3828 3411 3869 omnem

1843 3910 2258 3982 intelligentiam
2297 3917 2542 3965 nostram
2586 3907 2997 3971 submittemus,
3032 3912 3413 3961 verumtamen

1844 4017 1949 4057 non
1982 4001 2334 4063 mediocriter
2367 4001 2470 4056 hoc
2495 3998 2645 4054 dicto
2672 4013 2835 4069 posse
2873 3997 3086 4052 turbari
3113 3995 3409 4066 quemdam

1843 4095 2007 4167 paulo
2057 4093 2446 4164 simpliciorem
2507 4099 2757 4146 autumo.
2804 4088 2940 4143 lllud
2989 4086 3134 4143 enim
3170 4085 3316 4156 apud
3355 4100 3415 4140 se

1846 4185 2160 4256 reputabit,
2203 4198 2400 4254 nempe
2455 4182 2502 4238 si
2551 4182 2750 4236 melius
2804 4178 2875 4235 Sit
2927 4177 3079 4233 abire
3106 4175 3412 4240 Christum,

1840 4277 2018 4333 videri
2060 4275 2349 4346 praesentia
2393 4287 2493 4329 sua
2553 4270 2805 4328 nonnihil
2854 4268 3118 4325 obfuisse.
3155 4267 3315 4334 Quod
3368 4268 3414 4322 si

177 4372 234 4424 τὸ
257 4371 361 4443 ἀρα
406 4372 663 4441 παρεῖναι
690 4370 812 4440 ’τῆς
857 4370 1000 4423 κατά
1027 4386 1081 4421 τι
1116 4367 1247 4437 γοῦν
1289 4364 1492 4439 ζημίας
1529 4369 1591 4421 οὑ
1622 4367 1737 4421 λίαν

1849 4368 1997 4424 utilis
2042 4374 2131 4423 est
2161 4366 2322 4421 nobis
2355 4364 2636 4421 discessus
2661 4362 2783 4433 ejus
2805 4402 2820 4429 ,
2852 4359 3065 4430 inquiet
3091 4398 3107 4423 ,
3136 4357 3416 4428 quomodo

179 4466 503 4536 ἀπήλλακτο.
536 4463 650 4517 Καὶ
677 4463 726 4516 εἰ
753 4462 814 4514 τὸ
838 4459 1116 4530 συμφέρον
1147 4460 1278 4529 ἡμῖν
1308 4458 1366 4510 ὲν
1398 4457 1478 4529 τῷ
1501 4456 1742 4512 ἀνελθεῖν

180 4556 361 4621 αὐτὸν,
400 4556 523 4620 πῶς
571 4555 693 4625 ούχί
737 4553 798 4607 τὸ
839 4552 1084 4606 ἐναντίον
1129 4552 1194 4603 ὲκ
1235 4548 1332 4603 τοῦ
1383 4549 1458 4621 μὴ
1489 4548 1744 4603 ἀπελθεῖν

183 4647 554 4717 συμϐήσεται,
595 4646 705 4697 Καὶ
749 4641 1042 4714 θορυϐήσει
1102 4639 1203 4710 μὲν
1255 4639 1389 4702 ίσως
1443 4637 1595 4701 τινὰς
1635 4636 1746 4691 τῶν

182 4739 445 4808 ἀκεραίων
489 4736 552 4790 τὸ
596 4736 816 4807 ζήτημα
835 4749 848 4763 ’
883 4733 1021 4805 πλὴν
1049 4732 1109 4785 οὐ
1141 4730 1354 4785 συνέσει
1385 4733 1450 4801 τῇ
1482 4729 1605 4800 θείᾳ
1633 4730 1747 4784 δια-

183 4827 587 4900 κυϐερνώμενος
617 4825 754 4898 πρὸς
792 4822 998 4893 ἀκριϐῆ
1026 4821 1136 4876 τῶν
1165 4819 1471 4892 εἰρημένων
1511 4821 1749 4892 κατάλη-

182 4917 294 4985 ψιν,
334 4921 434 4972 οὐκ
478 4919 545 4972 ἂν
593 4917 752 4980 ὅλως,
784 4911 961 4985 οἶμαι,
1005 4912 1423 4983 σκανδαλισθείη
1451 4913 1606 4979 ποτὲ,
1635 4913 1749 4966 δια-

187 5011 444 5083 σκέψηται
490 5011 548 5064 es
590 5010 791 5082 μᾶλλον
822 5009 915 5063 τὸν
947 5012 1063 5072 τοῖς
1112 5007 1431 5079 εἰρημένοις
1467 5008 1750 5079 πρέποντα

185 5102 320 5155 νοῦν.
364 5103 579 5176 Χρῆναι
612 5101 901 5173 τοιγαροῦν
953 5100 1058 5171 πρὸ
1101 5100 1214 5153 τῶν
1268 5099 1445 5154 ἄλλων
1491 5100 1749 5154 ἀπάντων

184 5197 350 5250 ἐκεῖνό
400 5213 543 5267 φημι
585 5192 986 5263 διαλογίζεσθαί
1029 5209 1089 5245 τε
1136 5193 1232 5245 καὶ
1277 5191 1482 5246 εἰδέναι
1536 5191 1725 5262 σαφῶς

183 5288 260 5341 δτι
286 5288 423 5343 κατά
448 5288 510 5342 τὸ
551 5284 957 5358 γεγραμμένον,
985 5286 1175 5355 καιρὸς
1225 5283 1303 5353 τῷ
1344 5283 1509 5336 παντὶ
1565 5282 1747 5352 πράγς

187 5398 329 5449 ματι,
361 5380 457 5434 καὶ
504 5379 681 5433 πάντα
714 5376 856 5431 καλά
892 5377 949 5428 ἐν
999 5374 1178 5446 καιρῷ
1204 5373 1400 5429 αὐτῶν.
1438 5372 1627 5446 Παρῆν
1658 5369 1753 5429 οὖν

183 5473 285 5543 ἀρα
326 5471 470 5527 κατά
509 5461 739 5542 καιροὺς
783 5466 1070 5539 χρησίμως
1105 5468 1134 5519 ό
1164 5465 1372 5536 Κύριος
1403 5466 1461 5518 έν
1491 5464 1627 5535 τῷδε
1672 5464 1751 5536 τῷ

183 5560 365 5632 κόσμῳ
390 5560 528 5631 μετὰ
558 5558 759 5628 σαρκός
784 5574 798 5588 ·
826 5559 884 5609 ὲν
914 5553 1090 5625 καιρῷ
1116 5554 1161 5607 δ’
1188 5550 1255 5607 αὖ
1284 5554 1445 5609 πάλιν
1469 5554 1548 5626 τῷ
1579 5555 1750 5626 καθή-

253 5742 296 5775 ⁸τ
320 5737 509 5793 Matth.
539 5751 729 5802 xxvut,
760 5733 849 5788 20.
929 5731 975 5763 ³⁸
1005 5728 1181 5785 Eccle.
1224 5745 1309 5797 ιιι,
1345 5731 1387 5783 I.

1844 4475 1953 4514 non
1993 4459 2333 4514 contrarium
2382 4456 2619 4520 eveniet,
2653 4453 2699 4510 si
2741 4467 2851 4508 non
2879 4449 3239 4507 discesserit?
3267 4446 3415 4503 Sim-

1843 4553 2103 4623 pliciores
2160 4550 2346 4606 forsan
2387 4548 2631 4603 turbabit
2678 4548 2792 4601 haec
2839 4544 3069 4615 quaestio
3121 4562 3135 4597 :
3188 4556 3411 4597 verum-

1847 4652 2024 4698 tamen
2050 4643 2304 4713 quisquis
2328 4641 2514 4697 divina
2539 4637 2807 4710 sapientia
2839 4636 2904 4690 ad
2936 4643 3185 4691 exactam
3214 4633 3413 4687 horum

1846 4735 2214 4805 cognitionem
2239 4733 2530 4804 dirigetur,
2561 4747 2671 4785 non
2697 4730 2888 4799 utique
2919 4723 3415 4783 scandalizabitur,

1847 4826 1943 4882 sed
1969 4826 2135 4881 dictis
2169 4826 2584 4881 convenientem
2621 4821 2805 4893 potius
2832 4831 3055 4875 sensum
3085 4812 3414 4886 perspiciet.

1846 4916 2116 4972 Existimo
2150 4918 2337 4988 itaque
2367 4924 2493 4973 ante
2517 4915 2622 4970 alia
2653 4922 2855 4969 cuncta
2889 4905 3416 4980 cogitandumesse,

1847 5017 1899 5065 et
1928 5016 2116 5079 aperte
2137 5008 2483 5073 discendum,
2509 5006 2713 5076 cuique
2738 5003 2841 5069 rei,
2872 5007 2932 5054 ut
2957 4997 3224 5066 scriptum
3243 5002 3330 5048 est
3347 4994 3414 5050 ³⁸.

1847 5113 2006 5153 suum
2038 5112 2162 5153 esse
2185 5104 2421 5168 tempus,
2453 5106 2506 5152 et
2538 5095 2725 5151 omnia
2762 5106 2883 5148 esse
2913 5090 3054 5144 bona
3085 5085 3141 5139 in
3174 5093 3419 5154 tempore

1851 5205 1974 5245 suo.
2008 5187 2208 5244 Aderat
2246 5203 2376 5260 ergo
2407 5202 2508 5244 suo
2539 5195 2785 5255 tempore
2815 5179 3024 5235 utiliter
3053 5175 3319 5232 Dominus
3360 5173 3417 5227 in

1851 5281 1957 5336 hoc
1994 5280 2200 5335 mundo
2248 5294 2370 5335 cum
2399 5293 2568 5333 carne
2595 5300 2607 5332 :
2641 5280 2952 5346 opportuno
2983 5283 3114 5325 vero
3146 5276 3416 5337 tempore,

1849 5381 1905 5429 et
1955 5372 2295 5444 singularum
2344 5384 2533 5425 rerum
2582 5365 2761 5422 ordini
2801 5376 3051 5433 congruo
3087 5359 3302 5415 utiliter
3334 5372 3420 5411 re-

1848 5479 2042 5519 versus
2074 5463 2248 5519 estad
2278 5462 2514 5517 Patrem.
2548 5458 2736 5529 Neque
2763 5469 2893 5511 vero
2918 5454 3071 5526 argui
3105 5452 3218 5507 ullo
3255 5448 3422 5504 modo

1849 5562 2051 5625 potest,
2083 5569 2189 5609 nor.
2226 5552 2397 5609 fuisse
2424 5550 2581 5608 valde
2608 5548 2743 5605 utile
2768 5554 2826 5604 ut
2847 5561 2954 5604 una
2977 5561 3102 5603 cum
3130 5540 3422 5613 discipulis
3524 5624 3531 5631 ‘
