3998 6318
537 243 634 300 431

1547 239 1603 294 S.
1645 237 1917 326 QYRILLI
1959 237 2425 298 ALEXANDRINI
2465 241 2780 299 ARCHIEP.

3676 225 3785 290 ΒΞ

540 362 886 418 versaretur,
939 369 1002 408 ex
1042 366 1106 405 eo
1146 349 1289 420 quod
1325 350 1638 406 necessario
1671 351 1891 406 demum
1924 349 2106 404 disce-

2213 351 2354 404 κοντί
2378 370 2438 406 τε
2469 356 2566 407 καὶ
2599 349 2951 424 ἡρμοσμένῳ,
2972 351 3091 412 ταῖς
3107 347 3190 418 ἐφ’
3224 346 3440 416 ἑκάστῳ
3467 345 3576 399 τῶν
3597 362 3781 416 πραγ-

540 451 659 516 dit,
701 462 877 515 neque
911 444 1192 498 discessus
1228 442 1437 496 utilitas
1474 441 1584 496 ullo
1639 441 1806 495 modo
1849 450 2108 510 carpetur

540 549 761 611 propter
785 534 951 606 918
977 531 1266 586 utilitatem
1293 529 1614 596 praesentiae.
1636 526 1942 595 Utrumque
1960 526 2106 580 enim

540 635 851 698 Opportuno
881 633 1125 693 tempore
1175 619 1383 674 factum
1424 627 1508 674 est
1541 617 1769 672 utiliter.
1815 615 1888 670 Ut
1923 624 2104 670 autem

540 733 765 775 sensum
817 715 981 783 hujus
1029 712 1138 766 loci
1195 710 1478 782 paululum
1530 707 1874 780 prretervecti
1929 704 2107 759 maui-

539 810 734 866 festius
765 805 1028 861 fratribus
1051 817 1416 873 exponamus,
1449 799 1677 872 agedum
1707 796 2108 853 incarnationis

539 899 820 972 Unigeniti
859 911 1084 951 causam
1133 893 1371 963 repetito
1409 906 1663 947 sermone
1697 889 1906 945 cursim
1943 888 2108 942 attin-

538 1004 768 1063 gamus,
828 999 893 1039 ac
943 991 1208 1054 prreterea
1256 982 1535 1036 discessus
1593 979 1740 1033 illius
1790 978 2103 1033 utilitatem.

539 1079 612 1135 Ut
639 1091 770 1147 ergo
803 1083 858 1129 et
887 1071 1239 1140 corruptione
1278 1075 1331 1123 et
1364 1077 1539 1122 morte
1582 1068 1818 1122 solveret
1847 1081 1970 1120 eum
2013 1063 2105 1132 qui

535 1179 724 1227 vetere
756 1167 850 1222 illo
897 1161 1188 1218 maledicto
1231 1161 1633 1214 condemnatus
1664 1163 1783 1212 erat
1804 1157 1846 1189 ³⁹
1869 1196 1882 1220 ,
1929 1155 2106 1210 factus

535 1272 622 1320 est
651 1261 849 1324 homo,
901 1255 1141 1324 seipsum
1195 1249 1599 1322 quodammodo
1630 1249 1684 1302 in
1711 1256 1974 1303 nostram
2006 1246 2109 1300 im-

535 1355 763 1410 mittens
791 1357 1065 1409 naturam,
1103 1345 1198 1415 qui
1230 1345 1337 1399 vita
1372 1349 1456 1396 est
1492 1339 1794 1396 secundum
1823 1347 2103 1392 naturam.

537 1448 631 1502 Sic
671 1445 818 1500 enim
869 1441 1146 1497 devictum
1179 1445 1262 1492 est
1295 1436 1490 1490 mortis
1531 1432 1846 1502 imperium,
1875 1439 1929 1485 et
1957 1444 2108 1484 reso-

534 1538 649 1594 luta
683 1547 769 1592 est
798 1534 881 1591 vis
928 1529 1300 1602 corruptionis
1344 1528 1398 1581 in
1443 1541 1546 1580 nos
1588 1523 1850 1590 inductae,
1889 1531 1944 1576 et
1982 1536 2106 1576 cum

535 1640 734 1685 natura
773 1625 962 1680 divina
991 1621 1142 1676 omni
1177 1633 1409 1692 prorsus
1437 1629 1610 1669 vacua
1642 1616 1714 1670 sit
1739 1612 2107 1685 propensione

534 1721 603 1777 ad
632 1726 946 1792 peccatum,
974 1715 1210 1786 gestavit
1249 1727 1350 1766 nos
1376 1725 1470 1780 per
1496 1722 1652 1763 suam
1679 1722 1921 1762 carnem.
1953 1705 2010 1759 ln
2041 1719 2106 1760 eo

535 1814 738 1887 quippe
762 1823 984 1866 eramus
1003 1821 1216 1870 omnes,
1246 1805 1300 1858 in
1330 1811 1597 1872 quantum
1627 1799 1882 1869 apparuit
1917 1798 2105 1865 homo,

533 1915 589 1961 ut
642 1902 890 1959 membra
925 1907 1144 1954 terrena
1192 1894 1550 1950 mortiﬁcaret
1578 1932 1592 1957 ,
1635 1892 1738 1946 hoc
1786 1897 1872 1946 est
1921 1890 2108 1946 carnis

534 1996 841 2068 passiones,
897 1998 954 2046 et
1008 1987 1222 2059 peccati
1296 1987 1469 2056 legem
1531 1999 1653 2054 quae
1724 1984 1778 2036 in
1846 1983 2108 2038 membris

535 2085 743 2142 nostris
766 2080 1050 2155 tyrannice
1070 2076 1464 2134 dominabatur
1494 2075 1806 2144 abrogaret,
1844 2081 2109 2128 nostram-

534 2195 641 2250 que
673 2183 938 2249 praeterea
972 2181 1226 2227 naturam
1268 2166 1658 2232 sanctiﬁcaret,
1689 2164 2109 2237 exemplumque

536 2270 698 2325 nobis
729 2275 786 2322 et
825 2266 938 2322 dux
983 2263 1197 2318 itineris
1237 2259 1304 2314 ad
1343 2259 1598 2330 pietatem
1634 2263 1819 2321 esset,
1872 2257 1924 2310 et
1972 2270 2106 2324 pura

535 2359 780 2432 cognitio
812 2355 1058 2412 veritatis
1096 2354 1244 2407 illius
1287 2365 1410 2420 qua:
1455 2348 1759 2404 secundum
1815 2348 2105 2403 scientiam

533 2461 619 2510 est
679 2461 842 2522 atque
898 2447 1192 2516 inculpatae
1247 2440 1688 2498 conversationis
1739 2439 1916 2494 ﬁeret.
1981 2437 2108 2493 Haec

533 2544 701 2616 igitur
723 2540 911 2596 omnia
944 2538 1201 2594 Christus
1246 2533 1410 2589 homo
1441 2531 1625 2587 factus
1661 2531 1892 2600 peregit.
1933 2528 2105 2584 Dece-

534 2635 629 2690 hat
674 2647 805 2703 ergo
844 2638 1097 2685 naturam
1155 2625 1397 2680 hominis
1444 2621 1512 2677 ad
1543 2636 1817 2678 summum
1856 2620 2106 2689 cujusvis

533 2723 667 2781 boni
696 2722 967 2786 attollere,
997 2733 1174 2789 neque
1217 2715 1395 2772 solum
1439 2721 1663 2784 peccato
1692 2720 1746 2768 et
1776 2719 1953 2766 morte
1985 2726 2103 2766 eam

536 2816 790 2878 liberare,
825 2811 922 2868 sed
955 2812 1012 2866 in
1040 2811 1194 2880 ipsos
1222 2821 1444 2878 quoque
1493 2806 1662 2860 ccelos
1713 2804 1968 2867 evehere,
2005 2801 2105 2856 ho-

537 2908 848 2975 minemque
901 2902 1220 2970 angelorum
1259 2895 1713 2952 contubernalem
1770 2903 1823 2948 et
1861 2892 2107 2963 ejusdem

535 2996 694 3052 chori
733 3000 1049 3050 consortem
1093 2988 1345 3046 reddere.
1404 2987 1470 3041 Et
1507 2984 1973 3056 quemadmodum
2008 2998 2106 3054 per

537 3103 694 3144 suam
740 3083 1210 3142 resurrectionem
1254 3079 1663 3148 corruptionem
1705 3075 1893 3146 fugere
1941 3091 2106 3146 posse

537 3179 705 3235 nobis
735 3177 960 3240 tribuit,
1012 3174 1094 3232 sic
1124 3172 1285 3227 nobis
1324 3185 1546 3240 quoque
1578 3168 1645 3223 ad
1690 3169 1863 3222 caelos
1897 3167 2105 3222 aditum

538 3269 755 3341 aperire
781 3308 796 3334 ,
828 3274 884 3321 et
935 3265 990 3320 in
1040 3270 1344 3333 conspectu
1387 3260 1566 3316 Patris
1607 3261 1806 3316 sistere
1857 3275 1980 3314 eum
2013 3259 2108 3330 qui

537 3375 637 3432 per
669 3356 1175 3430 praevaricationem
1229 3355 1284 3407 in
1316 3352 1486 3407 Adam
1535 3351 1730 3421 procul
1775 3349 2108 3406 amandatus

538 3453 740 3509 fuerat.
775 3449 907 3517 Quae
939 3464 1063 3504 cum
1097 3447 1216 3518 ipse
1245 3460 1465 3517 quoque
1503 3443 1723 3499 divinus
1772 3441 1977 3498 Paulus
2025 3445 2110 3496 in-

538 3543 828 3615 telligeret,
865 3541 1080 3596 aiebat:
1113 3557 1130 3589 ι
1159 3537 1278 3593 Νοη
1309 3536 1455 3592 enim
1486 3537 1542 3591 in
1569 3533 1886 3590 manul‘acta
1917 3543 2108 3590 sancta

539 3634 796 3689 Christus
853 3629 1133 3694 introivit,
1185 3628 1520 3698 exemplaria
1553 3640 1850 3692 verorum;
1909 3625 2005 3680 sed
2052 3625 2107 3678 in

539 3728 722 3798 ipsum
752 3723 983 3790 omium,
1020 3728 1079 3777 ut
1121 3734 1271 3775 nunc
1307 3727 1566 3790 appareat
1595 3732 1781 3772 coram
1828 3717 1982 3772 vultu
2014 3716 2109 3772 Dei

539 3834 638 3891 pro
675 3817 834 3873 nobis
855 3817 921 3870 ⁸ο.
958 3833 976 3866 ι
1008 3814 1206 3878 Audis,
1236 3823 1297 3868 ut
1322 3827 1446 3867 cum
1476 3825 1691 3880 semper
1714 3811 1771 3864 in
1805 3818 2108 3880 conspectu

538 3919 593 3969 et
630 3909 686 3966 iri
717 3918 911 3966 natura
945 3908 1033 3964 sui
1061 3905 1344 3962 Genitoris
1373 3905 1464 3968 sit,
1493 3911 1723 3973 propter
1761 3901 2109 3958 identitatem

537 4003 894 4066 substantiae,
932 4014 1080 4056 nunc
1107 4015 1218 4053 non
1281 4007 1503 4068 propter
1548 3996 1787 4065 seipsum
1811 4034 1827 4060 ,
1867 3994 1966 4050 sed
2010 4009 2110 4066 pro

539 4096 702 4152 nobis
737 4090 1157 4148 manifestetur?
1193 4087 1350 4154 Nam,
1385 4096 1444 4143 ut
1488 4087 1634 4158 quod
1667 4089 1822 4157 prius
1855 4087 1971 4142 dixi
2022 4102 2112 4141 re-

540 4194 747 4260 petam,
776 4200 881 4241 nos
911 4184 1060 4241 sistit
1081 4173 1457 4260 inconspectu
1487 4179 1690 4246 Patris,
1721 4195 1845 4235 cum
1885 4179 1958 4235 sit
1992 4178 2112 4248 ipse

540 4259 796 4351 primitiae
830 4259 1215 4342 humanitatis,
1257 4288 1509 4329 reversus
1561 4273 1616 4326 in
1649 4272 1872 4326 caelum.
1906 4271 2109 4336 Quem-

2212 441 2399 510 μάτων
2469 444 2822 512 τελουμέναις
2893 438 3226 510 οἰκονομίαις
3283 436 3574 508 χρησίμως
3625 435 3780 506 ἀνῄει

2210 533 2347 602 πρὸς
2373 532 2464 586 τὸν
2502 532 2742 603 Πατέρα.
2773 531 2884 585 Καὶ
2913 531 2972 584 οὐ
3006 529 3424 598 διαϐεϐλήσεται
3460 528 3557 598 μὲν
3586 544 3780 581 παντε-

2209 621 2336 685 λῶς,
2366 621 2441 686 ώς
2479 624 2538 676 οὐ
2571 622 2778 692 σφόδρα
2823 619 3097 682 λυσιτελὲς
3140 619 3200 672 τὸ
3240 620 3611 687 συμπαρεῖναι
3665 621 3781 679 τοῖς

2213 715 2505 785 μαθηταῖς,
2537 714 2624 768 διά
2664 713 2760 785 τὴν
2813 715 2891 776 εἰς
2927 712 3152 780 ὕστερον
3191 708 3505 778 ἀναγκαίως
3548 708 3782 777 γενομέ-

2208 821 2305 875 νην
2335 805 2645 876 ἀποδημίαν
2669 843 2684 868 ,
2725 803 2846 856 οὔτε
2900 803 3004 874 μὴν
3053 800 3497 872 λοιδορηθήσεται
3539 799 3685 853 κατά
3730 815 3783 852 τι

2208 897 2337 964 γοῦν
2363 896 2500 960 ὅλως
2529 897 2590 949 τὸ
2617 898 2678 949 ἐκ
2709 897 2805 966 τῆς
2837 893 3151 964 ἀποδημίας
3188 894 3478 964 χρήσιμον,
3514 891 3604 944 διά
3627 891 3690 944 τὺ
3717 892 3782 944 ἐκ

2207 987 2302 1041 τοῦ
2351 990 2604 1058 παρεῖναι
2654 988 2952 1058 συμφέρον.
2994 985 3286 1054 Ἑκάτερον
3337 984 3446 1052 γὰρ
3503 986 3560 1036 ἐν
3601 982 3783 1052 καιρῷ

2209 1070 2474 1148 πρέποντι
2503 1078 2788 1150 χρησίμως
2819 1079 3139 1148 ἐπράττετο.
3162 1077 3282 1130 ’Ίνα
3311 1075 3366 1128 δὲ
3392 1076 3482 1128 τὸν
3515 1073 3610 1128 τοῦ
3643 1075 3784 1127 θεωι

2211 1170 2458 1240 ρήματος
2487 1168 2612 1222 νοῦν
2664 1169 2837 1240 βραχὺ
2893 1167 3396 1239 παραπλώσαντες,
3447 1167 3782 1219 εὐσυνοπτὸ-

2205 1278 2364 1332 τερον
2386 1264 2500 1324 τοῖς
2533 1261 2779 1329 ἀδελφοῖς
2805 1264 3256 1331 καταστήσωμεν,
3291 1260 3421 1330 φέρε
3446 1259 3511 1330 δὴ
3533 1259 3788 1327 λέγωμεν

2209 1353 2700 1424 ἀναμηρυσάμενοι
2724 1352 2803 1422 τῷ
2834 1351 2998 1420 λόγῳ,
3028 1354 3147 1406 κατ’
3178 1350 3482 1420 ἐπιδρομὴν
3516 1351 3616 1419 τῆς
3645 1350 3788 1418 μετὰ

2211 1445 2416 1513 σαρκὸς
2461 1444 2774 1514 οἰκονομίας
2818 1444 2911 1497 τοῦ
2946 1443 3286 1514 Μοναγενοῦς
3330 1444 3430 1514 τὴν
3481 1445 3787 1513 πρόφασιν,

2210 1537 2305 1590 καὶ
2347 1535 2485 1605 πρὸς
2515 1534 2724 1598 τούτοις
2760 1534 2840 1589 ἔτι
2887 1536 2947 1588 τὸ
2987 1537 3082 1605 τῆς
3129 1535 3440 1604 ἀποδημίας
3483 1533 3784 1602 ὠφέλιμον.

2212 1627 2331 1680 Ἵνα
2377 1626 2557 1679 τοίνυν
2609 1627 2703 1680 καὶ
2746 1626 2952 1697 φθορᾶς
2985 1627 3079 1680 καὶ
3111 1625 3345 1680 Θανάτου
3377 1624 3669 1696 ἀπαλλάξῃ
3697 1625 3788 1676 τὸν

2208 1715 2297 1768 διὰ
2350 1715 2450 1786 τῆς
2507 1716 2743 1787 ἀρχαίας
2803 1716 3021 1785 ἐκείνης
3079 1714 3553 1785 κατακεκριμένον
3622 1715 3786 1782 ἀρᾶς.

2208 1798 2430 1878 γέγονεν
2461 1807 2770 1880 ἄνθρωπος,
2805 1808 2998 1862 ἑαυτὸν
3023 1806 3211 1877 ὥσπερ
3237 1805 3517 1874 ἐγκαθιεὶς
3545 1808 3608 1874 τῇ
3645 1807 3783 1874 ἡμε-

2209 1900 2342 1972 τέρᾳ
2369 1901 2546 1970 φύσει,
2581 1901 2724 1973 ζωὴν
2756 1901 2896 1955 κατά
2925 1901 3086 1970 φύσιν
3115 1901 3449 1971 ὑπάρχοντα.
3484 1898 3786 1965 Νενίκηται

2208 1993 2318 2064 γὰρ
2351 1993 2494 2047 οῦτω
2523 1993 2614 2046 τοῦ
2642 1993 2874 2048 θανάτου
2902 1994 2963 2047 τὸ
2992 1992 3213 2063 κράτος,
3244 1992 3336 2044 καὶ
3364 1990 3582 2043 λέλυται
3606 1989 3708 2059 τῆς
3732 1991 3785 2041 ὲν

2210 2088 2340 2158 ἡμῖν
2368 2087 2694 2140 ἐπεισάκτου
2731 2087 2939 2157 φθορᾶς
2969 2087 3002 2156 ἡ
3031 2086 3282 2155 δύναμις,
3315 2084 3408 2137 καὶ
3433 2082 3670 2151 ἐπείπερ
3690 2082 3786 2150 τῆς

2210 2181 2290 2241 εἰς
2315 2179 2584 2249 ἁμαρτίαν
2612 2177 2785 2248 ῥοπῆς
2813 2177 3072 2248 ἐλευθέρα
3103 2174 3378 2238 παντελῶς
3404 2177 3436 2244 ἡ
3470 2173 3594 2226 θεία
3628 2171 3787 2240 φύσις

2215 2271 2364 2336 ἐστὶ,
2421 2271 2727 2340 πεφόρεκεν
2775 2271 2922 2340 ἡμᾶς
2963 2268 3050 2322 διά
3101 2269 3201 2338 τῆς
3256 2267 3390 2329 ἰδίας
3426 2265 3654 2336 σαρκός.
3700 2263 3786 2316 Ἐν

2211 2361 2359 2432 αὐτῷ
2389 2362 2497 2433 γὰρ
2528 2358 2670 2432 ἦμεν
2707 2362 2756 2414 οἰ
2787 2362 3006 2423 πάντες,
3033 2360 3168 2414 καθὸ
3200 2360 3437 2430 πέφηνεν
3473 2357 3784 2427 ἄνθρωπος.

2211 2453 2300 2508 ἴνα
2323 2452 2573 2524 νεκρώση
2600 2452 2670 2506 τά
2701 2452 2834 2522 μέλη
2862 2452 2932 2506 τὰ
2962 2452 3054 2506 ἐπὶ
3081 2454 3180 2522 τῆς
3211 2453 3333 2522 γῆς,
3361 2449 3509 2504 τοῦτ’
3550 2448 3693 2511 ἐστι,
3721 2449 3788 2501 τὰ

2210 2544 2313 2613 τῆς
2359 2543 2559 2613 σαρκὸς
2607 2542 2792 2613 πάθη,
2830 2545 2925 2596 καὶ
2979 2543 3302 2614 καταργήσῃ
3356 2543 3457 2609 τῆς
3509 2538 3788 2608 ἁμαρτίας

2213 2635 2398 2704 νόμον,
2433 2636 2526 2688 τὸν
2557 2637 2612 2688 ἐν
2644 2638 2757 2697 τοῖς
2794 2633 3086 2704 ἡμετέροις
3136 2633 3321 2702 μέλεσι
3349 2632 3789 2701 τυραννήσαντα,

2213 2727 2306 2781 καὶ
2343 2725 2477 2796 πρὸς
2501 2725 2674 2796 τούτῳ
2714 2725 2877 2779 πάλιν
2907 2726 2994 2779 ἵνα
3025 2725 3122 2795 τὴν
3169 2722 3330 2793 φύσιν
3365 2723 3521 2791 ἡμῶν
3560 2722 3786 2790 ἁγιάσῃ,

2212 2818 2306 2870 καὶ
2333 2817 2502 2878 τύπος
2531 2818 2661 2886 ἡμῖν
2683 2857 2697 2883 ,
2738 2816 2834 2869 καὶ
2859 2815 3180 2886 καθηγητὴς
3209 2813 3404 2885 εὑρεθῇ
3438 2813 3536 2882 τῆς
3571 2814 3654 2876 εἰς
3698 2812 3792 2864 εύο

2213 2908 2426 2962 σέϐειαν
2459 2907 2578 2961 ὁδοῦ
2602 2947 2616 2972 ,
2666 2907 2884 2979 καθαρά
2925 2925 2984 2960 τε
3035 2907 3331 2975 ἐπίγνωσις
3376 2904 3478 2974 τῆς
3511 2904 3636 2956 κατ’
3669 2903 3793 2955 ἐπί-

2132 3011 2176 3070 c
2212 3017 2409 3070 γνωσιν
2437 2999 2717 3070 ἀληθείας,
2754 2999 2846 3054 καὶ
2876 3000 3147 3062 ἀπλανοῦς
3178 2997 3477 3059 πολιτείας.
3507 2993 3700 3048 Ταῦτα
3726 2994 3793 3065 δὴ

2217 3088 2310 3147 οῦν
2341 3091 2553 3145 ἅπαντα
2580 3088 2818 3159 γεγονὼς
2856 3090 3140 3158 ἅνθρωπος
3184 3087 3550 3159 κατώρθωκεν
3584 3087 3614 3139 ὁ
3654 3087 3793 3157 Χρι-

2215 3183 2358 3246 στός.
2395 3182 2542 3235 Ἔδει
2584 3181 2762 3234 τοίνυν
2792 3182 2872 3244 εἰς
2905 3181 3181 3251 ἀκρότητα
3225 3179 3425 3241 παντὸς
3451 3176 3663 3245 ἀγαθοῦ
3691 3175 3795 3245 τὴν

2213 3272 2502 3344 ἀνθρώπου
2531 3271 2692 3342 φύσιν
2719 3273 3034 3339 ἀναγαγεῖν,
3066 3270 3160 3324 καὶ
3198 3270 3323 3339 οὐχὶ
3356 3269 3516 3339 μόνον
3549 3266 3793 3321 ἀπαλλά-

2215 3363 2304 3428 ξαι
2338 3362 2572 3416 θανάτου
2600 3362 2696 3415 καὶ
2732 3361 3025 3432 ἁμαρτίας,
3062 3359 3177 3413 ἀλλ’
3209 3361 3308 3431 ἤδη
3338 3361 3433 3413 καὶ
3476 3361 3556 3422 εἰς
3592 3359 3794 3420 αὐτοὺς

2212 3451 2543 3507 ἀναϐιϐάσαι
2583 3451 2712 3513 τοὺς
2752 3451 3036 3520 οὐρανοὺς,
3072 3449 3380 3519 ὁμοδίαιτον
3413 3466 3471 3502 τε
3510 3450 3608 3501 καὶ
3658 3464 3795 3516 συγ-

2213 3543 2474 3616 χορευτὴν
2531 3542 2797 3608 ἐπιδεῖξαι
2861 3544 2973 3606 τοῖς
3012 3541 3264 3609 ἀγγέλοις
3326 3540 3417 3594 τὸν
3481 3541 3786 3612 ἄνθρωπον.

2213 3637 2324 3690 Καὶ
2355 3635 2544 3705 ὥσπερ
2584 3633 3050 3703 κεκαινοτόμηκεν
3081 3635 3215 3703 ἡμῖν
3247 3632 3335 3686 διὰ
3364 3632 3467 3702 τῆς
3495 3632 3635 3694 ἰδίας
3658 3634 3792 3684 ἀνα-

2215 3727 2480 3790 στάσεως,
2509 3726 2570 3778 τὸ
2607 3725 2891 3795 διαδρᾶναι
2919 3725 3179 3779 δύνασθαι
3225 3725 3323 3796 τὴν
3350 3724 3579 3794 φθοράν,
3618 3723 3792 3785 οὕτως

2211 3820 2345 3890 ημῖν
2375 3817 2585 3881 ἀνοῖξαι
2616 3819 2710 3871 καὶ
2732 3819 2836 3888 ’τὴν
2881 3819 2962 3881 εἰς
3003 3818 3063 3871 τὸ
3115 3817 3226 3872 ἀνω
3257 3817 3533 3888 πάροδον,
3591 3817 3684 3868 καὶ
3727 3817 3789 3868 ἐν

2212 3909 2332 3978 ὄψει
2378 3909 2572 3978 στῆσαι
2613 3909 2703 3962 τοῦ
2744 3910 2957 3980 Πατρὺς
2994 3909 3084 3962 τὸν
3113 3910 3178 3962 ἐκ
3213 3907 3506 3978 προσώπου
3537 3906 3784 3968 τεθέντα,

2213 4001 2300 4056 διά
2333 4001 2432 4070 τὴν
2487 4001 2546 4054 ἐν
2602 4000 2775 4070 Ἀδὰμ
2831 4001 3166 4071 παράϐασιν,
3228 4000 3384 4052 Οὕτω
3445 3999 3515 4053 τὰ
3561 3997 3791 4052 τοιαῦτα

2216 4093 2397 4156 συνεὶς
2423 4093 2514 4146 καὶ
2545 4094 2574 4146 ὁ
2603 4091 2889 4155 θεσπέσιος
2919 4093 3129 4155 Παῦλος
3157 4092 3342 4160 ἔλεγεν
3366 4109 3380 4124 ο
3413 4091 3549 4143 ι-Ού
3574 4090 3679 4161 γάρ
3709 4092 3790 4153 εἰς

2216 4183 2567 4256 χειροποίητα
2595 4183 2727 4250 am
2757 4182 3006 4253 εἰσῆλθεν
3038 4185 3066 4237 ὁ
3093 4183 3346 4254 Χριστὸς,
3380 4181 3501 4236 οὐδὲ
3529 4183 3610 4244 εἰς
3636 4181 3786 4234 ἀντί-

2224 4294 2369 4329 τυπα
2397 4276 2506 4329 τῶν
2549 4273 2818 4344 ἀληθινῶν
2842 4315 2856 4339 ,
2911 4275 3026 4328 ἀλλ’
3081 4277 3160 4338 εἰς
3212 4274 3374 4330 αὑτὸν
3415 4275 3508 4327 τὸν
3540 4273 3792 4342 οὐρανὸν,

539 4365 834 4422 admodum
879 4364 1048 4431 enim,
1090 4378 1213 4417 cum
1245 4363 1353 4416 vita
1398 4364 1470 4420 sit
1496 4361 1800 4416 secundum
1831 4369 2108 4427 naturam,

2222 4366 2316 4420 νῦν
2382 4365 2781 4437 ἐμφανισθῆναι
2835 4365 2914 4435 τῷ
2972 4364 3252 4436 προσώπῳ
3304 4365 3397 4416 τοῦ
3459 4362 3598 4416 Θεοῦ
3654 4362 3794 4432 ὑπὲρ

541 4455 682 4510 mori
730 4463 911 4508 tamen
946 4461 1003 4508 et
1035 4468 1327 4523 resurgere
1356 4463 1579 4524 propter
1611 4468 1716 4508 nos
1750 4453 1952 4507 dicitur
1982 4470 1997 4505 :
2029 4453 2110 4508 sic

541 4547 708 4602 etiam
736 4559 864 4598 cum
898 4557 1113 4612 semper
1152 4558 1310 4598 suum
1339 4542 1562 4598 Patrem
1596 4541 1818 4609 videat,
1849 4551 1904 4598 et
1934 4544 2111 4598 videa-

543 4648 635 4693 tur
689 4636 806 4709 ipse
863 4633 1114 4692 vicissim
1155 4649 1185 4687 a
1247 4649 1348 4689 suo
1400 4633 1590 4698 Patre,
1647 4650 1796 4689 nunc
1845 4649 2112 4707 apparere

543 4729 771 4792 dicitur,
796 4725 851 4782 id
880 4731 988 4793 est,
1009 4725 1228 4796 quando
1263 4725 1430 4796 919
1455 4725 1633 4780 factus
1667 4733 1754 4781 est
1784 4726 1968 4792 homo,
1999 4744 2110 4783 non

543 4828 768 4893 propter
799 4817 1069 4889 seipsum,
1097 4815 1190 4872 sed
1222 4832 1319 4886 pro
1345 4818 1524 4884 nobis,
1550 4828 1609 4872 ut
1633 4818 1816 4885 homo,
1847 4827 1902 4875 et
1929 4828 2115 4891 quate-

544 4925 652 4965 nus
685 4910 878 4964 deesse
913 4916 1118 4964 nostraz
1143 4905 1547 4975 dispensationi
1579 4905 1877 4962 videbatur
1929 4915 1989 4960 ut
2013 4922 2115 4961 nos

546 5001 605 5055 in
636 5000 789 5071 ipsos
823 5012 1046 5070 quoque
1077 4995 1248 5052 caelos
1279 4995 1726 5061 ascenderemus,
1759 5005 2020 5066 tanquam
2060 4995 2115 5049 in

546 5091 811 5163 primitiis
872 5098 928 5144 et
976 5087 1156 5158 primo
1201 5086 1448 5142 Christo.
1491 5085 1810 5142 Praecursor
1861 5087 2008 5141 enim
2048 5101 2116 5140 eo

545 5197 767 5253 quoque
811 5180 1014 5245 rediit,
1067 5187 1291 5250 prapter
1315 5194 1454 5244 nos,
1485 5187 1546 5234 ut
1575 5188 1631 5234 et
1663 5178 1865 5233 alicubi
1891 5178 2114 5234 divinus

546 5275 663 5344 ipse
687 5272 891 5327 Paulus
918 5270 1072 5324 ait”.
1110 5269 1176 5323 Et
1201 5278 1476 5341 quatenus
1499 5269 1722 5340 quidem
1760 5269 1948 5334 homo,
1979 5283 2114 5323 cen-

547 5373 696 5422 setur
749 5363 986 5436 pontifex
1043 5362 1220 5418 adhuc
1265 5374 1584 5419 nostrarum
1634 5360 1949 5414 animarum
1988 5359 2030 5391 ⁸³
2063 5368 2119 5415 et

544 5457 895 5521 consolator,
929 5465 983 5510 et
1026 5455 1341 5524 prepitiatio
1373 5468 1476 5522 pro
1527 5451 1735 5507 nostris
1770 5451 2112 5522 peccatis“:

648 5631 690 5661 ³³
717 5637 893 5692 Galat.
935 5652 1019 5700 ιιι,
1055 5637 1140 5691 15.

1235 5635 1278 5666 ιο
1302 5632 1469 5688 Hebr.
1503 5632 1695 5698 11,24.
1775 5633 1818 5664 ιι
1844 5632 2008 5689 Hebr.
2045 5611 2121 5701 vi;
2154 5631 2247 5693 ευ.
2323 5632 2365 5665 δ’
2401 5631 2590 5686 lPetr.
2621 5647 2681 5698 ιι,
2708 5631 2798 5688 25.

2219 4460 2396 4530 ήμῶν.
2433 4479 2452 4511 ι
2503 4457 2770 4521 Ἀκούεις,
2801 4457 2996 4512 ὅτιδιά
3033 4457 3236 4520 παντὸς
3273 4458 3331 4510 ἐν
3371 4455 3492 4525 ὄψει
3521 4456 3618 4509 καὶ
3641 4458 3699 4507 ἐν
3723 4456 3793 4525 τῇ

2218 4552 2377 4622 φύσει
2417 4549 2509 4604 τοῦ
2553 4549 2685 4604 ἰδίου
2719 4549 3047 4620 Γεννήτορος
3080 4549 3156 4603 ὢν
3181 4588 3195 4610 ,
3229 4547 3316 4600 διά
3358 4547 3458 4616 τὴν
3488 4546 3794 4612 ταυτότητα

2215 4643 2318 4713 τῆς
2349 4642 2538 4706 οὐσίας
2559 4679 2576 4706 ,
2621 4640 2716 4695 νῦν
2744 4642 2803 4694 οὗ
2842 4641 2908 4694 δι’
2945 4641 3157 4704 ἑαυτὸν,
3195 4640 3306 4693 ἀλλ’
3337 4638 3478 4707 ὑπὲρ
3506 4637 3666 4707 ἡμῶν
3695 4639 3795 4706 ἐμ-

2219 4731 2530 4802 φανίζεται;
2594 4733 2659 4784 Ὃ
2716 4731 2823 4801 γὰρ
2880 4727 3034 4786 εἷπον
3082 4730 3205 4800 ἤδη,
3243 4728 3401 4782 τοῦτο
3437 4727 3600 4781 πάλιν
3645 4726 3790 4796 ἐρῶο

2219 4823 2366 4893 ἡμᾶς
2397 4821 2607 4891 ἵστησιν
2652 4823 2710 4874 ἐν
2743 4821 2863 4890 ὄψει
2901 4821 2994 4876 τοῦ
3035 4821 3248 4890 Πατρὸς
3273 4859 3289 4884 ,
3331 4816 3560 4887 ἀπαρχὴ
3589 4817 3666 4868 ὢν
3695 4816 3794 4885 τῆς

2214 4911 2666 4981 ἀνθρωπότητος,
2733 4911 3094 4983 ἀποδημήσας
3145 4913 3227 4974 εἰς
3281 4909 3535 4978 οὐρανόν.
3583 4908 3796 4975 Ὥσπερ

2215 5003 2325 5072 γὰρ
2357 5001 2470 5073 ζωὴ
2523 5003 2665 5058 κατά
2719 5003 2880 5072 φύσιν
2932 5003 3228 5073 ὑπάρχων,
3286 5000 3585 5056 ἀποθανεῖν
3613 5017 3672 5052 τε
3701 4998 3797 5052 καὶ

2217 5095 2516 5164 ἀναστῆναι
2545 5092 2764 5160 λέγεται
2797 5093 2865 5146 δι’
2899 5095 3065 5162 ἡμᾶς,
3097 5091 3270 5154 οὕτως
3317 5090 3412 5143 καὶ
3446 5090 3534 5144 ἀεὶ
3581 5088 3796 5157 βλέπων

2218 5183 2310 5236 τὸν
2343 5181 2538 5236 ἑαυτοῦ
2565 5183 2805 5253 Πατέρα,
2834 5181 3110 5253 ὁρώμενός
3130 5198 3189 5233 τε
3217 5175 3282 5233 αὖ
3318 5179 3484 5232 πάλιν
3514 5177 3613 5232 καὶ
3638 5175 3792 5246 παρά

2221 5272 2314 5326 τοῦ
2351 5274 2482 5326 ἰδίου
2513 5275 2728 5344 Πατρὸς
2751 5314 2767 5338 ,
2799 5273 2894 5328 νῦν
2923 5270 3324 5342 ἐμφανισθῆναι
3365 5269 3606 5336 λέγεται,
3647 5265 3795 5318 τοῦτ’

2219 5366 2365 5420 ἔστιν
2391 5407 2405 5431 ,
2438 5368 2528 5420 ὅτε
2554 5365 2777 5434 γέγονεν
2820 5366 3104 5433 ἄνθρωπος
3124 5402 3140 5426 ,
3187 5364 3250 5418 οὐ
3299 5362 3364 5416 δι’
3396 5359 3589 5416 ἑαυτὸν
3610 5399 3629 5424 ,
3679 5355 3795 5409 ἀλλ’

2222 5456 2360 5526 ὑπὲρ
2387 5454 2577 5526 ἡμῶν,
2623 5456 2697 5518 ὡς
2754 5454 3070 5524 ἄνθρωπος,
3107 5454 3202 5506 καὶ
3243 5453 3319 5515 ὡς
3355 5447 3664 5511 ἐλλελοιπὺς
3704 5439 3800 5497 οῦν

2878 5631 2955 5684 ⁸³1
2985 5630 3139 5686 Joan.
