3998 6318
167 394 270 449 433

1197 411 1260 464 ΙΝ
1301 411 1580 471 JOANNIS
1612 419 2053 481 EVANGELIUM
2095 427 2223 483 LIB.
2267 431 2331 484 Χ.

3294 457 3400 513 454

165 509 268 578 ἀρα
296 512 358 579 τῇ
385 511 504 564 καθ’
540 513 686 582 ἡμᾶς
714 517 994 589 οἰκονομίᾳ
1027 525 1404 592 κατεφαίνετο,
1437 531 1500 582 τὸ
1528 534 1622 584 καὶ
1646 535 1706 586 sit

172 600 521 622 ...ι-,3,-.ιμεμ
554 604 575 622 1
653 605 711 622 ρ’
899 609 911 622 ι
1030 611 1041 622 ι
1196 617 1204 622 .
1312 617 1326 622 -
1402 621 1405 622 ,
1488 621 1495 622 κ

1827 547 2100 605 quatenus
2145 559 2273 599 vero
2311 547 2452 601 Deus
2479 562 2542 602 ac
2589 547 2856 612 Dominus
2900 575 3202 616 secundum
3235 577 3393 622 natu-

167 600 358 662 αὐτοὺς
378 602 524 670 ἡμᾶς
545 604 812 674 ἀναϐῆναι
834 609 960 672 τοὺς
988 611 1275 682 οὐρανοὺς,
1297 617 1372 680 ὼς
1397 621 1454 672 ἐν
1475 621 1722 694 ἀπαρχῇ,

165 691 254 740 καὶ
295 690 496 761 πρώτῳ
522 694 760 766 Χριστῷ.
795 699 1106 772 Πρόδρομος
1137 706 1244 776 γὰρ
1284 711 1377 762 καὶ
1413 713 1492 774 είς
1527 690 1724 780 αὑτοῦ-ς

166 779 485 848 ἀνελήλυθεν
517 784 655 856 ὑπὲρ
689 789 880 857 ήμῶν,
934 791 1009 855 ὥς
1043 812 1146 848 που
1179 800 1273 852 καὶ
1302 802 1463 866 αὑτός
1497 821 1662 873 φησιν

167 869 444 935 Θεσπέσιος
502 873 734 939 Παῦλος.
794 879 904 932 Καὶ
1019 885 1116 953 μὲν
1164 887 1470 960 ἄνθρωπος,
1508 869 1721 952 νοεῖται

163 958 316 1045 τυχόν
349 961 638 1033 ἀρχιερεὺς
657 965 738 1020 ἔτι
761 968 870 1021 τῶν
902 972 1188 1045 ἡμετέρων
1215 958 1403 1049 ψυχῶν
1426 984 1518 1036 καὶ
1546 987 1721 1058 παρά-

165 1049 370 1120 κλητος.
406 1056 500 1106 καὶ
534 1055 760 1127 ἱλασμός
781 1061 920 1132 ὑπὲρ
944 1063 1054 1117 τῶν
1084 1068 1371 1142 ἡμετέρων
1395 1049 1680 1147 ἀμαρτιδῦν
1701 1095 1717 1112 ⁸

162 1133 192 1210 ᾗ
228 1138 282 1192 δὲ
317 1141 450 1206 Θεὸς
497 1146 591 1198 καί
624 1142 836 1220 ’Κύριος
877 1154 1018 1207 κατὰ
1070 1133 1273 1224 φῦσιν,
1323 1133 1575 1238 σύνεδρος
1639 1169 1719 1240 τῷ

165 1229 268 1299 ἰδίῳ
299 1232 624 1306 Γεννήτορι,
677 1241 812 1294 ἀλλά
850 1245 945 1298 καὶ
999 1249 1079 1311 εἰς
1119 1252 1265 1320 ἡμᾶς
1311 1229 1508 1321 αὐτοὺς
1558 1229 1717 1316 οὐδὲν

158 1316 309 1388 ἧττον
335 1323 526 1388 πάλιν,
571 1329 662 1381 καὶ
694 1332 726 1402 ἡ
771 1335 836 1386 ἐκ
871 1335 1062 1389 τούτου
1095 1316 1412 1413 διαδήσεται
1445 1316 1593 1416 δόξα.
1623 1352 1716 1406 Διὸ

159 1411 244 1462 καὶ
271 1411 478 1477 Παῦλος
511 1415 663 1486 ἔλεγε
691 1423 818 1490 περὶ
845 1423 938 1477 τοῦ
974 1428 1186 1499 Πατρός
1209 1449 1223 1464 ο
1243 1411 1280 1486 γε
1314 1435 1433 1490 Ὀτι
1473 1411 1564 1492 καὶ
1594 1459 1716 1496 συν-

157 1502 358 1572 ήγειρε,
402 1506 495 1557 καὶ
534 1512 884 1566 συνεκάθισεν
921 1517 1068 1586 ἡμᾶς
1110 1521 1170 1572 ὲν
1215 1526 1329 1587 τοῖς
1371 1527 1715 1597 ἐπουρανίοις

156 1592 210 1644 ὲν
237 1594 482 1665 Χριστῷ.
531 1617 549 1650 ι
593 1601 1005 1674 Τετελεσμένων
1038 1605 1132 1662 οὖν
1175 1612 1284 1682 ἄρα
1321 1616 1431 1670 τῶν
1481 1592 1572 1674 ἐπὶ
1619 1592 1716 1691 τῆς

156 1683 270 1753 γῆς,
307 1686 364 1736 τό
390 1685 700 1754 ὲλλελοιπός
723 1694 830 1747 ἔδει
866 1697 1123 1770 πληροῦν,
1146 1704 1289 1758 τοῦτ’
1317 1707 1452 1776 ἔστι,
1485 1712 1546 1764 τὸ
1582 1683 1710 1769 ἀναζ

156 1775 308 1843 ὁῆναι
347 1779 485 1848 πρὸς
528 1782 617 1834 τόν
646 1785 885 1856 Πατέρα.
937 1791 1036 1845 Διά
1088 1795 1245 1849 τοῦτό
1291 1816 1464 1870 φησι·
1509 1822 1528 1854 σ
1564 1807 1714 1876 Συμ-

157 1865 299 1934 φέρει
333 1869 462 1938 ὑμῖν
516 1871 601 1926 ἵνα
630 1875 741 1940 ἐγὼ
777 1879 1018 1936 ἀπέλθω.
1062 1885 1185 1939 Ἐὰν
1215 1865 1324 1959 γὰρ
1354 1865 1439 1963 ⁷μὴ
1469 1865 1709 1962 ἀπέλθω,
1749 1890 1787 1942 Β

155 1956 182 2006 ό
223 1957 577 2031 Παράκλητος
633 1966 692 2018 οὐ
739 1970 813 2038 μὴ
849 1970 976 2042 έλθῃ
1030 1977 1166 2047 πρὸς
1215 1956 1379 2050 ὁμιῖςί
1425 1956 1613 2055 ίΦέρε
1645 1956 1710 2058 δή

155 2063 202 2098 τι
229 2049 319 2101 καὶ
357 2051 495 2121 πρὸς
527 2054 735 2120 τούτοις
784 2059 970 2130 ἕτερον
1019 2065 1326 2138 ἐπινοῶμεν
1357 2076 1468 2137 τοῖς
1500 2075 1714 2150 θεωρή-

155 2153 283 2204 μασι
313 2143 585 2213 χρήσιμόν
613 2164 672 2198 τε
706 2149 798 2201 καὶ
831 2151 1048 2222 ἀληθές.
1077 2158 1422 2230 Κατὼρθωτο
1463 2165 1564 2233 μὲν
1602 2143 1712 2239 reip

154 2227 358 2282 ἅπαντα
389 2231 575 2287 λοιπόν
611 2236 680 2290 τὰ
712 2239 804 2292 ἐπὶ
831 2240 930 2311 τῆς
969 2245 1092 2314 γῆς,
1123 2227 1374 2323 καθάπερ
1412 2227 1712 2325 ἀμέλει-δί-

152 2319 537 2393 εόεϐαιοόμεθα
567 2329 716 2381 νυνί·
751 2332 889 2403 χρῆν
931 2335 987 2388 δὲ
1029 2336 1092 2408 δὴ
1142 2319 1364 2406 πάντως
1419 2319 1712 2414 κοινωνοὺς

153 2410 286 2479 ἡμᾶς
342 2414 435 2466 καὶ
481 2418 744 2488 μετόχους
786 2425 1038 2491 γενέσθαι
1084 2430 1181 2501 τῆς
1226 2433 1376 2498 θείας
1410 2437 1505 2491 τοῦ
1533 2410 1708 2507 Λόγου

151 2500 375 2568 μύσεως,
408 2506 554 2578 ἤπερ
577 2511 674 2579 τὴν
705 2513 910 2568 οἰκείαν
943 2517 1183 2586 ἀφέντας
1207 2523 1350 2596 ζωὴν
1389 2529 1470 2589 είς
1512 2500 1708 2602 ἑτέραν

153 2598 686 2666 ίιετασκευὰζεσθαι,
741 2607 832 2657 καὶ
893 2607 1027 2678 πρὸς
1077 2613 1371 2683 καινότητα
1435 2618 1708 2686 πολιτείας

151 2689 681 2757 μεταστοιχειοῦσθαι
706 2695 808 2758 τῆς
839 2696 1125 2766 θεοφιλοῦς
1147 2717 1160 2730 ·
1201 2703 1320 2755 ἀλλ’
1360 2701 1427 2775 ἦν
1463 2709 1563 2779 οὐχ
1589 2712 1706 2764 ἑτέ-

149 2790 251 2842 ρως
298 2778 562 2833 δύνασθαι
596 2784 787 2838 τούτου
818 2793 1039 2858 τυχεῖν,
1090 2792 1139 2843 εί
1195 2792 1270 2864 μὴ
1320 2796 1409 2850 διά
1457 2778 1560 2870 τῆς
1606 2803 1703 2856 τοῦ

149 2865 293 2932 ἁγίου
335 2870 655 2940 Πνεύματος
688 2879 973 2944 κοινωνίας
1023 2900 1082 2936 τε
1133 2885 1226 2938 καὶ
1285 2891 1595 2957 μετουσίας.
1637 2894 1704 2947 Ὀ

145 2973 199 3007 τε
236 2959 342 3027 μὴν
397 2964 848 3032 πρεπωδέστατός
899 2989 958 3023 τε
999 2973 1092 3025 καὶ
1145 2977 1479 3044 οἰκειότατος
1513 2984 1703 3055 καιρός

145 3048 204 3115 τῇ
247 3048 339 3100 τοῦ
373 3052 691 3122 Πνεύματος
734 3059 1038 3132 ἀποστολῇ,
1085 3065 1178 3118 καὶ
1221 3067 1430 3140 καθόδῳ
1465 3075 1532 3140 τῇ
1565 3048 1702 3144 πρὸς

147 3137 284 3206 ἡμᾶς
308 3181 322 3203 ,
357 3141 564 3206 ἐκεῖνος
593 3141 659 3214 ἦν
689 3148 798 3217 ἄρα
836 3150 1022 3205 λοιπόν
1073 3155 1365 3226 είστρέχων
1401 3137 1698 3234 εὐκαίρως,

147 3227 172 3278 ὁ
199 3230 332 3298 μετά
371 3232 470 3302 τὴν
501 3237 750 3291 ἐντεῦθεν
787 3242 1098 3314 ἀποδημίαν
1134 3218 1228 3300 τοῦ
1258 3218 1513 3322 ἒωτῆρος
1730 3218 1774 3277 C

146 3316 387 3387 Χριστοῦ.
429 3323 615 3379 Συνὼν
652 3329 754 3396 μὲν
794 3332 903 3401 γὰρ
937 3336 1016 3387 ἔτι
1053 3339 1193 3406 μετά
1226 3316 1434 3411 σαρκός
1460 3316 1701 3410 καί-τοῖς

145 3411 482 3466 πιστεύουσιν
501 3417 580 3479 εἰς
610 3419 793 3483 αὐτόν,
825 3425 1050 3490 παντὸς,
1089 3424 1262 3498 οἶμαι,
1287 3434 1520 3502 χορηγός
1560 3437 1700 3506 ἀγα-

147 3496 231 3552 θοῦ
266 3502 615 3561 ἀνεδείκνυτο
644 3525 656 3537 ο
683 3511 796 3562 ἀλλ’
826 3496 1249 3587 ἐπείπερ-Ὣῦτόν
1274 3496 1702 3590 ἀνακομίζεσθαι

145 3588 244 3642 δεῖν
267 3593 397 3662 πρὸς
427 3595 523 3649 τὸν
553 3598 610 3650 ἐν
639 3603 751 3660 τοῖς
774 3605 1021 3673 οὐρανοῖς
1053 3608 1271 3680 Πατέρα
1297 3588 1487 3682 καιρός
1513 3614 1699 3669 ἐκάλει

145 3679 226 3731 καὶ
254 3683 427 3750 χρεία,
459 3687 578 3751 πῶς
602 3691 702 3742 οὐκ
733 3691 838 3744 ἔδει
875 3699 1108 3750 συνεῖναι
1138 3699 1225 3752 διά
1257 3701 1350 3754 τοῦ
1383 3704 1700 3774 Πνεῦματος

144 3769 245 3829 τοῖς
273 3773 593 3842 σεϐομένοις
628 3780 809 3848 αὐτόν,
845 3785 938 3837 καὶ
969 3788 1200 3842 ἐνοικεῖν
1228 3792 1286 3843 ὲν
1307 3795 1425 3856 ταῖς
1449 3797 1698 3867 καρδίαις

145 3856 287 3924 ἡμῶν
324 3860 410 3914 διὰ
445 3867 548 3935 τῆς
591 3869 828 3934 πίστεως
855 3915 868 3938 ,
909 3875 976 3926 ἵν’
1011 3878 1174 3931 αὐτὸν
1213 3880 1427 3951 ἔχοντες
1478 3856 1537 3937 ὲν
1565 3856 1696 3941 ἐαυλ

146 3948 243 4010 τοῖς
265 3989 278 4011 ,
321 3955 457 4020 μετά
497 3960 807 4029 παρρησίας
850 3965 1140 4037 κράζωμεν
1163 3987 1175 3999 ·
1218 3948 1492 4040 ι’-Ἂόϐἄ,
1526 3978 1554 4029 ὁ
1589 3979 1699 4031 Πα-

144 4037 257 4107 τὴρ,
291 4058 309 4088 ι
355 4043 449 4094 καὶ
478 4044 616 4114 πρὸς
654 4051 833 4103 πᾶσαν
865 4054 1100 4118 εὐκόλως
1140 4056 1315 4127 ἴοιμεν
1343 4062 1564 4134 ἀρετὴν,
1603 4067 1697 4118 καὶ

145 4132 356 4196 προσέτι
385 4135 584 4206 τούτῳ,
617 4139 831 4194 δυνατοί
856 4160 914 4195 τε
945 4148 1036 4198 καὶ
1061 4147 1265 4217 ἄμαχοι
1304 4153 1440 4222 πρὸς
1474 4132 1574 4217 τὰς
1598 4155 1694 4207 τοῦ

143 4222 374 4277 διαϐόλου
417 4229 701 4297 μεθοδείας
727 4234 1126 4305 εὐρισκώμεθα,
1161 4240 1256 4292 καὶ
1275 4240 1372 4303 τὰς
1404 4242 1464 4305 ἐξ
1489 4244 1697 4314 ἀνθρώ-

144 4330 248 4365 πων
298 4317 735 4387 ἐπαναστάσεις,
786 4327 882 4378 ἆτε
934 4326 998 4397 δὴ
1048 4329 1233 4382 καὶτὸ
1285 4333 1462 4386 πάντα
1515 4335 1696 4404 ἰσχύον

142 4403 338 4471 ἔχοντες
374 4409 634 4480 Πνεῦμα;
665 4414 784 4467 ’Ότι
814 4415 920 4486 γὰρ
953 4419 1032 4480 εἰς
1061 4419 1254 4490 ἑτέραν
1283 4424 1404 4476 τινὰ
1433 4425 1692 4496 μεθίστη-

143 4507 216 4542 σιν
245 4495 350 4558 ἕξιν
387 4500 517 4563 τοὺς
575 4502 632 4552 ὲν
674 4497 755 4566 οἷς
799 4503 864 4556 ἂν
907 4506 1114 4574 γένοιτο

144 4581 347 4655 Πνεῦμα
374 4629 389 4652 ,
441 4591 538 4642 καὶ
582 4592 659 4654 εἰς
701 4595 993 4664 καινότητα
1020 4599 1074 4651 δὲ
1127 4602 1490 4668 μεταπλάττει
1518 4606 1688 4676 ζωῆς,

145 4673 246 4738 πῶς
269 4679 326 4730 οὐ
354 4679 552 4750 ῥᾳδίως
582 4683 822 4756 ἐπιδείξῃ
854 4704 937 4750 τις
961 4687 1050 4754 ἂν,
1089 4689 1195 4742 ἀπό
1231 4709 1290 4744 τε
1315 4693 1414 4762 τῆς
1459 4695 1694 4767 ἀρχαίας

142 4765 227 4816 καὶ
263 4768 386 4831 νέας
423 4771 680 4841 Γραφῆς;
723 4773 781 4827 Ὀ
823 4777 920 4844 μὲν
959 4778 1066 4850 γὰρ
1097 4779 1379 4846 θεσπέσιος
1414 4765 1690 4857 Σαμουὴλ,

139 4855 219 4906 ὅτε
266 4860 389 4922 τοὺς
427 4861 567 4931 πρὸς
611 4864 703 4916 τὸν
740 4865 913 4919 Σαοὺλ
955 4868 1190 4923 ἐποιεῖτο
1246 4872 1467 4940 λόγουςο
1498 4855 1539 4926 ί(
1583 4855 1694 4931 Καὶ

138 4941 428 5013 ἐφαλεῖται,
462 4953 645 5020 φησὶν,
680 4955 774 5007 ἐπὶ
804 4956 862 5008 σὲ
892 4959 1115 5030 Πνεῦμα
1145 4964 1374 5034 Κυρίου,
1401 4967 1495 5019 καὶ
1527 4984 1691 5040 στρα-

139 5035 276 5107 (piger;
315 5040 395 5104 είς
438 5042 608 5112 ἄνδρα
651 5045 829 5101 ἄλλον.
870 5067 888 5100 ι
932 5050 990 5103 Ὀ
1033 5052 1087 5105 δὲ
1141 5055 1411 5126 μακάριος
1447 5035 1688 5123 Παῦλος·

142 5145 158 5176 ι
203 5128 382 5198 Ἡμεῖς
408 5134 466 5186 δὲ
503 5137 704 5203 πάντες
745 5140 1252 5216 ἀνακεκαλυμμένῳ
1289 5149 1566 5220 προσώπῳ
1595 5153 1692 5225 τὴν

135 5216 282 5282 δόξαν
307 5224 514 5294 Κυρίου
547 5233 1052 5302 κατοπτριζόμενοι,
1079 5237 1158 5298 είς
1185 5239 1284 5307 τὴν
1311 5240 1480 5310 αὐτὴν
1503 5243 1690 5296 εἰκόνα

137 5317 664 5388 μεταμορφούμεθα,
713 5324 820 5375 ἀπὸ
860 5324 1018 5395 δόξης
1055 5329 1135 5390 είς
1190 5329 1381 5397 δόξαν,
1433 5332 1683 5406 καθάπερ

133 5397 231 5452 ἀπὸ
270 5407 474 5477 Κυρίου
525 5412 860 5482 Πνεῦματος.
905 5414 964 5470 Ὀ
1009 5416 1066 5468 δὲ
1113 5419 1315 5490 Κύριος
1357 5423 1418 5476 τὸ
1460 5397 1687 5495 Πνεῦμά

131 5489 287 5550 ἐστιν.
327 5517 346 5550 ι
401 5499 567 5572 Ὁρᾷς
617 5506 698 5558 ὄτι
745 5508 1111 5575 ttat-arrident
1165 5513 1227 5565 τὸ
1274 5515 1498 5585 Πνεῦμα
1550 5489 1686 5588 πρὸς

1831 643 1986 695 ram,
2015 647 2140 687 cum
2183 633 2344 692 Patre
2393 641 2675 709 considet,
2720 645 2815 700 sed
2867 650 3222 711 nihilosecius
3281 658 3396 714 haec

1831 719 1898 773 ad
1946 738 2047 779 nos
2093 727 2265 796 gloria
2317 731 2631 799 pertinebit.
2673 733 2828 794 Unde
2871 750 2925 795 et
2963 741 3166 801 Paulus
3216 749 3392 806 aiebat

1829 814 1897 869 de
1922 815 2082 873 Patre
2115 839 2127 873 :
2166 837 2185 867 ο
2217 823 2353 887 Quia
2383 833 2437 878 et
2485 834 2944 888 conresuscitavit
2965 877 2980 900 ,
3009 847 3063 892 et
3096 843 3393 900 consedere

1828 905 1960 960 fecit
1986 924 2085 965 nos
2118 911 2172 965 in
2199 914 2520 972 caelestibus
2556 919 2611 973 in
2646 919 2867 980 Christo
2888 926 2977 980 ⁸³⁸.
3022 947 3040 980 ι
3074 929 3210 986 Cum
3252 949 3383 1006 ergo

1828 999 2011 1054 omnia
2042 1017 2164 1069 quae
2212 1005 2268 1058 in
2309 1007 2468 1064 terris
2522 1009 2892 1082 dispensanda
2930 1031 3086 1075 erant
3126 1037 3387 1080 consum-

1827 1096 2056 1155 masset,
2085 1094 2325 1149 restabat
2367 1105 2426 1151 ut
2454 1102 2598 1168 quod
2631 1103 2819 1160 deerat
2866 1107 3134 1178 impleret,
3191 1130 3388 1186 nempe

1826 1187 1884 1232 ut
1918 1182 2238 1240 ascenderet
2270 1188 2334 1240 ad
2365 1187 2601 1247 Patrem.
2629 1194 2895 1261 Quocirca
2927 1201 3005 1255 ait
3041 1220 3055 1257 :
3105 1223 3122 1255 ι
3156 1182 3387 1276 Expedit

1825 1272 1982 1327 vobis
2048 1283 2106 1328 ut
2166 1292 2267 1347 ego
2315 1280 2532 1337 vadam.
2579 1283 2635 1339 Si
2670 1289 2813 1343 enim
2865 1306 3121 1368 egonon
3171 1296 3383 1365 abiero,

1823 1361 2140 1422 Paracletus
2195 1385 2304 1425 non
2352 1374 2534 1429 veniet
2584 1378 2656 1432 ad
2701 1395 2820 1437 vos.
2860 1401 2878 1433 ι
2934 1363 3176 1455 Agedum
3229 1405 3380 1460 ergo,

1823 1453 1985 1508 aliam
2010 1460 2300 1526 quamdam
2333 1464 2769 1524 observationem
2812 1473 3158 1542 proferamus
3194 1482 3381 1536 utilem

1820 1558 1974 1614 teque
2003 1562 2067 1601 ac
2096 1565 2303 1606 veram.
2340 1553 2566 1612 Peracta
2597 1559 2815 1616 demum
2845 1577 3000 1621 erant
3031 1571 3212 1623 omnia
3262 1589 3384 1642 qtue

1823 1636 1876 1690 in
1910 1640 2078 1696 terris
2109 1642 2482 1714 dispensanda
2522 1661 2714 1717 erant,
2757 1654 2918 1710 sicuti
2976 1662 3136 1715 modo
3182 1678 3385 1718 assere-

1822 1727 2052 1795 bamus;
2086 1733 2182 1787 sed
2212 1738 2500 1802 oportebat
2541 1744 2768 1798 omnino
2803 1746 2911 1800 ﬁeri
2943 1765 3043 1805 nos
3096 1764 3382 1810 consortes

1819 1825 1873 1868 et
1901 1817 2101 1872 divina
2141 1819 2303 1877 Verbi
2337 1834 2549 1882 natura:
2596 1832 2893 1902 participes
2916 1834 2959 1866 “
2985 1875 2999 1899 ,
3057 1853 3152 1892 seu
3189 1850 3380 1895 nostra

1813 1905 1922 1959 vita
1947 1909 2136 1965 relicta
2171 1911 2223 1966 in
2253 1915 2415 1969 aliam
2446 1921 2740 1987 quamdam
2784 1924 3172 1983 transformari
3218 1943 3272 1986 et
3311 1932 3378 1986 ad

1814 1998 2112 2054 novitatem
2173 2005 2275 2073 pia:
2330 2012 2774 2069 conversationis
2832 2015 3130 2073 instaurari
3183 2023 3377 2091 :quod

1813 2086 1976 2142 aliter
2029 2107 2194 2161 quant
2254 2099 2676 2168 participatione
2734 2108 2914 2160 sancti
2966 2108 3207 2176 Spiritus
3249 2086 3375 2167 iﬁeri

1811 2193 1922 2232 non
1964 2189 2197 2248 poterat.
2231 2185 2468 2258 Tempus
2513 2199 2695 2246 autem
2746 2197 2980 2253 maxime
3011 2211 3375 2270 opportunum

1813 2271 2062 2327 missioni
2105 2273 2347 2345 Spiritus
2373 2320 2387 2341 ,
2430 2289 2484 2335 et
2530 2282 2650 2350 ejus
2689 2281 2743 2338 in
2785 2301 2884 2342 nos
2926 2288 3143 2362 illapsui
3173 2333 3195 2356 ,
3242 2293 3376 2349 illud

1811 2370 1926 2414 erat
1970 2363 2114 2430 quod
2135 2365 2442 2422 discessum
2475 2370 2680 2427 Christi
2712 2377 2886 2430 nostri
2918 2377 3231 2438 Servatoris
3276 2402 3376 2439 cx-

1809 2452 1970 2520 cepit.
2011 2453 2145 2508 Nam
2177 2459 2419 2526 quandiu
2459 2461 2714 2520 Christus
2749 2481 2872 2520 cum
2904 2469 3155 2527 fidelibus
3197 2473 3377 2531 adhuc

1808 2539 1862 2592 in
1891 2556 2057 2598 carne
2085 2547 2428 2613 versabatur,
2460 2554 2661 2616 omnis,
2695 2563 2754 2609 ut
2793 2572 2936 2622 reor,
2984 2560 3112 2615 boni
3150 2563 3376 2634 largitor

1805 2629 1888 2685 eis
1925 2637 2222 2702 apparebat
2265 2657 2281 2694 :
2328 2655 2520 2696 verum
2564 2644 2657 2698 ubi
2709 2645 2775 2699 ad
2827 2649 3107 2706 ccelestem
3159 2629 3371 2709 Patrem

1807 2725 2140 2781 ascendendi
2189 2735 2403 2800 tempus
2441 2739 2495 2786 et
2526 2737 2830 2792 necessitas
2869 2740 3066 2804 adfuit,
3098 2747 3372 2813 quomodo

1808 2825 1916 2866 non
1957 2819 2247 2884 oportebat
2289 2836 2414 2875 eum
2447 2824 2754 2882 cultoribus
2789 2830 2905 2883 suis
2955 2845 3054 2900 per
3101 2831 3368 2904 Spiritum

1805 2907 2022 2970 adesse,
2055 2918 2105 2962 et
2141 2925 2238 2979 per
2275 2911 2433 2968 fidem
2465 2915 2520 2967 in
2559 2919 2762 2973 nostris
2795 2922 3060 2978 cordibus
3093 2923 3368 2991 habitare,

1805 3005 1866 3050 ut
1895 2996 2075 3066 ipsum
2122 2999 2386 3057 habentes
2425 3005 2480 3058 in
2523 3007 2684 3062 nobis
2707 3051 2722 3075 ,
2758 3025 2881 3063 cum
2931 3012 3129 3068 fiducia
3161 3016 3370 3072 clama-

1804 3099 1989 3141 remus
2019 3103 2034 3140 :
2065 3105 2084 3138 ι
2118 3089 2292 3153 Abba,
2324 3090 2486 3147 Pater
2509 3093 2574 3158 “,
2615 3115 2634 3146 ι
2671 3104 2723 3152 et
2753 3097 2819 3152 ad
2864 3115 3080 3157 onmem
3111 3105 3368 3160 virtutem

1807 3174 1968 3231 facile
2018 3192 2410 3248 curreremus,
2471 3201 2531 3238 ac
2569 3197 2832 3255 pneterea
2878 3202 3128 3261 potentes
3175 3207 3230 3251 et
3280 3198 3366 3252 in-

1805 3266 1934 3319 victi
1977 3268 2241 3326 adversus
2271 3272 2476 3328 diaboli
2533 3277 2764 3334 insidias
2817 3289 2870 3335 et
2911 3283 3149 3341 insultus
3185 3287 3368 3343 homi-

1805 3370 1934 3409 num
1963 3359 2352 3428 reperiremur,
2383 3372 2442 3417 ut
2470 3365 2564 3435 qui
2597 3370 3058 3440 cunctipotentem
3101 3374 3365 3446 Spiritum

1805 3447 2142 3504 habeamus?
2164 3451 2321 3518 Quod
2350 3456 2494 3509 enim
2525 3457 2578 3511 in
2611 3459 2776 3513 alium
2802 3464 3090 3530 quemdam
3121 3465 3363 3521 habitum

1803 3536 2160 3594 transformet
2213 3555 2308 3596 eos
2362 3542 2418 3596 in
2472 3546 2674 3614 quibus
2721 3547 2889 3603 fuerit
2940 3558 2993 3603 et
3043 3551 3366 3609 inhabitarit

1804 3626 2084 3695 Spiritus,
2147 3645 2353 3702 eosque
2422 3632 2476 3687 in
2532 3637 2828 3692 novitatem
2885 3641 3011 3694 vita:
3065 3650 3360 3708 restauret,

1801 3731 1984 3771 nonne
2017 3717 2178 3775 facile
2206 3730 2291 3777 est
2319 3723 2519 3789 cuivis,
2553 3739 2676 3779 cum
2710 3742 2778 3780 ex
2816 3729 3020 3785 veteris
3048 3737 3161 3784 tum
3209 3749 3362 3789 novae

1803 3805 2101 3877 Scriptura:
2142 3812 2475 3870 testimoniis
2521 3817 2853 3873 ostendere?
2903 3817 3130 3876 Divinus
3161 3822 3364 3894 quippe

1797 3897 1962 3968 920
1987 3897 2209 3956 Samuel
2241 3918 2364 3958 cum
2395 3905 2461 3958 ad
2500 3905 2714 3962 Saulem
2739 3909 2902 3964 verba
2953 3909 3196 3966 faceret:
3237 3931 3255 3964 ι
3297 3915 3360 3968 Et

1799 3989 2026 4056 insiliet,
2053 3993 2250 4062 inquit,
2267 4009 2429 4065 super
2449 4004 2500 4052 te
2531 3997 2767 4068 Spiritus
2792 3999 3026 4065 Domini,
3052 4009 3106 4057 et
3131 4007 3360 4061 verteris

1798 4075 1852 4130 in
1893 4079 2069 4133 virum
2119 4083 2286 4137 alium
2309 4085 2375 4139 “.
2416 4106 2433 4138 ι
2473 4087 2668 4143 Beatus
2703 4097 2882 4144 autem
2915 4089 3156 4146 Paulus:
3194 4113 3213 4144 ο
3248 4093 3360 4150 Nos

1799 4185 1926 4223 vero
1955 4185 2167 4235 omnes,
2204 4175 2438 4230 revelata
2467 4178 2604 4234 facie
2644 4180 2873 4249 gloriam
2908 4180 3122 4236 Domini
3155 4199 3356 4254 specu-

1798 4257 2011 4322 iantes,
2074 4262 2129 4314 in
2176 4265 2419 4320 eamdem
2474 4267 2764 4338 imaginem
2830 4269 3288 4327 transformamur
3325 4292 3356 4329 a

1795 4348 2051 4405 claritate
2090 4352 2144 4405 in
2171 4353 2501 4421 claritatem,
2531 4364 2791 4428 tanquam
2819 4373 2848 4412 a
2875 4359 3089 4416 Domini
3123 4363 3351 4433 Spiritu.

1797 4437 2062 4495 Dominus
2089 4449 2269 4496 autem
2302 4441 2542 4513 Spiritus
2575 4456 2661 4502 est
2683 4445 2750 4502 ⁸⁷.
2791 4466 2811 4500 ι
2843 4447 3010 4505 Vides
3031 4458 3090 4505 ut
3118 4451 3357 4522 Spiritus

1157 4511 1250 4562 καὶ
1295 4515 1522 4585 κατοική
1531 4533 1596 4586 σῃ
1631 4516 1693 4571 τὸ

1808 4530 2152 4586 lransformet
2181 4511 2586 4602 quodammodo
2634 4537 2689 4592 in
2731 4539 2893 4594 aliam
2937 4541 3226 4613 imaginem
3259 4561 3357 4602 eos

1797 4621 1850 4674 in
1883 4623 2085 4691 quibus
2137 4625 2447 4680 inhabitat?
2489 4627 2778 4686 Transfert
2825 4633 2969 4687 enim
3006 4633 3168 4691 facile
3199 4652 3228 4690 a
3262 4653 3354 4691 re-

1795 4727 1917 4766 rum
1946 4724 2282 4770 terrenarum
2307 4731 2470 4772 sensu
2507 4720 2570 4774 ad
2603 4723 2902 4790 spectanda
2936 4727 3112 4779 solum
3139 4741 3202 4781 ea
3229 4743 3354 4795 qua:

1794 4811 1922 4856 sunt
1949 4803 2003 4857 in
2028 4806 2209 4868 caelis,
2248 4813 2302 4861 et
2328 4823 2392 4862 ex
2423 4807 2627 4864 imbelli
2664 4811 2954 4869 timiditate
2976 4815 3041 4869 ad
3069 4823 3351 4872 strenuam

1793 4899 1848 4946 et
1878 4893 2357 4961 generosissimam
2388 4897 2493 4950 vim
2529 4899 2716 4953 animi.
2747 4899 2932 4971 Neque
2961 4918 3088 4956 vero
3123 4904 3351 4960 dubium

1791 4990 1877 5036 cst
1909 4983 2040 5050 quin
2073 4983 2145 5037 ita
2179 4983 2401 5042 aﬂ'ectos
2435 4989 2774 5057 reperiamus
2809 4992 3121 5062 discipulos
3171 5003 3226 5050 et
3270 4999 3353 5052 sic

1793 5087 1888 5140 per
1920 5072 2182 5142 Spiritum
2235 5077 2629 5146 confirmatos,
2665 5089 2723 5134 ut
2774 5084 3216 5151 persequentium
3262 5087 3348 5140 in-

1793 5165 2048 5220 cursibus
2076 5181 2420 5237 nequaquam
2451 5170 2825 5237 vincerentur,
2859 5173 2952 5227 sed
2985 5173 3262 5230 dilectioni
3296 5179 3348 5233 in

1792 5251 2070 5306 Christum
2110 5255 2392 5313 mordicus
2435 5260 2802 5315 adhaererent.
2834 5259 3035 5315 Verum
3069 5263 3235 5333 igitur
3266 5276 3350 5321 cst

1791 5345 1939 5412 quod
1979 5345 2055 5398 ait
2099 5345 2358 5402 Servatur
2399 5369 2413 5404 :
2451 5369 2469 5400 ι
2505 5349 2732 5420 Expedit
2783 5352 2939 5407 vobis
3008 5362 3068 5407 ut
3136 5370 3236 5422 ego
3282 5358 3350 5411 ad

1793 5434 1962 5488 cmlos
1997 5445 2256 5494 revertar.
2293 5459 2312 5492 ι
2343 5439 2581 5511 Tempus
2615 5442 2758 5496 enim
2791 5442 2922 5498 illud
2951 5457 3072 5500 erat
3121 5447 3352 5504 desceno

1793 5525 1905 5576 suri
1949 5525 2211 5593 Spiritus.

130 5583 309 5656 ἑτέραν
353 5593 546 5664 ὥσπερ
576 5599 794 5665 εἰκόνα,
826 5603 951 5665 τοὺς
983 5603 1043 5654 ὲν
1072 5599 1152 5669 οἷς
1198 5606 1265 5661 ἂν
1299 5583 1544 5676 φαίνοιτο
1588 5583 2310 5692 καταυ).ισθέν·’Μεθίστησι
2359 5624 2467 5694 γὰρ
2536 5624 2769 5690 εὐκόλως
2829 5627 2940 5682 ἀπὸ
2981 5631 3071 5685 τοῦ
3136 5635 3352 5704 φρονεῖν

197 5760 480 5838 “'Epltcs.
523 5787 582 5837 ll,
615 5775 666 5828 ϐ.
743 5775 845 5829 Μ’Π
873 5776 1014 5831 l’ctr.
1053 5793 1090 5845 ι,
1130 5780 1181 5833 ιι.
1264 5783 1505 5838 "Galat.
1551 5802 1622 5852 tv,
1665 5788 1715 5841 (ἱ.

1796 5789 1876 5844 “'l
1911 5788 2042 5861 Reg.
2086 5809 2139 5862 κ,
2181 5796 2231 5848 6.
2314 5795 2418 5852 "ll
2454 5797 2580 5854 Cor.
2617 5815 2698 5871 tu,
2739 5799 2836 5868 17,
2880 5803 2964 5858 18.
