3998 6318
573 383 684 442 455

1529 388 1584 444 S.
1625 387 1899 445 CYRILLI
1939 389 2404 446 ALEXANDRINI
2441 391 2759 450 ARCHIEP.

3706 393 3812 450 456

575 500 780 555 ἐθέλειν
809 499 874 553 τὰ
926 500 1017 552 ἐπὶ
1057 498 1155 570 τῆς
1182 500 1285 573 γῆς
1306 541 1320 562 ,
1355 501 1434 564 είς
1462 501 1524 555 τὸ
1555 503 1691 572 μόνα
1725 503 1942 572 βλέπειν
1975 502 2043 556 τὰ
2078 505 2134 555 ἐν
2172 503 2440 573 οὐρανοῖς,
2471 504 2564 558 καὶ
2597 504 2654 571 ἐξ
2687 504 2950 575 ἀνάνδρου
3005 503 3228 568 δειλίας,
3277 505 3356 568 είς
3413 505 3815 576 εὑτολμοτάτην

576 600 831 653 διάνοιαν.
868 597 989 650 Ὀτι
1031 597 1088 650 δὲ
1115 598 1363 662 καὶτοὺς
1394 599 1642 671 μαθητὰς
1684 602 1840 656 τοῦτο
1869 602 2140 666 παθόντας
2174 604 2502 674 εὑρήσομεν,
2535 604 2628 657 καὶ
2655 603 3127 674 κεχαλκευμένους
3164 601 3252 655 διὰ
3308 601 3402 653 τοῦ
3471 600 3810 670 Πνεὺματος,

575 698 652 756 εξς
679 693 737 745 τὸ
782 693 918 764 μήτε
950 693 1046 755 τὰς
1092 693 1201 748 τῶν
1241 695 1547 751 διωκόντων
1579 698 1980 762 ἐπαναστάσεις
2009 702 2306 771 κατανικᾷν
2331 702 2426 771 (l),

2490 701 2625 756 ἀλλά
2670 702 2763 755 καὶ
2799 701 2898 772 τῆς
2963 702 3042 762 είς
3083 696 3316 769 Χριστὸν
3385 694 3607 764 ἀγάπης
3647 692 3814 762 ἀπρὶξ

577 784 897 854 ἐχομένους,
945 785 1242 856 οὐδαμόθεν
1290 788 1609 857 ἀμφίϐολον.
1663 789 1873 845 Οὐκοῦν
1930 793 2136 863 ἀληθὴς
2170 793 2262 846 τοῦ
2297 794 2549 865 Σωτῆρος
2592 796 2620 848 6
2652 794 2829 863 λόγος,
2863 813 2881 844 ι
2922 790 3197 861 Συμιρέρει
3237 789 3387 859 ὑμῖν,
3421 787 3700 854 λέγοντος,
3754 784 3814 834 ἐδ

573 871 926 940 ἀποδημῆσαί
973 891 1040 942 με
1079 875 1158 936 είς
1186 874 1466 944 οὐρανούς.
1506 895 1523 928 ι
1576 877 1814 941 Ἐκεῖνος
1856 880 1965 950 γάρ
2013 876 2080 952 ἦν
2109 882 2138 932 ὁ
2176 881 2367 952 καιρὸς
2395 885 2495 954 τῆς
2516 883 2742 937 καθόδου
2772 883 2866 935 τοῦ
2893 880 3230 950 Πνεύματος.

544 1041 549 1048 ἱ
646 961 785 1024 XVI,
819 963 970 1017 8-H.
1008 963 1074 1016 Et
1109 981 1226 1017 cum
1263 968 1460 1020 venerit
1500 967 1621 1031 ille,
1663 980 1846 1040 arguet
1878 971 2133 1025 mundum

2305 973 2414 1026 Καὶ
2461 973 2654 1028 ἐλθὼν
2681 973 2944 1036 ἐκεῖνος,
2993 967 3227 1039 ἐλέγξει
3269 966 3378 1020 τὸν
3411 965 3647 1034 κόσμον
3678 966 3813 1034 περὶ

573 1054 636 1108 de
661 1064 896 1123 peccato,
929 1065 976 1107 et
1008 1053 1072 1108 de
1106 1055 1345 1124 justitia,
1383 1068 1428 1110 et
1464 1057 1527 1112 de
1567 1059 1791 1128 judicio.
1823 1061 1898 1115 De
1928 1072 2138 1130 peccato

574 1146 803 1216 quidem,
835 1148 1092 1216 quianon
1139 1148 1356 1204 credunt
1403 1153 1457 1203 in
1510 1169 1608 1207 me.
1647 1152 1721 1207 De
1749 1154 1968 1223 jnstitia
1998 1172 2138 1220 vero,

573 1237 698 1304 quia
728 1235 797 1290 ad
827 1235 1045 1290 Patrem
1075 1237 1226 1302 vado,
1268 1247 1316 1292 et
1341 1239 1458 1308 jam
1493 1257 1597 1295 non
1640 1243 1885 1298 videbitis
1928 1261 2028 1299 me.
2061 1245 2141 1299 De

571 1329 775 1397 iudicio
813 1337 1021 1393 autent,
1070 1331 1198 1400 quia
1233 1331 1472 1399 princeps
1506 1331 1663 1401 hujus
1714 1334 1898 1388 mundi
1913 1329 2138 1397 judica-

577 1429 660 1473 ιιι-ς
692 1427 791 1473 εει.

643 1509 940 1580 Postquam
993 1511 1234 1567 ostendit
1292 1522 1662 1583 opportunum
1729 1515 2034 1572 descensus
2088 1527 2142 1573 et

574 1600 857 1655 missionis
891 1601 1130 1671 Spiritus
1163 1610 1381 1673 tempus
1411 1620 1566 1672 esse,
1599 1609 1644 1660 si
1669 1607 1735 1661 ad
1771 1607 1987 1662 Patrem
2015 1609 2136 1663 red-

574 1690 734 1755 ierit,
795 1698 848 1744 et
906 1699 1194 1761 postquam
1252 1694 1668 1748 acerbissimum
1717 1696 1962 1751 dolerent
2017 1712 2143 1752 san-

573 1789 790 1834 ctorum
823 1780 1220 1850 discipulorum
1275 1797 1373 1852 per
1424 1783 1527 1848 hoc
1588 1785 1804 1840 abunde
1853 1787 2143 1856 mitigavit,

572 1872 684 1940 jam
717 1871 845 1941 quid
870 1872 1218 1941 praestiturus
1255 1877 1326 1926 sit
1351 1872 1676 1931 Paracletus
1707 1876 1931 1945 insuper
1965 1884 2148 1933 osten-

577 1962 677 2017 dit.
711 1981 730 2014 ι
755 1963 891 2018 Cttm
931 1964 1077 2018 enim
1113 1966 1348 2029 venerit,
1393 1967 1588 2037 inquit,
1643 1977 1833 2038 arguet
1876 1969 2144 2023 mundum

578 2056 646 2110 de
683 2064 940 2124 peccato,
1003 2064 1056 2111 et
1104 2057 1174 2111 de
1221 2057 1481 2126 justitia,
1532 2067 1586 2114 et
1636 2060 1704 2114 de
1753 2061 1984 2129 judicio.
2019 2080 2036 2111 ι
2083 2060 2147 2113 Ει

579 2147 802 2216 quidem
833 2147 1111 2218 quomodo
1151 2147 1336 2203 futura
1386 2151 1458 2205 sit
1487 2151 1558 2206 de
1592 2167 1925 2222 unoquoque
1955 2152 2148 2206 redar-

580 2239 753 2308 gutio,
787 2248 1044 2294 accurate
1093 2240 1298 2294 docuit.
1359 2240 1495 2305 Quia
1531 2249 1712 2298 tamen
1754 2243 2002 2300 nonnulli
2039 2258 2146 2296 non

2241 1063 2559 1132 ἁμαρτίας,
2615 1065 2712 1118 καὶ
2749 1063 2881 1133 περὶ
2912 1061 3339 1125 δικαιοσύνης,
3384 1055 3483 1110 καὶ
3525 1057 3658 1124 περὶ
3691 1057 3818 1125 κρί-

2241 1170 2412 1222 σεωςο
2474 1155 2612 1223 Περὶ
2645 1155 2934 1224 ἁμαρτίας
2959 1152 3105 1221 μὲν,
3158 1149 3248 1203 ὅτι
3297 1149 3368 1201 οὐ
3421 1147 3819 1200 πιστεύουσιν

2241 1247 2328 1312 είς
2354 1245 2482 1315 ἐμέ.
2530 1245 2669 1313 Περὶ
2705 1244 3097 1309 δικαιοσύνης
3120 1240 3188 1294 δὲ
3208 1280 3223 1304 ,
3248 1238 3335 1292 ὅτι
3365 1238 3514 1307 πρὸς
3547 1238 3652 1290 τὸν
3698 1241 3818 1291 Πα-

2241 1338 2380 1406 τέρα
2397 1336 2622 1406 ὑπάγω,
2647 1337 2743 1390 καὶ
2771 1335 2969 1390 οὐκέτι
2987 1330 3252 1401 θεωρεῖτέ
3274 1347 3369 1400 με.
3403 1330 3538 1397 Περὶ
3563 1331 3818 1398 κρίσεως

2243 1428 2330 1491 δὲ,
2366 1428 2456 1481 ὅτι
2481 1431 2513 1482 ὀ
2541 1426 2742 1496 ἄρχων
2760 1426 2867 1480 τοῦ
2890 1425 3119 1494 κόσμου
3153 1423 3370 1476 τούτου
3389 1421 3672 1489 κέκριται.

2311 1519 2516 1588 Καιρὸν
2565 1517 2837 1582 ἐπιδείξας
2870 1516 2960 1570 τὸν
3001 1515 3188 1568 δέοντα
3234 1513 3336 1583 τῆς
3367 1511 3459 1564 τοῦ
3499 1511 3818 1581 Πνεύματος

2244 1609 2470 1662 καθόδου
2513 1610 2608 1662 καὶ
2649 1607 2987 1676 ἀποστολῆς,
3027 1605 3088 1658 τὸ
3129 1604 3479 1674 ἀποδημῆσαι
3532 1602 3670 1672 πρὸς
3727 1602 3820 1654 τὸν

2247 1701 2492 1771 Πατέρα,
2539 1700 2633 1752 καὶ⁵
2661 1699 2760 1769 τὴν
2807 1701 2863 1751 έν
2910 1699 3022 1759 τοῖς
3071 1694 3244 1763 ἁγίοις
3289 1692 3557 1762 μαθηταῖς
3597 1691 3818 1760 ἀγριαί-

2245 1806 2439 1843 νουσαν
2466 1788 2642 1858 λύπην
2669 1787 3019 1858 ἀποχρόντως
3047 1785 3133 1838 διὰ
3155 1783 3345 1836 τούτου
3375 1781 3815 1853 τεθεραπευκὼς,

2246 1884 2338 1936 καὶ
2367 1882 2526 1935 τίνων
2555 1881 2706 1934 ἔσται
2739 1878 3070 1950 δημιουργὸς
3097 1879 3124 1930 6
3153 1875 3507 1946 Παράκλητος
3533 1874 3820 1944 χρησίμως

2247 1971 2768 2043 προσεπιδείκνυσιν.
2823 1988 2842 2021 ι
2883 1968 3084 2022 Ἐλθὼν
3118 1969 3247 2038 γὰρ,
3276 1967 3459 2037 φησὶν,
3493 1965 3702 2032 ἐλέγξει
3730 1965 3818 2017 τὸν

2247 2063 2449 2132 κόσμον
2486 2062 2614 2132 περὶ
2659 2060 2962 2132 ἁμαρτίας,
3015 2060 3105 2113 καὶ
3147 2058 3276 2128 περὶ
3296 2055 3680 2124 δικαιοσύνης,
3729 2055 3818 2107 καὶ

2248 2153 2375 2224 ’περὶ⁴
2415 2153 2668 2223 κρίσεως.
2699 2172 2717 2204 ι
2769 2153 2876 2204 Καὶ
2915 2152 3034 2203 τίνα
3075 2150 3170 2220 μὲν
3194 2149 3396 2219 τρόπον
3433 2149 3460 2201 6
3489 2148 3573 2214 ἐφ’
3604 2146 3818 2214 ἑκάστῳ

2247 2246 2356 2299 τῶν
2391 2245 2694 2317 εἰρημένων
2743 2243 2961 2312 ἔλεγχος
3000 2241 3179 2305 ἔσται,
3225 2239 3630 2308 διαμεμήνυκεν
3661 2238 3818 2304 ἀκριο

581 2327 871 2381 admodum
904 2327 1064 2381 facile
1101 2328 1216 2383 haec
1243 2330 1460 2399 assequi
1496 2329 1670 2384 videri
1705 2339 1959 2400 possunt,
1994 2331 2148 2402 sigil-

2260 2337 2379 2400 ὃῶς.
2620 2334 2850 2403 ἐπείπερ
2895 2334 2955 2385 οὐ
3005 2331 3124 2384 λίαν
3175 2328 3410 2391 εὐκόλως
3462 2327 3820 2403 προσϐάλλειν

581 2417 738 2473 latim
765 2418 1146 2487 explicandum
1175 2420 1432 2484 arbitror,
1473 2427 1527 2474 et
1551 2419 1770 2488 quinam
1807 2420 2148 2491 singulorum

583 2509 655 2563 sit
681 2523 878 2565 sensus
911 2509 1114 2565 clarius
1146 2509 1551 2580 exponendum.
1587 2511 1774 2566 Primo
1811 2512 1997 2582 itaque
2027 2512 2151 2566 loco

583 2599 806 2667 ponitur
844 2599 1162 2669 redargutio
1199 2599 1266 2654 de
1301 2608 1549 2670 peccato.
1587 2599 1690 2666 Qui
1728 2615 1855 2656 vero
1886 2600 2150 2655 mundum

581 2691 816 2760 arguet?
866 2691 1070 2761 Nempe
1114 2707 1237 2746 cum
1293 2693 1350 2746 in
1384 2690 1672 2762 diligentes
1711 2691 2014 2759 Christum,
2050 2707 2150 2747 ceu

582 2783 780 2852 dignos
809 2797 873 2836 ac
908 2781 1115 2848 ﬁdeles,
1149 2783 1452 2849 intraverit,
1475 2791 1607 2837 tunc
1640 2793 1810 2850 certe,
1835 2792 1967 2837 tunc
1994 2797 2152 2836 mun-

584 2872 744 2936 dum,
800 2871 905 2927 hoc
945 2881 1030 2928 est
1082 2873 1396 2943 imperitos,
1447 2881 1499 2928 et
1543 2873 1790 2930 inﬁdeles
1851 2874 2051 2938 adhuc,
2100 2881 2155 2929 et

586 2966 928 3035 voluptatum
967 2966 1166 3021 studiis
1194 2965 1404 3032 aiiixos,
1439 2967 1553 3034 ipsa
1585 2981 1644 3021 re
1663 2973 1874 3036 arguet,
1896 2967 2154 3021 condemn-

588 3056 848 3125 nabitque
887 3062 948 3109 ut
987 3057 1227 3123 peccatis
1261 3056 1534 3111 obnoxios
1583 3056 1812 3124 suisque
1847 3055 2000 3112 vitiis
2055 3056 2158 3111 im-

497 3189 500 3191 .
587 3147 908 3201 morituros.
943 3146 1102 3215 921
1143 3146 1497 3219 Nequaquam
1526 3147 1671 3202 enim
1696 3146 1839 3203 Deus
1887 3162 2153 3218 personas

589 3234 882 3304 respiciet,
931 3251 1108 3304 neque
1140 3235 1228 3292 his
1271 3236 1588 3292 hominibus
1631 3238 1752 3292 sine
1792 3237 1941 3306 iusta
1987 3252 2154 3292 causa

590 3327 853 3400 largietur
909 3327 1172 3396 Spiritum
1201 3366 1216 3391 ,
1263 3329 1386 3384 aliis
1437 3344 1546 3383 non
1594 3329 1766 3384 item:
1800 3329 1895 3384 sed
1932 3329 1988 3384 in
2020 3330 2155 3383 solis

595 3417 778 3488 dignis
812 3417 1121 3474 inhabitare
1150 3417 1314 3474 faciet
1333 3417 1704 3485 Paracletum,
1738 3421 1830 3492 qui
1871 3436 1967 3491 per
1999 3420 2156 3476 ﬁdem

592 3508 866 3564 sinceram
913 3515 972 3561 ut
1015 3507 1182 3564 Deum
1229 3524 1419 3566 revera
1463 3512 1778 3575 coluerint,
1820 3523 1873 3568 et
1911 3513 2157 3585 universi

2253 2429 2397 2491 είκὸς
2417 2427 2495 2497 τῷ
2525 2425 2839 2496 θεωρήματί
2864 2440 3034 2486 τινας,
3056 2415 3440 2492 διερμηνεῦσαι
3459 2420 3568 2472 δεῖν
3599 2418 3703 2470 ἀνὰ
3730 2417 3822 2485 μέ-

2256 2537 2348 2590 ρος
2373 2519 2758 2589 ὑπολαμϐάνω,
2784 2516 2876 2570 καὶ
2922 2515 3239 2585 λευκότερον
3274 2515 3445 2566 εἰπεῖν
3483 2510 3576 2564 τοῦ
3623 2528 3688 2578 cn;
3701 2525 3821 2578 μαι-

2252 2612 2476 2682 νομένου
2509 2611 2608 2682 τὴν
2641 2609 2888 2680 δύναμιν.
2942 2607 3192 2660 Τέθειται
3231 2605 3407 2658 τοίνυν
3436 2606 3493 2656 ὲν
3531 2600 3767 2671 πρώτοις
3794 2599 3822 2650 ὁ

2255 2703 2383 2773 περὶ
2438 2701 2538 2771 τῆς
2584 2700 2855 2770 ἁμαρτίας
2879 2697 3118 2766 ἔλεγχος.
3180 2695 3304 2757 Πῶς
3347 2687 3438 2746 οὖν
3479 2689 3686 2758 ἐλέγξει
3734 2688 3823 2741 τὸν

2256 2792 2488 2862 κόσμον;
2516 2791 2684 2842 Ὅταν
2710 2789 2819 2858 γὰρ
2849 2790 2960 2851 τοῖς
2989 2786 3239 2856 ἀγαπῶσι
3269 2783 3520 2855 Χριστὸν,
3545 2782 3620 2844 ὡς
3653 2781 3825 2842 ἀξίοις

2254 2881 2356 2951 ήδη
2386 2880 2478 2931 καὶ
2505 2875 2892 2930 πεπιστευκόσι
2920 2876 3163 2946 γένηται,
3195 2872 3315 2926 τότε
3345 2872 3431 2941 δὴ,
3465 2869 3583 2922 τότε
3615 2868 3706 2920 τὸν
3731 2867 3826 2919 κό-

2259 2989 2421 3041 σμον,
2473 2969 2616 3023 τοῦτ’
2651 2969 2796 3033 ἐστι,
2834 2968 2958 3029 τοὺς
3003 2963 3383 3026 ἀπαιδεύτους,
3441 2962 3535 3014 καὶ
3564 2959 3828 3018 ἀπίστους

2257 3063 2375 3129 ἔτι,
2422 3062 2515 3115 καὶ
2546 3062 2665 3124 ταῖς
2697 3061 2756 3112 ὲν
2790 3058 2980 3128 κόσμῳ
3013 3056 3344 3126 φιληδονίαις
3379 3051 3827 3123 κεκρατημένους

2257 3155 2323 3209 δι’
2355 3152 2519 3208 αὐτοῦ
2559 3149 2859 3221 κατακρίνῃ
2897 3147 2992 3201 τοῦ
3025 3146 3366 3218 πράγματος,
3390 3144 3464 3205 ὡς
3495 3143 3710 3210 ἐνόχους
3732 3142 3829 3192 ἐπὶ

2258 3247 2376 3308 ταῖς
2411 3244 2568 3306 ίδίαις
2602 3241 2918 3312 ἁμαρτίαις,
2949 3240 3043 3292 καὶ
3077 3240 3189 3301 τοῖς
3219 3235 3424 3288 ἑαυτῶν
3450 3231 3832 3300 ὲντεθνηξομέ-

2260 3354 2386 3399 νους
2411 3335 2820 3406 ἁμαρτήμασιν.
2850 3328 3384 3400 Προσωποληπτήσει
3412 3326 3518 3394 γὰρ
3539 3323 3832 3392 οὐδαμῶςὸ

2260 3425 2431 3489 Θεὸς,
2489 3423 2604 3476 ἀλλ’
2638 3421 2761 3476 οὐδέ
2817 3437 2926 3474 τισι
2973 3419 3073 3488 μὲν
3103 3417 3211 3470 τῶν
3257 3416 3350 3469 ἐπὶ
3388 3415 3488 3484 τῆς
3517 3415 3618 3482 γῆς
3649 3411 3832 3474 αἰτίας

2260 3518 2482 3586 εὐλόγου
2526 3516 2647 3586 δίχα
2695 3515 2967 3586 χαριεῖται
2997 3511 3058 3564 τὸ
3085 3510 3338 3579 Πνεῦμα,
3371 3508 3482 3560 τισὶ
3530 3506 3586 3558 δὲ
3622 3503 3830 3568 οὐκέτι,

591 3600 850 3670 Opiticem
876 3614 941 3654 ac
972 3599 1266 3655 Dominum
1302 3601 1542 3658 confessi
1583 3602 1808 3659 fuerint.
1835 3605 1993 3670 Quod
2029 3621 2156 3676 ergo

2265 3613 2446 3684 μόνοις
2485 3610 2542 3663 δὲ
2590 3611 2703 3672 τοῖς
2736 3606 2907 3671 ἀξίοις
2949 3605 3282 3674 ὲγκατοικιεῖ
3327 3600 3418 3654 τόν
3449 3599 3835 3672 Παράκλητον,

595 3688 855 3744 δεινοῖσι·
884 3690 1040 3758 prius
1060 3688 1265 3746 Iudaeis
1292 3691 1428 3746 dixit
1463 3711 1473 3746 :
1512 3712 1531 3744 ι
1563 3693 1620 3748 Si
1667 3709 1778 3748 non
1809 3694 2161 3751 credideritis

592 3779 720 3848 quia
755 3793 855 3849 ego
877 3794 998 3834 sum
1021 3819 1035 3843 ,
1087 3779 1142 3833 in
1176 3784 1417 3850 peccatis
1445 3783 1643 3838 vestris
1701 3785 2094 3852 moriemini“,
2139 3807 2157 3838 ι

591 3869 758 3925 rebus
797 3869 934 3939 ipsis
988 3885 1180 3924 verum
1223 3869 1277 3924 id
1333 3886 1458 3927 esse
1517 3871 1832 3930 Paracletus
1887 3877 2162 3942 ostendet,

595 3975 720 4014 cum
765 3959 1002 4016 venerit.
1055 3957 1270 4015 Rursus
1307 3969 1486 4015 autem
1520 3979 1532 4014 :
1575 3980 1593 4013 ι
1626 3964 1830 4033 Arguet
1872 3967 2162 4032 mundum,

597 4054 797 4123 inquit,
853 4052 922 4108 de
975 4052 1218 4122 justitia,
1261 4054 1390 4122 quia
1438 4054 1506 4109 ad
1564 4053 1786 4110 Patrem
1839 4056 2014 4124 vado,
2063 4073 2164 4114 nec

598 4142 832 4212 amplius
874 4142 1130 4198 videbitis
1167 4158 1270 4199 me.
1317 4161 1335 4195 ι
1380 4142 1512 4200 Jure
1545 4146 1693 4201 enim
1728 4148 2165 4216 patrocinabitur

600 4233 670 4288 iis
723 4232 816 4302 qui
873 4233 931 4288 in
981 4232 1263 4288 Christum
1321 4243 1442 4303 post
1493 4237 1871 4297 ascensionem
1925 4238 2045 4308 ejus
2107 4239 2164 4293 in

602 4324 774 4380 caelos
806 4323 1184 4388 crediderint,
1242 4331 1302 4378 ut
1353 4324 1446 4396 qui
1494 4325 1644 4396 juste
1685 4329 1973 4398 justiticati
2033 4331 2164 4385 sint.

605 4413 981 4484 Susceperunt
1009 4415 1156 4468 enim
1176 4423 1234 4468 ut
1260 4414 1427 4470 Deum
1450 4431 1663 4482 verum,
1691 4433 1854 4488 quem
1877 4433 1987 4472 non
2014 4419 2165 4474 vide-

603 4511 755 4567 runt,
783 4512 839 4560 et
903 4518 1026 4558 cum
1091 4518 1191 4559 suo
1241 4503 1402 4560 Patre
1449 4507 1739 4563 considere
1793 4509 2162 4564 crediderunt.

603 4595 762 4662 Quod
799 4594 946 4650 enim
992 4594 1248 4651 Christus
1296 4597 1483 4652 beatos
1524 4607 1747 4654 vocaret
1796 4614 1891 4656 eos
1939 4601 2033 4669 qui
2089 4601 2170 4656 sic

604 4686 913 4750 crederent,
953 4685 1119 4742 facile
1147 4687 1325 4744 discet
1359 4690 1617 4759 quisquis
1652 4689 1869 4744 illorum
1903 4691 2168 4748 memine-

602 4781 678 4834 rit
706 4794 831 4849 qua:
875 4777 1016 4833 dixit
1064 4777 1306 4836 Thomas
1345 4795 1410 4835 ac
1461 4779 1614 4836 fecit.
1659 4779 1796 4835 Nam
1827 4795 1950 4836 cum
1985 4783 2054 4838 de
2083 4799 2170 4838 re-

606 4872 949 4929 surrectione
988 4869 1110 4928 Filii
1150 4873 1329 4928 adhuc
1373 4873 1692 4927 dubitaret:
1729 4893 1748 4926 ι
1787 4873 1901 4930 Nisi
1934 4875 2166 4940 mittam,

2261 3704 2310 3758 οῖ
2339 3703 2430 3757 διὰ
2471 3703 2707 3763 πίστεως
2736 3697 3087 3768 εἰλικρινοῦς,
3137 3697 3212 3759 ὡς
3247 3694 3380 3748 θεὸν
3408 3693 3574 3755 ὅντως
3606 3693 3839 3760 τετιμή-

2263 3811 2412 3855 κασι,
2469 3793 2564 3846 καὶ
2605 3792 2714 3844 τῶν
2757 3791 2892 3844 ὅλων
2937 3787 3294 3858 ὡμολόγησαν
3344 3783 3683 3854 Δημιουργὸν
3740 3782 3841 3835 καὶ

2263 3884 2488 3953 Κύριον.
2555 3884 2733 3953 Ὅπερ
2784 3875 2878 3934 οὖν
2931 3880 3116 3950 εἴρηκε
3158 3877 3368 3946 φθάσας
3391 3878 3503 3937 τοῖς
3559 3873 3842 3935 Ἰουδαίοις

2264 3975 2424 4037 αὐτὸς
2463 3977 2491 4027 ὁ
2520 3973 2708 4046 Σωτὴρ
2729 4012 2744 4036 ,
2797 3974 2882 4026 ὅτι
2915 3991 2934 4023 ι
2968 3970 3092 4023 Ἐὰν
3126 3968 3200 4039 μὴ
3240 3967 3566 4035 πιστεύσητε
3597 3967 3678 4019 ὅτι
3725 3963 3841 4032 ἐγώ

2265 4068 2401 4136 είμι,
2437 4067 2496 4117 ὲν
2525 4067 2644 4128 ταῖς
2674 4063 2970 4137 ἁμαρτίαις
3003 4061 3157 4132 ὑμῶν
3184 4059 3560 4122 ἀποθανεῖσθε,
3593 4077 3610 4109 ι
3640 4056 3842 4125 ἀληθὲς

2263 4159 2324 4212 ὸν
2357 4155 2610 4220 ἐπιδείξει
2659 4153 2750 4207 διὰ
2781 4151 3122 4224 πραγμάτων
3165 4152 3193 4203 6
3227 4147 3586 4218 Παράκλητος
3644 4144 3837 4197 ἐλθών.

2274 4269 2292 4301 ι
2332 4248 2568 4318 Ἐλέγξει
2597 4245 2654 4299 δέ
2685 4245 2844 4299 πάλιν
2873 4243 2966 4296 τὸν
2995 4244 3229 4312 κόσμον,
3267 4240 3434 4311 φησὶ,
3476 4238 3604 4308 περὶ
3636 4236 3843 4288 Stulto-

2270 4340 2454 4408 σύνης,
2483 4339 2564 4391 ὅτι
2598 4336 2732 4406 πρὸς
2766 4335 2855 4388 τὸν
2881 4333 3098 4404 Πατέρα
3121 4333 3336 4400 ὑπάγω,
3367 4328 3462 4383 καὶ
3491 4326 3675 4380 οὐκέτι
3703 4327 3842 4378 θεω-

2271 4429 2416 4501 ρεῖτέ
2452 4447 2540 4500 με.
2575 4449 2592 4480 ι
2635 4428 2858 4498 Συνερεῖ
2885 4425 2994 4496 γὰρ
3022 4422 3245 4486 δικαίως
3274 4423 3388 4484 τοῖς
3421 4417 3844 4471 πεπιστευκόσιν

2268 4525 2348 4586 εἰς
2377 4520 2639 4592 Χριστὸν,
2684 4517 2822 4588 μετὰ
2864 4517 2961 4586 τὴν
2997 4516 3077 4578 είς
3133 4512 3392 4582 οὐρανοὺς
3429 4507 3714 4569 ἀνάϐασιν,
3770 4507 3846 4568 ὡς

2267 4610 2491 4672 δικαίως
2543 4605 3006 4676 δεδικαιωμένοις.
3055 4601 3424 4672 Παρεδέξαντο
3469 4596 3584 4669 γὰρ’
3611 4596 3686 4659 ὡς
3711 4595 3847 4648 Θεὸν

2269 4699 2550 4772 ἀληθινὸν,
2577 4699 2636 4752 δν
2663 4697 2944 4751 τεθέανται
2975 4696 3071 4766 μὲν
3097 4692 3345 4764 οὐδαμῶς
3363 4731 3378 4755 ,
3409 4687 3748 4759 συνεδρεύειν
3783 4701 3844 4754 γε

2274 4793 2378 4862 μὴν
2411 4791 2487 4861 τῷ
2525 4789 2640 4860 ἰδίῳ
2665 4789 2840 4858 Ilath
2872 4785 3316 4840 πεπιστεύκασιν.
3369 4783 3490 4835 Ὀτι
3512 4781 3622 4848 γὰρ
3669 4794 3848 4848 μακα-

2275 4883 2422 4954 ρίους
2462 4879 2726 4935 ἀπεκάλει
2765 4880 2889 4942 τούς
2934 4877 3076 4930 οὕτω
3125 4875 3477 4936 πιστεύοντας
3517 4873 3545 4924 6
3591 4869 3846 4941 Χριστὸς,

608 4962 806 5032 inquit,
839 4979 1058 5018 manum
1091 4979 1264 5018 meam
1297 4965 1351 5017 in
1393 4963 1537 5018 latus
1567 4964 1708 5034 ejus,
1739 4976 1792 5020 et
1821 4966 2010 5021 videro
2039 4969 2156 5022 ἥκεις

2277 4972 2506 5043 ἐκμάθοι
2540 4989 2621 5033 τις
2662 4969 2727 5022 ἂν
2774 4969 2867 5021 καὶ
2913 4967 3029 5021 λίαν
3063 4966 3300 5029 εὐκόλως
3341 4963 3564 5017 ἐκείνων
3609 4963 3850 5030 mpm-

606 5069 718 5106 ram
753 5053 1054 5120 clavorum,
1105 5070 1214 5109 non
1264 5054 1480 5107 credam
1498 5054 1562 5107 δι’.
1610 5075 1626 5105 ι
1654 5054 1950 5126 Postquam
1988 5071 2167 5114 autem

606 5143 859 5210 credidit,
895 5145 1119 5200 Christo
1164 5144 1312 5212 quod
1363 5143 1542 5200 facere
1574 5147 1836 5203 voluisset
1868 5150 1915 5204 ei
1949 5151 2170 5219 permit-

696 5281 738 5312 ⁸⁸
758 5280 917 5336 Joan.
947 5296 1067 5344 vm,
1104 5279 1194 5332 24.
1292 5280 1333 5310 ⁸³
1362 5277 1517 5334 Joan.
1545 5297 1637 5348 xx,
1665 5281 1755 5335 25.

681 5437 754 5505 (Ι)
804 5437 916 5492 Vox
955 5436 1213 5492 mendosa
1239 5475 1252 5497 ,
1299 5435 1387 5489 cui
1423 5435 1868 5491 substituendum
1901 5450 2174 5502 καταναρ-

608 5509 742 5574 κᾷν,
776 5508 1082 5573 obtorpere,
1123 5508 1353 5575 pigrari,
1388 5509 1590 5568 vereri;
1623 5506 1685 5558 ad
1723 5507 1868 5559 hunc
1903 5521 2122 5560 sensum
2160 5524 2171 5558 :

2283 5063 2460 5126 σθεὶς,
2488 5053 2562 5114 ὧν
2589 5058 2776 5130 εἴρηκέ
2808 5075 2866 5110 τε
2895 5059 2989 5110 καὶ
3009 5055 3266 5125 δέδρακεν
3289 5054 3318 5105 ό
3346 5052 3566 5121 Θωμᾶς.
3616 5047 3852 5101 Ἐνδοιά-

2281 5155 2386 5218 ζων
2417 5152 2524 5222 γὰρ
2547 5150 2626 5203 έτι
2657 5149 2792 5220 πρὸς
2819 5148 2878 5201 τὸ
2913 5147 3207 5202 ἀναϐιῶναι
3239 5144 3328 5199 τὸν
3354 5143 3485 5196 Υίόν
3515 5159 3527 5172 ·
3565 5161 3584 5192 ι
3622 5141 3750 5194 Ἐὰν
3779 5140 3854 5211 μὴ

2276 5435 2480 5490 tionem
2515 5433 2832 5498 Phavorini,
2863 5435 2921 5486 οὑ
2954 5432 3357 5500 καταναρκήσω
3377 5446 3389 5459 ·
3414 5429 3474 5480 οὑ
3506 5428 3856 5500 κατοκνήσω.

2279 5505 2342 5556 Et
2367 5497 2824 5574 quemadmodum
2853 5503 2992 5557 idem
3019 5497 3447 5574 Cygrilltts’supra
3468 5514 3518 5566 p.
3543 5498 3670 5556 619,
3697 5497 3857 5574 αξξυς.-

609 5562 760 5640 Quod
793 5562 965 5629 autent
1002 5562 1314 5632 inuenientus
1339 5562 1624 5644 discipulos
1657 5575 1750 5630 hoc
1781 5579 1972 5643 passos
2016 5585 2063 5628 et
2087 5591 2156 5642 pe:

2279 5562 2398 5644 σεῖν’
2438 5575 2637 5635 ἀδίκως
2678 5573 2738 5625 οὐ
2791 5562 3241 5644 καταναρκῶντές
3270 5562 3438 5644 *τινας
3465 5562 3483 5596 ⁵
3524 5577 3667 5644 etdp.
3714 5565 3858 5626 955,

611 5646 871 5711 Spiritum
900 5647 1263 5714 conﬁrmatos,
1287 5657 1342 5699 ttt
1369 5663 1455 5700 nec
1482 5647 1900 5714 persequentium
1936 5646 2176 5696 incursus

611 5725 940 5778 vererentur,
992 5717 1080 5768 sed
1119 5727 1167 5769 et
1205 5717 1478 5768 dilectioni
1513 5718 1564 5768 in
1606 5717 1875 5768 Christum
1920 5714 2173 5766 tenaciter

609 5783 964 5848 adltwreutcs,
1010 5786 1309 5839 nullatenus
1353 5786 1566 5838 dubium
1607 5796 1703 5837 est.
1755 5785 1914 5839 Juxta
1961 5783 2179 5853 exposi-

2281 5643 2357 5712 μὴ
2389 5645 2591 5712 σφόδρα
2625 5642 2974 5712 καταίναρκᾷν
2996 5637 3236 5712 ἢνπόνοις
3265 5639 3294 5708 ἢ
3324 5637 3539 5699 λύπαις.
3569 5637 3856 5690 Corum.

2287 5710 2536 5769 Μὸιιιιιηξ
2562 5712 2702 5767 Eccl.
2733 5710 2918 5776 Grfll,
2951 5711 3073 5763 655.
