3998 6318
176 403 276 459 457

1224 401 1287 456 ΙΝ
1328 400 1616 458 JOANNIS
1656 399 2105 468 EVANGELIUM
2146 400 2275 457 LIB.
2310 400 2373 454 Χ.

3312 402 3414 455 458

179 516 352 590 βάλω,
386 514 551 586 φησὶ,
595 516 693 585 τὴν
726 515 884 587 χεῖρά
920 534 1019 586 μου
1050 517 1129 580 είς
1156 517 1253 588 τὴν
1288 518 1527 590 πλευρὰν
1550 516 1737 581 αὑτοῦ,

1849 525 2015 585 lente,
2066 533 2338 589 quosnam
2385 530 2669 572 sermones
2705 516 2925 570 audiit?
2957 534 2974 568 ι
3028 515 3168 583 Quia
3224 517 3412 573 vidisti

179 608 268 661 καὶ
293 606 388 659 ῖδω
429 607 555 670 τοὺς
583 606 785 668 τύπους
821 607 931 660 τῶν
960 607 1138 678 ἥλων,
1162 609 1233 662 οὐ
1268 609 1344 681 μὴ
1390 609 1682 663 πιστεύσω.
1716 628 1735 660 ι

189 699 404 769 Ἐπειδὴ
430 699 486 751 δὲ
512 698 906 765 πεπίστευκεν,
942 700 1080 771 ὅπερ
1102 699 1334 771 ἠθέλησε
1356 701 1488 771 δρᾷν
1521 700 1744 768 ἐφέντος

162 786 319 858 ναύτῷ
339 786 433 840 τοῦ
456 785 714 857 Χριστοῦ,
741 787 908 842 ποίων
935 788 1137 858 ἢκουσε
1163 789 1367 858 λόγων;
1397 791 1550 842 ι”Οτι
1578 787 1747 858 ἐώρα·

175 877 271 940 κάς
326 893 413 946 με,
472 877 840 941 πεπίστευκας
870 894 881 907 ’
913 878 1172 949 μακάριοι
1204 882 1252 933 oi
1292 881 1367 950 μὴ
1391 879 1617 945 ἰδόντες,
1650 879 1745 932 καὶ

175 967 581 1031 πιστεύσαντες.
607 986 626 1019 ι
668 968 901 1033 Δικαίως
934 964 1027 1024 οὖν
1072 969 1180 1042 ἄρα
1211 971 1607 1037 δεδικαίωνται,
1649 972 1744 1025 καὶ

173 1058 287 1135 δίχα
318 1059 413 1127 τῆς
445 1058 571 1123 θέας
601 1059 651 1112 oi
691 1059 1109 1125 πιστεύσαντες·
1144 1061 1238 1115 τοῦ
1277 1062 1334 1115 δὲ
1361 1061 1469 1116 τῶν
1496 1062 1624 1115 ίσων
1650 1079 1745 1116 τυ-

173 1151 278 1217 χεῖν
305 1150 334 1201 ό
363 1149 566 1220 κόσμος
597 1150 853 1217 ἐξώλισθέ
872 1191 890 1218 ,
923 1149 1020 1222 τὴν
1040 1153 1105 1205 ὲκ
1128 1152 1363 1216 πίστεως
1397 1152 1744 1224 δικαιοσύνην

172 1240 229 1292 ού
262 1242 706 1311 προσηκάμενος,
730 1243 847 1296 ἀλλ’
875 1243 1159 1315 ἐθελοντὴς
1190 1248 1306 1310 τοῖς
1339 1245 1491 1310 ίδίοις
1514 1246 1742 1317 ἐμφιλο-

173 1330 422 1401 χωρήσας
450 1334 677 1394 κακοῖς.·
721 1332 931 1387 Είδὲναι
979 1351 1043 1403 γε
1086 1334 1191 1406 μὴν
1220 1336 1515 1405 ἀναγκαῖον
1534 1376 1548 1403 ,
1578 1336 1655 1400 ὡς
1678 1337 1742 1390 οὐ

176 1419 307 1472 κατά
338 1421 517 1491 μόνων
557 1422 821 1477 Ἰουδαίων
851 1425 883 1495 ἡ
914 1425 1022 1479 τῶν
1048 1424 1249 1497 ἀρτίως
1277 1429 1409 1498 ἡμῖν
1437 1429 1742 1500 εἰρημένων

174 1510 407 1580 ἐλέγχων
435 1510 565 1576 δυὰς
605 1512 693 1566 διὰ
729 1513 824 1567 τοῦ
857 1515 1217 1587 Παρακλήτου
1248 1521 1537 1588 γενήσεται
1557 1557 1573 1582 ,
1602 1517 1742 1573 κατά

175 1602 370 1665 παντὸς
389 1603 444 1655 δὲ
467 1604 668 1673 μᾶλλον
680 1605 966 1676 ἀνθρώπου
994 1607 1229 1679 σκληροῦ
1252 1625 1311 1660 τε
1334 1609 1429 1662 καὶ
1459 1607 1738 1679 ἀπειθοῦς.

174 1693 432 1764 Σημαίνει
467 1695 568 1764 μὲν
591 1695 699 1767 γὰρ
727 1695 875 1767 ἡτοῦ
902 1697 1108 1768 κόσμου
1139 1700 1500 1771 προσηγορία,
1529 1699 1623 1754 καὶ
1651 1700 1743 1753 τὸν

173 1779 287 1849 ταῖς
318 1785 651 1856 φιληδονίαις
676 1788 1071 1860 ἀκαταλήκτως
1101 1791 1615 1862 ἐγκαλινδούμενον,
1648 1793 1744 1847 καὶ

173 1878 265 1946 τῆς
285 1851 595 1949 διαὸολικῆς
625 1851 920 1950 βδελυρίας·
944 1851 1454 1954 ούκῂέξιστάμενον·
1485 1851 1742 1954 σημαίνει
1775 1851 1818 1911 Β

172 1966 227 2019 δὲ
253 1966 407 2020 οὐδὲν
430 1961 590 2039 ἦττον
616 1969 713 2022 καὶ
735 1971 861 2034 τοὺς
885 1972 944 2023 ἐν
972 1972 1136 2025 παντὶ
1156 1972 1234 2043 τῷ
1269 1973 1460 2044 κόσμῳ
1487 1974 1745 2045 διεσπαρ-

177 2056 368 2127 μένους
406 2076 468 2111 τε
510 2060 603 2112 καὶ
640 2062 1051 2132 κατῳκηκότας.
1101 2062 1321 2128 Γενικὸς
1348 2060 1440 2118 οὖν
1470 2065 1612 2137 ἄρα,
1650 2066 1746 2119 καὶ

175 2147 311 2201 κατὰ
335 2149 552 2204 πάντων
583 2153 611 2205 ὁ
651 2151 873 2216 διπλοῦς
918 2153 1115 2207 οὑτωσὶ
1162 2153 1479 2226 κεχώρηκεν
1504 2154 1741 2226 ἐλεγχος.

175 2239 544 2310 Σεσαγήνευκε
573 2242 680 2310 γὰρ
704 2244 732 2296 ὁ
751 2244 985 2315 Χριστὸς
1006 2244 1125 2313 οὐχὶ
1146 2244 1315 2314 μόνην
1339 2244 1436 2317 τὴν
1462 2244 1741 2315 Ἰουδαίαν,

175 2325 311 2378 καθὰ
338 2327 434 2380 καὶ
457 2329 517 2381 ἐν
541 2330 752 2399 ἀρχαῖς,
776 2330 808 2400 ἢ
837 2331 997 2400 μόνον
1021 2332 1083 2385 τὸ
1109 2332 1329 2404 σπέρμα
1348 2335 1408 2389 τὸ
1429 2335 1491 2400 ἐξ
1504 2336 1741 2408 Ἰσραὴλ,

174 2416 301 2469 ἀλλὰ
343 2416 567 2488 σύμπαν
613 2420 674 2472 τὸ
725 2420 786 2485 ἐξ
825 2421 995 2493 Ἀδὰμ
1033 2423 1382 2494 διολισθῆσαν
1432 2425 1609 2495 γένος.
1667 2428 1743 2481 Οὐ

175 2506 276 2577 γὰρ
308 2509 404 2561 ἐπὶ
447 2510 615 2579 μέρος
652 2512 686 2582 ἡ
728 2511 920 2582 χάρις,
975 2513 1093 2567 ἀλλ’
1138 2517 1223 2585 ἐφ’
1251 2517 1381 2588 ὃλην
1418 2517 1611 2586 γέγονε
1643 2518 1743 2590 τὴν

173 2600 491 2670 οἰκουμένην
523 2601 585 2655 τὸ
619 2604 683 2655 ἐκ
710 2604 807 2673 τῆς
846 2605 1081 2669 πίστεως
1112 2607 1336 2676 ἀγαθόν.
1362 2610 1556 2681 Τρίτος
1588 2608 1741 2679 ἔλεγ-

174 2707 260 2759 χος
288 2690 378 2743 διὰ
424 2690 516 2745 τοῦ
553 2694 914 2767 Παρακλήτω
945 2699 1269 2769 γενήσεται,
1318 2700 1461 2755 καθά
1504 2719 1669 2773 φησιν
1715 2704 1744 2756 ὁ

175 2781 376 2852 Σωτὴρ,
412 2784 446 2853 ή
479 2783 790 2858 δικαιοτάτη
826 2787 1179 2862 κατάκρισις,
1231 2791 1326 2844 τοῦ
1353 2792 1612 2862 ἄρχοντος
1647 2790 1742 2846 τοῦ

175 2871 372 2944 κόσμου
414 2875 623 2930 τούτου.
673 2878 798 2941 Πῶς
826 2878 884 2932 δὲ
924 2880 1025 2951 ἥδη
1057 2880 1255 2945 πάλιν,
1295 2881 1475 2951 ἢτίνα
1519 2881 1744 2952 τρόπον,

178 2963 528 3035 ἐξηγήσομαι.
577 2968 1070 3041 Προσμαρτυρήσει
1097 2973 1208 3042 γὰρ
1230 2975 1296 3043 τῇ
1334 2972 1460 3043 δόξῃ
1492 2971 1583 3026 τοῦ
1611 2974 1747 3045 Χρι-

176 3054 317 3119 στοῦ,
353 3057 448 3109 καὶ
469 3057 629 3111 αὐτὸν
671 3058 838 3124 ὅντως
879 3062 1168 3129 ἀποδείξας
1199 3063 1292 3117 τὸν
1326 3063 1436 3117 τῶν
1469 3064 1606 3119 ὅλων
1630 3064 1746 3118 Κύ-

1845 625 1966 673 nte,
2004 609 2290 665 credidisti
2325 624 2337 661 :
2368 608 2512 663 beati
2557 608 2653 678 qui
2698 622 2805 661 non
2848 607 3126 672 viderunt,
3147 617 3202 662 et
3231 607 3415 662 credi-

1845 698 2134 754 derunt".
2176 718 2194 749 ι
2238 696 2395 753 Juste
2435 696 2623 766 itaque
2659 696 2951 765 justilicati
2997 704 3125 751 sunt
3150 735 3165 760 ,
3202 697 3296 766 qui
3331 698 3412 751 vel

1843 805 1912 847 eo
1937 790 2164 846 minime
2184 796 2485 859 conspecto
2514 785 2880 843 crediderunt
2912 807 2924 841 :
2957 789 3193 843 mundus
3233 796 3412 842 autem

1842 895 1906 936 ea
1950 895 2011 935 re
2041 878 2269 944 excidit,
2321 879 2593 950 justitiam
2636 893 2759 947 qua
2789 893 2853 932 ex
2888 877 2994 934 ﬁde
3030 886 3117 935 est
3161 894 3268 933 non
3299 892 3415 931 am-

1844 972 2078 1041 plexus,
2136 970 2231 1027 sed
2281 970 2339 1024 in
2407 970 2525 1025 suis
2578 968 2738 1023 malis
2811 969 3060 1023 studiose
3114 970 3413 1024 volutatus.

1844 1063 2035 1134 Operae
2074 1064 2311 1133 pretium
2355 1071 2537 1118 autem
2591 1071 2678 1117 est
2728 1075 3036 1132 agnoscere
3094 1060 3232 1115 duas
3296 1059 3417 1113 illas

1845 1154 2300 1226 reprehensiones
2335 1169 2444 1208 non
2471 1156 2735 1208 adversus
2783 1152 3002 1207 Judaeos
3039 1158 3249 1204 tantum
3271 1190 3285 1212 ,
3318 1148 3413 1204 sed

1845 1246 2109 1301 adversus
2141 1245 2444 1315 quemlibet
2481 1245 2666 1314 potius
2697 1243 2970 1299 hominem
3019 1240 3218 1295 durum
3252 1245 3418 1305 atque

1846 1336 2197 1406 praefractam
2230 1351 2325 1406 per
2354 1334 2695 1390 Paracletum
2726 1333 2966 1389 futuras.
2996 1330 3183 1385 Mundi
3213 1329 3418 1398 quippe

1844 1426 2138 1498 appellatio
2164 1427 2443 1496 signiﬁcat
2469 1429 2632 1482 etiam
2659 1440 2783 1481 eum
2815 1424 2909 1494 qui
2947 1423 3003 1477 in
3036 1420 3416 1490 voluptatibus

1846 1530 2110 1590 perpetuo
2132 1519 2429 1582 volutatur,
2454 1525 2517 1573 et
2538 1517 2607 1571 ab
2636 1515 2957 1587 impuritate
3002 1511 3275 1567 diabolica
3307 1525 3417 1562 non

1847 1612 2074 1676 recedit,
2100 1626 2202 1666 nec
2234 1611 2418 1665 minus
2450 1616 2716 1680 praeterea
2757 1604 3033 1677 signiﬁcat
3064 1618 3161 1657 eos
3195 1604 3287 1670 qui
3322 1614 3418 1669 per

1844 1710 2019 1758 totum
2058 1701 2250 1756 orbem
2292 1709 2566 1755 terrarum
2601 1698 2779 1767 sparsi
2821 1702 2972 1756 sunt,
3001 1701 3056 1748 et
3096 1706 3223 1747 eum
3256 1689 3416 1744 inha-

1844 1796 2042 1851 bitant.
2077 1793 2360 1849 Generalis
2401 1805 2534 1860 ergo
2585 1798 2671 1847 est
2712 1796 2767 1845 et
2815 1789 2882 1843 ad
2936 1799 3132 1841 omnes
3183 1782 3419 1852 pertinet

1846 1886 2044 1956 duplex
2068 1885 2172 1941 ista
2200 1882 2576 1954 reprehensio.
2610 1881 2864 1943 Christus
2887 1881 3032 1932 enim
3066 1890 3176 1930 non
3206 1879 3418 1928 tantum

1843 1977 2086 2042 Iudaeos,
2112 1976 2279 2032 sicuti
2299 1976 2353 2029 in
2373 1973 2672 2045 principio,
2706 1979 2801 2026 aut
2821 1971 2996 2027 solum
3023 1982 3207 2023 semen
3230 1964 3421 2029 lsrael,

1845 2068 1942 2124 sed
1999 2068 2316 2122 universum
2365 2064 2559 2120 Adami
2603 2079 2776 2135 genus
2828 2061 2974 2133 quod
3020 2060 3228 2128 lapsum
3274 2065 3426 2118 erat,

1845 2159 2064 2215 vocavit
2100 2159 2167 2214 ad
2196 2159 2450 2213 salutem.
2478 2154 2601 2210 Non
2632 2155 2778 2211 enim
2815 2154 2991 2225 gratia
3043 2151 3231 2220 aliqua
3264 2154 3424 2218 parte

1846 2261 2031 2317 tenus.
2074 2251 2169 2308 sed
2196 2251 2251 2305 in
2280 2264 2498 2305 omnem
2533 2256 2805 2303 terrarum
2837 2244 3024 2300 orbem
3066 2240 3192 2296 ﬁdei
3215 2239 3423 2294 bonum

1846 2343 2104 2399 diﬂ'usum
2161 2351 2269 2397 est.
2331 2339 2516 2396 Tertia
2576 2335 2946 2409 reprehensio
3005 2347 3099 2403 per
3154 2329 3424 2400 Spiritum

1849 2435 2032 2491 futura
2061 2443 2171 2502 est,
2206 2441 2267 2489 ut
2314 2432 2391 2488 ait
2440 2430 2702 2487 Servatur
2729 2468 2745 2493 ,
2795 2426 3106 2499 justissima
3156 2420 3424 2494 principis

1849 2527 2013 2597 hujus
2054 2524 2244 2580 mundi
2286 2521 2692 2579 condemnatio.
2725 2518 3011 2585 Quomodo
3064 2521 3248 2569 autem
3279 2553 3294 2577 ,
3327 2525 3427 2565 ex-

1849 2632 2048 2688 ponam
2080 2616 2244 2687 922
2276 2614 2516 2670 demum.
2550 2611 2953 2668 Testimonium
2978 2621 3218 2676 namque
3238 2603 3427 2675 gloria:

1846 2708 2055 2766 Christi
2089 2705 2431 2778 perhibebit,
2482 2711 2537 2760 et
2574 2704 2756 2774 ipsum
2790 2701 3089 2758 ostendens
3134 2711 3259 2752 esse
3302 2697 3428 2749 uni-

1848 2797 1993 2853 versi
2026 2796 2347 2859 Dominum,
2396 2795 2660 2849 mundum
2713 2791 2922 2848 erroris
2950 2799 3170 2861 arguet,
3212 2795 3271 2843 ut
3309 2792 3425 2856 qui,

1849 2892 2044 2947 relicto
2082 2904 2214 2946 vero
2239 2903 2304 2944 ac
2331 2888 2574 2943 naturali
2606 2885 2734 2950 Deo,
2775 2900 2883 2940 non
2908 2882 3241 2948 naturalem,
3265 2880 3317 2935 id
3344 2887 3429 2934 est

1852 2981 2134 3047 Satanam,
2191 2980 2459 3036 adorarit.
2500 2979 2710 3035 Suﬁicit
2737 2979 2885 3035 enim
2916 2976 2985 3031 ad
3020 2973 3427 3031 ostendendum

1851 3073 1927 3127 ita
1953 3087 2013 3128 se
2035 3072 2235 3127 habere
2269 3071 2350 3127 rei
2374 3078 2652 3136 naturam,
2682 3069 2852 3125 latum
2890 3069 2944 3122 in
2981 3082 3107 3124 eum
3128 3064 3424 3136 judicium.

180 3163 308 3214 ριον,
328 3148 538 3216 ἐλέγξει
572 3150 662 3204 τὸν
694 3153 922 3222 κόσμον,
961 3153 1037 3216 ὡς
1063 3153 1503 3223 πεπλανημένον,
1528 3155 1623 3210 καὶ
1652 3155 1744 3212 τὸν

1851 3162 1972 3219 Νοιι
1994 3162 2141 3219 enim
2173 3161 2380 3232 alioqui
2406 3159 2808 3216 condemnatus
2841 3168 2898 3215 et
2940 3158 3253 3213 inﬁrmatus
3289 3155 3429 3210 luis-

179 3237 270 3307 μὲν
289 3237 507 3308 ἀληθῶς
527 3256 585 3292 τε
611 3241 704 3295 καὶ
720 3240 881 3311 φύσει
898 3242 1108 3311 ἀφέντα
1127 3242 1281 3307 Θεὸν,
1296 3246 1751 3317 προσκυνήσαντα

176 3329 229 3381 δὲ
259 3330 350 3382 καὶ
379 3330 780 3404 λελατρευκότα
804 3332 883 3404 τῷ
915 3333 992 3405 μὴ
1015 3335 1157 3389 κατὰ
1188 3335 1349 3406 φύσιν
1370 3376 1385 3401 ,
1426 3332 1570 3391 τοῦτ“
1609 3337 1747 3405 ἐστι,

177 3420 249 3489 τῷ
277 3421 507 3493 Σατανᾷ.
549 3423 731 3496 Ἱκανὴ
754 3424 892 3496 γὰρ,
923 3421 1077 3496 οἶμαι
1099 3465 1115 3491 ,
1147 3427 1283 3499 πρὸς
1308 3427 1370 3480 τὸ
1399 3427 1571 3492 οὕτως
1593 3427 1747 3499 ἔχου-

181 3527 274 3563 σαν
326 3513 593 3579 ἐπιδεῖξαι
641 3513 739 3586 τὴν
783 3515 879 3570 τοῦ
930 3516 1254 3588 πράγματος
1306 3517 1500 3588 φύσιν,
1545 3522 1578 3591 ἡ
1627 3521 1748 3574 κατ’

179 3601 337 3655 αὐτοῦ
378 3603 650 3674 γενομένη
689 3605 889 3675 κρίσις.
923 3604 1002 3659 Οὐ
1032 3607 1142 3679 γὰρ
1171 3608 1238 3662 ἂν
1271 3609 1603 3681 κατεκρίθη,
1655 3611 1751 3664 καὶ

180 3692 494 3765 ἠσθένησεν,
525 3694 634 3748 οὐδ’
661 3695 729 3750 ἂν
757 3696 856 3767 τῆς
879 3697 1174 3769 θεομαχίας
1204 3701 1539 3773 είσεπράχθη
1573 3701 1747 3772 δίκας,

184 3785 384 3853 σειραῖς
438 3781 604 3852 ζόφου
662 3786 1182 3858 τεταρταρωμὲνος,
1247 3789 1404 3860 εἰπερ
1455 3785 1524 3861 ἦν
1588 3790 1751 3861 φύσει

182 3873 305 3935 Θεὸς
356 3873 419 3927 τὸ
468 3873 766 3943 ἀκλόνητον
824 3874 964 3946 ἔχων
1019 3878 1077 3931 ἐν
1127 3880 1193 3949 τῇ
1244 3879 1389 3949 ίσχύϊ
1445 3881 1540 3935 καὶ
1597 3881 1746 3955 δόξῃ.

181 3963 407 4027 Νυνὶδὲ
433 3963 689 4019 τοσοῦτον
729 3965 1036 4032 ἐλλελοιπὸς
1076 3970 1294 4041 ὁρῶμεν
1330 3970 1508 4041 αὐτῷ,
1557 3973 1618 4027 τὸ
1648 3974 1750 4045 τὴν

181 4056 378 4110 οἰκείαν
405 4055 670 4110 δύνασθαι
698 4056 962 4111 διασῶσαι
984 4060 1151 4130 τιμὴν
1171 4101 1187 4127 ,
1224 4060 1365 4115 ὥστε
1398 4063 1492 4116 καὶ
1522 4064 1627 4118 ὑπὸ
1650 4065 1750 4118 πό-

180 4149 269 4213 δας
295 4148 567 4203 τεθεῖσθαι
607 4149 715 4202 τῶν
745 4151 1208 4223 πνευματοφόρων
1227 4192 1243 4218 ,
1283 4154 1402 4224 ἦτοι
1440 4156 1670 4224 πιστῶν,
1700 4158 1750 4211 οῖ

180 4239 268 4293 καὶ
295 4239 426 4294 Θεὸν
472 4239 741 4311 ὑπάρχειν
778 4240 1167 4311 ὼμολογήκασι
1203 4243 1295 4296 τὸν
1328 4246 1583 4317 Χριστόν.
1637 4249 1752 4303 [Ia-

180 4330 325 4383 τοῠσι
374 4331 488 4403 γὰρ
538 4332 700 4386 αὑτὸν
745 4332 844 4385 καὶ
884 4332 1211 4404 πειράζοντα
1231 4374 1247 4400 ,
1288 4336 1383 4390 καὶ
1422 4337 1751 4409 μαχόμενον.

184 4419 342 4474 Ὅταν
369 4420 429 4474 δέ
471 4420 538 4490 δή
574 4437 660 4483 τις
700 4419 794 4475 καὶ
839 4420 930 4476 τὸν
973 4421 1082 4475 τῶν
1112 4422 1437 4494 ἀκαθάρτων
1461 4425 1753 4497 δαιμονίων

1850 3264 1961 3321 set,
2014 3269 2116 3310 nec
2155 3253 2434 3311 temerarii
2493 3268 2622 3325 erga
2656 3252 2827 3308 Deum
2870 3265 3043 3308 ausus
3087 3264 3283 3321 poenas
3328 3247 3428 3303 de-

1849 3350 2060 3414 disset,
2110 3349 2168 3402 in
2208 3347 2503 3419 caliginem
2544 3345 2745 3402 inferni
2790 3344 3077 3409 detrusus,
3131 3343 3181 3399 si
3232 3350 3430 3396 natura

1853 3440 1996 3497 Deus
2025 3447 2194 3504 esset,
2246 3439 2409 3508 cujus
2438 3439 2612 3495 virtus
2654 3444 2709 3494 et
2736 3438 2913 3510 gloria
2955 3435 3180 3492 concuti
3212 3433 3424 3502 nequit.

1849 3528 2007 3584 Nunc
2042 3542 2175 3583 vero
2211 3534 2424 3582 tantum
2480 3528 2638 3584 abest
2667 3534 2727 3582 ut
2773 3542 2935 3582 suum
2978 3527 3251 3580 honorem
3287 3523 3430 3578 tueri

1851 3619 2050 3693 possit,
2078 3627 2140 3674 ut
2184 3619 2417 3690 pedibus
2455 3619 2699 3674 virorum
2746 3618 3116 3688 spiritualium
3154 3623 3248 3671 aut
3296 3615 3431 3670 ﬁde-

1851 3711 1985 3766 lium
2028 3709 2212 3781 potius
2258 3708 2542 3779 subjectus
2599 3710 2710 3775 sit,
2767 3710 2863 3780 qui
2925 3708 3210 3765 Christum
3263 3707 3432 3762 etiam

1852 3801 2021 3858 Deum
2058 3816 2184 3858 esse
2220 3800 2466 3857 confessi
2512 3808 2662 3857 sunt.
2699 3801 2839 3856 Eum
2883 3800 3028 3855 enim
3078 3797 3427 3861 conculcant,
3473 3818 3481 3824 -

1851 3896 1970 3952 sive
2009 3902 2217 3960 tentet,
2254 3894 2372 3949 sive
2398 3900 2698 3964 oppugnet.
2728 3891 2867 3947 Cum
2912 3905 3043 3962 ergo
3085 3889 3429 3959 impurorum

1852 3984 2161 4041 demonum
2205 3999 2400 4055 agmen
2444 3997 2637 4039 eorum
2679 3982 2931 4038 oratione
2977 3989 3035 4035 et
3092 3979 3333 4036 efﬁcacia
3366 3993 3432 4032 ac

1850 4076 2056 4133 virtute
2102 4075 2347 4147 Spiritus
2396 4075 2793 4130 cohorrescere
2846 4073 3035 4129 videas
3092 4079 3148 4128 et
3201 4071 3430 4143 expelli,

1856 4166 2135 4239 quomodo
2172 4180 2285 4221 non
2318 4167 2519 4222 merito
2550 4165 2982 4221 condemnatum
3017 4165 3278 4220 Satanam
3308 4177 3432 4218 esse

1852 4259 2047 4315 dices?
2081 4256 2508 4314 Condemnatus
2546 4259 2693 4313 enim
2731 4266 2835 4323 est,
2877 4270 2943 4311 eo
2994 4255 3141 4326 quod
3193 4270 3300 4311 non
3335 4269 3431 4324 po-

1854 4358 1966 4407 test
1998 4349 2237 4420 amplius
2266 4349 2393 4405 illos
2437 4350 2674 4420 imperio
2713 4364 2818 4403 suo
2857 4363 3130 4417 premere.
3158 4348 3262 4418 qui
3299 4362 3431 4403 san-

1855 4449 1944 4498 cto
1975 4440 2184 4511 Spiritu
2213 4441 2415 4512 signati
2458 4448 2588 4497 sunt
2619 4441 2675 4495 in
2712 4440 2992 4511 justitiam
3022 4447 3083 4496 et
3111 4438 3431 4495 sanctiﬁca-

182 4511 339 4580 ἐσμὸν
378 4512 835 4584 καταπεφρικότα
854 4551 870 4578 ,
898 4512 993 4567 καὶ
1020 4514 1437 4586 ἐκπεμπόμενον
1472 4516 1645 4592 βλέπῃ
1663 4519 1747 4574 διὰ

1853 4533 2060 4588 tionem
2092 4546 2189 4602 per
2217 4511 2376 4587 ﬁdem
2404 4531 2458 4585 in
2483 4530 2771 4587 Christum
2793 4531 2863 4586 ".
2890 4528 3429 4600 Alioqui‘quomodo,

180 4602 274 4673 τῆς
298 4604 477 4658 αὐτῶν
510 4604 856 4675 προσευχῆς,
904 4607 998 4658 καὶ
1022 4607 1323 4678 ἐνεργείας,
1350 4609 1443 4663 καὶ
1469 4609 1750 4681 δυνάμεως

182 4695 268 4749 τοῦ
295 4698 451 4764 ἁγίου
480 4697 800 4769 Πνεύματος
818 4737 834 4763 ,
875 4697 992 4762 πῶς
1020 4700 1120 4753 οὐκ
1160 4700 1398 4770 εὐλόγως
1435 4702 1551 4773 ἐρεῖ
1580 4719 1750 4757 κατα-

184 4790 461 4860 κεκρίσθαι
507 4792 600 4845 τὸν
631 4792 913 4858 Σατανᾶν;
945 4792 1354 4864 Κατακέκριται
1384 4794 1491 4866 γὰρ
1522 4793 1602 4865 τῷ
1641 4812 1749 4866 μη-

184 4880 293 4935 κέτι
317 4881 575 4937 δύνασθαι
597 4884 938 4937 πλεονεκτεῖν
956 4884 1083 4949 τοὺς
1100 4883 1179 4956 τῷ
1200 4886 1478 4957 Πνεύματι
1506 4886 1584 4959 τῷ
1609 4886 1751 4957 ἁγίῳ

183 4974 751 5045 κατεσφραγισμένους
793 4976 873 5038 είς
917 4973 1288 5052 δικαιοσύνην.
1313 4978 1408 5030 καὶ
1449 4978 1750 5047 ἀγιασμὸν,

183 5060 265 5114 διὰ
310 5064 547 5127 πίστεως
577 5064 677 5134 τῆς
722 5065 802 5128 είς
828 5065 1084 5135 Χριστόν.
1158 5066 1311 5120 Ἐπεὶ
1350 5065 1468 5130 πῶς
1511 5066 1597 5132 ἂν,
1631 5066 1753 5121 εἰπέ

190 5170 294 5220 μοι,
321 5156 785 5226 κατεπατήσαμεν
811 5157 990 5209 πᾶσαν
1013 5157 1179 5210 αὐτοῦ
1208 5156 1306 5228 τὴν
1336 5157 1587 5228 δύναμιν,
1611 5160 1753 5213 κατά

183 5243 242 5296 τὸ
264 5246 321 5299 ἐν
342 5246 594 5316 Ψαλμοῖς
625 5248 748 5317 είρη
758 5247 918 5318 μένον
962 5247 1100 5318 πρὸς
1146 5247 1326 5302 πάντα
1354 5248 1639 5320 ἄνθρωπον
1661 5250 1752 5304 τὸν

186 5335 536 5389 κατοικοῦντα
568 5337 626 5390 ἐν
648 5337 870 5408 βοηθείᾳ
892 5336 988 5390 τοῦ
1023 5338 1279 5408 Ὑψίστου
1303 5355 1316 5369 ·
1355 5358 1374 5391 ι
1397 5340 1521 5393 Ἐπὶ
1549 5339 1749 5393 ἀσπίδα

186 5425 272 5477 καὶ
333 5425 651 5496 βασιλίσκον
698 5428 959 5500 ἐπιόήσῃ,
984 5430 1078 5483 καὶ
1104 5431 1514 5502 καταπατήσεις
1564 5432 1750 5485 λέοντα

185 5515 271 5568 καὶ
302 5516 600 5588 δράκοντας
636 5540 653 5570 ι
710 5520 876 5573 Ὅταν
911 5520 1089 5573 τοίνυν
1135 5523 1164 5573 ὁ
1204 5521 1264 5586 ἐξ
1308 5521 1537 5593 οὐρανοῦ
1569 5523 1749 5593 Παρά-

185 5604 370 5673 vim-:0;
402 5611 460 5660 ἐν
486 5608 668 5675 ἁγίαις
697 5609 919 5680 γένηται
940 5609 1158 5680 ψυχαῖς,
1192 5612 1284 5665 καὶ
1309 5611 1530 5674 δικαίως
1566 5612 1745 5679 αὐτοῖς

229 5779 443 5835 "’Joan.
483 5796 577 5846 xx,
602 5783 686 5837 51.

1857 4639 2066 4696 quasso,
2101 4622 2214 4676 vim
2242 4622 2365 4692 ejus
2394 4636 2613 4678 omnem
2647 4622 3158 4693 proculcassemus,
3184 4620 3338 4690 juxta
3376 4619 3430 4673 id

1856 4714 2004 4788 quod
2040 4715 2095 4768 in
2123 4712 2357 4769 Psalmis
2382 4713 2649 4783 scriptum
2682 4720 2768 4770 est
2807 4711 2882 4767 ad
2904 4725 3126 4768 omnem
3153 4708 3430 4764 hominem

1858 4807 1953 4878 qui
1977 4807 2191 4861 habitat
2235 4805 2292 4859 in
2332 4804 2611 4875 adjutorio
2640 4802 2958 4861 Altissimi:
3002 4821 3021 4854 ι
3073 4800 3249 4870 Super
3280 4798 3431 4868 aspi-

1856 4898 1979 4954 dem
2043 4904 2099 4952 et
2155 4895 2476 4952 basiliscum
2537 4894 2884 4960 ambulabis,
2966 4901 3023 4948 et
3076 4888 3430 4945 conculcabis

1853 4991 2067 5046 leonem
2095 4998 2149 5043 et
2180 4986 2589 5042 draconem"?
2631 5005 2650 5040 ι
2685 4987 2821 5041 Cum
2855 4998 2989 5055 ergo
3029 4979 3349 5035 Paracletus
3373 4979 3429 5033 in

1851 5090 2078 5139 sanctas
2105 5079 2319 5134 animas
2352 5080 2571 5135 coalitus
2608 5078 2885 5141 illabetur,
2916 5082 2971 5129 et
3005 5073 3156 5143 juste
3180 5072 3264 5127 eis
3302 5084 3429 5138 pro-

1850 5180 1971 5242 pter
2004 5171 2285 5227 sinceram
2313 5178 2369 5226 et
2400 5171 2779 5238 incorruptam
2810 5165 2973 5220 ﬁdem
3025 5163 3231 5218 missus
3258 5176 3428 5233 appa-

1851 5260 2031 5326 rebit,
2095 5269 2226 5314 tunc
2265 5259 2475 5329 peccati
2524 5270 2681 5312 reum
2750 5251 3019 5307 mundum
3086 5260 3314 5320 arguet,
3375 5255 3429 5303 et

1859 5362 2094 5417 superna
2132 5349 2307 5419 gratia
2349 5347 2625 5410 orbatum,
2659 5343 2789 5414 quia
2806 5341 3237 5413 Redemptorem
3265 5356 3427 5397 aver-

1861 5443 2075 5492 santur.
2139 5436 2355 5492 Rursus
2420 5442 2601 5490 autem
2652 5433 2833 5502 ipsum
2895 5440 3123 5503 arguet,
3163 5440 3424 5502 tanquam

1861 5528 1955 5597 qui
1996 5525 2180 5596 inique
2216 5525 2430 5597 peccati
2476 5523 2752 5580 accusarit
2778 5519 2999 5593 eos-qui
3024 5523 3138 5592 jam
3177 5520 3429 5578 credide-

1861 5626 2007 5675 runt.
2047 5616 2238 5674 Merito
2279 5618 2423 5675 enim
2456 5615 2743 5689 iustiﬁcati
2782 5623 2931 5682 sunt,
2975 5617 3103 5673 licet
3141 5614 3425 5671 Christum

768 5785 808 5813 "‘
839 5784 1033 5854 Ephes.
1072 5800 1108 5851 ι,
1144 5783 1320 5840 15-15.
1400 5787 1444 5817 ⁵²
1468 5785 1613 5843 Psal.
1639 5802 1726 5853 xc,
1765 5788 1845 5845 13.
