3998 6318
575 389 687 450 655

1531 394 1588 451 S.
1627 393 1902 451 CYRILLI
1942 394 2409 452 ALEXANDRINI
2444 395 2763 455 ARCHIEP.

3707 396 3818 454 456

577 507 783 562 ἐθέλειν
812 506 877 560 τὰ
928 507 1020 559 ἐπὶ
1060 505 1157 578 τῆς
1184 505 1289 580 γῆς
1309 547 1323 569 ,
1357 507 1438 571 εἰς
1464 507 1527 562 τὸ
1556 508 1695 579 μόνα
1728 508 1945 579 βλέπειν
1978 508 2047 563 τὰ
2081 510 2138 562 ἐν
2175 508 2443 579 οὐρανοῖς,
2474 509 2569 563 καὶ
2600 508 2658 576 ἐξ
2690 508 2953 580 ἀνάνδρου
3008 507 3231 572 δειλίας,
3279 508 3359 573 εἰς
3415 508 3821 579 εὐτολμοτάτην

579 607 835 661 διάνοιαν.
870 603 992 657 Ὅτι
1033 603 1092 657 δὲ
1117 604 1367 668 καὶτοὺς
1396 605 1645 679 μαθητὰς
1686 608 1844 662 τοῦτο
1871 608 2144 672 παθόντας
2177 608 2632 680 εὑρήσομενίκαὶ
2658 607 3130 679 κεχαλκευμένους
3166 605 3255 660 διά
3309 604 3406 657 τοῦ
3473 602 3816 673 Πνεύματος,

577 705 656 764 είς
682 699 741 753 τὸ
785 700 921 772 μήτε
952 699 1049 762 τὰς
1095 699 1204 755 τῶν
1243 701 1551 757 διωκόντων
1582 705 1983 769 ἐπαναστάσεις
2012 707 2310 777 κατανικᾷν
2334 706 2431 777 (1),
2493 705 2630 761 ἀλλὰ
2672 705 2767 760 καὶ
2802 705 2902 776 τῆς
2966 706 3045 767 είς
3087 700 3319 774 Χριστὸν
3387 697 3611 768 ἀγάπης
3649 695 3822 765 ἀπρὶξ

579 791 901 862 ἐχομένους,
947 791 1245 863 οὐδαμόθεν
1293 794 1613 864 ἀμφίϐολον.
1666 795 1876 851 Οὐκοῦν
1932 797 2140 869 ἀληθὴς
2172 797 2266 851 τοῦ
2300 798 2553 870 Σωτῆρος
2595 800 2625 853 6
2655 798 2833 867 λόγος,
2866 815 2885 849 ι
2925 794 3201 865 Συμφέρει
3239 792 3390 863 ὑμῖν,
3423 789 3704 858 λέγοντος.
3759 786 3821 838 τδ

577 877 929 947 ἀποδημῆσαί
976 897 1044 949 με
1081 881 1161 944 είς
1189 880 1470 951 οὐρανούς.
1509 902 1527 935 ι
1580 884 1817 948 Ἐκεῖνος
1859 886 1969 955 γὰρ
2016 881 2084 957 ἦν
2111 886 2141 938 6
2179 886 2371 957 καιρὸς
2397 890 2499 959 τῇς
2519 887 2746 942 καθόδου
2775 887 2870 940 τοῦ
2895 884 3233 954 Πνεύματος.

649 967 789 1032 XVI,
822 969 974 1025 8-H.
1011 970 1079 1023 Et
1112 987 1230 1025 cum
1266 974 1464 1027 venerit
1503 973 1626 1038 ille,
1666 985 1851 1046 arguet
1880 976 2137 1031 mundum

2308 977 2419 1031 Καί
2463 977 2658 1033 ἐλθὼν
2685 976 2948 1040 ἐκεῖνος,
2996 971 3231 1042 ἐλέγξει
3272 969 3381 1023 τὸν
3414 968 3651 1037 κόσμον
3681 968 3822 1037 περὶ

547 1048 641 1115 ’όε
665 1070 900 1131 peccato,
932 1071 981 1115 et
1012 1060 1075 1115 de
1109 1061 1348 1130 justitia,
1387 1074 1432 1117 et
1467 1062 1531 1119 de
1570 1065 1795 1135 judicio.
1825 1066 1902 1120 De
1931 1077 2142 1136 peccato

577 1153 807 1223 quidem,
838 1155 963 1223 quia
992 1170 1096 1209 non
1142 1154 1360 1210 credunt
1406 1158 1461 1210 iu
1512 1174 1613 1212 me.
1650 1158 1725 1213 De
1748 1154 1973 1228 'justitia
2000 1177 2141 1225 vero,

577 1244 703 1312 quia
732 1243 801 1296 ad
830 1242 1049 1297 Patrem
1078 1243 1230 1308 vado,
1271 1253 1320 1299 et
1345 1244 1462 1315 jam
1496 1263 1602 1301 non
1644 1248 1889 1305 videbitis
1930 1267 2033 1305 me.
2065 1249 2145 1305 De

574 1335 779 1404 judicio
816 1344 989 1393 autem
1011 1375 1025 1400 ,
1073 1337 1202 1407 quia
1236 1337 1476 1406 princeps
1509 1337 1668 1408 hujus
1718 1339 1902 1395 mundi
1916 1333 2142 1403 judica-

581 1435 664 1481 tus
696 1433 795 1481 est.

647 1515 944 1587 Postquam
996 1516 1238 1575 ostendit
1296 1527 1665 1589 opportunum
1732 1520 2038 1578 descensus
2091 1531 2147 1579 et

577 1606 861 1662 missionis
895 1608 1135 1678 Spiritus
1166 1616 1386 1680 tempus
1415 1626 1570 1679 esse,
1603 1613 1649 1667 si
1673 1612 1740 1667 ad
1774 1611 1992 1668 Patrem
2019 1613 2141 1669 red-

577 1696 739 1761 ierit,
799 1704 853 1751 et
910 1705 1199 1768 postquam
1256 1700 1673 1755 acerbissimum
1721 1700 1967 1757 dolorem
2021 1717 2149 1758 san-

577 1795 795 1841 ctorum
828 1786 1225 1858 discipulorum
1279 1803 1378 1858 per
1427 1789 1531 1855 hoc
1591 1790 1809 1846 abunde
1856 1792 2148 1863 mitigavit,

577 1878 689 1947 jam
722 1878 850 1948 quid
874 1878 1223 1948 praestiturus
1260 1883 1331 1933 sit
1355 1878 1681 1937 Paracletus
1711 1882 1936 1951 insuper
1968 1889 2153 1939 osten-

582 1968 682 2024 dit.
716 1988 735 2021 ι
760 1969 897 2024 Cum
936 1970 1082 2024 enim
1116 1971 1353 2036 venerit,
1397 1973 1594 2044 inquit,
1646 1982 1838 2043 arguet
1880 1973 2151 2028 mundum

583 2062 652 2117 de
688 2070 946 2131 peccato,
1008 2069 1062 2117 et
1109 2063 1179 2118 de
1227 2063 1487 2132 justitia,
1536 2073 1592 2120 et
1640 2065 1709 2120 de
1756 2065 1989 2135 judicio.
2023 2085 2042 2117 ι
2087 2065 2153 2119 Ει

585 2153 808 2223 quidem
838 2152 1117 2224 quomodo
1157 2153 1342 2209 futura
1391 2156 1463 2211 sit
1492 2156 1563 2212 de
1597 2172 1930 2228 unoquoque
1959 2157 2153 2211 redar-

586 2244 759 2315 gutio,
793 2253 1050 2301 accurate
1098 2245 1305 2301 docuit.
1364 2245 1501 2312 Quia
1536 2255 1718 2303 tamen
1758 2248 2007 2306 nonnulli
2043 2262 2152 2302 non

2244 1068 2563 1137 ἁμαρτίας,
2618 1068 2716 1123 καί
2752 1067 2886 1138 περὶ
2915 1063 3343 1129 δικαιοσύνης,
3386 1057 3487 1113 καὶ
3529 1059 3663 1127 περὶ
3694 1061 3827 1128 κρί-

2244 1175 2416 1227 σεως·
2476 1159 2617 1228 Περὶ
2648 1158 2938 1229 ἁμαρτίας
2963 1156 3109 1226 μὲν,
3161 1152 3253 1206 ὅτι
3300 1153 3373 1205 οὐ
3423 1149 3828 1203 πιστεύωσιν

2244 1251 2332 1317 είς
2357 1249 2487 1320 ἐμέ.
2532 1249 2674 1318 Περὶ
2707 1248 3101 1313 δικαιοσύνης
3124 1243 3193 1298 δὲ
3211 1283 3227 1308 ,
3251 1241 3339 1296 ὅτι
3368 1240 3517 1310 πρὸς
3550 1240 3658 1294 τὸν
3702 1243 3827 1294 11a-

2243 1342 2386 1411 τέρα
2400 1340 2627 1411 ὑπάγω,
2650 1341 2748 1395 καὶ
2774 1339 2972 1395 οὐκέτι
2990 1332 3256 1405 θεωρεῖτέ
3278 1351 3374 1404 με.
3406 1333 3543 1400 Περὶ
3566 1333 3828 1401 κρίσεως

2246 1433 2335 1497 δὲ,
2370 1432 2460 1487 ὅτι
2485 1435 2518 1486 d
2544 1430 2745 1501 ἄρχων
2763 1430 2871 1485 τοῦ
2892 1429 3123 1499 κόσμου
3156 1426 3375 1480 τούτου
3393 1423 3677 1492 κέκριται.

2315 1524 2521 1594 Καιρὸν
2568 1520 2841 1587 ἐπιδείξας
2873 1520 2964 1574 τὸν
3004 1518 3193 1573 δέοντα
3238 1517 3340 1587 τῆς
3370 1514 3463 1568 τοῦ
3502 1513 3828 1585 Πνεύματος

2248 1614 2475 1667 καθόδου
2517 1613 2612 1668 καὶ
2653 1611 2991 1680 ἀποστολῆς,
3031 1609 3093 1662 τὸ
3133 1607 3483 1678 ἀποδημῆσαι
3535 1605 3677 1675 πρὸς
3732 1604 3829 1657 τὸν

2250 1705 2497 1776 Πατέρα,
2543 1704 2638 1758 καὶ
2665 1703 2765 1774 τὴν
2811 1705 2867 1756 ἐν
2914 1703 3027 1764 τοῖς
3075 1698 3249 1767 ἁγίοις
3293 1695 3564 1767 μαθηταῖς
3600 1693 3827 1764 ἀγριαί-

2249 1810 2444 1848 νουσαν
2470 1793 2647 1863 λύπην
2673 1791 3024 1863 ἀποχρόντως
3051 1789 3138 1842 διὰ
3159 1787 3349 1841 τούτου
3379 1783 3823 1857 τεθεραπευκὼς,

2250 1888 2343 1940 καὶ
2371 1886 2531 1940 τίνων
2559 1885 2712 1940 ἔσται
2743 1882 3075 1954 δημιουργὸς
3101 1882 3129 1935 6
3157 1878 3511 1951 Παράκλητος
3536 1876 3829 1947 χρησίμως

2251 1975 2773 2048 προσεπιδείκνυσιν.
2827 1992 2847 2026 ι
2888 1972 3089 2027 Ἐλθὼν
3123 1972 3252 2042 γὰρ,
3280 1970 3464 2041 φησὶν,
3496 1968 3707 2037 ἐλέγξει
3734 1967 3827 2021 τὸν

2252 2067 2455 2137 κόσμον
2490 2066 2619 2137 περὶ
2663 2064 2967 2136 ἁμαρτίας,
3019 2064 3111 2117 καὶ
3152 2061 3281 2133 περὶ
3301 2058 3685 2128 δικαιοσύνης,
3733 2058 3827 2110 καὶ

2252 2158 2380 2229 περὶ
2420 2158 2673 2228 κρίσεως.
2704 2175 2723 2209 ι
2774 2155 2881 2209 Καὶ
2919 2156 3040 2207 τίνα
3079 2154 3176 2224 μὲν
3198 2153 3401 2223 τρόπον
3438 2152 3465 2204 6
3493 2150 3578 2218 ἐφ’
3608 2149 3826 2217 ἑκάστῳ

2252 2250 2361 2304 τῶν
2396 2249 2699 2322 εἰρημένων
2747 2247 2966 2317 ἐλεγχος
3004 2245 3185 2310 ἔσται,
3230 2242 3633 2312 διαμεμήνυκεν
3663 2240 3828 2307 ἀκριο

586 2333 877 2388 admodum
909 2333 1070 2388 facile
1107 2334 1222 2390 hinc
1248 2336 1466 2406 assequi
1501 2335 1675 2390 videri
1709 2344 1965 2405 possunt,
1999 2336 2153 2407 sigil-

2265 2341 2385 2405 ϐῶς.
2624 2339 2856 2408 ἐπείπερ
2899 2337 2961 2390 οὐ
3009 2334 3129 2389 λίαν
3179 2332 3416 2395 εὐκόλως
3466 2329 3829 2407 προσϐάλλειν

586 2423 743 2481 latim
771 2424 1153 2494 explicandum
1180 2425 1439 2491 arbitror,
1478 2433 1533 2480 et
1555 2425 1777 2494 quinam
1811 2425 2154 2497 singulorum

588 2516 662 2571 sit
687 2530 884 2571 sensus
917 2516 1120 2571 clarius
1152 2515 1556 2587 exponendum.
1592 2516 1779 2572 Primo
1815 2517 2002 2588 itaque
2032 2517 2157 2572 loco

588 2606 812 2675 ponitur
849 2605 1168 2676 redargutio
1204 2605 1272 2661 de
1306 2613 1555 2676 peccato.
1592 2605 1696 2673 Qui
1732 2621 1862 2662 vero
1891 2605 2156 2661 mundum

587 2697 822 2768 arguet?
872 2697 1077 2768 Nempe
1120 2712 1244 2753 cum
1298 2698 1356 2753 in
1390 2695 1678 2768 diligentes
1715 2696 2021 2765 Christum,
2056 2711 2156 2753 ceu

588 2789 787 2859 dignos
815 2803 880 2843 ac
914 2787 1121 2854 ﬁdeles,
1154 2788 1458 2856 intraverit,
1481 2796 1613 2844 tunc
1645 2798 1816 2857 certe,
1840 2797 1974 2843 tunc
2000 2802 2158 2842 mun-

589 2879 751 2943 dum,
806 2878 912 2934 hoc
951 2887 1037 2934 est
1087 2878 1402 2949 imperitos,
1453 2887 1506 2934 et
1548 2878 1797 2937 inﬁdeles
1856 2880 2057 2945 adhuc,
2106 2886 2162 2935 et

592 2972 935 3042 voluptatum
972 2971 1173 3027 studiis
1200 2970 1411 3039 alﬁxos,
1445 2972 1560 3041 ipsa
1590 2987 1650 3028 re
1669 2979 1880 3043 arguet,
1902 2973 2161 3028 condemv

595 3062 855 3131 nabitque
893 3068 954 3115 ut
992 3062 1234 3130 peccatis
1266 3061 1540 3117 obnoxios
1589 3062 1819 3131 suisque
1853 3061 2007 3119 vitiis
2061 3061 2165 3117 im-

504 3194 509 3200 .
594 3152 915 3207 morituros.
949 3152 1108 3222 92],
1149 3151 1505 3225 Nequaquam
1532 3152 1678 3208 enim
1703 3153 1846 3209 Deus
1893 3167 2160 3224 personas

2257 2433 2404 2496 εἰκὸς
2422 2431 2501 2503 τῷ
2530 2428 2844 2501 θεωρήματι
2869 2443 3039 2490 τινας,
3061 2417 3446 2496 διερμηνεῦσαι
3464 2423 3574 2476 δεῖν
3603 2420 3706 2474 ἀνὰ
3733 2420 3833 2488 μέ-

2261 2542 2353 2596 ρος
2378 2523 2764 2595 ὐπολαμϐάνω,
2789 2520 2883 2575 καὶ
2927 2519 3245 2589 λευκότερον
3280 2517 3451 2569 εἰπεῖν
3487 2513 3581 2567 τοῦ
3624 2527 3832 2582 σημαι-

2257 2617 2482 2687 νομένου
2514 2616 2615 2687 τὴν
2646 2614 2894 2685 δύναμιν.
2947 2611 3197 2666 Τέθειται
3236 2608 3413 2662 τοίνυν
3442 2608 3499 2659 ἐν
3537 2603 3776 2674 πρώτοις
3804 2601 3836 2653 6

2260 2708 2389 2779 περὶ
2443 2706 2545 2776 τῆς
2589 2704 2861 2776 ἁμαρτίας
2885 2702 3124 2772 ἔλεγχος.
3185 2698 3309 2762 Πῶς
3352 2693 3445 2750 οὖν
3484 2693 3691 2762 ἐλέγξει
3741 2691 3836 2745 τὸν

2261 2797 2494 2868 κόσμον;
2522 2795 2690 2848 Ὅταν
2716 2793 2825 2863 γὰρ
2855 2795 2966 2856 τοῖς
2994 2790 3245 2861 ἀγαπῶσι
3274 2787 3526 2859 Χριστὸν,
3549 2785 3623 2848 ὡς
3655 2783 3841 2846 ἀξίοις

2260 2886 2362 2957 ήδη
2391 2885 2484 2938 καὶ
2511 2880 2898 2935 πεπιστευκόσι
2925 2880 3170 2951 γένηται,
3200 2876 3322 2930 τότε
3351 2874 3439 2945 δὴ,
3470 2873 3587 2927 τότε
3618 2871 3713 2924 τὸν
3740 2870 3841 2923 κό-

2264 2993 2428 3047 σμον,
2479 2974 2623 3028 τοῦτ’
2657 2973 2802 3039 ἐστι,
2840 2972 2965 3035 τοὺς
3008 2968 3390 3030 ἀπαιδεύτους,
3446 2965 3540 3019 καὶ⁵
3567 2962 3844 3023 ἀπίστους

2263 3068 2346 3122 ἐτι
2366 3109 2382 3135 ,
2428 3067 2522 3121 καὶ
2552 3067 2672 3128 ταῖς
2703 3065 2762 3118 ἐν
2795 3063 2987 3133 κόσμῳ
3018 3060 3350 3130 φιληδονίαις
3386 3054 3844 3127 κεκρατημένους

2262 3160 2330 3214 δι’
2361 3156 2526 3213 αὐτοῦ
2564 3153 2866 3226 κατακρίνῃ
2903 3151 2999 3206 τοῦ
3031 3150 3373 3223 πράγματος,
3396 3148 3471 3209 ὡς
3500 3147 3720 3215 ἐνόχους
3744 3145 3846 3196 ἐπὶ

594 3240 889 3310 respiciet,
937 3256 1119 3310 neque
1146 3241 1234 3298 his
1276 3241 1595 3298 hominibus
1638 3243 1759 3298 sine
1798 3242 1949 3312 justa
1993 3257 2161 3298 causa

2265 3252 2384 3314 ταῖς
2418 3248 2575 3311 ίδίαις
2608 3246 2925 3318 ἁμαρτίαις,
2956 3243 3049 3297 καὶ
3082 3244 3196 3305 τοῖς
3225 3238 3431 3293 ἐαυτῶν
3456 3234 3850 3303 ἐντεθνηξομέ-

595 3333 860 3405 largietur
915 3333 1180 3403 Spiritum
1207 3372 1223 3398 ,
1269 3334 1393 3390 aliis
1443 3350 1553 3390 nou
1600 3334 1774 3390 item:
1807 3334 1902 3390 sed
1938 3334 1995 3390 in
2027 3334 2162 3389 solis

2267 3358 2393 3405 νους
2417 3340 2636 3411 ἀμαρτή
2646 3353 2827 3409 μασιν.
2856 3332 3391 3405 Προσωποληπτήσει
3418 3329 3525 3398 γὰρ
3543 3325 3803 3395 οὐδαμῶς
3818 3327 3851 3379 6

602 3422 785 3494 dignis
818 3423 1128 3481 inhabitare
1157 3423 1321 3481 faciet
1340 3423 1712 3491 Paracletum,
1744 3427 1838 3498 qui
1877 3441 1975 3497 per
2005 3425 2162 3481 fidem

2266 3430 2438 3495 Θεὸς,
2495 3428 2612 3482 ἀλλ’
2644 3426 2768 3480 οὐδέ
2823 3442 2934 3478 τισι
2980 3423 3080 3493 μὲν
3109 3421 3218 3474 τῶν
3264 3420 3357 3473 ἐπὶ
3395 3419 3495 3488 τῆς
3522 3418 3622 3487 γῆς
3652 3415 3850 3479 αἰτίας

598 3514 873 3571 sinceram
918 3521 979 3569 ut
1022 3513 1189 3570 Deum
1236 3529 1427 3572 revera
1471 3517 1785 3582 coluerint,
1827 3528 1881 3573 et
1917 3518 2162 3591 universi

2267 3522 2490 3590 εὐλόγου
2532 3521 2655 3592 δίχα
2702 3519 2974 3590 χαριεῖται
3003 3516 3064 3568 τὸ
3090 3514 3346 3584 Πνεῦμα,
3377 3512 3490 3565 τισὶ
3535 3509 3589 3562 δὲ
3625 3507 3849 3572 οὐκέτι,

597 3606 857 3677 Opificem
883 3620 948 3661 ac
978 3605 1274 3662 Dominum
1309 3606 1550 3665 confessi
1590 3608 1816 3665 fuerint.
1841 3609 2001 3677 Quod
2035 3625 2162 3681 ergo

2272 3617 2453 3689 μόνοις
2492 3615 2550 3668 δέ
2597 3616 2711 3677 τοῖς
2743 3611 2914 3677 ἀξίοις
2955 3608 3290 3678 ἐγκατοικιεῖ
3334 3604 3425 3659 τὸν
3455 3602 3850 3676 Παράκὶπιτον,

602 3694 862 3751 Servator
891 3697 1048 3766 prius
1067 3694 1273 3753 Iudaeis
1298 3697 1436 3752 dixit
1469 3717 1482 3753 :
1519 3717 1539 3751 ι
1570 3698 1629 3754 Si
1674 3714 1786 3754 non
1816 3699 2169 3756 credideritis

600 3786 727 3856 quia
762 3800 862 3856 ego
884 3801 1006 3841 sum
1028 3824 1043 3850 ,
1093 3785 1151 3840 in
1183 3789 1425 3857 peccatis
1452 3789 1651 3844 vestris
1707 3790 2102 3859 moriemini“,
2146 3811 2164 3844 ι

598 3875 766 3932 rebus
803 3874 942 3946 ipsis
995 3891 1188 3931 verum
1230 3876 1285 3931 id
1340 3892 1466 3934 esse
1524 3877 1840 3936 Paracletus
1894 3882 2169 3948 ostendet,

602 3981 728 4021 eum
772 3965 1010 4022 venerit.
1062 3963 1278 4022 Rursus
1313 3974 1495 4022 autem
1527 3984 1539 4020 :
1582 3985 1601 4019 ι
1633 3969 1839 4039 Arguet
1879 3972 2169 4038 mundum,

605 4059 805 4130 inquit,
860 4058 930 4115 de
983 4058 1225 4128 iustitia,
1268 4060 1398 4128 quia
1445 4059 1514 4115 ad
1571 4058 1794 4116 Patrem
1846 4062 2022 4130 vado,
2069 4079 2172 4119 nee

605 4148 841 4219 amplius
882 4148 1138 4205 videbitis
1174 4163 1277 4205 me.
1324 4167 1343 4201 ι
1388 4147 1520 4205 Jure
1553 4151 1701 4207 enim
1735 4154 2172 4222 patrocinabitur

606 4239 678 4294 iis
730 4237 824 4308 qui
881 4238 939 4294 in
989 4238 1271 4295 Christum
1327 4248 1451 4310 post
1500 4242 1880 4303 ascensionem
1932 4242 2053 4313 ejus
2113 4244 2172 4299 in

609 4329 782 4386 caelos
814 4329 1191 4395 crediderint,
1249 4336 1311 4384 ut
1360 4329 1455 4401 qui
1501 4330 1653 4401 juste
1692 4333 1981 4403 iustificati
2040 4336 2172 4391 sint.

613 4419 989 4489 Susceperunt
1015 4420 1165 4475 enim
1182 4429 1241 4474 ut
1267 4419 1436 4475 Deum
1458 4435 1672 4487 verum,
1699 4438 1863 4493 quem
1885 4438 1995 4478 non
2021 4424 2173 4479 vide-

611 4516 764 4574 runt,
791 4517 848 4565 et
910 4523 1034 4564 cum
1098 4524 1199 4565 suo
1248 4508 1411 4566 Patre
1457 4511 1748 4569 considere
1801 4513 2170 4569 crediderunt.

612 4599 772 4668 Quod
807 4599 955 4655 enim
1000 4599 1257 4657 Christus
1302 4602 1492 4658 beatos
1531 4611 1756 4659 vocaret
1804 4618 1900 4661 eos
1948 4605 2042 4674 qui
2097 4605 2178 4661 sic

613 4691 922 4757 crederent,
961 4681 1127 4748 facile
1155 4692 1334 4750 discet
1367 4694 1626 4764 quisquis
1659 4694 1878 4750 illorum
1911 4696 2177 4753 memine-

610 4785 688 4840 rit
714 4799 841 4854 qua:
883 4782 1025 4839 dixit
1072 4781 1315 4840 Thomas
1353 4799 1420 4840 ac
1469 4783 1623 4841 fecit.
1666 4783 1806 4840 Nam
1835 4800 1960 4841 cum
1994 4787 2063 4843 de
2092 4803 2180 4843 re—

614 4876 959 4934 surrectione
996 4873 1120 4932 Filii
1159 4875 1338 4932 adhuc
1381 4877 1701 4933 dubitaret:
1738 4898 1757 4932 ι
1795 4878 1910 4935 Nisi
1943 4880 2175 4945 mittam,

2268 3709 2318 3763 οἳ
2346 3707 2437 3762 διὰ
2478 3706 2714 3768 πίστεως
2742 3701 3095 3773 είλικρινοῦς,
3144 3700 3221 3764 ὡς
3255 3698 3387 3752 Θεὸν
3414 3697 3579 3759 ὅντως
3609 3697 3853 3765 τετιμή-

2269 3815 2419 3860 κασι,
2476 3797 2571 3850 καὶ
2612 3795 2722 3849 τῶν
2764 3795 2898 3848 ὅλων
2943 3791 3302 3863 ὡμολόγησαν
3351 3786 3689 3859 Δημιουργὸν
3750 3786 3854 3839 καίΙ

2270 3888 2495 3958 Κύριον.
2562 3887 2740 3957 Ὅπερ
2791 3879 2885 3939 οὖν
2936 3883 3124 3955 εἴρηκε
3165 3880 3376 3950 φθάσας
3398 3881 3511 3941 τοῖς
3563 3876 3854 3939 Ἰουδαίοις

2270 3980 2433 4042 αὐτὸς
2470 3981 2499 4032 6
2526 3977 2717 4051 Σωτὴρ
2737 4016 2752 4041 ,
2804 3978 2890 4030 δτι
2922 3995 2942 4028 ι
2974 3974 3101 4028 Ἐὰν
3133 3972 3209 4044 μὴ
3247 3970 3571 4039 πιστεύσητε
3601 3970 3685 4022 ὅτι
3733 3966 3855 4037 ἐγώ

2271 4073 2408 4142 είμι,
2444 4071 2503 4123 ἐν
2532 4071 2652 4133 ταῖς
2681 4067 2978 4141 ἁμαρτίαις
3010 4065 3165 4136 ὑμῶν
3192 4062 3567 4126 ἀποθανεῖσθε,
3597 4080 3617 4112 ι
3645 4059 3855 4129 ἀληθὲς

2270 4163 2331 4217 δν
2364 4159 2618 4225 ἐπιδείξει
2666 4157 2758 4212 διὰ
2788 4155 3131 4230 πραγμάτων
3172 4155 3202 4207 6
3234 4150 3592 4223 Παράκλητος
3649 4147 3849 4201 ἐλθών.

2281 4274 2300 4306 ι
2339 4252 2577 4322 Ἐλέγξει
2604 4250 2663 4304 δὲ
2691 4249 2853 4304 πάλιν
2881 4247 2973 4301 τὸν
3003 4247 3238 4316 κόσμον,
3274 4243 3442 4315 φησὶ,
3484 4241 3611 4312 περὶ
3642 4239 3855 4293 δικαιο-

2277 4344 2462 4413 σύνης,
2491 4343 2573 4396 ὅτι
2606 4340 2741 4412 πρὸς
2773 4338 2863 4393 τὸν
2888 4336 3107 4408 Πατέρα
3129 4336 3344 4404 ὑπάγω,
3374 4332 3470 4387 καὶ
3499 4329 3684 4384 οὐκέτι
3712 4330 3854 4382 θεω-

2278 4434 2425 4506 ρεῖτέ
2460 4451 2549 4504 με.
2582 4452 2601 4485 ι
2641 4431 2866 4502 Συνερεῖ
2892 4428 3003 4500 γὰρ
3030 4425 3254 4491 δικαίως
3282 4427 3397 4488 τοῖς
3428 4420 3855 4475 πεπιστευκόσιν

2275 4530 2356 4590 είς
2384 4524 2649 4596 Χριστὸν,
2692 4522 2831 4592 μετά
2872 4520 2970 4590 τὴν
3005 4519 3086 4582 είς
3140 4515 3401 4586 οὐρανοὺς
3438 4510 3725 4574 ἀνάϐασιν,
3779 4510 3856 4572 ὡς

2275 4614 2501 4677 δικαίως
2551 4609 3014 4680 δεδικαιωμένοις.
3062 4604 3433 4677 Παρεδὲξαντο
3477 4598 3593 4672 γὰρ’
3618 4599 3696 4664 ὡς
3720 4598 3857 4652 Θεὸν

2277 4703 2559 4777 ἀληθινὸν,
2585 4702 2645 4757 δν
2671 4701 2953 4756 τεθέανται
2983 4699 3080 4769 μὲν
3105 4695 3353 4768 οὐδαμῶς
3372 4734 3387 4760 ,
3417 4691 3758 4763 συνεδρεύειν
3792 4704 3855 4758 γε

2282 4797 2387 4867 μὴν
2419 4794 2496 4866 τῷ
2534 4793 2648 4864 ἰδίῳ
2673 4792 2850 4862 Πατρὶ
2880 4788 3325 4844 πεπιστεύκασιν.
3377 4786 3500 4839 Ὅτι
3521 4784 3631 4852 γὰρ
3678 4797 3858 4852 μακα-

2282 4887 2431 4959 ρίους
2471 4883 2736 4939 ἀπεκάλει
2773 4883 2899 4947 τούς
2942 4880 3085 4935 οὕτω
3134 4877 3487 4939 πιστεύοντας
3525 4876 3554 4928 6
3599 4872 3858 4945 Χριστὸς,

617 4968 815 5039 inquit,
841 4982 1069 5045 manum
1100 4982 1275 5022 meam
1307 4968 1361 5021 in
1401 4968 1546 5024 latus
1575 4969 1717 5039 ejus,
1748 4980 1802 5025 et
1829 4970 2020 5027 videro
2047 4973 2157 5027 fixu

2286 4976 2516 5048 ἐκμάθοι
2548 4993 2631 5038 τις
2670 4973 2736 5031 ἂν
2783 4974 2876 5026 καὶ
2921 4970 3039 5025 λίαν
3071 4969 3309 5033 εὐκόλως
3350 4966 3574 5021 ἐκείνων
3618 4966 3861 5033 ἐπιμνη-

614 5074 728 5113 ram
760 5039 1065 5125 clavorum,
1113 5073 1224 5114 non
1273 5059 1490 5114 credam
1506 5059 1571 5113 δ’.
1617 5079 1636 5111 ι
1662 5059 1959 5131 Postquam
1996 5074 2177 5119 autem

614 5149 868 5216 credidit,
904 5149 1129 5207 Christo
1173 5150 1321 5220 quod
1372 5150 1552 5206 facere
1581 5152 1846 5208 voluisset
1876 5154 1925 5209 ei
1957 5155 2180 5225 permit-

704 5287 747 5321 ⁸⁸
767 5285 927 5342 Joan.
956 5302 1076 5351 vm,
1113 5286 1203 5340 24.
1300 5287 1343 5318 ⁸³
1370 5284 1527 5340 Joan.
1554 5302 1646 5354 xx,
1673 5285 1765 5343 25.

691 5442 765 5511 (l)
812 5441 927 5497 Vox
964 5443 1223 5499 mendosa
1247 5481 1262 5504 ,
1308 5442 1397 5495 cui
1431 5440 1877 5511 substituendum
1909 5454 2184 5508 καταναρ·

618 5510 753 5579 κᾷν,
786 5512 1092 5578 obtorpere,
1132 5513 1363 5581 pigrari,
1397 5513 1600 5574 vereri;
1632 5510 1695 5581 ad
1732 5511 1878 5565 hunc
1911 5525 2131 5565 sensum
2169 5529 2181 5563 :

619 5573 772 5648 Quod
803 5573 976 5633 autem
1012 5573 1324 5637 inuenientus
1348 5573 1634 5649 discipulo:
1665 5579 1760 5635 hoc
1788 5583 1983 5649 'passos
2025 5589 2074 5633 et
2096 5594 2159 5647 pe

2288 5573 2407 5649 σεῖν
2447 5579 2647 5649 ἀδίκως
2687 5577 2749 5629 οὐ
2801 5573 3219 5649 καταναρκῶντέ

621 5642 882 5715 Spiritum
910 5650 1273 5718 conﬁrmatos,
1296 5661 1353 5704 ut
1378 5668 1465 5705 nec
1483 5642 1909 5719 persequentium
1944 5642 2160 5719 incursu

2290 5648 2367 5719 μὴ
2397 5648 2611 5719 σφόδροι
2633 5642 3247 5719 “temeritatem”?
3274 5642 3305 5713 ἦ

621 5728 950 5783 tererentur,
1002 5720 1090 5772 sed
1129 5731 1178 5773 et
1215 5720 1488 5773 dilectioni
1522 5722 1574 5773 in
1616 5718 1884 5773 Christum
1929 5718 2184 5771 tenaciter

620 5787 974 5854 adltmrentes,
1019 5788 1320 5844 nullatenus
1362 5790 1577 5842 dubium
1617 5799 1713 5841 est.
1764 5788 1924 5844 Juxta
1971 5787 2189 5857 exposi-

2292 5067 2438 5129 σθεὶς
2456 5105 2470 5132 ,
2496 5057 2572 5119 ὧν
2597 5062 2786 5134 εἴρηκέ
2816 5078 2876 5114 τε
2904 5063 2998 5114 καὶ
3018 5058 3275 5129 δέδρακεν
3298 5057 3327 5109 ό
3354 5054 3576 5125 Θωμᾶς.
3625 5049 3865 5105 Ἐνδοιά-

2289 5159 2396 5222 ζων
2426 5156 2533 5227 γὰρ
2556 5154 2636 5207 ἔτι
2666 5152 2802 5224 πρὸς
2827 5151 2888 5205 τὸ
2921 5150 3217 5206 ἀναϐιῶναι
3248 5147 3337 5202 τὸν
3363 5146 3495 5200 Υίόν
3523 5161 3538 5175 ·
3575 5163 3594 5196 ι
3631 5143 3761 5196 Ἐὰν
3790 5141 3866 5215 μὴ

2285 5441 2490 5496 tionem
2524 5437 2841 5502 Phavorini,
2872 5438 2931 5490 οὐ
2963 5435 3366 5503 καταναρκήσω
3386 5449 3398 5462 ·
3423 5432 3485 5485 οὐ
3516 5431 3868 5503 κατοκνήσω.

2288 5452 2490 5496 tionem
2525 5452 2841 5502 ruavormi,
2872 5452 2931 5490 ου
2963 5452 3173 5489 κατανα
3215 5452 3366 5503 κησω
3386 5452 3398 5462 ·
3423 5452 3485 5485 ου
3516 5452 3868 5496 κατοκνησω.

2288 5510 2351 5562 Ει
2375 5506 2828 5582 quemadmodum
2862 5506 3002 5561 idem
3028 5452 3265 5582 Cy_rilfus
3291 5516 3458 5571 supra
3476 5516 3528 5570 p.
3552 5500 3681 5582 (il9,
3707 5501 3869 5582 (ἒξ-ιε.-

3196 5574 3252 5637 ἑς
3298 5588 3448 5634 τινας
3475 5585 3487 5600 ⁶
3534 5580 3587 5625 et
3626 5584 3677 5637 p.
3723 5571 3870 5631 955,

3333 5641 3549 5704 λύπαις.
3579 5639 3867 5694 Corum.

2296 5714 2545 5774 Monum;
2571 5716 2712 5772 Eccl.
2742 5715 2832 5769 Gr.
2850 5714 2937 5781 ἸΙ,
2961 5714 3083 5768 655.
