  <div class='ocr_page' id='page_1' title='image "/cluster/home/n/w/nwhite01/storage/ocr_20150623/74/pst.000004029052/232.png"; bbox 0 0 3998 6318; ppageno 0'>
   <div class='ocr_carea' id='block_1_1' title="bbox 169 404 274 460">
    <p class='ocr_par' dir='ltr' id='par_1_1' title="bbox 169 404 274 460">
     <span class='ocr_line' id='line_1_1' title="bbox 169 404 274 460; baseline -0.029 -1"><span class='ocrx_word' id='word_1_1' title='bbox 169 404 274 460; x_wconf 75' lang='grc'>457</span> 
     </span>
    </p>
   </div>
   <div class='ocr_carea' id='block_1_2' title="bbox 1221 405 2371 466">
    <p class='ocr_par' dir='ltr' id='par_1_2' title="bbox 1221 405 2371 466">
     <span class='ocr_line' id='line_1_2' title="bbox 1221 405 2371 466; baseline 0 -6"><span class='ocrx_word' id='word_1_2' title='bbox 1221 405 1285 460; x_wconf 77' lang='lat' dir='ltr'>IN</span> <span class='ocrx_word' id='word_1_3' title='bbox 1325 405 1614 462; x_wconf 83' lang='lat' dir='ltr'>JOANNIS</span> <span class='ocrx_word' id='word_1_4' title='bbox 1653 405 2102 466; x_wconf 72' lang='lat' dir='ltr'>EVANGELIUM</span> <span class='ocrx_word' id='word_1_5' title='bbox 2143 406 2271 463; x_wconf 86' lang='lat' dir='ltr'>LIB.</span> <span class='ocrx_word' id='word_1_6' title='bbox 2306 406 2371 461; x_wconf 80' lang='grc' dir='ltr'>Χ.</span> 
     </span>
    </p>
   </div>
   <div class='ocr_carea' id='block_1_3' title="bbox 3309 412 3411 465">
    <p class='ocr_par' dir='ltr' id='par_1_3' title="bbox 3309 412 3411 465">
     <span class='ocr_line' id='line_1_3' title="bbox 3309 412 3411 465; baseline 0 0"><span class='ocrx_word' id='word_1_7' title='bbox 3309 412 3411 465; x_wconf 62' lang='grc'>458</span> 
     </span>
    </p>
   </div>
   <div class='ocr_carea' id='block_1_4' title="bbox 172 517 1739 594">
    <p class='ocr_par' dir='ltr' id='par_1_4' title="bbox 172 517 1734 593">
     <span class='ocr_line' id='line_1_4' title="bbox 172 517 1734 593; baseline 0.004 -23"><span class='ocrx_word' id='word_1_8' title='bbox 172 518 350 590; x_wconf 80' lang='grc' dir='ltr'>βάλω,</span> <span class='ocrx_word' id='word_1_9' title='bbox 385 517 549 588; x_wconf 76' lang='grc' dir='ltr'>φησὶ,</span> <span class='ocrx_word' id='word_1_10' title='bbox 593 518 691 587; x_wconf 81' lang='grc' dir='ltr'>τὴν</span> <span class='ocrx_word' id='word_1_11' title='bbox 724 518 882 589; x_wconf 85' lang='grc' dir='ltr'>χεῖρά</span> <span class='ocrx_word' id='word_1_12' title='bbox 916 536 1016 589; x_wconf 90' lang='grc' dir='ltr'>μου</span> <span class='ocrx_word' id='word_1_13' title='bbox 1047 520 1126 583; x_wconf 84' lang='grc' dir='ltr'>είς</span> <span class='ocrx_word' id='word_1_14' title='bbox 1153 521 1250 592; x_wconf 83' lang='grc' dir='ltr'>τὴν</span> <span class='ocrx_word' id='word_1_15' title='bbox 1285 523 1524 593; x_wconf 78' lang='grc' dir='ltr'>πλευράν</span> <span class='ocrx_word' id='word_1_16' title='bbox 1548 521 1734 587; x_wconf 80' lang='grc' dir='ltr'>αὐτοῦ,</span> 
     </span>
    </p>
   </div>
   <div class='ocr_carea' id='block_1_5' title="bbox 1839 517 3408 594">
    <p class='ocr_par' dir='ltr' id='par_1_5' title="bbox 1841 524 3408 594">
     <span class='ocr_line' id='line_1_5' title="bbox 1841 524 3408 594; baseline 0.002 -16"><span class='ocrx_word' id='word_1_17' title='bbox 1841 532 2012 591; x_wconf 85' lang='lat' dir='ltr'><strong>tente,</strong></span> <span class='ocrx_word' id='word_1_18' title='bbox 2063 540 2334 594; x_wconf 89' lang='lat' dir='ltr'><strong>quosnam</strong></span> <span class='ocrx_word' id='word_1_19' title='bbox 2382 538 2665 579; x_wconf 79' lang='lat' dir='ltr'>sermones</span> <span class='ocrx_word' id='word_1_20' title='bbox 2701 524 2970 579; x_wconf 63' lang='lat' dir='ltr'><strong>audiith</strong></span> <span class='ocrx_word' id='word_1_21' title='bbox 3025 524 3164 592; x_wconf 85' lang='lat' dir='ltr'>Quia</span> <span class='ocrx_word' id='word_1_22' title='bbox 3221 526 3408 582; x_wconf 86' lang='lat' dir='ltr'><strong>vidisti</strong></span> 
     </span>
    </p>
   </div>
   <div class='ocr_carea' id='block_1_6' title="bbox 172 608 1733 685">
    <p class='ocr_par' dir='ltr' id='par_1_6' title="bbox 172 608 1733 685">
     <span class='ocr_line' id='line_1_6' title="bbox 172 608 1733 685; baseline 0.004 -24"><span class='ocrx_word' id='word_1_23' title='bbox 172 609 264 663; x_wconf 77' lang='grc' dir='ltr'>καὶ</span> <span class='ocrx_word' id='word_1_24' title='bbox 290 608 386 660; x_wconf 87' lang='grc' dir='ltr'>ῖδω</span> <span class='ocrx_word' id='word_1_25' title='bbox 426 609 553 672; x_wconf 86' lang='grc' dir='ltr'>τοὺς</span> <span class='ocrx_word' id='word_1_26' title='bbox 580 608 782 671; x_wconf 77' lang='grc' dir='ltr'>τύπους</span> <span class='ocrx_word' id='word_1_27' title='bbox 818 610 928 663; x_wconf 83' lang='grc' dir='ltr'>τῶν</span> <span class='ocrx_word' id='word_1_28' title='bbox 957 610 1135 681; x_wconf 72' lang='grc' dir='ltr'>ἥλων,</span> <span class='ocrx_word' id='word_1_29' title='bbox 1159 613 1230 666; x_wconf 75' lang='grc' dir='ltr'>ὀὗ</span> <span class='ocrx_word' id='word_1_30' title='bbox 1265 613 1340 685; x_wconf 82' lang='grc' dir='ltr'>μὴ</span> <span class='ocrx_word' id='word_1_31' title='bbox 1387 613 1679 667; x_wconf 78' lang='grc' dir='ltr'>πιστεύσω.</span> <span class='ocrx_word' id='word_1_32' title='bbox 1714 633 1733 666; x_wconf 72' lang='grc' dir='ltr'><strong><em>ι</em></strong></span> 
     </span>
    </p>
   </div>
   <div class='ocr_carea' id='block_1_7' title="bbox 183 700 1740 776">
    <p class='ocr_par' dir='ltr' id='par_1_7' title="bbox 183 700 1740 776">
     <span class='ocr_line' id='line_1_7' title="bbox 183 700 1740 776; baseline 0.003 -23"><span class='ocrx_word' id='word_1_33' title='bbox 183 700 401 771; x_wconf 82' lang='grc' dir='ltr'>Ἐπειδὴ</span> <span class='ocrx_word' id='word_1_34' title='bbox 426 701 483 753; x_wconf 81' lang='grc' dir='ltr'>δέ</span> <span class='ocrx_word' id='word_1_35' title='bbox 510 700 903 768; x_wconf 81' lang='grc' dir='ltr'>πεπίστευκεν,</span> <span class='ocrx_word' id='word_1_36' title='bbox 939 703 1077 774; x_wconf 85' lang='grc' dir='ltr'>ὅπερ</span> <span class='ocrx_word' id='word_1_37' title='bbox 1099 703 1331 775; x_wconf 75' lang='grc' dir='ltr'>ἠθέλησε</span> <span class='ocrx_word' id='word_1_38' title='bbox 1353 705 1485 776; x_wconf 76' lang='grc' dir='ltr'>δρᾷν</span> <span class='ocrx_word' id='word_1_39' title='bbox 1518 705 1740 774; x_wconf 72' lang='grc' dir='ltr'>ἐφέντος</span> 
     </span>
    </p>
   </div>
   <div class='ocr_carea' id='block_1_8' title="bbox 167 787 1743 863">
    <p class='ocr_par' dir='ltr' id='par_1_8' title="bbox 167 787 1743 863">
     <span class='ocr_line' id='line_1_8' title="bbox 167 787 1743 863; baseline 0.004 -22"><span class='ocrx_word' id='word_1_40' title='bbox 167 788 314 859; x_wconf 83' lang='grc' dir='ltr'>αὐτῷ</span> <span class='ocrx_word' id='word_1_41' title='bbox 333 788 428 842; x_wconf 83' lang='grc' dir='ltr'>τοῦ</span> <span class='ocrx_word' id='word_1_42' title='bbox 451 787 711 860; x_wconf 80' lang='grc' dir='ltr'>Χριστοῦ,</span> <span class='ocrx_word' id='word_1_43' title='bbox 738 789 905 845; x_wconf 84' lang='grc' dir='ltr'>ποίων</span> <span class='ocrx_word' id='word_1_44' title='bbox 931 791 1132 861; x_wconf 75' lang='grc' dir='ltr'>ἧκουσε</span> <span class='ocrx_word' id='word_1_45' title='bbox 1160 792 1364 862; x_wconf 84' lang='grc' dir='ltr'>λόγων;</span> <span class='ocrx_word' id='word_1_46' title='bbox 1393 796 1546 847; x_wconf 76' lang='grc' dir='ltr'>«Ὅτι</span> <span class='ocrx_word' id='word_1_47' title='bbox 1575 792 1743 863; x_wconf 82' lang='grc' dir='ltr'>ἐώρα-</span> 
     </span>
    </p>
   </div>
   <div class='ocr_carea' id='block_1_9' title="bbox 169 878 1741 955">
    <p class='ocr_par' dir='ltr' id='par_1_9' title="bbox 169 878 1741 955">
     <span class='ocr_line' id='line_1_9' title="bbox 169 878 1741 955; baseline 0.004 -25"><span class='ocrx_word' id='word_1_48' title='bbox 169 878 266 941; x_wconf 85' lang='grc' dir='ltr'>κάς</span> <span class='ocrx_word' id='word_1_49' title='bbox 320 895 409 948; x_wconf 84' lang='grc' dir='ltr'>με,</span> <span class='ocrx_word' id='word_1_50' title='bbox 468 879 837 944; x_wconf 81' lang='grc' dir='ltr'>πεπίστευκας</span> <span class='ocrx_word' id='word_1_51' title='bbox 867 897 877 910; x_wconf 75' lang='grc' dir='ltr'><strong>ο</strong></span> <span class='ocrx_word' id='word_1_52' title='bbox 909 882 1168 952; x_wconf 88' lang='grc' dir='ltr'>μακάριοι</span> <span class='ocrx_word' id='word_1_53' title='bbox 1200 886 1248 937; x_wconf 79' lang='lat' dir='ltr'>ot</span> <span class='ocrx_word' id='word_1_54' title='bbox 1288 885 1363 955; x_wconf 82' lang='grc' dir='ltr'>μὴ</span> <span class='ocrx_word' id='word_1_55' title='bbox 1388 883 1613 950; x_wconf 74' lang='grc' dir='ltr'>ἰδόντες,</span> <span class='ocrx_word' id='word_1_56' title='bbox 1646 884 1741 937; x_wconf 81' lang='grc' dir='ltr'>καὶ</span> 
     </span>
    </p>
   </div>
   <div class='ocr_carea' id='block_1_10' title="bbox 169 967 1740 1046">
    <p class='ocr_par' dir='ltr' id='par_1_10' title="bbox 169 967 1740 1046">
     <span class='ocr_line' id='line_1_10' title="bbox 169 967 1740 1046; baseline 0.005 -24"><span class='ocrx_word' id='word_1_57' title='bbox 169 968 577 1033; x_wconf 80' lang='grc' dir='ltr'>πιστεύσαντες.</span> <span class='ocrx_word' id='word_1_58' title='bbox 603 988 622 1021; x_wconf 72' lang='grc' dir='ltr'>ι</span> <span class='ocrx_word' id='word_1_59' title='bbox 664 970 898 1036; x_wconf 85' lang='grc' dir='ltr'>Δικαίως</span> <span class='ocrx_word' id='word_1_60' title='bbox 930 967 1023 1027; x_wconf 82' lang='grc' dir='ltr'>οὖν</span> <span class='ocrx_word' id='word_1_61' title='bbox 1068 973 1176 1046; x_wconf 77' lang='grc' dir='ltr'>ἄρα</span> <span class='ocrx_word' id='word_1_62' title='bbox 1207 974 1603 1041; x_wconf 85' lang='grc' dir='ltr'>δεδικαίωνται,</span> <span class='ocrx_word' id='word_1_63' title='bbox 1645 977 1740 1030; x_wconf 70' lang='grc' dir='ltr'>κα)⁸</span> 
     </span>
    </p>
   </div>
   <div class='ocr_carea' id='block_1_11' title="bbox 165 1059 1740 1129">
    <p class='ocr_par' dir='ltr' id='par_1_11' title="bbox 165 1059 1740 1129">
     <span class='ocr_line' id='line_1_11' title="bbox 165 1059 1740 1129; baseline 0.007 -19"><span class='ocrx_word' id='word_1_64' title='bbox 165 1059 283 1129; x_wconf 81' lang='grc' dir='ltr'>δίχα</span> <span class='ocrx_word' id='word_1_65' title='bbox 311 1060 407 1128; x_wconf 88' lang='grc' dir='ltr'>τῆς</span> <span class='ocrx_word' id='word_1_66' title='bbox 440 1059 568 1125; x_wconf 79' lang='grc' dir='ltr'>θέας</span> <span class='ocrx_word' id='word_1_67' title='bbox 597 1062 647 1114; x_wconf 74' lang='grc' dir='ltr'>οι</span> <span class='ocrx_word' id='word_1_68' title='bbox 686 1062 1105 1128; x_wconf 83' lang='grc' dir='ltr'>πιστεύσαντες·</span> <span class='ocrx_word' id='word_1_69' title='bbox 1140 1065 1234 1119; x_wconf 81' lang='grc' dir='ltr'>τοῦ</span> <span class='ocrx_word' id='word_1_70' title='bbox 1273 1065 1330 1119; x_wconf 85' lang='grc' dir='ltr'>δὲ</span> <span class='ocrx_word' id='word_1_71' title='bbox 1357 1066 1465 1120; x_wconf 85' lang='grc' dir='ltr'>τῶν</span> <span class='ocrx_word' id='word_1_72' title='bbox 1492 1067 1620 1120; x_wconf 81' lang='grc' dir='ltr'>τσων</span> <span class='ocrx_word' id='word_1_73' title='bbox 1646 1084 1740 1121; x_wconf 86' lang='grc' dir='ltr'>τυ-</span> 
     </span>
    </p>
   </div>
   <div class='ocr_carea' id='block_1_12' title="bbox 165 1151 1739 1229">
    <p class='ocr_par' dir='ltr' id='par_1_12' title="bbox 165 1151 1739 1229">
     <span class='ocr_line' id='line_1_12' title="bbox 165 1151 1739 1229; baseline 0.007 -28"><span class='ocrx_word' id='word_1_74' title='bbox 165 1152 273 1218; x_wconf 84' lang='grc' dir='ltr'>χεῖν</span> <span class='ocrx_word' id='word_1_75' title='bbox 298 1151 326 1203; x_wconf 92' lang='lat'>6</span> <span class='ocrx_word' id='word_1_76' title='bbox 356 1151 562 1221; x_wconf 88' lang='grc' dir='ltr'>κόσμος</span> <span class='ocrx_word' id='word_1_77' title='bbox 592 1152 849 1220; x_wconf 82' lang='grc' dir='ltr'>ἐξώλισθέ</span> <span class='ocrx_word' id='word_1_78' title='bbox 868 1195 885 1221; x_wconf 92' lang='grc'>,</span> <span class='ocrx_word' id='word_1_79' title='bbox 918 1153 1015 1225; x_wconf 83' lang='grc' dir='ltr'>τὴν</span> <span class='ocrx_word' id='word_1_80' title='bbox 1036 1156 1100 1209; x_wconf 80' lang='grc' dir='ltr'>ἐκ</span> <span class='ocrx_word' id='word_1_81' title='bbox 1124 1156 1358 1220; x_wconf 84' lang='grc' dir='ltr'>πίστεως</span> <span class='ocrx_word' id='word_1_82' title='bbox 1393 1156 1739 1229; x_wconf 88' lang='grc' dir='ltr'>δικαιοσύνην</span> 
     </span>
    </p>
   </div>
   <div class='ocr_carea' id='block_1_13' title="bbox 166 1238 1738 1321">
    <p class='ocr_par' dir='ltr' id='par_1_13' title="bbox 166 1238 1738 1321">
     <span class='ocr_line' id='line_1_13' title="bbox 166 1238 1738 1321; baseline 0.008 -29"><span class='ocrx_word' id='word_1_83' title='bbox 166 1241 222 1293; x_wconf 83' lang='grc' dir='ltr'>ού</span> <span class='ocrx_word' id='word_1_84' title='bbox 257 1238 701 1313; x_wconf 83' lang='grc' dir='ltr'>προσηκάμενος,</span> <span class='ocrx_word' id='word_1_85' title='bbox 724 1246 842 1299; x_wconf 82' lang='grc' dir='ltr'>ἀλλ’</span> <span class='ocrx_word' id='word_1_86' title='bbox 871 1246 1154 1320; x_wconf 78' lang='grc' dir='ltr'>ἐθελοντὴς</span> <span class='ocrx_word' id='word_1_87' title='bbox 1185 1252 1302 1314; x_wconf 82' lang='grc' dir='ltr'>τοῖς</span> <span class='ocrx_word' id='word_1_88' title='bbox 1334 1250 1486 1314; x_wconf 84' lang='grc' dir='ltr'>ίδίοις</span> <span class='ocrx_word' id='word_1_89' title='bbox 1509 1251 1738 1321; x_wconf 74' lang='grc' dir='ltr'>ἐμφιλο-</span> 
     </span>
    </p>
   </div>
   <div class='ocr_carea' id='block_1_14' title="bbox 166 1331 1737 1409">
    <p class='ocr_par' dir='ltr' id='par_1_14' title="bbox 166 1331 1737 1409">
     <span class='ocr_line' id='line_1_14' title="bbox 166 1331 1737 1409; baseline 0.01 -28"><span class='ocrx_word' id='word_1_90' title='bbox 166 1331 415 1403; x_wconf 87' lang='grc' dir='ltr'>χωρήσας</span> <span class='ocrx_word' id='word_1_91' title='bbox 444 1336 671 1396; x_wconf 83' lang='grc' dir='ltr'>κακοῖς.-</span> <span class='ocrx_word' id='word_1_92' title='bbox 716 1335 926 1390; x_wconf 79' lang='grc' dir='ltr'>Είδέναι</span> <span class='ocrx_word' id='word_1_93' title='bbox 974 1354 1037 1406; x_wconf 85' lang='grc' dir='ltr'>γε</span> <span class='ocrx_word' id='word_1_94' title='bbox 1081 1338 1185 1409; x_wconf 82' lang='grc' dir='ltr'>μὴν</span> <span class='ocrx_word' id='word_1_95' title='bbox 1215 1339 1510 1409; x_wconf 79' lang='grc' dir='ltr'>ἀναγκαῖον</span> <span class='ocrx_word' id='word_1_96' title='bbox 1528 1380 1543 1407; x_wconf 89' lang='grc'>,</span> <span class='ocrx_word' id='word_1_97' title='bbox 1574 1341 1650 1405; x_wconf 85' lang='grc' dir='ltr'>ὡς</span> <span class='ocrx_word' id='word_1_98' title='bbox 1673 1342 1737 1396; x_wconf 80' lang='grc' dir='ltr'>οὐ</span> 
     </span>
    </p>
   </div>
   <div class='ocr_carea' id='block_1_15' title="bbox 168 1421 1737 1504">
    <p class='ocr_par' dir='ltr' id='par_1_15' title="bbox 168 1421 1737 1504">
     <span class='ocr_line' id='line_1_15' title="bbox 168 1421 1737 1504; baseline 0.009 -31"><span class='ocrx_word' id='word_1_99' title='bbox 168 1421 302 1474; x_wconf 67' lang='grc' dir='ltr'>κατά</span> <span class='ocrx_word' id='word_1_100' title='bbox 332 1422 512 1492; x_wconf 91' lang='grc' dir='ltr'>μόνων</span> <span class='ocrx_word' id='word_1_101' title='bbox 552 1425 815 1480; x_wconf 76' lang='grc' dir='ltr'>Ἰουδαίων</span> <span class='ocrx_word' id='word_1_102' title='bbox 846 1428 878 1497; x_wconf 85' lang='grc' dir='ltr'>ή</span> <span class='ocrx_word' id='word_1_103' title='bbox 909 1428 1017 1481; x_wconf 85' lang='grc' dir='ltr'>τῶν</span> <span class='ocrx_word' id='word_1_104' title='bbox 1042 1428 1244 1500; x_wconf 82' lang='grc' dir='ltr'>ἀρτίως</span> <span class='ocrx_word' id='word_1_105' title='bbox 1271 1433 1404 1502; x_wconf 75' lang='grc' dir='ltr'>ἡμῖν</span> <span class='ocrx_word' id='word_1_106' title='bbox 1433 1433 1737 1504; x_wconf 76' lang='grc' dir='ltr'>εἰρημένων</span> 
     </span>
    </p>
   </div>
   <div class='ocr_carea' id='block_1_16' title="bbox 165 1510 1736 1592">
    <p class='ocr_par' dir='ltr' id='par_1_16' title="bbox 165 1510 1736 1592">
     <span class='ocr_line' id='line_1_16' title="bbox 165 1510 1736 1592; baseline 0.01 -31"><span class='ocrx_word' id='word_1_107' title='bbox 165 1510 398 1581; x_wconf 76' lang='grc' dir='ltr'>ἐλέγχων</span> <span class='ocrx_word' id='word_1_108' title='bbox 428 1512 558 1578; x_wconf 83' lang='grc' dir='ltr'>δυὰς</span> <span class='ocrx_word' id='word_1_109' title='bbox 599 1514 686 1568; x_wconf 78' lang='grc' dir='ltr'>διὰ</span> <span class='ocrx_word' id='word_1_110' title='bbox 723 1516 819 1570; x_wconf 82' lang='grc' dir='ltr'>τοῦ</span> <span class='ocrx_word' id='word_1_111' title='bbox 852 1519 1211 1591; x_wconf 84' lang='grc' dir='ltr'>Παρακλήτου</span> <span class='ocrx_word' id='word_1_112' title='bbox 1243 1525 1531 1592; x_wconf 82' lang='grc' dir='ltr'>γενήσεται</span> <span class='ocrx_word' id='word_1_113' title='bbox 1552 1562 1567 1587; x_wconf 89' lang='grc'>,</span> <span class='ocrx_word' id='word_1_114' title='bbox 1597 1523 1736 1577; x_wconf 88' lang='grc' dir='ltr'>κατά</span> 
     </span>
    </p>
   </div>
   <div class='ocr_carea' id='block_1_17' title="bbox 167 1603 1732 1683">
    <p class='ocr_par' dir='ltr' id='par_1_17' title="bbox 167 1603 1732 1683">
     <span class='ocr_line' id='line_1_17' title="bbox 167 1603 1732 1683; baseline 0.008 -28"><span class='ocrx_word' id='word_1_115' title='bbox 167 1603 362 1667; x_wconf 83' lang='grc' dir='ltr'>παντὸς</span> <span class='ocrx_word' id='word_1_116' title='bbox 381 1605 437 1657; x_wconf 86' lang='grc' dir='ltr'>δὲ</span> <span class='ocrx_word' id='word_1_117' title='bbox 460 1605 663 1675; x_wconf 83' lang='grc' dir='ltr'>μᾶλλον</span> <span class='ocrx_word' id='word_1_118' title='bbox 673 1606 960 1678; x_wconf 87' lang='grc' dir='ltr'>ἀνθρώπου</span> <span class='ocrx_word' id='word_1_119' title='bbox 988 1610 1224 1683; x_wconf 88' lang='grc' dir='ltr'>σκληροῦ</span> <span class='ocrx_word' id='word_1_120' title='bbox 1246 1628 1305 1664; x_wconf 93' lang='grc' dir='ltr'>τε</span> <span class='ocrx_word' id='word_1_121' title='bbox 1328 1612 1424 1666; x_wconf 77' lang='grc' dir='ltr'>καὶ</span> <span class='ocrx_word' id='word_1_122' title='bbox 1454 1612 1732 1683; x_wconf 79' lang='grc' dir='ltr'>ἀπειθοῦς.</span> 
     </span>
    </p>
   </div>
   <div class='ocr_carea' id='block_1_18' title="bbox 165 1694 1736 1774">
    <p class='ocr_par' dir='ltr' id='par_1_18' title="bbox 165 1694 1736 1774">
     <span class='ocr_line' id='line_1_18' title="bbox 165 1694 1736 1774; baseline 0.008 -28"><span class='ocrx_word' id='word_1_123' title='bbox 165 1694 424 1765; x_wconf 84' lang='grc' dir='ltr'>Σημαίνει</span> <span class='ocrx_word' id='word_1_124' title='bbox 461 1697 563 1765; x_wconf 84' lang='grc' dir='ltr'>μὲν</span> <span class='ocrx_word' id='word_1_125' title='bbox 585 1697 693 1770; x_wconf 83' lang='grc' dir='ltr'>γὰρ</span> <span class='ocrx_word' id='word_1_126' title='bbox 720 1699 754 1769; x_wconf 84' lang='grc' dir='ltr'>ή</span> <span class='ocrx_word' id='word_1_127' title='bbox 775 1696 869 1752; x_wconf 81' lang='grc' dir='ltr'>τοῦ</span> <span class='ocrx_word' id='word_1_128' title='bbox 896 1700 1102 1771; x_wconf 86' lang='grc' dir='ltr'>κόσμου</span> <span class='ocrx_word' id='word_1_129' title='bbox 1133 1704 1494 1774; x_wconf 83' lang='grc' dir='ltr'>προσηγορία,</span> <span class='ocrx_word' id='word_1_130' title='bbox 1523 1704 1617 1758; x_wconf 79' lang='grc' dir='ltr'>καὶ</span> <span class='ocrx_word' id='word_1_131' title='bbox 1646 1704 1736 1758; x_wconf 88' lang='grc' dir='ltr'>τὸν</span> 
     </span>
    </p>
   </div>
   <div class='ocr_carea' id='block_1_19' title="bbox 164 1780 1737 1866">
    <p class='ocr_par' dir='ltr' id='par_1_19' title="bbox 164 1780 1737 1866">
     <span class='ocr_line' id='line_1_19' title="bbox 164 1780 1737 1866; baseline 0.008 -27"><span class='ocrx_word' id='word_1_132' title='bbox 164 1780 280 1851; x_wconf 81' lang='grc' dir='ltr'>ταῖς</span> <span class='ocrx_word' id='word_1_133' title='bbox 312 1787 644 1857; x_wconf 84' lang='grc' dir='ltr'>φιληδονίαις</span> <span class='ocrx_word' id='word_1_134' title='bbox 670 1790 1064 1862; x_wconf 83' lang='grc' dir='ltr'>άκαταλήκτως</span> <span class='ocrx_word' id='word_1_135' title='bbox 1095 1794 1608 1866; x_wconf 89' lang='grc' dir='ltr'>ἐγκαλινδούμενον,</span> <span class='ocrx_word' id='word_1_136' title='bbox 1641 1797 1737 1851; x_wconf 70' lang='grc' dir='ltr'>κα)⁸</span> 
     </span>
    </p>
   </div>
   <div class='ocr_carea' id='block_1_20' title="bbox 164 1856 1811 1959">
    <p class='ocr_par' dir='ltr' id='par_1_20' title="bbox 164 1856 1811 1959">
     <span class='ocr_line' id='line_1_20' title="bbox 164 1856 1811 1959; baseline 0.009 -30"><span class='ocrx_word' id='word_1_137' title='bbox 164 1878 257 1947; x_wconf 83' lang='grc' dir='ltr'>τῆς</span> <span class='ocrx_word' id='word_1_138' title='bbox 277 1856 588 1950; x_wconf 74' lang='grc' dir='ltr'>διαϐολικῆς</span> <span class='ocrx_word' id='word_1_139' title='bbox 618 1856 914 1952; x_wconf 59' lang='grc' dir='ltr'>βδελυρίαςί</span> <span class='ocrx_word' id='word_1_140' title='bbox 938 1856 1055 1938; x_wconf 12' lang='grc' dir='ltr'>ούκή</span> <span class='ocrx_word' id='word_1_141' title='bbox 1075 1856 1447 1957; x_wconf 66' lang='grc' dir='ltr'>ἐξίστάμενον·</span> <span class='ocrx_word' id='word_1_142' title='bbox 1478 1856 1735 1959; x_wconf 74' lang='grc' dir='ltr'>σημαίνει</span> <span class='ocrx_word' id='word_1_143' title='bbox 1769 1856 1811 1916; x_wconf 75' lang='grc' dir='ltr'><strong><em>Β</em></strong></span> 
     </span>
    </p>
   </div>
   <div class='ocr_carea' id='block_1_21' title="bbox 164 1962 1738 2049">
    <p class='ocr_par' dir='ltr' id='par_1_21' title="bbox 164 1962 1738 2049">
     <span class='ocr_line' id='line_1_21' title="bbox 164 1962 1738 2049; baseline 0.01 -31"><span class='ocrx_word' id='word_1_144' title='bbox 164 1967 218 2020; x_wconf 84' lang='grc' dir='ltr'>δὲ</span> <span class='ocrx_word' id='word_1_145' title='bbox 245 1966 397 2021; x_wconf 81' lang='grc' dir='ltr'>οὐδὲν</span> <span class='ocrx_word' id='word_1_146' title='bbox 420 1962 583 2040; x_wconf 81' lang='grc' dir='ltr'>ἦττον</span> <span class='ocrx_word' id='word_1_147' title='bbox 609 1970 705 2023; x_wconf 77' lang='grc' dir='ltr'>καὶ</span> <span class='ocrx_word' id='word_1_148' title='bbox 727 1973 854 2036; x_wconf 80' lang='grc' dir='ltr'>τοὺς</span> <span class='ocrx_word' id='word_1_149' title='bbox 878 1975 937 2026; x_wconf 88' lang='grc' dir='ltr'>ἐν</span> <span class='ocrx_word' id='word_1_150' title='bbox 965 1975 1128 2028; x_wconf 80' lang='grc' dir='ltr'>παντὶ</span> <span class='ocrx_word' id='word_1_151' title='bbox 1150 1975 1228 2047; x_wconf 79' lang='grc' dir='ltr'>τῷ</span> <span class='ocrx_word' id='word_1_152' title='bbox 1263 1977 1453 2048; x_wconf 88' lang='grc' dir='ltr'>κόσμῳ</span> <span class='ocrx_word' id='word_1_153' title='bbox 1480 1978 1738 2049; x_wconf 75' lang='grc' dir='ltr'>διεσπαρ-</span> 
     </span>
    </p>
   </div>
   <div class='ocr_carea' id='block_1_22' title="bbox 167 2056 1738 2141">
    <p class='ocr_par' dir='ltr' id='par_1_22' title="bbox 167 2056 1738 2141">
     <span class='ocr_line' id='line_1_22' title="bbox 167 2056 1738 2141; baseline 0.01 -32"><span class='ocrx_word' id='word_1_154' title='bbox 167 2056 358 2125; x_wconf 78' lang='grc' dir='ltr'>μένους</span> <span class='ocrx_word' id='word_1_155' title='bbox 396 2076 460 2112; x_wconf 91' lang='grc' dir='ltr'>τε</span> <span class='ocrx_word' id='word_1_156' title='bbox 503 2061 595 2113; x_wconf 81' lang='grc' dir='ltr'>καὶ</span> <span class='ocrx_word' id='word_1_157' title='bbox 634 2064 1044 2134; x_wconf 83' lang='grc' dir='ltr'>κατῳκηκότας.</span> <span class='ocrx_word' id='word_1_158' title='bbox 1094 2065 1314 2132; x_wconf 83' lang='grc' dir='ltr'>Γενικὺς</span> <span class='ocrx_word' id='word_1_159' title='bbox 1341 2063 1433 2122; x_wconf 85' lang='grc' dir='ltr'>οὖν</span> <span class='ocrx_word' id='word_1_160' title='bbox 1462 2069 1605 2141; x_wconf 77' lang='grc' dir='ltr'>ἄρα,</span> <span class='ocrx_word' id='word_1_161' title='bbox 1642 2070 1738 2123; x_wconf 78' lang='grc' dir='ltr'>καὶ</span> 
     </span>
    </p>
   </div>
   <div class='ocr_carea' id='block_1_23' title="bbox 167 2147 1733 2230">
    <p class='ocr_par' dir='ltr' id='par_1_23' title="bbox 167 2147 1733 2230">
     <span class='ocr_line' id='line_1_23' title="bbox 167 2147 1733 2230; baseline 0.008 -30"><span class='ocrx_word' id='word_1_162' title='bbox 167 2147 302 2201; x_wconf 86' lang='grc' dir='ltr'>κατὰ</span> <span class='ocrx_word' id='word_1_163' title='bbox 328 2149 544 2205; x_wconf 89' lang='grc' dir='ltr'>πάντων</span> <span class='ocrx_word' id='word_1_164' title='bbox 575 2153 603 2206; x_wconf 91' lang='lat'>6</span> <span class='ocrx_word' id='word_1_165' title='bbox 643 2152 865 2219; x_wconf 74' lang='grc' dir='ltr'>διπλοῦς</span> <span class='ocrx_word' id='word_1_166' title='bbox 910 2155 1108 2209; x_wconf 76' lang='grc' dir='ltr'>οὑτωσὶ</span> <span class='ocrx_word' id='word_1_167' title='bbox 1155 2156 1471 2229; x_wconf 77' lang='grc' dir='ltr'>κεχώρηκεν</span> <span class='ocrx_word' id='word_1_168' title='bbox 1496 2157 1733 2230; x_wconf 76' lang='grc' dir='ltr'>ἔλεγχος.</span> 
     </span>
    </p>
   </div>
   <div class='ocr_carea' id='block_1_24' title="bbox 166 2239 1733 2321">
    <p class='ocr_par' dir='ltr' id='par_1_24' title="bbox 166 2239 1733 2321">
     <span class='ocr_line' id='line_1_24' title="bbox 166 2239 1733 2321; baseline 0.008 -31"><span class='ocrx_word' id='word_1_169' title='bbox 166 2239 535 2311; x_wconf 86' lang='grc' dir='ltr'>Σεσαγήνευκε</span> <span class='ocrx_word' id='word_1_170' title='bbox 565 2243 673 2312; x_wconf 75' lang='grc' dir='ltr'>γὰρ</span> <span class='ocrx_word' id='word_1_171' title='bbox 697 2245 725 2297; x_wconf 98' lang='lat'>6</span> <span class='ocrx_word' id='word_1_172' title='bbox 744 2246 977 2317; x_wconf 78' lang='grc' dir='ltr'>Χριστὸς</span> <span class='ocrx_word' id='word_1_173' title='bbox 998 2247 1118 2315; x_wconf 72' lang='grc' dir='ltr'>οὐχὶ</span> <span class='ocrx_word' id='word_1_174' title='bbox 1139 2247 1308 2319; x_wconf 89' lang='grc' dir='ltr'>μόνην</span> <span class='ocrx_word' id='word_1_175' title='bbox 1332 2247 1429 2321; x_wconf 81' lang='grc' dir='ltr'>τὴν</span> <span class='ocrx_word' id='word_1_176' title='bbox 1454 2249 1733 2320; x_wconf 81' lang='grc' dir='ltr'>Ἰουδαίαν,</span> 
     </span>
    </p>
   </div>
   <div class='ocr_carea' id='block_1_25' title="bbox 166 2325 1733 2412">
    <p class='ocr_par' dir='ltr' id='par_1_25' title="bbox 166 2325 1733 2412">
     <span class='ocr_line' id='line_1_25' title="bbox 166 2325 1733 2412; baseline 0.011 -35"><span class='ocrx_word' id='word_1_177' title='bbox 166 2325 302 2378; x_wconf 86' lang='grc' dir='ltr'>καθὰ</span> <span class='ocrx_word' id='word_1_178' title='bbox 330 2328 424 2380; x_wconf 84' lang='grc' dir='ltr'>καὶ</span> <span class='ocrx_word' id='word_1_179' title='bbox 448 2329 509 2382; x_wconf 84' lang='grc' dir='ltr'>ὲν</span> <span class='ocrx_word' id='word_1_180' title='bbox 532 2331 745 2400; x_wconf 78' lang='grc' dir='ltr'>ἀρχαῖς,</span> <span class='ocrx_word' id='word_1_181' title='bbox 768 2331 800 2402; x_wconf 82' lang='grc' dir='ltr'>ἢ</span> <span class='ocrx_word' id='word_1_182' title='bbox 829 2333 989 2403; x_wconf 89' lang='grc' dir='ltr'>μόνον</span> <span class='ocrx_word' id='word_1_183' title='bbox 1014 2335 1075 2388; x_wconf 87' lang='grc' dir='ltr'>τὸ</span> <span class='ocrx_word' id='word_1_184' title='bbox 1101 2336 1322 2407; x_wconf 84' lang='grc' dir='ltr'>σπέρμα</span> <span class='ocrx_word' id='word_1_185' title='bbox 1341 2338 1401 2392; x_wconf 86' lang='grc' dir='ltr'>τὸ</span> <span class='ocrx_word' id='word_1_186' title='bbox 1422 2339 1733 2412; x_wconf 81' lang='grc' dir='ltr'>ἐξἸσραὴλ,</span> 
     </span>
    </p>
   </div>
   <div class='ocr_carea' id='block_1_26' title="bbox 164 2412 1735 2498">
    <p class='ocr_par' dir='ltr' id='par_1_26' title="bbox 164 2412 1735 2498">
     <span class='ocr_line' id='line_1_26' title="bbox 164 2412 1735 2498; baseline 0.011 -31"><span class='ocrx_word' id='word_1_187' title='bbox 164 2416 292 2470; x_wconf 75' lang='grc' dir='ltr'>ά).λά</span> <span class='ocrx_word' id='word_1_188' title='bbox 334 2417 559 2489; x_wconf 84' lang='grc' dir='ltr'>σύμπαν</span> <span class='ocrx_word' id='word_1_189' title='bbox 605 2421 666 2474; x_wconf 84' lang='grc' dir='ltr'>τὸ</span> <span class='ocrx_word' id='word_1_190' title='bbox 718 2422 777 2487; x_wconf 81' lang='grc' dir='ltr'>ἐξ</span> <span class='ocrx_word' id='word_1_191' title='bbox 817 2423 986 2495; x_wconf 78' lang='grc' dir='ltr'>Ἀδὰμ</span> <span class='ocrx_word' id='word_1_192' title='bbox 1025 2426 1375 2496; x_wconf 85' lang='grc' dir='ltr'>διολισθῆσαν</span> <span class='ocrx_word' id='word_1_193' title='bbox 1425 2412 1601 2498; x_wconf 83' lang='grc' dir='ltr'>γένος.</span> <span class='ocrx_word' id='word_1_194' title='bbox 1659 2432 1735 2485; x_wconf 83' lang='grc' dir='ltr'>Οὐ</span> 
     </span>
    </p>
   </div>
   <div class='ocr_carea' id='block_1_27' title="bbox 166 2507 1735 2593">
    <p class='ocr_par' dir='ltr' id='par_1_27' title="bbox 166 2507 1735 2593">
     <span class='ocr_line' id='line_1_27' title="bbox 166 2507 1735 2593; baseline 0.012 -35"><span class='ocrx_word' id='word_1_195' title='bbox 166 2507 267 2577; x_wconf 81' lang='grc' dir='ltr'>γὰρ</span> <span class='ocrx_word' id='word_1_196' title='bbox 299 2509 392 2562; x_wconf 76' lang='grc' dir='ltr'>ἐπὶ</span> <span class='ocrx_word' id='word_1_197' title='bbox 437 2511 606 2580; x_wconf 80' lang='grc' dir='ltr'>μέρος</span> <span class='ocrx_word' id='word_1_198' title='bbox 644 2514 678 2583; x_wconf 86' lang='grc' dir='ltr'>ή</span> <span class='ocrx_word' id='word_1_199' title='bbox 720 2513 913 2585; x_wconf 89' lang='grc' dir='ltr'>χάρις,</span> <span class='ocrx_word' id='word_1_200' title='bbox 967 2515 1085 2569; x_wconf 86' lang='grc' dir='ltr'>ἀλλ’</span> <span class='ocrx_word' id='word_1_201' title='bbox 1130 2519 1215 2588; x_wconf 82' lang='grc' dir='ltr'>ἐφ’</span> <span class='ocrx_word' id='word_1_202' title='bbox 1243 2520 1373 2591; x_wconf 80' lang='grc' dir='ltr'>ὅλην</span> <span class='ocrx_word' id='word_1_203' title='bbox 1410 2520 1603 2589; x_wconf 83' lang='grc' dir='ltr'>γέγονε</span> <span class='ocrx_word' id='word_1_204' title='bbox 1634 2522 1735 2593; x_wconf 84' lang='grc' dir='ltr'>τὴν</span> 
     </span>
    </p>
   </div>
   <div class='ocr_carea' id='block_1_28' title="bbox 164 2600 1733 2684">
    <p class='ocr_par' dir='ltr' id='par_1_28' title="bbox 164 2600 1733 2684">
     <span class='ocr_line' id='line_1_28' title="bbox 164 2600 1733 2684; baseline 0.011 -33"><span class='ocrx_word' id='word_1_205' title='bbox 164 2600 483 2671; x_wconf 74' lang='grc' dir='ltr'>οἰκουμένην</span> <span class='ocrx_word' id='word_1_206' title='bbox 515 2602 577 2656; x_wconf 83' lang='grc' dir='ltr'>τὸ</span> <span class='ocrx_word' id='word_1_207' title='bbox 610 2605 674 2657; x_wconf 82' lang='grc' dir='ltr'>ἐκ</span> <span class='ocrx_word' id='word_1_208' title='bbox 702 2606 799 2675; x_wconf 85' lang='grc' dir='ltr'>τῆς</span> <span class='ocrx_word' id='word_1_209' title='bbox 837 2607 1073 2672; x_wconf 88' lang='grc' dir='ltr'>πίστεως</span> <span class='ocrx_word' id='word_1_210' title='bbox 1103 2610 1328 2678; x_wconf 86' lang='grc' dir='ltr'>ἀγαθόν.</span> <span class='ocrx_word' id='word_1_211' title='bbox 1354 2612 1548 2684; x_wconf 88' lang='grc' dir='ltr'>Τρίτος</span> <span class='ocrx_word' id='word_1_212' title='bbox 1580 2613 1733 2683; x_wconf 77' lang='grc' dir='ltr'>ἐλεγ-</span> 
     </span>
    </p>
   </div>
   <div class='ocr_carea' id='block_1_29' title="bbox 166 2691 1735 2777">
    <p class='ocr_par' dir='ltr' id='par_1_29' title="bbox 166 2691 1735 2777">
     <span class='ocr_line' id='line_1_29' title="bbox 166 2691 1735 2777; baseline 0.011 -35"><span class='ocrx_word' id='word_1_213' title='bbox 166 2707 251 2759; x_wconf 79' lang='grc' dir='ltr'>χος</span> <span class='ocrx_word' id='word_1_214' title='bbox 279 2691 368 2745; x_wconf 77' lang='grc' dir='ltr'>διά</span> <span class='ocrx_word' id='word_1_215' title='bbox 413 2692 507 2746; x_wconf 76' lang='grc' dir='ltr'>τοῦ</span> <span class='ocrx_word' id='word_1_216' title='bbox 544 2696 906 2769; x_wconf 82' lang='grc' dir='ltr'>Παρακλήτου</span> <span class='ocrx_word' id='word_1_217' title='bbox 937 2701 1260 2771; x_wconf 86' lang='grc' dir='ltr'>γενήσεται,</span> <span class='ocrx_word' id='word_1_218' title='bbox 1310 2703 1452 2758; x_wconf 87' lang='grc' dir='ltr'>καθά</span> <span class='ocrx_word' id='word_1_219' title='bbox 1495 2722 1661 2777; x_wconf 86' lang='grc' dir='ltr'>φησιν</span> <span class='ocrx_word' id='word_1_220' title='bbox 1707 2708 1735 2759; x_wconf 90' lang='lat'>6</span> 
     </span>
    </p>
   </div>
   <div class='ocr_carea' id='block_1_30' title="bbox 167 2781 1733 2866">
    <p class='ocr_par' dir='ltr' id='par_1_30' title="bbox 167 2781 1733 2866">
     <span class='ocr_line' id='line_1_30' title="bbox 167 2781 1733 2866; baseline 0.01 -33"><span class='ocrx_word' id='word_1_221' title='bbox 167 2781 367 2852; x_wconf 81' lang='grc' dir='ltr'>Σωτὴρ,</span> <span class='ocrx_word' id='word_1_222' title='bbox 400 2785 433 2854; x_wconf 85' lang='grc' dir='ltr'><strong>ἡ</strong></span> <span class='ocrx_word' id='word_1_223' title='bbox 468 2784 782 2859; x_wconf 80' lang='grc' dir='ltr'>δικαιοτάτη</span> <span class='ocrx_word' id='word_1_224' title='bbox 817 2790 1170 2865; x_wconf 87' lang='grc' dir='ltr'>κατάκρισις,</span> <span class='ocrx_word' id='word_1_225' title='bbox 1222 2795 1317 2847; x_wconf 81' lang='grc' dir='ltr'>τοῦ</span> <span class='ocrx_word' id='word_1_226' title='bbox 1344 2795 1603 2866; x_wconf 83' lang='grc' dir='ltr'>ἄρχοντος</span> <span class='ocrx_word' id='word_1_227' title='bbox 1639 2793 1733 2849; x_wconf 80' lang='grc' dir='ltr'>τοῦ</span> 
     </span>
    </p>
   </div>
   <div class='ocr_carea' id='block_1_31' title="bbox 167 2871 1734 2956">
    <p class='ocr_par' dir='ltr' id='par_1_31' title="bbox 167 2871 1734 2956">
     <span class='ocr_line' id='line_1_31' title="bbox 167 2871 1734 2956; baseline 0.011 -33"><span class='ocrx_word' id='word_1_228' title='bbox 167 2871 361 2943; x_wconf 83' lang='grc' dir='ltr'>κόσμου</span> <span class='ocrx_word' id='word_1_229' title='bbox 401 2875 615 2931; x_wconf 83' lang='grc' dir='ltr'>τούτου.</span> <span class='ocrx_word' id='word_1_230' title='bbox 664 2879 788 2942; x_wconf 80' lang='grc' dir='ltr'>Πῶς</span> <span class='ocrx_word' id='word_1_231' title='bbox 817 2880 875 2933; x_wconf 88' lang='grc' dir='ltr'>δὲ</span> <span class='ocrx_word' id='word_1_232' title='bbox 915 2882 1016 2953; x_wconf 77' lang='grc' dir='ltr'>ήδη</span> <span class='ocrx_word' id='word_1_233' title='bbox 1048 2883 1245 2948; x_wconf 85' lang='grc' dir='ltr'>πάλιν,</span> <span class='ocrx_word' id='word_1_234' title='bbox 1286 2884 1467 2954; x_wconf 84' lang='grc' dir='ltr'>ἢτίνα</span> <span class='ocrx_word' id='word_1_235' title='bbox 1511 2885 1734 2956; x_wconf 83' lang='grc' dir='ltr'>τρόπον,</span> 
     </span>
    </p>
   </div>
   <div class='ocr_carea' id='block_1_32' title="bbox 169 2962 1738 3048">
    <p class='ocr_par' dir='ltr' id='par_1_32' title="bbox 169 2962 1738 3048">
     <span class='ocr_line' id='line_1_32' title="bbox 169 2962 1738 3048; baseline 0.011 -34"><span class='ocrx_word' id='word_1_236' title='bbox 169 2962 518 3036; x_wconf 81' lang='grc' dir='ltr'>ἐξηγήσομαι.</span> <span class='ocrx_word' id='word_1_237' title='bbox 567 2969 1062 3043; x_wconf 81' lang='grc' dir='ltr'>Προσμαρτυρήσει</span> <span class='ocrx_word' id='word_1_238' title='bbox 1088 2974 1198 3044; x_wconf 86' lang='grc' dir='ltr'>γὰρ</span> <span class='ocrx_word' id='word_1_239' title='bbox 1220 2978 1287 3046; x_wconf 84' lang='grc' dir='ltr'>τῇ</span> <span class='ocrx_word' id='word_1_240' title='bbox 1324 2975 1451 3047; x_wconf 73' lang='grc' dir='ltr'>δόξῃ</span> <span class='ocrx_word' id='word_1_241' title='bbox 1483 2975 1574 3029; x_wconf 79' lang='grc' dir='ltr'>τοῦ</span> <span class='ocrx_word' id='word_1_242' title='bbox 1601 2979 1738 3048; x_wconf 89' lang='grc' dir='ltr'>Χρι-</span> 
     </span>
    </p>
   </div>
   <div class='ocr_carea' id='block_1_33' title="bbox 167 3054 1736 3131">
    <p class='ocr_par' dir='ltr' id='par_1_33' title="bbox 167 3054 1736 3131">
     <span class='ocr_line' id='line_1_33' title="bbox 167 3054 1736 3131; baseline 0.011 -25"><span class='ocrx_word' id='word_1_243' title='bbox 167 3054 305 3120; x_wconf 82' lang='grc' dir='ltr'>στοῦ,</span> <span class='ocrx_word' id='word_1_244' title='bbox 340 3058 434 3110; x_wconf 70' lang='grc' dir='ltr'>καὶ</span> <span class='ocrx_word' id='word_1_245' title='bbox 455 3059 620 3112; x_wconf 78' lang='grc' dir='ltr'>αὐτὸν</span> <span class='ocrx_word' id='word_1_246' title='bbox 661 3060 829 3126; x_wconf 83' lang='grc' dir='ltr'>ὅντως</span> <span class='ocrx_word' id='word_1_247' title='bbox 869 3064 1158 3131; x_wconf 76' lang='grc' dir='ltr'>ἀποδείξας</span> <span class='ocrx_word' id='word_1_248' title='bbox 1190 3066 1283 3120; x_wconf 88' lang='grc' dir='ltr'>τὸν</span> <span class='ocrx_word' id='word_1_249' title='bbox 1317 3067 1427 3121; x_wconf 86' lang='grc' dir='ltr'>τῶν</span> <span class='ocrx_word' id='word_1_250' title='bbox 1460 3068 1596 3122; x_wconf 86' lang='grc' dir='ltr'>ὅλων</span> <span class='ocrx_word' id='word_1_251' title='bbox 1620 3068 1736 3122; x_wconf 83' lang='grc' dir='ltr'>Κύ-</span> 
     </span>
    </p>
   </div>
   <div class='ocr_carea' id='block_1_34' title="bbox 1842 615 3411 685">
    <p class='ocr_par' dir='ltr' id='par_1_34' title="bbox 1842 615 3411 685">
     <span class='ocr_line' id='line_1_34' title="bbox 1842 615 3411 685; baseline -0.001 -14"><span class='ocrx_word' id='word_1_252' title='bbox 1842 631 1963 678; x_wconf 87' lang='lat' dir='ltr'>me,</span> <span class='ocrx_word' id='word_1_253' title='bbox 2001 615 2287 671; x_wconf 85' lang='lat' dir='ltr'><strong>credidisti</strong></span> <span class='ocrx_word' id='word_1_254' title='bbox 2322 631 2334 668; x_wconf 91' lang='lat'><strong>:</strong></span> <span class='ocrx_word' id='word_1_255' title='bbox 2365 615 2509 670; x_wconf 88' lang='lat' dir='ltr'><strong>beati</strong></span> <span class='ocrx_word' id='word_1_256' title='bbox 2553 615 2649 685; x_wconf 89' lang='lat' dir='ltr'>qui</span> <span class='ocrx_word' id='word_1_257' title='bbox 2694 630 2801 670; x_wconf 92' lang='lat' dir='ltr'>non</span> <span class='ocrx_word' id='word_1_258' title='bbox 2845 615 3121 681; x_wconf 90' lang='lat' dir='ltr'><strong>viderunt,</strong></span> <span class='ocrx_word' id='word_1_259' title='bbox 3144 626 3198 671; x_wconf 92' lang='lat' dir='ltr'><strong>et</strong></span> <span class='ocrx_word' id='word_1_260' title='bbox 3227 617 3411 671; x_wconf 88' lang='lat' dir='ltr'><strong>credi-</strong></span> 
     </span>
    </p>
   </div>
   <div class='ocr_carea' id='block_1_35' title="bbox 1842 703 3407 776">
    <p class='ocr_par' dir='ltr' id='par_1_35' title="bbox 1842 703 3407 776">
     <span class='ocr_line' id='line_1_35' title="bbox 1842 703 3407 776; baseline -0.001 -16"><span class='ocrx_word' id='word_1_261' title='bbox 1842 704 2130 760; x_wconf 78' lang='lat' dir='ltr'><strong>derunt“.</strong></span> <span class='ocrx_word' id='word_1_262' title='bbox 2172 724 2190 756; x_wconf 78' lang='grc' dir='ltr'>ι</span> <span class='ocrx_word' id='word_1_263' title='bbox 2235 703 2391 759; x_wconf 83' lang='lat' dir='ltr'><strong>Juste</strong></span> <span class='ocrx_word' id='word_1_264' title='bbox 2432 704 2619 773; x_wconf 90' lang='lat' dir='ltr'><strong>itaque</strong></span> <span class='ocrx_word' id='word_1_265' title='bbox 2655 704 2946 773; x_wconf 86' lang='lat' dir='ltr'><strong>justitieati</strong></span> <span class='ocrx_word' id='word_1_266' title='bbox 2993 714 3121 760; x_wconf 90' lang='lat' dir='ltr'><strong>sunt</strong></span> <span class='ocrx_word' id='word_1_267' title='bbox 3146 744 3161 768; x_wconf 90' lang='lat'>,</span> <span class='ocrx_word' id='word_1_268' title='bbox 3198 706 3292 776; x_wconf 87' lang='lat' dir='ltr'>qui</span> <span class='ocrx_word' id='word_1_269' title='bbox 3326 708 3407 761; x_wconf 90' lang='lat' dir='ltr'>vel</span> 
     </span>
    </p>
   </div>
   <div class='ocr_carea' id='block_1_36' title="bbox 1840 793 3408 866">
    <p class='ocr_par' dir='ltr' id='par_1_36' title="bbox 1840 793 3408 866">
     <span class='ocr_line' id='line_1_36' title="bbox 1840 793 3408 866; baseline -0.001 -14"><span class='ocrx_word' id='word_1_270' title='bbox 1840 811 1909 852; x_wconf 89' lang='lat' dir='ltr'>eo</span> <span class='ocrx_word' id='word_1_271' title='bbox 1934 796 2160 853; x_wconf 89' lang='lat' dir='ltr'><strong>minime</strong></span> <span class='ocrx_word' id='word_1_272' title='bbox 2181 802 2481 866; x_wconf 90' lang='lat' dir='ltr'><strong>conspecto</strong></span> <span class='ocrx_word' id='word_1_273' title='bbox 2511 793 2875 850; x_wconf 88' lang='lat' dir='ltr'><strong>crediderunt</strong></span> <span class='ocrx_word' id='word_1_274' title='bbox 2907 815 2920 850; x_wconf 90' lang='lat'><strong>:</strong></span> <span class='ocrx_word' id='word_1_275' title='bbox 2953 798 3189 852; x_wconf 90' lang='lat' dir='ltr'><strong>mundus</strong></span> <span class='ocrx_word' id='word_1_276' title='bbox 3228 805 3408 852; x_wconf 88' lang='lat' dir='ltr'><strong>autem</strong></span> 
     </span>
    </p>
   </div>
   <div class='ocr_carea' id='block_1_37' title="bbox 1839 885 3410 956">
    <p class='ocr_par' dir='ltr' id='par_1_37' title="bbox 1839 885 3410 956">
     <span class='ocr_line' id='line_1_37' title="bbox 1839 885 3410 956; baseline -0.002 -14"><span class='ocrx_word' id='word_1_277' title='bbox 1839 901 1903 942; x_wconf 89' lang='lat' dir='ltr'>ea</span> <span class='ocrx_word' id='word_1_278' title='bbox 1948 900 2007 941; x_wconf 91' lang='lat' dir='ltr'>re</span> <span class='ocrx_word' id='word_1_279' title='bbox 2038 885 2265 951; x_wconf 83' lang='lat' dir='ltr'><strong>excidit,</strong></span> <span class='ocrx_word' id='word_1_280' title='bbox 2318 885 2588 956; x_wconf 74' lang='lat' dir='ltr'>justitiam</span> <span class='ocrx_word' id='word_1_281' title='bbox 2632 901 2755 955; x_wconf 63' lang='lat' dir='ltr'>qua</span> <span class='ocrx_word' id='word_1_282' title='bbox 2784 901 2848 941; x_wconf 79' lang='lat' dir='ltr'><strong>ex</strong></span> <span class='ocrx_word' id='word_1_283' title='bbox 2884 886 2989 942; x_wconf 83' lang='lat' dir='ltr'><strong>ﬁde</strong></span> <span class='ocrx_word' id='word_1_284' title='bbox 3026 895 3112 944; x_wconf 90' lang='lat' dir='ltr'>est</span> <span class='ocrx_word' id='word_1_285' title='bbox 3156 903 3263 942; x_wconf 86' lang='lat' dir='ltr'>non</span> <span class='ocrx_word' id='word_1_286' title='bbox 3294 902 3410 940; x_wconf 87' lang='lat' dir='ltr'><strong>am-</strong></span> 
     </span>
    </p>
   </div>
   <div class='ocr_carea' id='block_1_38' title="bbox 1841 975 3408 1046">
    <p class='ocr_par' dir='ltr' id='par_1_38' title="bbox 1841 975 3408 1046">
     <span class='ocr_line' id='line_1_38' title="bbox 1841 975 3408 1046; baseline -0.001 -16"><span class='ocrx_word' id='word_1_287' title='bbox 1841 977 2074 1046; x_wconf 81' lang='lat' dir='ltr'><strong>plexus,</strong></span> <span class='ocrx_word' id='word_1_288' title='bbox 2132 975 2227 1032; x_wconf 90' lang='lat' dir='ltr'>sed</span> <span class='ocrx_word' id='word_1_289' title='bbox 2278 976 2335 1030; x_wconf 92' lang='lat' dir='ltr'>in</span> <span class='ocrx_word' id='word_1_290' title='bbox 2403 978 2521 1032; x_wconf 85' lang='lat' dir='ltr'><strong>suis</strong></span> <span class='ocrx_word' id='word_1_291' title='bbox 2574 976 2733 1031; x_wconf 89' lang='lat' dir='ltr'><strong>malis</strong></span> <span class='ocrx_word' id='word_1_292' title='bbox 2807 977 3054 1033; x_wconf 77' lang='lat' dir='ltr'>studiose</span> <span class='ocrx_word' id='word_1_293' title='bbox 3109 979 3408 1033; x_wconf 77' lang='lat' dir='ltr'><strong>volutatus.</strong></span> 
     </span>
    </p>
   </div>
   <div class='ocr_carea' id='block_1_39' title="bbox 1840 1068 3412 1139">
    <p class='ocr_par' dir='ltr' id='par_1_39' title="bbox 1840 1068 3412 1139">
     <span class='ocr_line' id='line_1_39' title="bbox 1840 1068 3412 1139; baseline -0.002 -14"><span class='ocrx_word' id='word_1_294' title='bbox 1840 1068 2030 1139; x_wconf 79' lang='lat' dir='ltr'>Operae</span> <span class='ocrx_word' id='word_1_295' title='bbox 2070 1070 2306 1139; x_wconf 86' lang='lat' dir='ltr'><strong>pretium</strong></span> <span class='ocrx_word' id='word_1_296' title='bbox 2351 1077 2533 1125; x_wconf 89' lang='lat' dir='ltr'><strong>autem</strong></span> <span class='ocrx_word' id='word_1_297' title='bbox 2587 1079 2673 1125; x_wconf 91' lang='lat' dir='ltr'>est</span> <span class='ocrx_word' id='word_1_298' title='bbox 2722 1083 3031 1139; x_wconf 83' lang='lat' dir='ltr'><strong>agnoscere</strong></span> <span class='ocrx_word' id='word_1_299' title='bbox 3088 1069 3227 1124; x_wconf 91' lang='lat' dir='ltr'><strong>duas</strong></span> <span class='ocrx_word' id='word_1_300' title='bbox 3290 1070 3412 1122; x_wconf 78' lang='lat' dir='ltr'><strong>illas</strong></span> 
     </span>
    </p>
   </div>
   <div class='ocr_carea' id='block_1_40' title="bbox 1840 1158 3409 1231">
    <p class='ocr_par' dir='ltr' id='par_1_40' title="bbox 1840 1158 3409 1231">
     <span class='ocr_line' id='line_1_40' title="bbox 1840 1158 3409 1231; baseline -0.003 -16"><span class='ocrx_word' id='word_1_301' title='bbox 1840 1160 2295 1231; x_wconf 82' lang='lat' dir='ltr'>reprehensiones</span> <span class='ocrx_word' id='word_1_302' title='bbox 2331 1176 2439 1214; x_wconf 88' lang='lat' dir='ltr'>non</span> <span class='ocrx_word' id='word_1_303' title='bbox 2466 1163 2730 1216; x_wconf 84' lang='lat' dir='ltr'><strong>adversus</strong></span> <span class='ocrx_word' id='word_1_304' title='bbox 2778 1160 2997 1215; x_wconf 82' lang='lat' dir='ltr'><strong>Judaeos</strong></span> <span class='ocrx_word' id='word_1_305' title='bbox 3035 1167 3244 1213; x_wconf 88' lang='lat' dir='ltr'><strong>tantum</strong></span> <span class='ocrx_word' id='word_1_306' title='bbox 3266 1201 3279 1222; x_wconf 83' lang='lat'>,</span> <span class='ocrx_word' id='word_1_307' title='bbox 3313 1158 3409 1213; x_wconf 87' lang='lat' dir='ltr'>sed</span> 
     </span>
    </p>
   </div>
   <div class='ocr_carea' id='block_1_41' title="bbox 1841 1248 3412 1321">
    <p class='ocr_par' dir='ltr' id='par_1_41' title="bbox 1841 1248 3412 1321">
     <span class='ocr_line' id='line_1_41' title="bbox 1841 1248 3412 1321; baseline -0.005 -15"><span class='ocrx_word' id='word_1_308' title='bbox 1841 1252 2105 1307; x_wconf 87' lang='lat' dir='ltr'><strong>adversus</strong></span> <span class='ocrx_word' id='word_1_309' title='bbox 2137 1252 2439 1321; x_wconf 86' lang='lat' dir='ltr'><strong>quemlibet</strong></span> <span class='ocrx_word' id='word_1_310' title='bbox 2477 1252 2661 1321; x_wconf 88' lang='lat' dir='ltr'><strong>potius</strong></span> <span class='ocrx_word' id='word_1_311' title='bbox 2693 1252 2964 1306; x_wconf 91' lang='lat' dir='ltr'><strong>hominem</strong></span> <span class='ocrx_word' id='word_1_312' title='bbox 3013 1248 3212 1303; x_wconf 87' lang='lat' dir='ltr'><strong>durum</strong></span> <span class='ocrx_word' id='word_1_313' title='bbox 3246 1255 3412 1315; x_wconf 87' lang='lat' dir='ltr'><strong>atque</strong></span> 
     </span>
    </p>
   </div>
   <div class='ocr_carea' id='block_1_42' title="bbox 1841 1338 3413 1413">
    <p class='ocr_par' dir='ltr' id='par_1_42' title="bbox 1841 1338 3413 1413">
     <span class='ocr_line' id='line_1_42' title="bbox 1841 1338 3413 1413; baseline -0.003 -18"><span class='ocrx_word' id='word_1_314' title='bbox 1841 1342 2192 1413; x_wconf 71' lang='lat' dir='ltr'><strong>prmlractum</strong></span> <span class='ocrx_word' id='word_1_315' title='bbox 2225 1358 2320 1412; x_wconf 85' lang='lat' dir='ltr'>per</span> <span class='ocrx_word' id='word_1_316' title='bbox 2350 1341 2690 1397; x_wconf 83' lang='lat' dir='ltr'><strong>Paracletum</strong></span> <span class='ocrx_word' id='word_1_317' title='bbox 2721 1341 2960 1396; x_wconf 83' lang='lat' dir='ltr'><strong>futuras.</strong></span> <span class='ocrx_word' id='word_1_318' title='bbox 2991 1340 3177 1394; x_wconf 81' lang='lat' dir='ltr'><strong>Mundi</strong></span> <span class='ocrx_word' id='word_1_319' title='bbox 3207 1338 3413 1407; x_wconf 83' lang='lat' dir='ltr'><strong>quippe</strong></span> 
     </span>
    </p>
   </div>
   <div class='ocr_carea' id='block_1_43' title="bbox 1839 1429 3411 1503">
    <p class='ocr_par' dir='ltr' id='par_1_43' title="bbox 1839 1429 3411 1503">
     <span class='ocr_line' id='line_1_43' title="bbox 1839 1429 3411 1503; baseline -0.004 -16"><span class='ocrx_word' id='word_1_320' title='bbox 1839 1432 2132 1503; x_wconf 85' lang='lat' dir='ltr'><strong>appellatio</strong></span> <span class='ocrx_word' id='word_1_321' title='bbox 2158 1433 2437 1503; x_wconf 76' lang='lat' dir='ltr'><strong>significat</strong></span> <span class='ocrx_word' id='word_1_322' title='bbox 2464 1435 2626 1489; x_wconf 88' lang='lat' dir='ltr'><strong>etiam</strong></span> <span class='ocrx_word' id='word_1_323' title='bbox 2654 1448 2778 1488; x_wconf 91' lang='lat' dir='ltr'>eum</span> <span class='ocrx_word' id='word_1_324' title='bbox 2809 1432 2904 1501; x_wconf 90' lang='lat' dir='ltr'>qui</span> <span class='ocrx_word' id='word_1_325' title='bbox 2941 1432 2996 1486; x_wconf 91' lang='lat' dir='ltr'>in</span> <span class='ocrx_word' id='word_1_326' title='bbox 3031 1429 3411 1499; x_wconf 85' lang='lat' dir='ltr'><strong>voluptatibus</strong></span> 
     </span>
    </p>
   </div>
   <div class='ocr_carea' id='block_1_44' title="bbox 1840 1519 3410 1595">
    <p class='ocr_par' dir='ltr' id='par_1_44' title="bbox 1840 1519 3410 1595">
     <span class='ocr_line' id='line_1_44' title="bbox 1840 1519 3410 1595; baseline -0.006 -16"><span class='ocrx_word' id='word_1_327' title='bbox 1840 1535 2103 1595; x_wconf 87' lang='lat' dir='ltr'><strong>perpetuo</strong></span> <span class='ocrx_word' id='word_1_328' title='bbox 2127 1525 2423 1588; x_wconf 79' lang='lat' dir='ltr'><strong>volutatur,</strong></span> <span class='ocrx_word' id='word_1_329' title='bbox 2450 1531 2511 1579; x_wconf 85' lang='lat' dir='ltr'><strong>et</strong></span> <span class='ocrx_word' id='word_1_330' title='bbox 2533 1524 2602 1578; x_wconf 86' lang='lat' dir='ltr'>ab</span> <span class='ocrx_word' id='word_1_331' title='bbox 2631 1523 2951 1595; x_wconf 89' lang='lat' dir='ltr'><strong>impuritate</strong></span> <span class='ocrx_word' id='word_1_332' title='bbox 2996 1519 3268 1575; x_wconf 84' lang='lat' dir='ltr'><strong>diabolica</strong></span> <span class='ocrx_word' id='word_1_333' title='bbox 3301 1534 3410 1571; x_wconf 88' lang='lat' dir='ltr'>non</span> 
     </span>
    </p>
   </div>
   <div class='ocr_carea' id='block_1_45' title="bbox 1841 1612 3413 1686">
    <p class='ocr_par' dir='ltr' id='par_1_45' title="bbox 1841 1612 3413 1686">
     <span class='ocr_line' id='line_1_45' title="bbox 1841 1612 3413 1686; baseline -0.006 -15"><span class='ocrx_word' id='word_1_334' title='bbox 1841 1617 2068 1681; x_wconf 88' lang='lat' dir='ltr'><strong>recedit,</strong></span> <span class='ocrx_word' id='word_1_335' title='bbox 2094 1632 2195 1672; x_wconf 88' lang='lat' dir='ltr'>nec</span> <span class='ocrx_word' id='word_1_336' title='bbox 2228 1616 2412 1671; x_wconf 89' lang='lat' dir='ltr'><strong>minus</strong></span> <span class='ocrx_word' id='word_1_337' title='bbox 2444 1623 2710 1686; x_wconf 62' lang='lat' dir='ltr'><strong>praeterea</strong></span> <span class='ocrx_word' id='word_1_338' title='bbox 2751 1613 3026 1683; x_wconf 81' lang='lat' dir='ltr'><strong>signiﬁcat</strong></span> <span class='ocrx_word' id='word_1_339' title='bbox 3058 1626 3155 1665; x_wconf 90' lang='lat' dir='ltr'>eos</span> <span class='ocrx_word' id='word_1_340' title='bbox 3188 1612 3281 1679; x_wconf 86' lang='lat' dir='ltr'><strong>qui</strong></span> <span class='ocrx_word' id='word_1_341' title='bbox 3316 1624 3413 1678; x_wconf 77' lang='lat' dir='ltr'>per</span> 
     </span>
    </p>
   </div>
   <div class='ocr_carea' id='block_1_46' title="bbox 1839 1698 3410 1774">
    <p class='ocr_par' dir='ltr' id='par_1_46' title="bbox 1839 1698 3410 1774">
     <span class='ocr_line' id='line_1_46' title="bbox 1839 1698 3410 1774; baseline -0.008 -13"><span class='ocrx_word' id='word_1_342' title='bbox 1839 1715 2013 1762; x_wconf 90' lang='lat' dir='ltr'><strong>totum</strong></span> <span class='ocrx_word' id='word_1_343' title='bbox 2053 1706 2244 1761; x_wconf 84' lang='lat' dir='ltr'><strong>orbem</strong></span> <span class='ocrx_word' id='word_1_344' title='bbox 2285 1715 2560 1760; x_wconf 86' lang='lat' dir='ltr'><strong>terrarum</strong></span> <span class='ocrx_word' id='word_1_345' title='bbox 2595 1704 2773 1774; x_wconf 82' lang='lat' dir='ltr'><strong>sparsi</strong></span> <span class='ocrx_word' id='word_1_346' title='bbox 2816 1709 2965 1764; x_wconf 92' lang='lat' dir='ltr'><strong>sunt,</strong></span> <span class='ocrx_word' id='word_1_347' title='bbox 2995 1709 3050 1755; x_wconf 83' lang='lat' dir='ltr'><strong>et</strong></span> <span class='ocrx_word' id='word_1_348' title='bbox 3090 1714 3216 1755; x_wconf 86' lang='lat' dir='ltr'>eum</span> <span class='ocrx_word' id='word_1_349' title='bbox 3250 1698 3410 1751; x_wconf 86' lang='lat' dir='ltr'><strong>inha-</strong></span> 
     </span>
    </p>
   </div>
   <div class='ocr_carea' id='block_1_47' title="bbox 1839 1790 3413 1867">
    <p class='ocr_par' dir='ltr' id='par_1_47' title="bbox 1839 1790 3413 1867">
     <span class='ocr_line' id='line_1_47' title="bbox 1839 1790 3413 1867; baseline -0.009 -11"><span class='ocrx_word' id='word_1_350' title='bbox 1839 1800 2036 1856; x_wconf 87' lang='lat' dir='ltr'><strong>bitant.</strong></span> <span class='ocrx_word' id='word_1_351' title='bbox 2072 1799 2353 1855; x_wconf 87' lang='lat' dir='ltr'><strong>Generalis</strong></span> <span class='ocrx_word' id='word_1_352' title='bbox 2394 1812 2528 1867; x_wconf 87' lang='lat' dir='ltr'><strong>ergo</strong></span> <span class='ocrx_word' id='word_1_353' title='bbox 2578 1806 2665 1853; x_wconf 90' lang='lat' dir='ltr'>est</span> <span class='ocrx_word' id='word_1_354' title='bbox 2706 1803 2761 1850; x_wconf 89' lang='lat' dir='ltr'>et</span> <span class='ocrx_word' id='word_1_355' title='bbox 2810 1796 2875 1849; x_wconf 90' lang='lat' dir='ltr'>ad</span> <span class='ocrx_word' id='word_1_356' title='bbox 2930 1808 3125 1848; x_wconf 90' lang='lat' dir='ltr'><strong>omnes</strong></span> <span class='ocrx_word' id='word_1_357' title='bbox 3177 1790 3413 1860; x_wconf 86' lang='lat' dir='ltr'><strong>pertinet</strong></span> 
     </span>
    </p>
   </div>
   <div class='ocr_carea' id='block_1_48' title="bbox 1839 1887 3411 1960">
    <p class='ocr_par' dir='ltr' id='par_1_48' title="bbox 1839 1887 3411 1960">
     <span class='ocr_line' id='line_1_48' title="bbox 1839 1887 3411 1960; baseline -0.008 -15"><span class='ocrx_word' id='word_1_358' title='bbox 1839 1891 2037 1960; x_wconf 83' lang='lat' dir='ltr'><strong>duplex</strong></span> <span class='ocrx_word' id='word_1_359' title='bbox 2062 1890 2165 1946; x_wconf 88' lang='lat' dir='ltr'><strong>ista</strong></span> <span class='ocrx_word' id='word_1_360' title='bbox 2193 1889 2569 1960; x_wconf 84' lang='lat' dir='ltr'><strong>reprehensio.</strong></span> <span class='ocrx_word' id='word_1_361' title='bbox 2603 1887 2857 1950; x_wconf 83' lang='lat' dir='ltr'><strong>Christus</strong></span> <span class='ocrx_word' id='word_1_362' title='bbox 2881 1888 3026 1939; x_wconf 87' lang='lat' dir='ltr'><strong>enim</strong></span> <span class='ocrx_word' id='word_1_363' title='bbox 3059 1898 3169 1938; x_wconf 92' lang='lat' dir='ltr'>non</span> <span class='ocrx_word' id='word_1_364' title='bbox 3199 1888 3411 1935; x_wconf 86' lang='lat' dir='ltr'><strong>tantum</strong></span> 
     </span>
    </p>
   </div>
   <div class='ocr_carea' id='block_1_49' title="bbox 1837 1973 3413 2051">
    <p class='ocr_par' dir='ltr' id='par_1_49' title="bbox 1837 1973 3413 2051">
     <span class='ocr_line' id='line_1_49' title="bbox 1837 1973 3413 2051; baseline -0.008 -14"><span class='ocrx_word' id='word_1_365' title='bbox 1837 1981 2079 2047; x_wconf 66' lang='lat' dir='ltr'><strong>Judaaos,</strong></span> <span class='ocrx_word' id='word_1_366' title='bbox 2106 1981 2272 2038; x_wconf 87' lang='lat' dir='ltr'><strong>sicuti</strong></span> <span class='ocrx_word' id='word_1_367' title='bbox 2292 1981 2346 2036; x_wconf 92' lang='lat' dir='ltr'>in</span> <span class='ocrx_word' id='word_1_368' title='bbox 2366 1980 2665 2051; x_wconf 91' lang='lat' dir='ltr'><strong>principio,</strong></span> <span class='ocrx_word' id='word_1_369' title='bbox 2700 1987 2794 2033; x_wconf 92' lang='lat' dir='ltr'>aut</span> <span class='ocrx_word' id='word_1_370' title='bbox 2814 1978 2990 2033; x_wconf 89' lang='lat' dir='ltr'><strong>solum</strong></span> <span class='ocrx_word' id='word_1_371' title='bbox 3016 1990 3200 2031; x_wconf 87' lang='lat' dir='ltr'><strong>semen</strong></span> <span class='ocrx_word' id='word_1_372' title='bbox 3223 1973 3413 2036; x_wconf 81' lang='lat' dir='ltr'><strong>lsrael,</strong></span> 
     </span>
    </p>
   </div>
   <div class='ocr_carea' id='block_1_50' title="bbox 1839 2068 3419 2142">
    <p class='ocr_par' dir='ltr' id='par_1_50' title="bbox 1839 2068 3419 2142">
     <span class='ocr_line' id='line_1_50' title="bbox 1839 2068 3419 2142; baseline -0.009 -12"><span class='ocrx_word' id='word_1_373' title='bbox 1839 2073 1934 2130; x_wconf 88' lang='lat' dir='ltr'>sed</span> <span class='ocrx_word' id='word_1_374' title='bbox 1992 2073 2309 2128; x_wconf 83' lang='lat' dir='ltr'><strong>universum</strong></span> <span class='ocrx_word' id='word_1_375' title='bbox 2359 2071 2551 2126; x_wconf 83' lang='lat' dir='ltr'><strong>Adami</strong></span> <span class='ocrx_word' id='word_1_376' title='bbox 2596 2086 2769 2142; x_wconf 87' lang='lat' dir='ltr'><strong>genus</strong></span> <span class='ocrx_word' id='word_1_377' title='bbox 2820 2069 2967 2140; x_wconf 90' lang='lat' dir='ltr'><strong>quod</strong></span> <span class='ocrx_word' id='word_1_378' title='bbox 3015 2068 3221 2136; x_wconf 88' lang='lat' dir='ltr'><strong>lapsum</strong></span> <span class='ocrx_word' id='word_1_379' title='bbox 3267 2073 3419 2126; x_wconf 79' lang='lat' dir='ltr'><strong>erat,</strong></span> 
     </span>
    </p>
   </div>
   <div class='ocr_carea' id='block_1_51' title="bbox 1838 2159 3415 2232">
    <p class='ocr_par' dir='ltr' id='par_1_51' title="bbox 1838 2159 3415 2232">
     <span class='ocr_line' id='line_1_51' title="bbox 1838 2159 3415 2232; baseline -0.006 -13"><span class='ocrx_word' id='word_1_380' title='bbox 1838 2165 2057 2220; x_wconf 89' lang='lat' dir='ltr'><strong>vocavit</strong></span> <span class='ocrx_word' id='word_1_381' title='bbox 2092 2165 2160 2221; x_wconf 89' lang='lat' dir='ltr'>ad</span> <span class='ocrx_word' id='word_1_382' title='bbox 2188 2166 2443 2219; x_wconf 87' lang='lat' dir='ltr'><strong>salutem.</strong></span> <span class='ocrx_word' id='word_1_383' title='bbox 2470 2161 2593 2217; x_wconf 85' lang='lat' dir='ltr'>Non</span> <span class='ocrx_word' id='word_1_384' title='bbox 2624 2163 2771 2217; x_wconf 91' lang='lat' dir='ltr'><strong>enim</strong></span> <span class='ocrx_word' id='word_1_385' title='bbox 2808 2161 2983 2232; x_wconf 88' lang='lat' dir='ltr'><strong>gratia</strong></span> <span class='ocrx_word' id='word_1_386' title='bbox 3036 2159 3223 2228; x_wconf 88' lang='lat' dir='ltr'><strong>aliqua</strong></span> <span class='ocrx_word' id='word_1_387' title='bbox 3256 2162 3415 2226; x_wconf 88' lang='lat' dir='ltr'><strong>parte</strong></span> 
     </span>
    </p>
   </div>
   <div class='ocr_carea' id='block_1_52' title="bbox 1838 2247 3415 2323">
    <p class='ocr_par' dir='ltr' id='par_1_52' title="bbox 1838 2247 3415 2323">
     <span class='ocr_line' id='line_1_52' title="bbox 1838 2247 3415 2323; baseline -0.01 -10"><span class='ocrx_word' id='word_1_388' title='bbox 1838 2266 2023 2323; x_wconf 71' lang='lat' dir='ltr'><strong>tenus.</strong></span> <span class='ocrx_word' id='word_1_389' title='bbox 2066 2257 2161 2313; x_wconf 89' lang='lat' dir='ltr'>sed</span> <span class='ocrx_word' id='word_1_390' title='bbox 2188 2256 2243 2311; x_wconf 93' lang='lat' dir='ltr'>in</span> <span class='ocrx_word' id='word_1_391' title='bbox 2272 2270 2490 2311; x_wconf 90' lang='lat' dir='ltr'><strong>omnem</strong></span> <span class='ocrx_word' id='word_1_392' title='bbox 2525 2263 2797 2310; x_wconf 87' lang='lat' dir='ltr'><strong>terrarum</strong></span> <span class='ocrx_word' id='word_1_393' title='bbox 2829 2252 3018 2307; x_wconf 88' lang='lat' dir='ltr'><strong>orbem</strong></span> <span class='ocrx_word' id='word_1_394' title='bbox 3058 2248 3184 2303; x_wconf 79' lang='lat' dir='ltr'><strong>ﬁdei</strong></span> <span class='ocrx_word' id='word_1_395' title='bbox 3208 2247 3415 2302; x_wconf 87' lang='lat' dir='ltr'><strong>bonum</strong></span> 
     </span>
    </p>
   </div>
   <div class='ocr_carea' id='block_1_53' title="bbox 1838 2337 3415 2416">
    <p class='ocr_par' dir='ltr' id='par_1_53' title="bbox 1838 2337 3415 2416">
     <span class='ocr_line' id='line_1_53' title="bbox 1838 2337 3415 2416; baseline -0.011 -11"><span class='ocrx_word' id='word_1_396' title='bbox 1838 2348 2096 2405; x_wconf 75' lang='lat' dir='ltr'><strong>diﬂusum</strong></span> <span class='ocrx_word' id='word_1_397' title='bbox 2153 2357 2260 2403; x_wconf 91' lang='lat' dir='ltr'><strong>est.</strong></span> <span class='ocrx_word' id='word_1_398' title='bbox 2323 2346 2507 2402; x_wconf 87' lang='lat' dir='ltr'><strong>Tertia</strong></span> <span class='ocrx_word' id='word_1_399' title='bbox 2567 2342 2938 2416; x_wconf 88' lang='lat' dir='ltr'><strong>reprehensio</strong></span> <span class='ocrx_word' id='word_1_400' title='bbox 2997 2355 3091 2411; x_wconf 90' lang='lat' dir='ltr'>per</span> <span class='ocrx_word' id='word_1_401' title='bbox 3146 2337 3415 2408; x_wconf 86' lang='lat' dir='ltr'><strong>Spiritum</strong></span> 
     </span>
    </p>
   </div>
   <div class='ocr_carea' id='block_1_54' title="bbox 1840 2429 3416 2507">
    <p class='ocr_par' dir='ltr' id='par_1_54' title="bbox 1840 2429 3416 2507">
     <span class='ocr_line' id='line_1_54' title="bbox 1840 2429 3416 2507; baseline -0.009 -12"><span class='ocrx_word' id='word_1_402' title='bbox 1840 2440 2023 2496; x_wconf 81' lang='lat' dir='ltr'><strong>futura</strong></span> <span class='ocrx_word' id='word_1_403' title='bbox 2054 2448 2163 2507; x_wconf 91' lang='lat' dir='ltr'><strong>est,</strong></span> <span class='ocrx_word' id='word_1_404' title='bbox 2197 2447 2259 2495; x_wconf 92' lang='lat' dir='ltr'><strong>ut</strong></span> <span class='ocrx_word' id='word_1_405' title='bbox 2305 2438 2382 2493; x_wconf 87' lang='lat' dir='ltr'><strong>ait</strong></span> <span class='ocrx_word' id='word_1_406' title='bbox 2432 2436 2736 2500; x_wconf 84' lang='lat' dir='ltr'><strong>Servatur,</strong></span> <span class='ocrx_word' id='word_1_407' title='bbox 2787 2435 3097 2506; x_wconf 86' lang='lat' dir='ltr'><strong>justissima</strong></span> <span class='ocrx_word' id='word_1_408' title='bbox 3147 2429 3416 2502; x_wconf 87' lang='lat' dir='ltr'><strong>principis</strong></span> 
     </span>
    </p>
   </div>
   <div class='ocr_carea' id='block_1_55' title="bbox 1840 2525 3418 2602">
    <p class='ocr_par' dir='ltr' id='par_1_55' title="bbox 1840 2525 3418 2602">
     <span class='ocr_line' id='line_1_55' title="bbox 1840 2525 3418 2602; baseline -0.01 -15"><span class='ocrx_word' id='word_1_409' title='bbox 1840 2531 2005 2602; x_wconf 82' lang='lat' dir='ltr'><strong>hujus</strong></span> <span class='ocrx_word' id='word_1_410' title='bbox 2045 2530 2236 2585; x_wconf 87' lang='lat' dir='ltr'><strong>mundi</strong></span> <span class='ocrx_word' id='word_1_411' title='bbox 2277 2528 2684 2585; x_wconf 88' lang='lat' dir='ltr'><strong>condemnatio.</strong></span> <span class='ocrx_word' id='word_1_412' title='bbox 2717 2525 3003 2593; x_wconf 79' lang='lat' dir='ltr'><strong>Quomodo</strong></span> <span class='ocrx_word' id='word_1_413' title='bbox 3056 2529 3239 2577; x_wconf 85' lang='lat' dir='ltr'><strong>autem</strong></span> <span class='ocrx_word' id='word_1_414' title='bbox 3271 2562 3285 2586; x_wconf 94' lang='lat'>,</span> <span class='ocrx_word' id='word_1_415' title='bbox 3318 2534 3418 2572; x_wconf 76' lang='lat' dir='ltr'>cx-</span> 
     </span>
    </p>
   </div>
   <div class='ocr_carea' id='block_1_56' title="bbox 1840 2612 3418 2692">
    <p class='ocr_par' dir='ltr' id='par_1_56' title="bbox 1840 2612 3418 2692">
     <span class='ocr_line' id='line_1_56' title="bbox 1840 2612 3418 2692; baseline -0.008 -15"><span class='ocrx_word' id='word_1_416' title='bbox 1840 2637 2039 2692; x_wconf 89' lang='lat' dir='ltr'><strong>ponam</strong></span> <span class='ocrx_word' id='word_1_417' title='bbox 2071 2621 2235 2691; x_wconf 76' lang='lat'>922</span> <span class='ocrx_word' id='word_1_418' title='bbox 2266 2620 2507 2676; x_wconf 85' lang='lat' dir='ltr'><strong>demum.</strong></span> <span class='ocrx_word' id='word_1_419' title='bbox 2541 2619 2944 2675; x_wconf 86' lang='lat' dir='ltr'><strong>Testimonium</strong></span> <span class='ocrx_word' id='word_1_420' title='bbox 2969 2629 3210 2684; x_wconf 76' lang='lat' dir='ltr'><strong>namque</strong></span> <span class='ocrx_word' id='word_1_421' title='bbox 3229 2612 3418 2683; x_wconf 81' lang='lat' dir='ltr'><strong>gloriae</strong></span> 
     </span>
    </p>
   </div>
   <div class='ocr_carea' id='block_1_57' title="bbox 1837 2705 3419 2782">
    <p class='ocr_par' dir='ltr' id='par_1_57' title="bbox 1837 2705 3419 2782">
     <span class='ocr_line' id='line_1_57' title="bbox 1837 2705 3419 2782; baseline -0.008 -13"><span class='ocrx_word' id='word_1_422' title='bbox 1837 2713 2045 2769; x_wconf 82' lang='lat' dir='ltr'><strong>Christi</strong></span> <span class='ocrx_word' id='word_1_423' title='bbox 2081 2711 2421 2782; x_wconf 86' lang='lat' dir='ltr'><strong>perhibebit,</strong></span> <span class='ocrx_word' id='word_1_424' title='bbox 2472 2718 2527 2766; x_wconf 92' lang='lat' dir='ltr'>et</span> <span class='ocrx_word' id='word_1_425' title='bbox 2566 2711 2746 2781; x_wconf 90' lang='lat' dir='ltr'><strong>ipsum</strong></span> <span class='ocrx_word' id='word_1_426' title='bbox 2780 2708 3080 2765; x_wconf 87' lang='lat' dir='ltr'><strong>ostendens</strong></span> <span class='ocrx_word' id='word_1_427' title='bbox 3125 2720 3250 2761; x_wconf 87' lang='lat' dir='ltr'><strong>esse</strong></span> <span class='ocrx_word' id='word_1_428' title='bbox 3293 2705 3419 2758; x_wconf 91' lang='lat' dir='ltr'><strong>uni-</strong></span> 
     </span>
    </p>
   </div>
   <div class='ocr_carea' id='block_1_58' title="bbox 1839 2799 3416 2869">
    <p class='ocr_par' dir='ltr' id='par_1_58' title="bbox 1839 2799 3416 2869">
     <span class='ocr_line' id='line_1_58' title="bbox 1839 2799 3416 2869; baseline -0.003 -16"><span class='ocrx_word' id='word_1_429' title='bbox 1839 2801 1983 2857; x_wconf 81' lang='lat' dir='ltr'><strong>versi</strong></span> <span class='ocrx_word' id='word_1_430' title='bbox 2016 2801 2338 2864; x_wconf 84' lang='lat' dir='ltr'><strong>Dominum,</strong></span> <span class='ocrx_word' id='word_1_431' title='bbox 2387 2801 2651 2856; x_wconf 89' lang='lat' dir='ltr'><strong>mundum</strong></span> <span class='ocrx_word' id='word_1_432' title='bbox 2703 2799 2912 2855; x_wconf 87' lang='lat' dir='ltr'><strong>erroris</strong></span> <span class='ocrx_word' id='word_1_433' title='bbox 2941 2807 3160 2869; x_wconf 89' lang='lat' dir='ltr'><strong>arguet,</strong></span> <span class='ocrx_word' id='word_1_434' title='bbox 3203 2804 3261 2852; x_wconf 91' lang='lat' dir='ltr'><strong>ut</strong></span> <span class='ocrx_word' id='word_1_435' title='bbox 3299 2802 3416 2865; x_wconf 90' lang='lat' dir='ltr'><strong>qui,</strong></span> 
     </span>
    </p>
   </div>
   <div class='ocr_carea' id='block_1_59' title="bbox 1840 2889 3420 2957">
    <p class='ocr_par' dir='ltr' id='par_1_59' title="bbox 1840 2889 3420 2957">
     <span class='ocr_line' id='line_1_59' title="bbox 1840 2889 3420 2957; baseline -0.004 -8"><span class='ocrx_word' id='word_1_436' title='bbox 1840 2895 2035 2951; x_wconf 89' lang='lat' dir='ltr'><strong>relicto</strong></span> <span class='ocrx_word' id='word_1_437' title='bbox 2073 2910 2205 2951; x_wconf 89' lang='lat' dir='ltr'><strong>vero</strong></span> <span class='ocrx_word' id='word_1_438' title='bbox 2230 2909 2295 2949; x_wconf 89' lang='lat' dir='ltr'>ac</span> <span class='ocrx_word' id='word_1_439' title='bbox 2322 2895 2564 2949; x_wconf 87' lang='lat' dir='ltr'><strong>naturali</strong></span> <span class='ocrx_word' id='word_1_440' title='bbox 2597 2893 2725 2957; x_wconf 83' lang='lat' dir='ltr'><strong>Deo,</strong></span> <span class='ocrx_word' id='word_1_441' title='bbox 2766 2907 2873 2948; x_wconf 91' lang='lat' dir='ltr'>non</span> <span class='ocrx_word' id='word_1_442' title='bbox 2899 2891 3231 2957; x_wconf 89' lang='lat' dir='ltr'><strong>naturalem,</strong></span> <span class='ocrx_word' id='word_1_443' title='bbox 3255 2889 3307 2944; x_wconf 92' lang='lat' dir='ltr'>id</span> <span class='ocrx_word' id='word_1_444' title='bbox 3334 2896 3420 2943; x_wconf 86' lang='lat' dir='ltr'>est</span> 
     </span>
    </p>
   </div>
   <div class='ocr_carea' id='block_1_60' title="bbox 1842 2982 3416 3051">
    <p class='ocr_par' dir='ltr' id='par_1_60' title="bbox 1842 2982 3416 3051">
     <span class='ocr_line' id='line_1_60' title="bbox 1842 2982 3416 3051; baseline -0.004 -11"><span class='ocrx_word' id='word_1_445' title='bbox 1842 2985 2124 3051; x_wconf 84' lang='lat' dir='ltr'><strong>Satanam,</strong></span> <span class='ocrx_word' id='word_1_446' title='bbox 2181 2986 2449 3041; x_wconf 88' lang='lat' dir='ltr'><strong>adorarit.</strong></span> <span class='ocrx_word' id='word_1_447' title='bbox 2491 2985 2700 3042; x_wconf 79' lang='lat' dir='ltr'><strong>Sullieit</strong></span> <span class='ocrx_word' id='word_1_448' title='bbox 2728 2987 2875 3043; x_wconf 91' lang='lat' dir='ltr'><strong>enim</strong></span> <span class='ocrx_word' id='word_1_449' title='bbox 2906 2984 2976 3038; x_wconf 87' lang='lat' dir='ltr'>ad</span> <span class='ocrx_word' id='word_1_450' title='bbox 3010 2982 3416 3040; x_wconf 86' lang='lat' dir='ltr'><strong>ostendendum</strong></span> 
     </span>
    </p>
   </div>
   <div class='ocr_carea' id='block_1_61' title="bbox 1840 3072 3413 3144">
    <p class='ocr_par' dir='ltr' id='par_1_61' title="bbox 1840 3072 3413 3144">
     <span class='ocr_line' id='line_1_61' title="bbox 1840 3072 3413 3144; baseline -0.003 -13"><span class='ocrx_word' id='word_1_451' title='bbox 1840 3077 1916 3131; x_wconf 91' lang='lat' dir='ltr'><strong>ita</strong></span> <span class='ocrx_word' id='word_1_452' title='bbox 1943 3092 2003 3133; x_wconf 92' lang='lat' dir='ltr'>se</span> <span class='ocrx_word' id='word_1_453' title='bbox 2025 3076 2225 3132; x_wconf 90' lang='lat' dir='ltr'><strong>habere</strong></span> <span class='ocrx_word' id='word_1_454' title='bbox 2259 3077 2339 3132; x_wconf 89' lang='lat' dir='ltr'>rei</span> <span class='ocrx_word' id='word_1_455' title='bbox 2364 3084 2642 3143; x_wconf 87' lang='lat' dir='ltr'><strong>naturam,</strong></span> <span class='ocrx_word' id='word_1_456' title='bbox 2673 3076 2843 3132; x_wconf 89' lang='lat' dir='ltr'><strong>latum</strong></span> <span class='ocrx_word' id='word_1_457' title='bbox 2880 3076 2933 3130; x_wconf 90' lang='lat' dir='ltr'><strong>iu</strong></span> <span class='ocrx_word' id='word_1_458' title='bbox 2971 3089 3097 3131; x_wconf 88' lang='lat' dir='ltr'>eum</span> <span class='ocrx_word' id='word_1_459' title='bbox 3117 3072 3413 3144; x_wconf 87' lang='lat' dir='ltr'><strong>judicium.</strong></span> 
     </span>
    </p>
   </div>
   <div class='ocr_carea' id='block_1_62' title="bbox 171 3149 1739 3245">
    <p class='ocr_par' dir='ltr' id='par_1_62' title="bbox 171 3149 1734 3245">
     <span class='ocr_line' id='line_1_62' title="bbox 171 3149 1734 3245; baseline 0.011 -47"><span class='ocrx_word' id='word_1_460' title='bbox 171 3163 298 3245; x_wconf 68' lang='grc' dir='ltr'>ριον,</span> <span class='ocrx_word' id='word_1_461' title='bbox 315 3149 526 3245; x_wconf 55' lang='grc' dir='ltr'>ἐλόγξει</span> <span class='ocrx_word' id='word_1_462' title='bbox 561 3152 652 3206; x_wconf 90' lang='grc' dir='ltr'>τὸν</span> <span class='ocrx_word' id='word_1_463' title='bbox 685 3154 912 3224; x_wconf 80' lang='grc' dir='ltr'>κόσμον,</span> <span class='ocrx_word' id='word_1_464' title='bbox 951 3155 1028 3219; x_wconf 84' lang='grc' dir='ltr'>ὡς</span> <span class='ocrx_word' id='word_1_465' title='bbox 1053 3157 1492 3227; x_wconf 81' lang='grc' dir='ltr'>πεπλανημένον,</span> <span class='ocrx_word' id='word_1_466' title='bbox 1518 3158 1613 3214; x_wconf 76' lang='grc' dir='ltr'>καὶ</span> <span class='ocrx_word' id='word_1_467' title='bbox 1642 3159 1734 3215; x_wconf 80' lang='grc' dir='ltr'>τὸν</span> 
     </span>
    </p>
   </div>
   <div class='ocr_carea' id='block_1_63' title="bbox 1839 3149 3417 3245">
    <p class='ocr_par' dir='ltr' id='par_1_63' title="bbox 1841 3165 3417 3237">
     <span class='ocr_line' id='line_1_63' title="bbox 1841 3165 3417 3237; baseline -0.003 -15"><span class='ocrx_word' id='word_1_468' title='bbox 1841 3166 1961 3224; x_wconf 85' lang='lat' dir='ltr'><strong>Non</strong></span> <span class='ocrx_word' id='word_1_469' title='bbox 1984 3167 2131 3224; x_wconf 90' lang='lat' dir='ltr'><strong>enim</strong></span> <span class='ocrx_word' id='word_1_470' title='bbox 2163 3167 2370 3237; x_wconf 86' lang='lat' dir='ltr'><strong>alioqui</strong></span> <span class='ocrx_word' id='word_1_471' title='bbox 2396 3166 2797 3223; x_wconf 85' lang='lat' dir='ltr'><strong>condemnatus</strong></span> <span class='ocrx_word' id='word_1_472' title='bbox 2831 3175 2888 3223; x_wconf 92' lang='lat' dir='ltr'>et</span> <span class='ocrx_word' id='word_1_473' title='bbox 2930 3166 3242 3221; x_wconf 73' lang='lat' dir='ltr'><strong>infirmatus</strong></span> <span class='ocrx_word' id='word_1_474' title='bbox 3278 3165 3417 3219; x_wconf 80' lang='lat' dir='ltr'><strong>fuis-</strong></span> 
     </span>
    </p>
   </div>
   <div class='ocr_carea' id='block_1_64' title="bbox 171 3237 1741 3321">
    <p class='ocr_par' dir='ltr' id='par_1_64' title="bbox 171 3237 1741 3321">
     <span class='ocr_line' id='line_1_64' title="bbox 171 3237 1741 3321; baseline 0.01 -31"><span class='ocrx_word' id='word_1_475' title='bbox 171 3237 261 3307; x_wconf 86' lang='grc' dir='ltr'>μέν</span> <span class='ocrx_word' id='word_1_476' title='bbox 279 3238 496 3310; x_wconf 82' lang='grc' dir='ltr'>άληθῶς</span> <span class='ocrx_word' id='word_1_477' title='bbox 515 3258 574 3294; x_wconf 90' lang='grc' dir='ltr'>τε</span> <span class='ocrx_word' id='word_1_478' title='bbox 600 3243 694 3297; x_wconf 75' lang='grc' dir='ltr'>καὶ</span> <span class='ocrx_word' id='word_1_479' title='bbox 711 3242 871 3313; x_wconf 82' lang='grc' dir='ltr'>φύσει</span> <span class='ocrx_word' id='word_1_480' title='bbox 888 3244 1097 3314; x_wconf 81' lang='grc' dir='ltr'>ἀφέντα</span> <span class='ocrx_word' id='word_1_481' title='bbox 1117 3245 1271 3310; x_wconf 78' lang='grc' dir='ltr'>Θεὸν,</span> <span class='ocrx_word' id='word_1_482' title='bbox 1286 3251 1741 3321; x_wconf 82' lang='grc' dir='ltr'>προσκυνήσαντα</span> 
     </span>
    </p>
   </div>
   <div class='ocr_carea' id='block_1_65' title="bbox 168 3329 1736 3409">
    <p class='ocr_par' dir='ltr' id='par_1_65' title="bbox 168 3329 1736 3409">
     <span class='ocr_line' id='line_1_65' title="bbox 168 3329 1736 3409; baseline 0.01 -28"><span class='ocrx_word' id='word_1_483' title='bbox 168 3329 219 3382; x_wconf 84' lang='grc' dir='ltr'>δὲ</span> <span class='ocrx_word' id='word_1_484' title='bbox 249 3332 338 3384; x_wconf 82' lang='grc' dir='ltr'>καὶ</span> <span class='ocrx_word' id='word_1_485' title='bbox 368 3331 769 3406; x_wconf 86' lang='grc' dir='ltr'>λελατρευκότα</span> <span class='ocrx_word' id='word_1_486' title='bbox 794 3335 873 3407; x_wconf 83' lang='grc' dir='ltr'>τῷ</span> <span class='ocrx_word' id='word_1_487' title='bbox 905 3336 982 3406; x_wconf 85' lang='grc' dir='ltr'>μὴ</span> <span class='ocrx_word' id='word_1_488' title='bbox 1004 3338 1146 3392; x_wconf 89' lang='grc' dir='ltr'>κατά</span> <span class='ocrx_word' id='word_1_489' title='bbox 1177 3339 1338 3409; x_wconf 83' lang='grc' dir='ltr'>φύσιν</span> <span class='ocrx_word' id='word_1_490' title='bbox 1359 3379 1374 3404; x_wconf 93' lang='grc'>,</span> <span class='ocrx_word' id='word_1_491' title='bbox 1415 3336 1561 3395; x_wconf 74' lang='grc' dir='ltr'>τοῦτ’</span> <span class='ocrx_word' id='word_1_492' title='bbox 1599 3341 1736 3409; x_wconf 77' lang='grc' dir='ltr'>ἐστι,</span> 
     </span>
    </p>
   </div>
   <div class='ocr_carea' id='block_1_66' title="bbox 168 3421 1736 3503">
    <p class='ocr_par' dir='ltr' id='par_1_66' title="bbox 168 3421 1736 3503">
     <span class='ocr_line' id='line_1_66' title="bbox 168 3421 1736 3503; baseline 0.008 -30"><span class='ocrx_word' id='word_1_493' title='bbox 168 3421 239 3490; x_wconf 83' lang='grc' dir='ltr'>τῷ</span> <span class='ocrx_word' id='word_1_494' title='bbox 266 3423 496 3495; x_wconf 83' lang='grc' dir='ltr'>Σατανᾷ.</span> <span class='ocrx_word' id='word_1_495' title='bbox 539 3425 721 3498; x_wconf 82' lang='grc' dir='ltr'>Ἱκανὴ</span> <span class='ocrx_word' id='word_1_496' title='bbox 744 3427 881 3498; x_wconf 82' lang='grc' dir='ltr'>γάρ,</span> <span class='ocrx_word' id='word_1_497' title='bbox 912 3424 1067 3499; x_wconf 74' lang='grc' dir='ltr'>οἶμαι</span> <span class='ocrx_word' id='word_1_498' title='bbox 1088 3468 1104 3495; x_wconf 96' lang='grc'>,</span> <span class='ocrx_word' id='word_1_499' title='bbox 1136 3430 1273 3501; x_wconf 83' lang='grc' dir='ltr'>πρὸς</span> <span class='ocrx_word' id='word_1_500' title='bbox 1296 3430 1359 3483; x_wconf 82' lang='grc' dir='ltr'>τὸ</span> <span class='ocrx_word' id='word_1_501' title='bbox 1388 3430 1560 3495; x_wconf 82' lang='grc' dir='ltr'>οὕτως</span> <span class='ocrx_word' id='word_1_502' title='bbox 1582 3431 1736 3503; x_wconf 74' lang='grc' dir='ltr'>ἐχου-</span> 
     </span>
    </p>
   </div>
   <div class='ocr_carea' id='block_1_67' title="bbox 172 3514 1737 3595">
    <p class='ocr_par' dir='ltr' id='par_1_67' title="bbox 172 3514 1737 3595">
     <span class='ocr_line' id='line_1_67' title="bbox 172 3514 1737 3595; baseline 0.01 -32"><span class='ocrx_word' id='word_1_503' title='bbox 172 3527 264 3564; x_wconf 88' lang='grc' dir='ltr'>σαν</span> <span class='ocrx_word' id='word_1_504' title='bbox 314 3514 583 3579; x_wconf 77' lang='grc' dir='ltr'>ἐπιδεῖξαι</span> <span class='ocrx_word' id='word_1_505' title='bbox 630 3515 729 3587; x_wconf 85' lang='grc' dir='ltr'>τὴν</span> <span class='ocrx_word' id='word_1_506' title='bbox 772 3518 868 3573; x_wconf 78' lang='grc' dir='ltr'>τοῦ</span> <span class='ocrx_word' id='word_1_507' title='bbox 918 3519 1243 3591; x_wconf 88' lang='grc' dir='ltr'>πράγματος</span> <span class='ocrx_word' id='word_1_508' title='bbox 1295 3521 1489 3591; x_wconf 80' lang='grc' dir='ltr'>φύσιν,</span> <span class='ocrx_word' id='word_1_509' title='bbox 1533 3525 1566 3595; x_wconf 78' lang='grc' dir='ltr'><strong>ἡ</strong></span> <span class='ocrx_word' id='word_1_510' title='bbox 1615 3525 1737 3578; x_wconf 87' lang='grc' dir='ltr'>κατ’</span> 
     </span>
    </p>
   </div>
   <div class='ocr_carea' id='block_1_68' title="bbox 170 3602 1739 3684">
    <p class='ocr_par' dir='ltr' id='par_1_68' title="bbox 170 3602 1739 3684">
     <span class='ocr_line' id='line_1_68' title="bbox 170 3602 1739 3684; baseline 0.01 -32"><span class='ocrx_word' id='word_1_511' title='bbox 170 3602 325 3655; x_wconf 81' lang='grc' dir='ltr'>αὐτοῦ</span> <span class='ocrx_word' id='word_1_512' title='bbox 367 3604 639 3676; x_wconf 84' lang='grc' dir='ltr'>γενομένη</span> <span class='ocrx_word' id='word_1_513' title='bbox 678 3606 878 3677; x_wconf 87' lang='grc' dir='ltr'>κρίσις.</span> <span class='ocrx_word' id='word_1_514' title='bbox 911 3606 990 3662; x_wconf 84' lang='grc' dir='ltr'>Οὐ</span> <span class='ocrx_word' id='word_1_515' title='bbox 1020 3610 1130 3681; x_wconf 83' lang='grc' dir='ltr'>γὰρ</span> <span class='ocrx_word' id='word_1_516' title='bbox 1159 3611 1226 3665; x_wconf 78' lang='grc' dir='ltr'>ἂν</span> <span class='ocrx_word' id='word_1_517' title='bbox 1259 3613 1592 3684; x_wconf 85' lang='grc' dir='ltr'>κατεκρίθη,</span> <span class='ocrx_word' id='word_1_518' title='bbox 1644 3615 1739 3668; x_wconf 80' lang='grc' dir='ltr'>καὶ</span> 
     </span>
    </p>
   </div>
   <div class='ocr_carea' id='block_1_69' title="bbox 170 3692 1736 3776">
    <p class='ocr_par' dir='ltr' id='par_1_69' title="bbox 170 3692 1736 3776">
     <span class='ocr_line' id='line_1_69' title="bbox 170 3692 1736 3776; baseline 0.01 -31"><span class='ocrx_word' id='word_1_519' title='bbox 170 3692 483 3765; x_wconf 74' lang='grc' dir='ltr'>ἠσθένησεν,</span> <span class='ocrx_word' id='word_1_520' title='bbox 514 3695 622 3749; x_wconf 81' lang='grc' dir='ltr'>οὐδ’</span> <span class='ocrx_word' id='word_1_521' title='bbox 650 3697 716 3751; x_wconf 82' lang='grc' dir='ltr'>ἂν</span> <span class='ocrx_word' id='word_1_522' title='bbox 746 3698 845 3768; x_wconf 83' lang='grc' dir='ltr'>τῆς</span> <span class='ocrx_word' id='word_1_523' title='bbox 867 3698 1162 3771; x_wconf 84' lang='grc' dir='ltr'>θεομαχίας</span> <span class='ocrx_word' id='word_1_524' title='bbox 1192 3704 1528 3776; x_wconf 88' lang='grc' dir='ltr'>είσεπράχθη</span> <span class='ocrx_word' id='word_1_525' title='bbox 1561 3705 1736 3776; x_wconf 87' lang='grc' dir='ltr'>δίκας,</span> 
     </span>
    </p>
   </div>
   <div class='ocr_carea' id='block_1_70' title="bbox 175 3782 1739 3865">
    <p class='ocr_par' dir='ltr' id='par_1_70' title="bbox 175 3782 1739 3865">
     <span class='ocr_line' id='line_1_70' title="bbox 175 3782 1739 3865; baseline 0.01 -32"><span class='ocrx_word' id='word_1_526' title='bbox 175 3785 372 3853; x_wconf 87' lang='grc' dir='ltr'>σειραῖς</span> <span class='ocrx_word' id='word_1_527' title='bbox 425 3782 592 3853; x_wconf 80' lang='grc' dir='ltr'>ζόφου</span> <span class='ocrx_word' id='word_1_528' title='bbox 651 3789 1169 3859; x_wconf 79' lang='grc' dir='ltr'>τεταρταρωμένος,</span> <span class='ocrx_word' id='word_1_529' title='bbox 1234 3792 1391 3864; x_wconf 78' lang='grc' dir='ltr'>εἴπερ</span> <span class='ocrx_word' id='word_1_530' title='bbox 1443 3788 1513 3864; x_wconf 80' lang='grc' dir='ltr'>ἦν</span> <span class='ocrx_word' id='word_1_531' title='bbox 1576 3793 1739 3865; x_wconf 81' lang='grc' dir='ltr'>φύσει</span> 
     </span>
    </p>
   </div>
   <div class='ocr_carea' id='block_1_71' title="bbox 172 3873 1734 3959">
    <p class='ocr_par' dir='ltr' id='par_1_71' title="bbox 172 3873 1734 3959">
     <span class='ocr_line' id='line_1_71' title="bbox 172 3873 1734 3959; baseline 0.011 -35"><span class='ocrx_word' id='word_1_532' title='bbox 172 3873 294 3936; x_wconf 84' lang='grc' dir='ltr'>Θεὸς</span> <span class='ocrx_word' id='word_1_533' title='bbox 344 3873 406 3927; x_wconf 83' lang='grc' dir='ltr'>τὸ</span> <span class='ocrx_word' id='word_1_534' title='bbox 455 3873 754 3944; x_wconf 87' lang='grc' dir='ltr'>άκλόνητον</span> <span class='ocrx_word' id='word_1_535' title='bbox 812 3875 951 3948; x_wconf 77' lang='grc' dir='ltr'>ἔχων</span> <span class='ocrx_word' id='word_1_536' title='bbox 1006 3880 1065 3932; x_wconf 85' lang='grc' dir='ltr'>ἐν</span> <span class='ocrx_word' id='word_1_537' title='bbox 1114 3882 1180 3951; x_wconf 80' lang='grc' dir='ltr'>τῇ</span> <span class='ocrx_word' id='word_1_538' title='bbox 1231 3882 1376 3953; x_wconf 84' lang='grc' dir='ltr'>ίσχύῖ</span> <span class='ocrx_word' id='word_1_539' title='bbox 1433 3885 1528 3939; x_wconf 81' lang='grc' dir='ltr'>καὶ</span> <span class='ocrx_word' id='word_1_540' title='bbox 1586 3885 1734 3959; x_wconf 82' lang='grc' dir='ltr'>δόξῃ.</span> 
     </span>
    </p>
   </div>
   <div class='ocr_carea' id='block_1_72' title="bbox 172 3963 1738 4050">
    <p class='ocr_par' dir='ltr' id='par_1_72' title="bbox 172 3963 1738 4050">
     <span class='ocr_line' id='line_1_72' title="bbox 172 3963 1738 4050; baseline 0.011 -35"><span class='ocrx_word' id='word_1_541' title='bbox 172 3963 394 4027; x_wconf 63' lang='grc' dir='ltr'>Νυνὶδὲ</span> <span class='ocrx_word' id='word_1_542' title='bbox 420 3964 677 4020; x_wconf 79' lang='grc' dir='ltr'>τοσοῦτον</span> <span class='ocrx_word' id='word_1_543' title='bbox 716 3967 1024 4034; x_wconf 85' lang='grc' dir='ltr'>ἐλλελοιπὸς</span> <span class='ocrx_word' id='word_1_544' title='bbox 1063 3972 1281 4044; x_wconf 82' lang='grc' dir='ltr'>ὁρῶμεν</span> <span class='ocrx_word' id='word_1_545' title='bbox 1317 3973 1496 4045; x_wconf 85' lang='grc' dir='ltr'>αὐτῷ,</span> <span class='ocrx_word' id='word_1_546' title='bbox 1546 3976 1606 4030; x_wconf 84' lang='grc' dir='ltr'>τὸ</span> <span class='ocrx_word' id='word_1_547' title='bbox 1636 3978 1738 4050; x_wconf 86' lang='grc' dir='ltr'>τὴν</span> 
     </span>
    </p>
   </div>
   <div class='ocr_carea' id='block_1_73' title="bbox 172 4056 1738 4133">
    <p class='ocr_par' dir='ltr' id='par_1_73' title="bbox 172 4056 1738 4133">
     <span class='ocr_line' id='line_1_73' title="bbox 172 4056 1738 4133; baseline 0.01 -25"><span class='ocrx_word' id='word_1_548' title='bbox 172 4056 366 4111; x_wconf 75' lang='grc' dir='ltr'>οἰκείαν</span> <span class='ocrx_word' id='word_1_549' title='bbox 393 4056 658 4111; x_wconf 75' lang='grc' dir='ltr'>δύνασθαι</span> <span class='ocrx_word' id='word_1_550' title='bbox 686 4058 950 4113; x_wconf 83' lang='grc' dir='ltr'>διασῶσαι</span> <span class='ocrx_word' id='word_1_551' title='bbox 972 4062 1140 4133; x_wconf 85' lang='grc' dir='ltr'>τιμὴν</span> <span class='ocrx_word' id='word_1_552' title='bbox 1158 4104 1174 4129; x_wconf 92' lang='grc'>,</span> <span class='ocrx_word' id='word_1_553' title='bbox 1211 4062 1352 4118; x_wconf 84' lang='grc' dir='ltr'>ὥστε</span> <span class='ocrx_word' id='word_1_554' title='bbox 1384 4066 1480 4119; x_wconf 77' lang='grc' dir='ltr'>καὶ</span> <span class='ocrx_word' id='word_1_555' title='bbox 1509 4067 1615 4121; x_wconf 85' lang='grc' dir='ltr'>ὑπὸ</span> <span class='ocrx_word' id='word_1_556' title='bbox 1638 4069 1738 4122; x_wconf 91' lang='grc' dir='ltr'>πό-</span> 
     </span>
    </p>
   </div>
   <div class='ocr_carea' id='block_1_74' title="bbox 170 4148 1737 4229">
    <p class='ocr_par' dir='ltr' id='par_1_74' title="bbox 170 4148 1737 4229">
     <span class='ocr_line' id='line_1_74' title="bbox 170 4148 1737 4229; baseline 0.009 -28"><span class='ocrx_word' id='word_1_557' title='bbox 170 4148 258 4213; x_wconf 81' lang='grc' dir='ltr'>δας</span> <span class='ocrx_word' id='word_1_558' title='bbox 284 4149 553 4203; x_wconf 85' lang='grc' dir='ltr'>τεθεῖσθαι</span> <span class='ocrx_word' id='word_1_559' title='bbox 595 4150 702 4203; x_wconf 85' lang='grc' dir='ltr'>τῶν</span> <span class='ocrx_word' id='word_1_560' title='bbox 732 4153 1230 4225; x_wconf 81' lang='grc' dir='ltr'>πνευματοφόρων,</span> <span class='ocrx_word' id='word_1_561' title='bbox 1270 4158 1388 4228; x_wconf 81' lang='grc' dir='ltr'>ήτοι</span> <span class='ocrx_word' id='word_1_562' title='bbox 1427 4160 1658 4229; x_wconf 83' lang='grc' dir='ltr'>πιστῶν,</span> <span class='ocrx_word' id='word_1_563' title='bbox 1687 4162 1737 4215; x_wconf 76' lang='grc' dir='ltr'>οῖ</span> 
     </span>
    </p>
   </div>
   <div class='ocr_carea' id='block_1_75' title="bbox 171 4239 1738 4320">
    <p class='ocr_par' dir='ltr' id='par_1_75' title="bbox 171 4239 1738 4320">
     <span class='ocr_line' id='line_1_75' title="bbox 171 4239 1738 4320; baseline 0.009 -28"><span class='ocrx_word' id='word_1_564' title='bbox 171 4239 258 4293; x_wconf 74' lang='grc' dir='ltr'>καὶ</span> <span class='ocrx_word' id='word_1_565' title='bbox 284 4240 414 4294; x_wconf 79' lang='grc' dir='ltr'>Θεὸν</span> <span class='ocrx_word' id='word_1_566' title='bbox 458 4240 728 4313; x_wconf 82' lang='grc' dir='ltr'>ὑπάρχειν</span> <span class='ocrx_word' id='word_1_567' title='bbox 764 4242 1153 4314; x_wconf 86' lang='grc' dir='ltr'>ὡμολογήκασι</span> <span class='ocrx_word' id='word_1_568' title='bbox 1190 4246 1282 4300; x_wconf 83' lang='grc' dir='ltr'>τὸν</span> <span class='ocrx_word' id='word_1_569' title='bbox 1314 4249 1568 4320; x_wconf 86' lang='grc' dir='ltr'>Χριστόν.</span> <span class='ocrx_word' id='word_1_570' title='bbox 1623 4252 1738 4306; x_wconf 79' lang='lat' dir='ltr'><strong>lla-</strong></span> 
     </span>
    </p>
   </div>
   <div class='ocr_carea' id='block_1_76' title="bbox 169 4330 1738 4412">
    <p class='ocr_par' dir='ltr' id='par_1_76' title="bbox 169 4330 1738 4412">
     <span class='ocr_line' id='line_1_76' title="bbox 169 4330 1738 4412; baseline 0.011 -31"><span class='ocrx_word' id='word_1_571' title='bbox 169 4330 312 4383; x_wconf 82' lang='grc' dir='ltr'>τοῦσι</span> <span class='ocrx_word' id='word_1_572' title='bbox 362 4332 474 4404; x_wconf 81' lang='grc' dir='ltr'>γὰρ</span> <span class='ocrx_word' id='word_1_573' title='bbox 525 4333 686 4387; x_wconf 84' lang='grc' dir='ltr'>αὐτὸν</span> <span class='ocrx_word' id='word_1_574' title='bbox 732 4334 829 4387; x_wconf 76' lang='grc' dir='ltr'>καὶ</span> <span class='ocrx_word' id='word_1_575' title='bbox 870 4335 1197 4406; x_wconf 77' lang='grc' dir='ltr'>πειράζοντα</span> <span class='ocrx_word' id='word_1_576' title='bbox 1217 4377 1233 4403; x_wconf 92' lang='grc'>,</span> <span class='ocrx_word' id='word_1_577' title='bbox 1275 4341 1368 4393; x_wconf 74' lang='grc' dir='ltr'>καὶ</span> <span class='ocrx_word' id='word_1_578' title='bbox 1408 4342 1738 4412; x_wconf 89' lang='grc' dir='ltr'>μαχόμενον.</span> 
     </span>
    </p>
   </div>
   <div class='ocr_carea' id='block_1_77' title="bbox 174 4419 1739 4501">
    <p class='ocr_par' dir='ltr' id='par_1_77' title="bbox 174 4419 1739 4501">
     <span class='ocr_line' id='line_1_77' title="bbox 174 4419 1739 4501; baseline 0.008 -28"><span class='ocrx_word' id='word_1_579' title='bbox 174 4419 330 4474; x_wconf 87' lang='grc' dir='ltr'>Ὅταν</span> <span class='ocrx_word' id='word_1_580' title='bbox 357 4421 417 4475; x_wconf 78' lang='grc' dir='ltr'>δέ</span> <span class='ocrx_word' id='word_1_581' title='bbox 457 4421 525 4491; x_wconf 90' lang='grc' dir='ltr'>δή</span> <span class='ocrx_word' id='word_1_582' title='bbox 561 4438 646 4485; x_wconf 86' lang='grc' dir='ltr'>τις</span> <span class='ocrx_word' id='word_1_583' title='bbox 686 4421 781 4477; x_wconf 73' lang='grc' dir='ltr'>καὶ</span> <span class='ocrx_word' id='word_1_584' title='bbox 826 4422 917 4478; x_wconf 81' lang='grc' dir='ltr'>τὸν</span> <span class='ocrx_word' id='word_1_585' title='bbox 960 4424 1069 4478; x_wconf 84' lang='grc' dir='ltr'>τῶν</span> <span class='ocrx_word' id='word_1_586' title='bbox 1099 4426 1422 4499; x_wconf 83' lang='grc' dir='ltr'>ἀκαθάρτων</span> <span class='ocrx_word' id='word_1_587' title='bbox 1447 4429 1739 4501; x_wconf 89' lang='grc' dir='ltr'>δαιμονίων</span> 
     </span>
    </p>
   </div>
   <div class='ocr_carea' id='block_1_78' title="bbox 1840 3255 3416 3332">
    <p class='ocr_par' dir='ltr' id='par_1_78' title="bbox 1840 3255 3416 3332">
     <span class='ocr_line' id='line_1_78' title="bbox 1840 3255 3416 3332; baseline -0.003 -15"><span class='ocrx_word' id='word_1_588' title='bbox 1840 3269 1950 3327; x_wconf 86' lang='lat' dir='ltr'><strong>set,</strong></span> <span class='ocrx_word' id='word_1_589' title='bbox 2004 3274 2106 3315; x_wconf 91' lang='lat' dir='ltr'>nec</span> <span class='ocrx_word' id='word_1_590' title='bbox 2145 3259 2424 3316; x_wconf 84' lang='lat' dir='ltr'><strong>temerarii</strong></span> <span class='ocrx_word' id='word_1_591' title='bbox 2482 3274 2612 3332; x_wconf 88' lang='lat' dir='ltr'><strong>erga</strong></span> <span class='ocrx_word' id='word_1_592' title='bbox 2645 3259 2816 3316; x_wconf 90' lang='lat' dir='ltr'><strong>Deum</strong></span> <span class='ocrx_word' id='word_1_593' title='bbox 2859 3273 3032 3315; x_wconf 83' lang='lat' dir='ltr'><strong>ausus</strong></span> <span class='ocrx_word' id='word_1_594' title='bbox 3077 3272 3272 3329; x_wconf 79' lang='lat' dir='ltr'><strong>pcenas</strong></span> <span class='ocrx_word' id='word_1_595' title='bbox 3317 3255 3416 3312; x_wconf 90' lang='lat' dir='ltr'><strong>de-</strong></span> 
     </span>
    </p>
   </div>
   <div class='ocr_carea' id='block_1_79' title="bbox 1838 3351 3418 3425">
    <p class='ocr_par' dir='ltr' id='par_1_79' title="bbox 1838 3351 3418 3425">
     <span class='ocr_line' id='line_1_79' title="bbox 1838 3351 3418 3425; baseline -0.005 -14"><span class='ocrx_word' id='word_1_596' title='bbox 1838 3354 2049 3418; x_wconf 87' lang='lat' dir='ltr'><strong>disset,</strong></span> <span class='ocrx_word' id='word_1_597' title='bbox 2100 3354 2157 3407; x_wconf 90' lang='lat' dir='ltr'>in</span> <span class='ocrx_word' id='word_1_598' title='bbox 2197 3353 2493 3425; x_wconf 78' lang='lat' dir='ltr'><strong>caliginem</strong></span> <span class='ocrx_word' id='word_1_599' title='bbox 2533 3351 2734 3409; x_wconf 81' lang='lat' dir='ltr'><strong>inferni</strong></span> <span class='ocrx_word' id='word_1_600' title='bbox 2778 3352 3066 3417; x_wconf 88' lang='lat' dir='ltr'><strong>detrusus,</strong></span> <span class='ocrx_word' id='word_1_601' title='bbox 3120 3351 3169 3407; x_wconf 90' lang='lat' dir='ltr'><strong>si</strong></span> <span class='ocrx_word' id='word_1_602' title='bbox 3221 3358 3418 3404; x_wconf 85' lang='lat' dir='ltr'><strong>natura</strong></span> 
     </span>
    </p>
   </div>
   <div class='ocr_carea' id='block_1_80' title="bbox 1842 3441 3412 3517">
    <p class='ocr_par' dir='ltr' id='par_1_80' title="bbox 1842 3441 3412 3517">
     <span class='ocr_line' id='line_1_80' title="bbox 1842 3441 3412 3517; baseline -0.003 -17"><span class='ocrx_word' id='word_1_603' title='bbox 1842 3445 1984 3501; x_wconf 90' lang='lat' dir='ltr'><strong>Deus</strong></span> <span class='ocrx_word' id='word_1_604' title='bbox 2014 3452 2183 3510; x_wconf 87' lang='lat' dir='ltr'><strong>esset,</strong></span> <span class='ocrx_word' id='word_1_605' title='bbox 2235 3445 2399 3514; x_wconf 88' lang='lat' dir='ltr'><strong>cujus</strong></span> <span class='ocrx_word' id='word_1_606' title='bbox 2427 3446 2601 3501; x_wconf 86' lang='lat' dir='ltr'><strong>virtus</strong></span> <span class='ocrx_word' id='word_1_607' title='bbox 2643 3452 2699 3501; x_wconf 85' lang='lat' dir='ltr'>et</span> <span class='ocrx_word' id='word_1_608' title='bbox 2725 3445 2901 3517; x_wconf 86' lang='lat' dir='ltr'><strong>gloria</strong></span> <span class='ocrx_word' id='word_1_609' title='bbox 2943 3443 3168 3500; x_wconf 90' lang='lat' dir='ltr'><strong>concuti</strong></span> <span class='ocrx_word' id='word_1_610' title='bbox 3200 3441 3412 3510; x_wconf 88' lang='lat' dir='ltr'><strong>nequit.</strong></span> 
     </span>
    </p>
   </div>
   <div class='ocr_carea' id='block_1_81' title="bbox 1838 3530 3418 3590">
    <p class='ocr_par' dir='ltr' id='par_1_81' title="bbox 1838 3530 3418 3590">
     <span class='ocr_line' id='line_1_81' title="bbox 1838 3530 3418 3590; baseline -0.002 -2"><span class='ocrx_word' id='word_1_611' title='bbox 1838 3532 1996 3588; x_wconf 84' lang='lat' dir='ltr'><strong>Nunc</strong></span> <span class='ocrx_word' id='word_1_612' title='bbox 2030 3548 2164 3589; x_wconf 88' lang='lat' dir='ltr'><strong>vero</strong></span> <span class='ocrx_word' id='word_1_613' title='bbox 2200 3540 2412 3587; x_wconf 88' lang='lat' dir='ltr'><strong>tantum</strong></span> <span class='ocrx_word' id='word_1_614' title='bbox 2469 3534 2627 3589; x_wconf 87' lang='lat' dir='ltr'><strong>abest</strong></span> <span class='ocrx_word' id='word_1_615' title='bbox 2656 3541 2715 3589; x_wconf 90' lang='lat' dir='ltr'>ut</span> <span class='ocrx_word' id='word_1_616' title='bbox 2761 3550 2923 3590; x_wconf 91' lang='lat' dir='ltr'><strong>suum</strong></span> <span class='ocrx_word' id='word_1_617' title='bbox 2967 3535 3238 3588; x_wconf 89' lang='lat' dir='ltr'><strong>honorem</strong></span> <span class='ocrx_word' id='word_1_618' title='bbox 3274 3530 3418 3586; x_wconf 90' lang='lat' dir='ltr'><strong>tueri</strong></span> 
     </span>
    </p>
   </div>
   <div class='ocr_carea' id='block_1_82' title="bbox 1840 3622 3418 3697">
    <p class='ocr_par' dir='ltr' id='par_1_82' title="bbox 1840 3622 3418 3697">
     <span class='ocr_line' id='line_1_82' title="bbox 1840 3622 3418 3697; baseline -0.003 -15"><span class='ocrx_word' id='word_1_619' title='bbox 1840 3624 2038 3697; x_wconf 89' lang='lat' dir='ltr'><strong>possit,</strong></span> <span class='ocrx_word' id='word_1_620' title='bbox 2067 3632 2129 3679; x_wconf 90' lang='lat' dir='ltr'>ut</span> <span class='ocrx_word' id='word_1_621' title='bbox 2174 3624 2405 3695; x_wconf 88' lang='lat' dir='ltr'><strong>pedibus</strong></span> <span class='ocrx_word' id='word_1_622' title='bbox 2444 3626 2688 3680; x_wconf 90' lang='lat' dir='ltr'><strong>virorum</strong></span> <span class='ocrx_word' id='word_1_623' title='bbox 2735 3625 3104 3695; x_wconf 90' lang='lat' dir='ltr'><strong>spiritualium</strong></span> <span class='ocrx_word' id='word_1_624' title='bbox 3142 3631 3236 3678; x_wconf 91' lang='lat' dir='ltr'>aut</span> <span class='ocrx_word' id='word_1_625' title='bbox 3284 3622 3418 3679; x_wconf 84' lang='lat' dir='ltr'><strong>lide-</strong></span> 
     </span>
    </p>
   </div>
   <div class='ocr_carea' id='block_1_83' title="bbox 1839 3715 3419 3787">
    <p class='ocr_par' dir='ltr' id='par_1_83' title="bbox 1839 3715 3419 3787">
     <span class='ocr_line' id='line_1_83' title="bbox 1839 3715 3419 3787; baseline -0.001 -17"><span class='ocrx_word' id='word_1_626' title='bbox 1839 3716 1974 3771; x_wconf 91' lang='lat' dir='ltr'><strong>lium</strong></span> <span class='ocrx_word' id='word_1_627' title='bbox 2017 3715 2201 3786; x_wconf 87' lang='lat' dir='ltr'><strong>potius</strong></span> <span class='ocrx_word' id='word_1_628' title='bbox 2247 3715 2532 3785; x_wconf 88' lang='lat' dir='ltr'><strong>subjectus</strong></span> <span class='ocrx_word' id='word_1_629' title='bbox 2587 3717 2698 3781; x_wconf 90' lang='lat' dir='ltr'><strong>sit,</strong></span> <span class='ocrx_word' id='word_1_630' title='bbox 2754 3718 2850 3787; x_wconf 91' lang='lat' dir='ltr'>qui</span> <span class='ocrx_word' id='word_1_631' title='bbox 2913 3716 3197 3771; x_wconf 86' lang='lat' dir='ltr'><strong>Christum</strong></span> <span class='ocrx_word' id='word_1_632' title='bbox 3250 3715 3419 3769; x_wconf 88' lang='lat' dir='ltr'><strong>etiam</strong></span> 
     </span>
    </p>
   </div>
   <div class='ocr_carea' id='block_1_84' title="bbox 1839 3805 3468 3869">
    <p class='ocr_par' dir='ltr' id='par_1_84' title="bbox 1839 3805 3468 3869">
     <span class='ocr_line' id='line_1_84' title="bbox 1839 3805 3468 3869; baseline -0.001 -9"><span class='ocrx_word' id='word_1_633' title='bbox 1839 3805 2010 3863; x_wconf 68' lang='lat' dir='ltr'><strong>neum</strong></span> <span class='ocrx_word' id='word_1_634' title='bbox 2046 3821 2172 3864; x_wconf 88' lang='lat' dir='ltr'><strong>esse</strong></span> <span class='ocrx_word' id='word_1_635' title='bbox 2209 3805 2454 3862; x_wconf 87' lang='lat' dir='ltr'><strong>confessi</strong></span> <span class='ocrx_word' id='word_1_636' title='bbox 2501 3815 2650 3863; x_wconf 92' lang='lat' dir='ltr'><strong>sunt.</strong></span> <span class='ocrx_word' id='word_1_637' title='bbox 2688 3807 2827 3862; x_wconf 88' lang='lat' dir='ltr'>Eum</span> <span class='ocrx_word' id='word_1_638' title='bbox 2870 3806 3015 3862; x_wconf 89' lang='lat' dir='ltr'><strong>enim</strong></span> <span class='ocrx_word' id='word_1_639' title='bbox 3065 3805 3414 3869; x_wconf 87' lang='lat' dir='ltr'><strong>conculcant,</strong></span> <span class='ocrx_word' id='word_1_640' title='bbox 3460 3826 3468 3832; x_wconf 87' lang='lat'><strong><em>-</em></strong></span> 
     </span>
    </p>
   </div>
   <div class='ocr_carea' id='block_1_85' title="bbox 1840 3896 3415 3970">
    <p class='ocr_par' dir='ltr' id='par_1_85' title="bbox 1840 3896 3415 3970">
     <span class='ocr_line' id='line_1_85' title="bbox 1840 3896 3415 3970; baseline -0.005 -14"><span class='ocrx_word' id='word_1_641' title='bbox 1840 3900 1958 3957; x_wconf 83' lang='lat' dir='ltr'><strong>sive</strong></span> <span class='ocrx_word' id='word_1_642' title='bbox 1997 3908 2205 3965; x_wconf 89' lang='lat' dir='ltr'><strong>tentet,</strong></span> <span class='ocrx_word' id='word_1_643' title='bbox 2241 3900 2360 3955; x_wconf 87' lang='lat' dir='ltr'><strong>sive</strong></span> <span class='ocrx_word' id='word_1_644' title='bbox 2386 3905 2687 3970; x_wconf 81' lang='lat' dir='ltr'><strong>oppugnet.</strong></span> <span class='ocrx_word' id='word_1_645' title='bbox 2717 3897 2855 3953; x_wconf 81' lang='lat' dir='ltr'><strong>Cum</strong></span> <span class='ocrx_word' id='word_1_646' title='bbox 2899 3912 3030 3969; x_wconf 86' lang='lat' dir='ltr'><strong>ergo</strong></span> <span class='ocrx_word' id='word_1_647' title='bbox 3072 3896 3415 3967; x_wconf 89' lang='lat' dir='ltr'><strong>impurorum</strong></span> 
     </span>
    </p>
   </div>
   <div class='ocr_carea' id='block_1_86' title="bbox 1840 3986 3419 4060">
    <p class='ocr_par' dir='ltr' id='par_1_86' title="bbox 1840 3986 3419 4060">
     <span class='ocr_line' id='line_1_86' title="bbox 1840 3986 3419 4060; baseline -0.003 -15"><span class='ocrx_word' id='word_1_648' title='bbox 1840 3988 2148 4045; x_wconf 65' lang='lat' dir='ltr'><strong>daemonum</strong></span> <span class='ocrx_word' id='word_1_649' title='bbox 2193 4004 2388 4060; x_wconf 89' lang='lat' dir='ltr'><strong>agmen</strong></span> <span class='ocrx_word' id='word_1_650' title='bbox 2431 4004 2625 4044; x_wconf 87' lang='lat' dir='ltr'><strong>eorum</strong></span> <span class='ocrx_word' id='word_1_651' title='bbox 2667 3988 2918 4044; x_wconf 89' lang='lat' dir='ltr'><strong>oratione</strong></span> <span class='ocrx_word' id='word_1_652' title='bbox 2965 3995 3023 4042; x_wconf 90' lang='lat' dir='ltr'>et</span> <span class='ocrx_word' id='word_1_653' title='bbox 3078 3986 3320 4043; x_wconf 80' lang='lat' dir='ltr'><strong>eﬂicaeia</strong></span> <span class='ocrx_word' id='word_1_654' title='bbox 3353 4000 3419 4041; x_wconf 89' lang='lat' dir='ltr'>ac</span> 
     </span>
    </p>
   </div>
   <div class='ocr_carea' id='block_1_87' title="bbox 1838 4079 3416 4152">
    <p class='ocr_par' dir='ltr' id='par_1_87' title="bbox 1838 4079 3416 4152">
     <span class='ocr_line' id='line_1_87' title="bbox 1838 4079 3416 4152; baseline -0.001 -18"><span class='ocrx_word' id='word_1_655' title='bbox 1838 4080 2043 4137; x_wconf 90' lang='lat' dir='ltr'><strong>virtute</strong></span> <span class='ocrx_word' id='word_1_656' title='bbox 2090 4080 2334 4152; x_wconf 88' lang='lat' dir='ltr'><strong>Spiritus</strong></span> <span class='ocrx_word' id='word_1_657' title='bbox 2383 4080 2780 4136; x_wconf 85' lang='lat' dir='ltr'><strong>cohorrescere</strong></span> <span class='ocrx_word' id='word_1_658' title='bbox 2833 4080 3021 4135; x_wconf 89' lang='lat' dir='ltr'><strong>videas</strong></span> <span class='ocrx_word' id='word_1_659' title='bbox 3079 4087 3135 4135; x_wconf 91' lang='lat' dir='ltr'>et</span> <span class='ocrx_word' id='word_1_660' title='bbox 3187 4079 3416 4150; x_wconf 74' lang='lat' dir='ltr'><strong>expelli,</strong></span> 
     </span>
    </p>
   </div>
   <div class='ocr_carea' id='block_1_88' title="bbox 1843 4170 3419 4242">
    <p class='ocr_par' dir='ltr' id='par_1_88' title="bbox 1843 4170 3419 4242">
     <span class='ocr_line' id='line_1_88' title="bbox 1843 4170 3419 4242; baseline 0.001 -17"><span class='ocrx_word' id='word_1_661' title='bbox 1843 4170 2123 4242; x_wconf 84' lang='lat' dir='ltr'><strong>quomodo</strong></span> <span class='ocrx_word' id='word_1_662' title='bbox 2159 4185 2272 4226; x_wconf 88' lang='lat' dir='ltr'>non</span> <span class='ocrx_word' id='word_1_663' title='bbox 2306 4172 2506 4227; x_wconf 87' lang='lat' dir='ltr'><strong>merito</strong></span> <span class='ocrx_word' id='word_1_664' title='bbox 2537 4171 2969 4228; x_wconf 89' lang='lat' dir='ltr'><strong>condemnatum</strong></span> <span class='ocrx_word' id='word_1_665' title='bbox 3003 4172 3264 4228; x_wconf 87' lang='lat' dir='ltr'><strong>Satanam</strong></span> <span class='ocrx_word' id='word_1_666' title='bbox 3294 4186 3419 4227; x_wconf 89' lang='lat' dir='ltr'><strong>esse</strong></span> 
     </span>
    </p>
   </div>
   <div class='ocr_carea' id='block_1_89' title="bbox 1840 4261 3417 4333">
    <p class='ocr_par' dir='ltr' id='par_1_89' title="bbox 1840 4261 3417 4333">
     <span class='ocr_line' id='line_1_89' title="bbox 1840 4261 3417 4333; baseline -0.001 -14"><span class='ocrx_word' id='word_1_667' title='bbox 1840 4263 2034 4319; x_wconf 82' lang='lat' dir='ltr'><strong>dices?</strong></span> <span class='ocrx_word' id='word_1_668' title='bbox 2068 4261 2495 4320; x_wconf 86' lang='lat' dir='ltr'><strong>Condemnatus</strong></span> <span class='ocrx_word' id='word_1_669' title='bbox 2533 4265 2680 4319; x_wconf 88' lang='lat' dir='ltr'><strong>enim</strong></span> <span class='ocrx_word' id='word_1_670' title='bbox 2718 4273 2822 4331; x_wconf 91' lang='lat' dir='ltr'><strong>est,</strong></span> <span class='ocrx_word' id='word_1_671' title='bbox 2863 4278 2930 4319; x_wconf 91' lang='lat' dir='ltr'>eo</span> <span class='ocrx_word' id='word_1_672' title='bbox 2980 4263 3127 4333; x_wconf 90' lang='lat' dir='ltr'><strong>quod</strong></span> <span class='ocrx_word' id='word_1_673' title='bbox 3178 4278 3286 4318; x_wconf 78' lang='lat' dir='ltr'>non</span> <span class='ocrx_word' id='word_1_674' title='bbox 3320 4277 3417 4332; x_wconf 88' lang='lat' dir='ltr'><strong>po-</strong></span> 
     </span>
    </p>
   </div>
   <div class='ocr_carea' id='block_1_90' title="bbox 1841 4354 3416 4426">
    <p class='ocr_par' dir='ltr' id='par_1_90' title="bbox 1841 4354 3416 4426">
     <span class='ocr_line' id='line_1_90' title="bbox 1841 4354 3416 4426; baseline -0.002 -15"><span class='ocrx_word' id='word_1_675' title='bbox 1841 4362 1953 4411; x_wconf 91' lang='lat' dir='ltr'><strong>test</strong></span> <span class='ocrx_word' id='word_1_676' title='bbox 1985 4354 2223 4425; x_wconf 87' lang='lat' dir='ltr'><strong>amplius</strong></span> <span class='ocrx_word' id='word_1_677' title='bbox 2252 4354 2379 4411; x_wconf 89' lang='lat' dir='ltr'><strong>illos</strong></span> <span class='ocrx_word' id='word_1_678' title='bbox 2423 4355 2661 4426; x_wconf 90' lang='lat' dir='ltr'><strong>imperio</strong></span> <span class='ocrx_word' id='word_1_679' title='bbox 2699 4370 2804 4410; x_wconf 90' lang='lat' dir='ltr'>suo</span> <span class='ocrx_word' id='word_1_680' title='bbox 2843 4370 3115 4424; x_wconf 84' lang='lat' dir='ltr'><strong>premere,</strong></span> <span class='ocrx_word' id='word_1_681' title='bbox 3143 4356 3245 4426; x_wconf 83' lang='lat' dir='ltr'>qui</span> <span class='ocrx_word' id='word_1_682' title='bbox 3285 4370 3416 4411; x_wconf 86' lang='lat' dir='ltr'><strong>san-</strong></span> 
     </span>
    </p>
   </div>
   <div class='ocr_carea' id='block_1_91' title="bbox 1841 4445 3416 4517">
    <p class='ocr_par' dir='ltr' id='par_1_91' title="bbox 1841 4445 3416 4517">
     <span class='ocr_line' id='line_1_91' title="bbox 1841 4445 3416 4517; baseline -0.001 -16"><span class='ocrx_word' id='word_1_683' title='bbox 1841 4453 1931 4502; x_wconf 93' lang='lat' dir='ltr'>cto</span> <span class='ocrx_word' id='word_1_684' title='bbox 1961 4445 2170 4516; x_wconf 90' lang='lat' dir='ltr'><strong>Spiritu</strong></span> <span class='ocrx_word' id='word_1_685' title='bbox 2200 4446 2401 4517; x_wconf 84' lang='lat' dir='ltr'><strong>signati</strong></span> <span class='ocrx_word' id='word_1_686' title='bbox 2444 4453 2574 4503; x_wconf 90' lang='lat' dir='ltr'><strong>sunt</strong></span> <span class='ocrx_word' id='word_1_687' title='bbox 2605 4448 2661 4502; x_wconf 90' lang='lat' dir='ltr'>in</span> <span class='ocrx_word' id='word_1_688' title='bbox 2699 4447 2978 4517; x_wconf 89' lang='lat' dir='ltr'><strong>justitiam</strong></span> <span class='ocrx_word' id='word_1_689' title='bbox 3008 4454 3067 4504; x_wconf 83' lang='lat' dir='ltr'><strong>et-</strong></span> <span class='ocrx_word' id='word_1_690' title='bbox 3096 4446 3416 4504; x_wconf 79' lang='lat' dir='ltr'><strong>sanctiﬁca-</strong></span> 
     </span>
    </p>
   </div>
   <div class='ocr_carea' id='block_1_92' title="bbox 172 4511 1739 4608">
    <p class='ocr_par' dir='ltr' id='par_1_92' title="bbox 172 4511 1739 4596">
     <span class='ocr_line' id='line_1_92' title="bbox 172 4511 1739 4596; baseline 0.009 -33"><span class='ocrx_word' id='word_1_691' title='bbox 172 4511 328 4580; x_wconf 81' lang='grc' dir='ltr'>ἐσμὸν</span> <span class='ocrx_word' id='word_1_692' title='bbox 365 4514 820 4585; x_wconf 83' lang='grc' dir='ltr'>καταπεφρικότα</span> <span class='ocrx_word' id='word_1_693' title='bbox 840 4553 856 4580; x_wconf 93' lang='grc'>,</span> <span class='ocrx_word' id='word_1_694' title='bbox 884 4515 979 4569; x_wconf 72' lang='grc' dir='ltr'>καὶ</span> <span class='ocrx_word' id='word_1_695' title='bbox 1006 4518 1423 4590; x_wconf 76' lang='grc' dir='ltr'>ἐκπεμπόμενον</span> <span class='ocrx_word' id='word_1_696' title='bbox 1458 4520 1630 4596; x_wconf 81' lang='grc' dir='ltr'>βλέπῃ</span> <span class='ocrx_word' id='word_1_697' title='bbox 1649 4523 1739 4578; x_wconf 84' lang='grc' dir='ltr'>διὰ</span> 
     </span>
    </p>
   </div>
   <div class='ocr_carea' id='block_1_93' title="bbox 1839 4511 3414 4608">
    <p class='ocr_par' dir='ltr' id='par_1_93' title="bbox 1840 4511 3414 4608">
     <span class='ocr_line' id='line_1_93' title="bbox 1840 4511 3414 4608; baseline -0.001 -16"><span class='ocrx_word' id='word_1_698' title='bbox 1840 4511 2047 4593; x_wconf 80' lang='lat' dir='ltr'><strong>tionem</strong></span> <span class='ocrx_word' id='word_1_699' title='bbox 2079 4552 2176 4607; x_wconf 90' lang='lat' dir='ltr'>per</span> <span class='ocrx_word' id='word_1_700' title='bbox 2203 4511 2363 4593; x_wconf 78' lang='lat' dir='ltr'><strong>iidem</strong></span> <span class='ocrx_word' id='word_1_701' title='bbox 2389 4537 2444 4592; x_wconf 91' lang='lat' dir='ltr'>in</span> <span class='ocrx_word' id='word_1_702' title='bbox 2469 4511 2757 4593; x_wconf 74' lang='lat' dir='ltr'><strong>Christum</strong></span> <span class='ocrx_word' id='word_1_703' title='bbox 2779 4539 2849 4593; x_wconf 83' lang='lat'><strong>&quot;.</strong></span> <span class='ocrx_word' id='word_1_704' title='bbox 2875 4537 3092 4608; x_wconf 87' lang='lat' dir='ltr'><strong>Alioqui</strong></span> <span class='ocrx_word' id='word_1_705' title='bbox 3116 4537 3414 4608; x_wconf 84' lang='lat' dir='ltr'><strong>quomodo,</strong></span> 
     </span>
    </p>
   </div>
   <div class='ocr_carea' id='block_1_94' title="bbox 171 4602 1736 4686">
    <p class='ocr_par' dir='ltr' id='par_1_94' title="bbox 171 4602 1736 4686">
     <span class='ocr_line' id='line_1_94' title="bbox 171 4602 1736 4686; baseline 0.01 -32"><span class='ocrx_word' id='word_1_706' title='bbox 171 4602 263 4672; x_wconf 85' lang='grc' dir='ltr'>τῆς</span> <span class='ocrx_word' id='word_1_707' title='bbox 287 4604 464 4659; x_wconf 82' lang='grc' dir='ltr'>αὐτῶν</span> <span class='ocrx_word' id='word_1_708' title='bbox 497 4606 842 4676; x_wconf 82' lang='grc' dir='ltr'>προσευχῆς,</span> <span class='ocrx_word' id='word_1_709' title='bbox 890 4610 984 4661; x_wconf 77' lang='grc' dir='ltr'>καὶ</span> <span class='ocrx_word' id='word_1_710' title='bbox 1007 4610 1308 4681; x_wconf 84' lang='grc' dir='ltr'>ἐνεργείας,</span> <span class='ocrx_word' id='word_1_711' title='bbox 1336 4613 1428 4667; x_wconf 60' lang='grc' dir='ltr'>καὶ⁹</span> <span class='ocrx_word' id='word_1_712' title='bbox 1455 4613 1736 4686; x_wconf 88' lang='grc' dir='ltr'>δυνάμεως</span> 
     </span>
    </p>
   </div>
   <div class='ocr_carea' id='block_1_95' title="bbox 173 4695 1736 4777">
    <p class='ocr_par' dir='ltr' id='par_1_95' title="bbox 173 4695 1736 4777">
     <span class='ocr_line' id='line_1_95' title="bbox 173 4695 1736 4777; baseline 0.01 -31"><span class='ocrx_word' id='word_1_713' title='bbox 173 4695 257 4748; x_wconf 81' lang='grc' dir='ltr'>τοῦ</span> <span class='ocrx_word' id='word_1_714' title='bbox 284 4698 437 4764; x_wconf 78' lang='grc' dir='ltr'>ἁγίου</span> <span class='ocrx_word' id='word_1_715' title='bbox 466 4699 786 4770; x_wconf 86' lang='grc' dir='ltr'>Πνεύματος</span> <span class='ocrx_word' id='word_1_716' title='bbox 803 4739 819 4764; x_wconf 88' lang='grc'>,</span> <span class='ocrx_word' id='word_1_717' title='bbox 861 4700 977 4765; x_wconf 84' lang='grc' dir='ltr'>πῶς</span> <span class='ocrx_word' id='word_1_718' title='bbox 1005 4703 1105 4756; x_wconf 86' lang='grc' dir='ltr'>οὐκ</span> <span class='ocrx_word' id='word_1_719' title='bbox 1146 4703 1383 4774; x_wconf 82' lang='grc' dir='ltr'>εὐλόγως</span> <span class='ocrx_word' id='word_1_720' title='bbox 1420 4706 1536 4777; x_wconf 86' lang='grc' dir='ltr'>ἐρεῖ</span> <span class='ocrx_word' id='word_1_721' title='bbox 1565 4724 1736 4762; x_wconf 89' lang='grc' dir='ltr'>κατα-</span> 
     </span>
    </p>
   </div>
   <div class='ocr_carea' id='block_1_96' title="bbox 174 4790 1734 4871">
    <p class='ocr_par' dir='ltr' id='par_1_96' title="bbox 174 4790 1734 4871">
     <span class='ocr_line' id='line_1_96' title="bbox 174 4790 1734 4871; baseline 0.011 -31"><span class='ocrx_word' id='word_1_722' title='bbox 174 4790 448 4860; x_wconf 72' lang='grc' dir='ltr'>κεκρίσθαι</span> <span class='ocrx_word' id='word_1_723' title='bbox 493 4793 586 4846; x_wconf 87' lang='grc' dir='ltr'>τὸν</span> <span class='ocrx_word' id='word_1_724' title='bbox 617 4793 898 4860; x_wconf 76' lang='grc' dir='ltr'>Σατανᾶν;</span> <span class='ocrx_word' id='word_1_725' title='bbox 930 4796 1339 4868; x_wconf 85' lang='grc' dir='ltr'>Κατακέκριται</span> <span class='ocrx_word' id='word_1_726' title='bbox 1369 4797 1476 4870; x_wconf 79' lang='grc' dir='ltr'>γὰρ</span> <span class='ocrx_word' id='word_1_727' title='bbox 1507 4798 1587 4870; x_wconf 80' lang='grc' dir='ltr'>τῷ</span> <span class='ocrx_word' id='word_1_728' title='bbox 1627 4817 1734 4871; x_wconf 84' lang='grc' dir='ltr'>μη-</span> 
     </span>
    </p>
   </div>
   <div class='ocr_carea' id='block_1_97' title="bbox 174 4880 1736 4963">
    <p class='ocr_par' dir='ltr' id='par_1_97' title="bbox 174 4880 1736 4963">
     <span class='ocr_line' id='line_1_97' title="bbox 174 4880 1736 4963; baseline 0.008 -31"><span class='ocrx_word' id='word_1_729' title='bbox 174 4880 282 4935; x_wconf 81' lang='grc' dir='ltr'>κέτι</span> <span class='ocrx_word' id='word_1_730' title='bbox 306 4881 561 4938; x_wconf 89' lang='grc' dir='ltr'>δύνασθαι</span> <span class='ocrx_word' id='word_1_731' title='bbox 582 4885 922 4939; x_wconf 87' lang='grc' dir='ltr'>πλεονεκτεῖν</span> <span class='ocrx_word' id='word_1_732' title='bbox 941 4887 1068 4951; x_wconf 81' lang='grc' dir='ltr'>τοὺς</span> <span class='ocrx_word' id='word_1_733' title='bbox 1085 4887 1164 4959; x_wconf 84' lang='grc' dir='ltr'>τῷ</span> <span class='ocrx_word' id='word_1_734' title='bbox 1185 4889 1463 4961; x_wconf 86' lang='grc' dir='ltr'>Πνεύματι</span> <span class='ocrx_word' id='word_1_735' title='bbox 1491 4890 1569 4963; x_wconf 77' lang='grc' dir='ltr'>τῷ</span> <span class='ocrx_word' id='word_1_736' title='bbox 1594 4891 1736 4962; x_wconf 87' lang='grc' dir='ltr'>ἁγίῳ</span> 
     </span>
    </p>
   </div>
   <div class='ocr_carea' id='block_1_98' title="bbox 173 4975 1736 5056">
    <p class='ocr_par' dir='ltr' id='par_1_98' title="bbox 173 4975 1736 5056">
     <span class='ocr_line' id='line_1_98' title="bbox 173 4975 1736 5056; baseline 0.008 -33"><span class='ocrx_word' id='word_1_737' title='bbox 173 4975 737 5046; x_wconf 82' lang='grc' dir='ltr'>κατεσφραγισμένους</span> <span class='ocrx_word' id='word_1_738' title='bbox 777 4978 858 5041; x_wconf 82' lang='grc' dir='ltr'>είς</span> <span class='ocrx_word' id='word_1_739' title='bbox 902 4976 1273 5056; x_wconf 54' lang='grc' dir='ltr'>δικαιοσύνην,</span> <span class='ocrx_word' id='word_1_740' title='bbox 1298 4982 1393 5034; x_wconf 69' lang='grc' dir='ltr'>καὶ⁹</span> <span class='ocrx_word' id='word_1_741' title='bbox 1434 4982 1736 5052; x_wconf 74' lang='grc' dir='ltr'>ἀγιασμδν,</span> 
     </span>
    </p>
   </div>
   <div class='ocr_carea' id='block_1_99' title="bbox 174 5060 1738 5138">
    <p class='ocr_par' dir='ltr' id='par_1_99' title="bbox 174 5060 1738 5138">
     <span class='ocr_line' id='line_1_99' title="bbox 174 5060 1738 5138; baseline 0.007 -24"><span class='ocrx_word' id='word_1_742' title='bbox 174 5060 254 5114; x_wconf 76' lang='grc' dir='ltr'>διὰ</span> <span class='ocrx_word' id='word_1_743' title='bbox 299 5064 531 5128; x_wconf 88' lang='grc' dir='ltr'>πίστεως</span> <span class='ocrx_word' id='word_1_744' title='bbox 561 5065 662 5136; x_wconf 81' lang='grc' dir='ltr'>τῆς</span> <span class='ocrx_word' id='word_1_745' title='bbox 707 5068 787 5130; x_wconf 86' lang='grc' dir='ltr'>είς</span> <span class='ocrx_word' id='word_1_746' title='bbox 813 5068 1069 5138; x_wconf 87' lang='grc' dir='ltr'>Χριστόν.</span> <span class='ocrx_word' id='word_1_747' title='bbox 1142 5069 1295 5123; x_wconf 77' lang='grc' dir='ltr'>Ἐπεὶ</span> <span class='ocrx_word' id='word_1_748' title='bbox 1334 5069 1452 5134; x_wconf 81' lang='grc' dir='ltr'>πῶς</span> <span class='ocrx_word' id='word_1_749' title='bbox 1496 5070 1582 5137; x_wconf 83' lang='grc' dir='ltr'>ἂν,</span> <span class='ocrx_word' id='word_1_750' title='bbox 1616 5072 1738 5126; x_wconf 85' lang='grc' dir='ltr'>είπέ</span> 
     </span>
    </p>
   </div>
   <div class='ocr_carea' id='block_1_100' title="bbox 179 5158 1737 5233">
    <p class='ocr_par' dir='ltr' id='par_1_100' title="bbox 179 5158 1737 5233">
     <span class='ocr_line' id='line_1_100' title="bbox 179 5158 1737 5233; baseline 0.006 -26"><span class='ocrx_word' id='word_1_751' title='bbox 179 5170 282 5220; x_wconf 77' lang='grc' dir='ltr'>μοι,</span> <span class='ocrx_word' id='word_1_752' title='bbox 309 5158 770 5228; x_wconf 81' lang='grc' dir='ltr'>κατεπατήσαμεν</span> <span class='ocrx_word' id='word_1_753' title='bbox 795 5160 974 5212; x_wconf 81' lang='grc' dir='ltr'>πᾶσαν</span> <span class='ocrx_word' id='word_1_754' title='bbox 997 5159 1163 5213; x_wconf 80' lang='grc' dir='ltr'>αὐτοῦ</span> <span class='ocrx_word' id='word_1_755' title='bbox 1192 5160 1290 5232; x_wconf 79' lang='grc' dir='ltr'>τὴν</span> <span class='ocrx_word' id='word_1_756' title='bbox 1320 5161 1572 5233; x_wconf 87' lang='grc' dir='ltr'>δύναμιν,</span> <span class='ocrx_word' id='word_1_757' title='bbox 1596 5165 1737 5218; x_wconf 86' lang='grc' dir='ltr'>κατά</span> 
     </span>
    </p>
   </div>
   <div class='ocr_carea' id='block_1_101' title="bbox 174 5243 1736 5324">
    <p class='ocr_par' dir='ltr' id='par_1_101' title="bbox 174 5243 1736 5324">
     <span class='ocr_line' id='line_1_101' title="bbox 174 5243 1736 5324; baseline 0.008 -29"><span class='ocrx_word' id='word_1_758' title='bbox 174 5243 231 5295; x_wconf 83' lang='grc' dir='ltr'>τὸ</span> <span class='ocrx_word' id='word_1_759' title='bbox 252 5246 308 5300; x_wconf 87' lang='grc' dir='ltr'>ἐν</span> <span class='ocrx_word' id='word_1_760' title='bbox 330 5247 579 5317; x_wconf 81' lang='grc' dir='ltr'>Ψαλμοῖς</span> <span class='ocrx_word' id='word_1_761' title='bbox 609 5251 732 5319; x_wconf 87' lang='grc' dir='ltr'>είρη</span> <span class='ocrx_word' id='word_1_762' title='bbox 741 5248 901 5320; x_wconf 84' lang='grc' dir='ltr'>μένον</span> <span class='ocrx_word' id='word_1_763' title='bbox 946 5250 1084 5321; x_wconf 77' lang='grc' dir='ltr'>πρὸς</span> <span class='ocrx_word' id='word_1_764' title='bbox 1130 5250 1310 5306; x_wconf 85' lang='grc' dir='ltr'>πάντα</span> <span class='ocrx_word' id='word_1_765' title='bbox 1338 5252 1623 5324; x_wconf 77' lang='grc' dir='ltr'>ἄνθρωπον</span> <span class='ocrx_word' id='word_1_766' title='bbox 1645 5255 1736 5309; x_wconf 64' lang='grc' dir='ltr'>τὴν</span> 
     </span>
    </p>
   </div>
   <div class='ocr_carea' id='block_1_102' title="bbox 175 5336 1733 5411">
    <p class='ocr_par' dir='ltr' id='par_1_102' title="bbox 175 5336 1733 5411">
     <span class='ocr_line' id='line_1_102' title="bbox 175 5336 1733 5411; baseline 0.008 -25"><span class='ocrx_word' id='word_1_767' title='bbox 175 5336 520 5390; x_wconf 80' lang='grc' dir='ltr'>κατοικοῦντα</span> <span class='ocrx_word' id='word_1_768' title='bbox 551 5339 610 5392; x_wconf 87' lang='grc' dir='ltr'>ἐν</span> <span class='ocrx_word' id='word_1_769' title='bbox 631 5339 853 5410; x_wconf 82' lang='grc' dir='ltr'>βοηθείᾳ</span> <span class='ocrx_word' id='word_1_770' title='bbox 876 5339 972 5393; x_wconf 80' lang='grc' dir='ltr'>τοῦ</span> <span class='ocrx_word' id='word_1_771' title='bbox 1007 5341 1263 5411; x_wconf 79' lang='grc' dir='ltr'>Ὑψίστου</span> <span class='ocrx_word' id='word_1_772' title='bbox 1287 5359 1301 5373; x_wconf 73' lang='grc' dir='ltr'><strong><em>ο</em></strong></span> <span class='ocrx_word' id='word_1_773' title='bbox 1339 5361 1358 5394; x_wconf 86' lang='grc'><strong><em>‹</em></strong></span> <span class='ocrx_word' id='word_1_774' title='bbox 1381 5344 1504 5397; x_wconf 71' lang='grc' dir='ltr'>Ἐπὶ</span> <span class='ocrx_word' id='word_1_775' title='bbox 1532 5344 1733 5398; x_wconf 83' lang='grc' dir='ltr'>ἀσπίδα</span> 
     </span>
    </p>
   </div>
   <div class='ocr_carea' id='block_1_103' title="bbox 176 5424 1733 5506">
    <p class='ocr_par' dir='ltr' id='par_1_103' title="bbox 176 5424 1733 5506">
     <span class='ocr_line' id='line_1_103' title="bbox 176 5424 1733 5506; baseline 0.01 -31"><span class='ocrx_word' id='word_1_776' title='bbox 176 5424 261 5476; x_wconf 84' lang='grc' dir='ltr'>καὶ</span> <span class='ocrx_word' id='word_1_777' title='bbox 321 5425 634 5495; x_wconf 84' lang='grc' dir='ltr'>βασιλίσκον</span> <span class='ocrx_word' id='word_1_778' title='bbox 681 5431 943 5502; x_wconf 77' lang='grc' dir='ltr'>ἐπισήσῃ,</span> <span class='ocrx_word' id='word_1_779' title='bbox 969 5433 1062 5486; x_wconf 76' lang='grc' dir='ltr'>καὶ</span> <span class='ocrx_word' id='word_1_780' title='bbox 1087 5434 1498 5506; x_wconf 83' lang='grc' dir='ltr'>καταπατήσεις</span> <span class='ocrx_word' id='word_1_781' title='bbox 1547 5436 1733 5490; x_wconf 85' lang='grc' dir='ltr'>λέοντα</span> 
     </span>
    </p>
   </div>
   <div class='ocr_carea' id='block_1_104' title="bbox 174 5515 1733 5597">
    <p class='ocr_par' dir='ltr' id='par_1_104' title="bbox 174 5515 1733 5597">
     <span class='ocr_line' id='line_1_104' title="bbox 174 5515 1733 5597; baseline 0.01 -32"><span class='ocrx_word' id='word_1_782' title='bbox 174 5515 260 5567; x_wconf 76' lang='grc' dir='ltr'>καὶ</span> <span class='ocrx_word' id='word_1_783' title='bbox 289 5516 585 5588; x_wconf 73' lang='grc' dir='ltr'>δράκοντας</span> <span class='ocrx_word' id='word_1_784' title='bbox 619 5541 637 5572; x_wconf 72' lang='grc' dir='ltr'>ι</span> <span class='ocrx_word' id='word_1_785' title='bbox 692 5522 860 5575; x_wconf 85' lang='grc' dir='ltr'>Ὅταν</span> <span class='ocrx_word' id='word_1_786' title='bbox 895 5522 1073 5575; x_wconf 89' lang='grc' dir='ltr'>τοίνυν</span> <span class='ocrx_word' id='word_1_787' title='bbox 1118 5526 1147 5576; x_wconf 93' lang='lat'>6</span> <span class='ocrx_word' id='word_1_788' title='bbox 1187 5523 1247 5589; x_wconf 82' lang='grc' dir='ltr'>ἐξ</span> <span class='ocrx_word' id='word_1_789' title='bbox 1291 5525 1521 5596; x_wconf 85' lang='grc' dir='ltr'>οὐρανοῦ</span> <span class='ocrx_word' id='word_1_790' title='bbox 1553 5527 1733 5597; x_wconf 84' lang='grc' dir='ltr'>Παρά-</span> 
     </span>
    </p>
   </div>
   <div class='ocr_carea' id='block_1_105' title="bbox 175 5603 1729 5682">
    <p class='ocr_par' dir='ltr' id='par_1_105' title="bbox 175 5603 1729 5682">
     <span class='ocr_line' id='line_1_105' title="bbox 175 5603 1729 5682; baseline 0.012 -30"><span class='ocrx_word' id='word_1_791' title='bbox 175 5603 358 5673; x_wconf 75' lang='grc' dir='ltr'>κλητος</span> <span class='ocrx_word' id='word_1_792' title='bbox 388 5611 445 5661; x_wconf 79' lang='grc' dir='ltr'>ἐν</span> <span class='ocrx_word' id='word_1_793' title='bbox 472 5609 652 5678; x_wconf 86' lang='grc' dir='ltr'>άγίαις</span> <span class='ocrx_word' id='word_1_794' title='bbox 680 5612 902 5682; x_wconf 77' lang='grc' dir='ltr'>γένηται</span> <span class='ocrx_word' id='word_1_795' title='bbox 924 5611 1142 5682; x_wconf 77' lang='grc' dir='ltr'>ψυχαῖς,</span> <span class='ocrx_word' id='word_1_796' title='bbox 1175 5615 1268 5668; x_wconf 72' lang='grc' dir='ltr'>καὶ</span> <span class='ocrx_word' id='word_1_797' title='bbox 1291 5614 1513 5678; x_wconf 86' lang='grc' dir='ltr'>δικαίως</span> <span class='ocrx_word' id='word_1_798' title='bbox 1549 5616 1729 5682; x_wconf 81' lang='grc' dir='ltr'>αὐτοῖς</span> 
     </span>
    </p>
   </div>
   <div class='ocr_carea' id='block_1_106' title="bbox 218 5779 1828 5857">
    <p class='ocr_par' dir='ltr' id='par_1_106' title="bbox 218 5779 1828 5857">
     <span class='ocr_line' id='line_1_106' title="bbox 218 5779 1828 5857; baseline 0.01 -25"><span class='ocrx_word' id='word_1_799' title='bbox 218 5779 429 5835; x_wconf 69' lang='lat' dir='ltr'><strong>&quot;&#39;Jnan.</strong></span> <span class='ocrx_word' id='word_1_800' title='bbox 468 5798 560 5848; x_wconf 76' lang='lat' dir='ltr'><strong>xx,</strong></span> <span class='ocrx_word' id='word_1_801' title='bbox 585 5785 669 5839; x_wconf 75' lang='grc'>51.</span> <span class='ocrx_word' id='word_1_802' title='bbox 750 5788 789 5817; x_wconf 75' lang='grc'>³⁸⁸</span> <span class='ocrx_word' id='word_1_803' title='bbox 821 5786 1016 5857; x_wconf 80' lang='lat' dir='ltr'><strong>Ephes.</strong></span> <span class='ocrx_word' id='word_1_804' title='bbox 1054 5803 1091 5853; x_wconf 90' lang='lat' dir='ltr'><strong>I,</strong></span> <span class='ocrx_word' id='word_1_805' title='bbox 1127 5786 1302 5843; x_wconf 75' lang='grc'>15-15.</span> <span class='ocrx_word' id='word_1_806' title='bbox 1383 5788 1596 5846; x_wconf 75' lang='lat' dir='ltr'><strong>“Psal.</strong></span> <span class='ocrx_word' id='word_1_807' title='bbox 1622 5806 1709 5857; x_wconf 75' lang='lat' dir='ltr'><strong>xc,</strong></span> <span class='ocrx_word' id='word_1_808' title='bbox 1749 5792 1828 5849; x_wconf 81' lang='lat' dir='ltr'><strong>l3.</strong></span> 
     </span>
    </p>
   </div>
   <div class='ocr_carea' id='block_1_107' title="bbox 1843 4628 3415 4701">
    <p class='ocr_par' dir='ltr' id='par_1_107' title="bbox 1843 4628 3415 4701">
     <span class='ocr_line' id='line_1_107' title="bbox 1843 4628 3415 4701; baseline -0.003 -15"><span class='ocrx_word' id='word_1_809' title='bbox 1843 4644 2051 4701; x_wconf 68' lang='lat' dir='ltr'><strong>quaeso,</strong></span> <span class='ocrx_word' id='word_1_810' title='bbox 2088 4628 2200 4682; x_wconf 93' lang='lat' dir='ltr'>vim</span> <span class='ocrx_word' id='word_1_811' title='bbox 2228 4628 2350 4698; x_wconf 86' lang='lat' dir='ltr'><strong>ejus</strong></span> <span class='ocrx_word' id='word_1_812' title='bbox 2380 4643 2599 4684; x_wconf 92' lang='lat' dir='ltr'><strong>omnem</strong></span> <span class='ocrx_word' id='word_1_813' title='bbox 2633 4629 3143 4699; x_wconf 90' lang='lat' dir='ltr'><strong>proculcassemus,</strong></span> <span class='ocrx_word' id='word_1_814' title='bbox 3169 4629 3323 4698; x_wconf 84' lang='lat' dir='ltr'><strong>juxta</strong></span> <span class='ocrx_word' id='word_1_815' title='bbox 3361 4628 3415 4682; x_wconf 90' lang='lat' dir='ltr'><strong>id</strong></span> 
     </span>
    </p>
   </div>
   <div class='ocr_carea' id='block_1_108' title="bbox 1842 4717 3414 4793">
    <p class='ocr_par' dir='ltr' id='par_1_108' title="bbox 1842 4717 3414 4793">
     <span class='ocr_line' id='line_1_108' title="bbox 1842 4717 3414 4793; baseline -0.004 -18"><span class='ocrx_word' id='word_1_816' title='bbox 1842 4719 1990 4793; x_wconf 87' lang='lat' dir='ltr'><strong>quod</strong></span> <span class='ocrx_word' id='word_1_817' title='bbox 2025 4721 2080 4774; x_wconf 94' lang='lat' dir='ltr'>in</span> <span class='ocrx_word' id='word_1_818' title='bbox 2110 4718 2342 4775; x_wconf 87' lang='lat' dir='ltr'><strong>Psalmis</strong></span> <span class='ocrx_word' id='word_1_819' title='bbox 2368 4719 2635 4791; x_wconf 88' lang='lat' dir='ltr'><strong>scriptum</strong></span> <span class='ocrx_word' id='word_1_820' title='bbox 2668 4727 2753 4776; x_wconf 90' lang='lat' dir='ltr'>est</span> <span class='ocrx_word' id='word_1_821' title='bbox 2792 4719 2868 4774; x_wconf 85' lang='lat' dir='ltr'>ad</span> <span class='ocrx_word' id='word_1_822' title='bbox 2890 4733 3119 4777; x_wconf 89' lang='lat' dir='ltr'><strong>omnem</strong></span> <span class='ocrx_word' id='word_1_823' title='bbox 3138 4717 3414 4772; x_wconf 86' lang='lat' dir='ltr'><strong>hominem</strong></span> 
     </span>
    </p>
   </div>
   <div class='ocr_carea' id='block_1_109' title="bbox 1844 4807 3415 4883">
    <p class='ocr_par' dir='ltr' id='par_1_109' title="bbox 1844 4807 3415 4883">
     <span class='ocr_line' id='line_1_109' title="bbox 1844 4807 3415 4883; baseline -0.005 -16"><span class='ocrx_word' id='word_1_824' title='bbox 1844 4812 1937 4883; x_wconf 89' lang='lat' dir='ltr'><strong>qui</strong></span> <span class='ocrx_word' id='word_1_825' title='bbox 1963 4812 2177 4867; x_wconf 89' lang='lat' dir='ltr'><strong>habitat</strong></span> <span class='ocrx_word' id='word_1_826' title='bbox 2221 4812 2278 4866; x_wconf 89' lang='lat' dir='ltr'>in</span> <span class='ocrx_word' id='word_1_827' title='bbox 2317 4810 2597 4882; x_wconf 90' lang='lat' dir='ltr'><strong>adjutorio</strong></span> <span class='ocrx_word' id='word_1_828' title='bbox 2625 4810 2898 4868; x_wconf 77' lang='lat' dir='ltr'><strong>Altissimi</strong></span> <span class='ocrx_word' id='word_1_829' title='bbox 2930 4828 2943 4865; x_wconf 93' lang='lat'>:</span> <span class='ocrx_word' id='word_1_830' title='bbox 2986 4828 3005 4861; x_wconf 78' lang='grc' dir='ltr'>ι</span> <span class='ocrx_word' id='word_1_831' title='bbox 3058 4808 3233 4878; x_wconf 87' lang='lat' dir='ltr'><strong>Super</strong></span> <span class='ocrx_word' id='word_1_832' title='bbox 3265 4807 3415 4876; x_wconf 89' lang='lat' dir='ltr'><strong>aspi-</strong></span> 
     </span>
    </p>
   </div>
   <div class='ocr_carea' id='block_1_110' title="bbox 1841 4896 3415 4967">
    <p class='ocr_par' dir='ltr' id='par_1_110' title="bbox 1841 4896 3415 4967">
     <span class='ocr_line' id='line_1_110' title="bbox 1841 4896 3415 4967; baseline -0.004 -8"><span class='ocrx_word' id='word_1_833' title='bbox 1841 4903 1965 4959; x_wconf 89' lang='lat' dir='ltr'>dem</span> <span class='ocrx_word' id='word_1_834' title='bbox 2029 4909 2084 4957; x_wconf 91' lang='lat' dir='ltr'>et</span> <span class='ocrx_word' id='word_1_835' title='bbox 2140 4901 2461 4958; x_wconf 84' lang='lat' dir='ltr'><strong>basiliscum</strong></span> <span class='ocrx_word' id='word_1_836' title='bbox 2522 4902 2869 4967; x_wconf 82' lang='lat' dir='ltr'><strong>ambulabis,</strong></span> <span class='ocrx_word' id='word_1_837' title='bbox 2951 4908 3007 4956; x_wconf 89' lang='lat' dir='ltr'>et</span> <span class='ocrx_word' id='word_1_838' title='bbox 3060 4896 3415 4953; x_wconf 89' lang='lat' dir='ltr'><strong>conculcabis</strong></span> 
     </span>
    </p>
   </div>
   <div class='ocr_carea' id='block_1_111' title="bbox 1837 4988 3412 5062">
    <p class='ocr_par' dir='ltr' id='par_1_111' title="bbox 1837 4988 3412 5062">
     <span class='ocr_line' id='line_1_111' title="bbox 1837 4988 3412 5062; baseline -0.006 -13"><span class='ocrx_word' id='word_1_839' title='bbox 1837 4996 2051 5051; x_wconf 90' lang='lat' dir='ltr'><strong>leonem</strong></span> <span class='ocrx_word' id='word_1_840' title='bbox 2079 5004 2134 5049; x_wconf 90' lang='lat' dir='ltr'><strong>et</strong></span> <span class='ocrx_word' id='word_1_841' title='bbox 2165 4993 2574 5048; x_wconf 74' lang='lat' dir='ltr'><strong>draconem&quot;?</strong></span> <span class='ocrx_word' id='word_1_842' title='bbox 2616 5012 2634 5046; x_wconf 75' lang='grc' dir='ltr'>ι</span> <span class='ocrx_word' id='word_1_843' title='bbox 2670 4994 2805 5048; x_wconf 91' lang='lat' dir='ltr'>Cum</span> <span class='ocrx_word' id='word_1_844' title='bbox 2839 5005 2973 5062; x_wconf 87' lang='lat' dir='ltr'><strong>ergo</strong></span> <span class='ocrx_word' id='word_1_845' title='bbox 3013 4988 3333 5043; x_wconf 88' lang='lat' dir='ltr'><strong>Paracletus</strong></span> <span class='ocrx_word' id='word_1_846' title='bbox 3357 4988 3412 5041; x_wconf 94' lang='lat' dir='ltr'>in</span> 
     </span>
    </p>
   </div>
   <div class='ocr_carea' id='block_1_112' title="bbox 1836 5079 3413 5149">
    <p class='ocr_par' dir='ltr' id='par_1_112' title="bbox 1836 5079 3413 5149">
     <span class='ocr_line' id='line_1_112' title="bbox 1836 5079 3413 5149; baseline -0.008 -5"><span class='ocrx_word' id='word_1_847' title='bbox 1836 5094 2062 5144; x_wconf 87' lang='lat' dir='ltr'><strong>sanctas</strong></span> <span class='ocrx_word' id='word_1_848' title='bbox 2090 5085 2303 5140; x_wconf 90' lang='lat' dir='ltr'><strong>animas</strong></span> <span class='ocrx_word' id='word_1_849' title='bbox 2336 5086 2555 5142; x_wconf 64' lang='lat' dir='ltr'><strong>coalitus</strong></span> <span class='ocrx_word' id='word_1_850' title='bbox 2591 5084 2870 5148; x_wconf 84' lang='lat' dir='ltr'><strong>illahetur,</strong></span> <span class='ocrx_word' id='word_1_851' title='bbox 2899 5089 2955 5136; x_wconf 92' lang='lat' dir='ltr'><strong>et</strong></span> <span class='ocrx_word' id='word_1_852' title='bbox 2989 5080 3139 5149; x_wconf 90' lang='lat' dir='ltr'><strong>juste</strong></span> <span class='ocrx_word' id='word_1_853' title='bbox 3164 5079 3248 5134; x_wconf 90' lang='lat' dir='ltr'>eis</span> <span class='ocrx_word' id='word_1_854' title='bbox 3286 5092 3413 5146; x_wconf 89' lang='lat' dir='ltr'><strong>pro-</strong></span> 
     </span>
    </p>
   </div>
   <div class='ocr_carea' id='block_1_113' title="bbox 1835 5171 3411 5247">
    <p class='ocr_par' dir='ltr' id='par_1_113' title="bbox 1835 5171 3411 5247">
     <span class='ocr_line' id='line_1_113' title="bbox 1835 5171 3411 5247; baseline -0.006 -16"><span class='ocrx_word' id='word_1_855' title='bbox 1835 5185 1956 5247; x_wconf 90' lang='lat' dir='ltr'><strong>pter</strong></span> <span class='ocrx_word' id='word_1_856' title='bbox 1988 5176 2269 5233; x_wconf 88' lang='lat' dir='ltr'><strong>sinceram</strong></span> <span class='ocrx_word' id='word_1_857' title='bbox 2297 5183 2353 5231; x_wconf 90' lang='lat' dir='ltr'>et</span> <span class='ocrx_word' id='word_1_858' title='bbox 2383 5178 2763 5244; x_wconf 88' lang='lat' dir='ltr'><strong>incorruptam</strong></span> <span class='ocrx_word' id='word_1_859' title='bbox 2794 5172 2957 5227; x_wconf 83' lang='lat' dir='ltr'><strong>iidem</strong></span> <span class='ocrx_word' id='word_1_860' title='bbox 3008 5171 3214 5225; x_wconf 89' lang='lat' dir='ltr'><strong>missus</strong></span> <span class='ocrx_word' id='word_1_861' title='bbox 3242 5183 3411 5239; x_wconf 86' lang='lat' dir='ltr'><strong>appa-</strong></span> 
     </span>
    </p>
   </div>
   <div class='ocr_carea' id='block_1_114' title="bbox 1834 5258 3412 5335">
    <p class='ocr_par' dir='ltr' id='par_1_114' title="bbox 1834 5258 3412 5335">
     <span class='ocr_line' id='line_1_114' title="bbox 1834 5258 3412 5335; baseline -0.005 -18"><span class='ocrx_word' id='word_1_862' title='bbox 1834 5265 2015 5331; x_wconf 87' lang='lat' dir='ltr'><strong>rebit,</strong></span> <span class='ocrx_word' id='word_1_863' title='bbox 2079 5274 2209 5319; x_wconf 91' lang='lat' dir='ltr'><strong>tunc</strong></span> <span class='ocrx_word' id='word_1_864' title='bbox 2248 5266 2459 5335; x_wconf 90' lang='lat' dir='ltr'><strong>peccati</strong></span> <span class='ocrx_word' id='word_1_865' title='bbox 2509 5277 2664 5318; x_wconf 90' lang='lat' dir='ltr'><strong>reum</strong></span> <span class='ocrx_word' id='word_1_866' title='bbox 2733 5258 3002 5314; x_wconf 88' lang='lat' dir='ltr'><strong>mundum</strong></span> <span class='ocrx_word' id='word_1_867' title='bbox 3069 5267 3297 5327; x_wconf 86' lang='lat' dir='ltr'><strong>arguet,</strong></span> <span class='ocrx_word' id='word_1_868' title='bbox 3358 5263 3412 5311; x_wconf 88' lang='lat' dir='ltr'>et</span> 
     </span>
    </p>
   </div>
   <div class='ocr_carea' id='block_1_115' title="bbox 1842 5349 3410 5425">
    <p class='ocr_par' dir='ltr' id='par_1_115' title="bbox 1842 5349 3410 5425">
     <span class='ocr_line' id='line_1_115' title="bbox 1842 5349 3410 5425; baseline -0.005 -16"><span class='ocrx_word' id='word_1_869' title='bbox 1842 5367 2078 5423; x_wconf 86' lang='lat' dir='ltr'><strong>superna</strong></span> <span class='ocrx_word' id='word_1_870' title='bbox 2116 5355 2291 5425; x_wconf 88' lang='lat' dir='ltr'><strong>gratia</strong></span> <span class='ocrx_word' id='word_1_871' title='bbox 2333 5354 2609 5417; x_wconf 88' lang='lat' dir='ltr'><strong>orbatum,</strong></span> <span class='ocrx_word' id='word_1_872' title='bbox 2642 5350 2771 5420; x_wconf 92' lang='lat' dir='ltr'><strong>quia</strong></span> <span class='ocrx_word' id='word_1_873' title='bbox 2788 5349 3220 5420; x_wconf 72' lang='lat' dir='ltr'><strong>Redemptorem</strong></span> <span class='ocrx_word' id='word_1_874' title='bbox 3247 5363 3410 5403; x_wconf 87' lang='lat' dir='ltr'><strong>aver-</strong></span> 
     </span>
    </p>
   </div>
   <div class='ocr_carea' id='block_1_116' title="bbox 1844 5441 3407 5510">
    <p class='ocr_par' dir='ltr' id='par_1_116' title="bbox 1844 5441 3407 5510">
     <span class='ocr_line' id='line_1_116' title="bbox 1844 5441 3407 5510; baseline -0.004 -13"><span class='ocrx_word' id='word_1_875' title='bbox 1844 5448 2058 5497; x_wconf 88' lang='lat' dir='ltr'><strong>santur.</strong></span> <span class='ocrx_word' id='word_1_876' title='bbox 2121 5441 2338 5498; x_wconf 86' lang='lat' dir='ltr'><strong>Rursus</strong></span> <span class='ocrx_word' id='word_1_877' title='bbox 2404 5448 2585 5496; x_wconf 91' lang='lat' dir='ltr'><strong>autem</strong></span> <span class='ocrx_word' id='word_1_878' title='bbox 2635 5441 2815 5508; x_wconf 90' lang='lat' dir='ltr'><strong>ipsum</strong></span> <span class='ocrx_word' id='word_1_879' title='bbox 2877 5447 3105 5510; x_wconf 90' lang='lat' dir='ltr'><strong>arguet,</strong></span> <span class='ocrx_word' id='word_1_880' title='bbox 3146 5447 3407 5509; x_wconf 77' lang='lat' dir='ltr'><strong>tanquam</strong></span> 
     </span>
    </p>
   </div>
   <div class='ocr_carea' id='block_1_117' title="bbox 1844 5527 3411 5602">
    <p class='ocr_par' dir='ltr' id='par_1_117' title="bbox 1844 5527 3411 5602">
     <span class='ocr_line' id='line_1_117' title="bbox 1844 5527 3411 5602; baseline -0.001 -18"><span class='ocrx_word' id='word_1_881' title='bbox 1844 5532 1937 5601; x_wconf 92' lang='lat' dir='ltr'>qui</span> <span class='ocrx_word' id='word_1_882' title='bbox 1979 5530 2164 5602; x_wconf 86' lang='lat' dir='ltr'><strong>inique</strong></span> <span class='ocrx_word' id='word_1_883' title='bbox 2199 5531 2414 5602; x_wconf 89' lang='lat' dir='ltr'><strong>peccati</strong></span> <span class='ocrx_word' id='word_1_884' title='bbox 2459 5530 2979 5600; x_wconf 76' lang='lat' dir='ltr'><strong>accusarit-eos-qui</strong></span> <span class='ocrx_word' id='word_1_885' title='bbox 3005 5530 3119 5599; x_wconf 87' lang='lat' dir='ltr'>jam</span> <span class='ocrx_word' id='word_1_886' title='bbox 3159 5527 3411 5585; x_wconf 78' lang='lat' dir='ltr'><strong>credide-</strong></span> 
     </span>
    </p>
   </div>
   <div class='ocr_carea' id='block_1_118' title="bbox 1844 5621 3407 5695">
    <p class='ocr_par' dir='ltr' id='par_1_118' title="bbox 1844 5621 3407 5695">
     <span class='ocr_line' id='line_1_118' title="bbox 1844 5621 3407 5695; baseline -0.001 -19"><span class='ocrx_word' id='word_1_887' title='bbox 1844 5630 1991 5680; x_wconf 88' lang='lat' dir='ltr'><strong>runt.</strong></span> <span class='ocrx_word' id='word_1_888' title='bbox 2030 5621 2221 5680; x_wconf 81' lang='lat' dir='ltr'><strong>Merito</strong></span> <span class='ocrx_word' id='word_1_889' title='bbox 2262 5624 2406 5680; x_wconf 92' lang='lat' dir='ltr'><strong>enim</strong></span> <span class='ocrx_word' id='word_1_890' title='bbox 2439 5621 2724 5695; x_wconf 82' lang='lat' dir='ltr'><strong>justiﬁcati</strong></span> <span class='ocrx_word' id='word_1_891' title='bbox 2765 5631 2912 5689; x_wconf 88' lang='lat' dir='ltr'><strong>sunt,</strong></span> <span class='ocrx_word' id='word_1_892' title='bbox 2957 5624 3085 5681; x_wconf 90' lang='lat' dir='ltr'><strong>licet</strong></span> <span class='ocrx_word' id='word_1_893' title='bbox 3122 5622 3407 5679; x_wconf 84' lang='lat' dir='ltr'><strong>Christum</strong></span> 
     </span>
    </p>
   </div>
  </div>
