3998 6318
588 397 694 456 459

1583 393 1640 448 S.
1680 390 1960 449 CYRILLI
1997 391 2463 450 ALEXANDRINI
2497 394 2815 450 ARCHIEP.

3729 387 3834 443 NO

591 511 663 566 ad
702 510 873 566 Deum
915 519 1226 573 reversum,
1271 514 1328 562 et
1379 506 1646 565 miracula
1682 514 1993 574 patrantem
2045 523 2156 562 non

2261 507 2670 587 ἀπεσταλμένος
2689 549 2703 573 ,
2750 509 2838 562 διὰ
2864 509 2964 580 τὴν
3008 506 3306 561 ἀδέκαστον
3340 507 3599 575 φαίνηται
3626 504 3832 572 πίστιν,

592 597 919 671 spectarint,
952 611 1018 651 ea
1049 595 1156 651 ﬁde
1186 605 1607 668 prosequentes.
1647 595 1778 651 Tale
1807 596 1938 666 quid
1971 605 2152 653 autem

590 691 831 746 arbitror
871 687 1198 757 Apostolum
1258 688 1315 742 in
1363 687 1610 742 animum
1669 687 1987 754 induxisse,
2028 701 2154 742 cum

588 780 668 834 ait
699 799 712 834 :
743 798 762 832 ι
807 779 942 845 Quis
986 777 1269 833 accusabit
1297 776 1563 832 adversus
1607 777 1815 833 electos
1846 776 1982 832 Dei?
2013 777 2156 834 Deus

583 873 856 944 justiﬁeat
889 892 902 927 :
935 873 1062 944 quis
1089 879 1175 928 est
1223 871 1314 942 qui
1351 870 1678 926 condemnet
1699 869 1786 923 ⁸³7
1821 888 1840 923 ι
1878 897 1950 910 --
1981 889 2000 920 ι
2030 871 2156 923 0m-

591 967 677 1021 nis
733 965 880 1021 enim
935 963 1198 1036 iniquitas
1253 965 1539 1018 ossuum
1588 960 1950 1030 oppilavit“,
1999 959 2155 1030 juxta

588 1057 902 1113 Psalmista:
931 1069 1144 1120 vocem,
1169 1053 1308 1109 nihil
1335 1053 1543 1107 habens
1577 1051 1632 1105 in
1658 1066 1766 1120 quo
1791 1050 2158 1120 reprehendat

587 1162 690 1217 per
714 1147 874 1201 iidem
902 1146 1126 1208 electos,
1162 1149 1216 1199 et
1234 1141 1470 1212 iustitiae
1497 1155 1622 1210 quae
1643 1154 1710 1194 ex
1734 1138 1839 1195 ﬁde
1867 1145 1953 1194 est
1977 1139 2155 1210 gloria

589 1238 896 1294 redimitos.
946 1235 1152 1306 Arguet
1191 1243 1372 1289 autem
1427 1232 1694 1286 mundum
1737 1241 1797 1285 ut
1843 1229 2153 1298 seductum,

589 1339 645 1386 et
671 1331 726 1384 in
765 1343 890 1386 eum
939 1328 1030 1398 qui
1073 1328 1152 1384 sic
1183 1329 1581 1382 condemnatus
1611 1333 1696 1380 est
1738 1340 1865 1394 spes
1893 1338 2024 1379 suas
2060 1338 2156 1393 po-

587 1427 806 1475 nentem
829 1459 844 1484 ,
888 1428 948 1473 ut
980 1417 1128 1472 omni
1183 1418 1403 1488 quidem
1437 1424 1619 1471 vetere
1661 1415 1831 1485 gloria
1861 1412 2152 1476 exciderit,

589 1527 655 1566 ac
701 1525 802 1580 pro
856 1510 1032 1566 nihilo
1089 1510 1162 1565 sit
1217 1525 1247 1563 a
1311 1508 1406 1564 Dei
1482 1507 1794 1562 cultoribus
1843 1503 2151 1559 habendus.

586 1602 753 1672 923,
791 1601 1102 1672 Principem
1149 1615 1282 1656 vero
1324 1599 1510 1655 saeculi
1542 1598 1706 1667 hujus
1731 1596 1952 1652 vocavit
1987 1594 2153 1661 Deus,

585 1709 696 1748 non
741 1694 902 1762 quasi
947 1707 1077 1747 vere
1107 1690 1254 1747 istud
1304 1691 1396 1755 sit,
1443 1705 1544 1744 nec
1593 1687 1753 1758 quasi
1800 1685 2151 1742 cssentialem

582 1784 783 1838 habeat
833 1783 983 1838 illam
1032 1782 1340 1853 imperandi
1373 1779 1718 1850 dignitatem,
1768 1777 1864 1833 sed
1895 1777 2026 1847 quia
2059 1791 2156 1846 per

585 1873 833 1928 fraudem
863 1881 918 1928 et
948 1874 1196 1943 rapinam
1233 1873 1376 1926 hanc
1425 1871 1531 1925 sibi
1561 1869 1788 1940 gloriam
1831 1868 2068 1938 peperit,
2097 1875 2153 1924 et
2184 1857 2229 1916 Β

583 1965 710 2034 quia
738 1965 792 2018 in
815 1965 1127 2020 errantibus
1151 1963 1330 2018 adhuc
1348 1962 1611 2031 imperat,
1638 1975 1702 2014 ac
1729 1975 1958 2028 regnum
1989 1974 2150 2015 suum

582 2064 822 2117 exercet,
863 2064 1082 2125 propter
1113 2055 1385 2108 nefarium
1417 2067 1609 2108 eorum
1652 2052 1991 2116 institutum,
2019 2066 2149 2122 quo,

584 2145 762 2201 errori
851 2153 1036 2198 mente
1115 2144 1307 2208 aﬂixa,
1379 2143 1718 2200 ineluctabili
1817 2143 2154 2212 captivitatis

582 2237 807 2291 vinculo
831 2237 1082 2292 obstricti
1129 2244 1280 2300 sunt,
1308 2237 1561 2306 quamvis
1604 2235 1686 2290 eis
1727 2234 1920 2304 fugere
1962 2235 2150 2300 liceat,

581 2340 681 2395 per
727 2324 890 2380 (idem
939 2325 994 2380 in
1039 2323 1320 2380 Christum
1375 2323 1442 2378 ad
1497 2323 1832 2393 agnitionem
1885 2323 1998 2378 veri
2057 2324 2152 2380 Dei

581 2416 888 2472 translatis.
923 2416 1305 2470 Adulterinum
1358 2415 1527 2484 igitur
1565 2421 1649 2469 est
1695 2413 1912 2469 Satanae
1950 2431 2146 2472 nomen

582 2505 754 2572 istud,
793 2505 1158 2575 principatus,
1207 2503 1352 2573 quod
1399 2504 1447 2558 ei
1497 2512 1690 2557 natura
1734 2503 1952 2572 quidem
2003 2503 2148 2560 haud

581 2594 750 2662 inest,
783 2595 879 2650 sed
918 2596 972 2650 in
998 2595 1302 2650 errantium
1338 2594 1666 2650 exsecrabili
1714 2595 1983 2663 pravitate
2017 2610 2149 2650 con-

579 2693 854 2745 servatur.

2257 600 2376 652 τότε
2405 602 2525 662 ταῖς
2550 600 2778 663 οἰκείαις
2808 598 3108 670 ἁμαρτίαις
3146 595 3328 668 ἔνοχον
3363 594 3640 660 ἀποδείξει
3675 612 3833 663 γεγο-

2257 692 2386 745 νότα
2415 691 2508 744 τὸν
2531 693 2760 763 κόσμον,
2791 691 2886 744 καὶ
2911 691 3013 761 τῆς
3035 689 3240 744 ἀνωθεν
3272 690 3655 759 ἀμοιρήσαντα
3681 689 3834 758 χάρι-

2255 799 2366 847 τος,
2405 783 2638 853 ἐπείπερ
2670 783 3068 856 ἀποτρέπονται
3097 779 3189 833 τὸν
3225 779 3543 849 Λυτρωτήν.
3589 777 3831 846 Ἐλέγξει

2255 874 2313 927 δὲ
2354 875 2518 929 πάλιν
2549 875 2719 928 αὑτὸν
2741 915 2757 941 ,
2805 875 2881 937 ὡς
2933 873 3035 926 οὐκ
3071 872 3308 936 εὐλόγως
3357 869 3696 938 ἐγκαλοῦντα
3732 870 3832 940 τὴν

2258 965 2533 1037 ἁμαρτίαν
2561 968 2675 1029 τοῖς
2705 965 2806 1036 ἤδη
2834 963 3251 1018 πεπιστευκόσι.
3301 961 3688 1015 Δεδικαίωνται
3721 958 3830 1031 γάρ

2255 1056 2512 1123 εἰκότως,
2545 1057 2724 1110 καίτοι
2756 1057 2892 1125 πρὸς
2923 1055 3056 1108 Θεὸν
3099 1051 3532 1123 ἀποδημήσαντα
3570 1049 3663 1104 τὸν
3691 1050 3830 1120 Χρι-

2257 1148 2382 1201 στὸν
2407 1149 2502 1202 καὶ
2528 1147 3050 1220 θαυματουργοῦντα
3084 1145 3160 1216 μὴ
3181 1144 3530 1214 θεασάμενοι,
3549 1145 3616 1214 τῇ
3647 1142 3830 1195 πίστει

2253 1240 2606 1310 τιμήσαντες.
2647 1237 2814 1310 Οἶμαι
2852 1240 2907 1294 δὲ
2933 1239 2997 1310 δή
3029 1255 3081 1290 τι
3112 1235 3352 1290 τοιοῦτον
3381 1235 3708 1306 ἐννοήσαντα
3735 1233 3828 1287 καὶ

2254 1330 2345 1382 τὸν
2383 1328 2594 1383 Παῦλον
2628 1331 2825 1383 εἰπεῖν·
2886 1348 2904 1378 ι
2939 1328 3035 1391 Τίς
3063 1325 3348 1395 ἐγκαλέσει
3385 1324 3526 1379 κατὰ
3558 1323 3828 1377 ἐκλεκτῶν

2251 1422 2392 1476 Θεοῦ
2416 1440 2431 1490 ;
2463 1421 2595 1486 Θεὸς
2623 1421 2894 1476 όδικαιῶν
2913 1438 2926 1453 ·
2958 1420 3043 1484 τίς
3074 1417 3463 1488 όκατακρίνων
3486 1434 3500 1481 ;
3528 1433 3546 1466 ι
3574 1443 3643 1456 --
3669 1433 3689 1466 ι
3719 1415 3830 1467 Ἐν.

2255 1514 2455 1584 ἐφραξε
2483 1513 2592 1585 γὰρ
2621 1513 2818 1584 ἀνομία
2840 1513 2989 1565 πᾶσα
3009 1511 3069 1564 τὸ
3098 1511 3273 1580 στόμα
3299 1507 3485 1578 αὐτῆς,
3517 1526 3535 1558 ι
3562 1506 3704 1559 κατὰ
3729 1504 3830 1575 τὴν

2255 1605 2350 1657 τοῦ
2384 1605 2694 1668 Ψάλλοντος
2736 1604 2944 1674 φωνὴν,
2998 1601 3152 1656 οὐδὲν
3193 1600 3445 1669 ἐγκαλεῖν
3479 1597 3675 1667 ἔχουσα
3720 1595 3830 1658 τοῖς

2253 1697 2345 1751 διὰ
2371 1698 2606 1760 πίστεως
2637 1695 3060 1766 ἐξειλεγμένοις,
3094 1693 3188 1746 καὶ
3217 1692 3318 1760 τῆς
3353 1687 3602 1743 ἐντεῦθεν
3630 1687 3830 1754 δικαιο-

2259 1787 2424 1858 σύνης
2457 1769 2964 1857 κατημνριεσμένοις
2988 1782 3049 1836 τὸ
3091 1781 3371 1851 καύχημα.
3431 1774 3745 1842 Ἀπελέγξει
3773 1773 3829 1826 δέ

2255 1876 2348 1929 τὸν
2392 1876 2595 1946 κόσμον
2616 1914 2632 1938 ,
2682 1875 2759 1938 ὡς
2803 1871 3217 1942 πεπλανημένον
3237 1910 3250 1933 ,
3306 1869 3401 1921 καὶ
3442 1867 3522 1930 εἰς
3567 1865 3660 1917 τὸν
3689 1862 3830 1916 οὕτω

2259 1967 2590 2038 κατάκριτον
2605 1966 2796 2036 ἔχοντα
2822 1964 2922 2028 τὰς
2949 1962 3189 2026 ἐλπίδας,
3212 1962 3287 2023 ὡς
3310 1959 3526 2027 ἀπάσης
3555 1955 3656 2027 μὲν
3675 1952 3828 2022 δόξης

2255 2059 2359 2128 τῆς
2391 2057 2626 2128 ἀρχαίας
2657 2056 2955 2109 ἀποπεσεῖν
2977 2093 2992 2116 ,
3024 2048 3448 2120 ἐκφαυλίζεσθαι
3478 2047 3534 2099 δέ
3560 2046 3674 2097 δεῖν
3693 2084 3708 2108 ,
3741 2040 3829 2094 καὶ

2255 2149 2318 2200 ἐν
2362 2147 2440 2217 τῷ
2474 2146 2664 2217 μηδενὶ
2702 2143 2962 2214 τετάχθαι
3011 2141 3154 2212 λόγῳ
3195 2137 3345 2210 παρὰ
3375 2137 3484 2189 τῶν
3524 2132 3828 2203 σεϐομένων

2256 2237 2412 2292 Θεόν.
2469 2235 2742 2308 Ἀρχοντά
2771 2251 2835 2304 γε
2870 2233 2975 2304 μὴν
3004 2232 3098 2286 τοῦ
3145 2231 3340 2293 αἰῶνος
3369 2227 3556 2281 τούτου
3595 2223 3831 2293 κέκληκε

2255 2328 2424 2392 Θεὸς,
2473 2327 2572 2398 οὐχ
2615 2328 2690 2390 ὡς
2733 2327 2862 2380 ὄντα
2903 2325 3061 2378 τοῦτο
3107 2321 3249 2376 κατὰ
3281 2319 3567 2391 ἀλήθειαν,
3620 2316 3724 2383 οὐχ
3759 2311 3832 2376 ὡς

2253 2419 2515 2482 οὐσιῶδες
2549 2418 2740 2489 ἔχοντα
2772 2418 2984 2487 ἀξίωμα
3005 2459 3019 2479 ,
3064 2413 3207 2484 φημὶ
3231 2413 3294 2483 δὴ
3327 2412 3384 2464 τὸ
3413 2407 3676 2462 δύνασθαι
3704 2421 3833 2474 κρα-

2255 2512 2390 2576 τεῖν,
2407 2509 2521 2562 ἀλλ’
2544 2508 2620 2572 ὡς
2648 2507 2706 2572 ἐξ
2736 2509 2950 2578 ἀπάτης
2974 2507 3067 2560 καλ⁵
3095 2502 3406 2568 πλεονεξίας
3429 2501 3529 2570 τὴν
3564 2498 3658 2550 ἐπὶ
3680 2494 3832 2548 τοῦτο

2253 2601 2411 2665 δόξαν
2441 2599 2900 2672 ἀποκερδαίνοντα
2919 2638 2934 2662 ,
2985 2599 3077 2651 καὶ
3106 2597 3180 2660 ὡς
3231 2597 3287 2648 ἐν
3315 2595 3428 2656 τοῖς
3457 2585 3835 2658 πλανωμένοις

2253 2691 2335 2744 ἔτι
2373 2691 2676 2762 κρατοῦντά
2703 2708 2763 2744 τε
2794 2691 2888 2744 καὶ
2909 2690 3144 2760 ἄρχοντα
3163 2726 3178 2751 ,
3233 2685 3320 2738 διὰ
3349 2684 3448 2752 τὴν
3477 2681 3709 2734 ἐνοῦσαν
3738 2675 3834 2730 αὐε-

580 2780 690 2839 τοῖς
750 2776 1159 2848 μοχθηροτάτην
1201 2777 1548 2847 προαίρεσιν,
1599 2775 1722 2828 καθ’
1763 2776 1829 2842 ἢν
1863 2778 1928 2845 τῇ
1969 2776 2145 2848 πλάνῃ
2183 2779 2275 2832 τὸν
2294 2782 2492 2834 οἰκεῖον
2517 2780 2991 2850 προσδοκήσαντες
3021 2777 3131 2848 [Ion
3191 2767 3618 2844 προσδήσαντες]
3683 2765 3828 2850 νοῦν,

577 2873 909 2941 ἀδιάφυκτον
935 2872 1117 2943 ἔχουσι
1158 2871 1258 2940 τῆς
1293 2870 1669 2939 αἰχμαλωσίας
1697 2871 1789 2922 τὸν
1843 2870 2054 2940 βρόχον,
2079 2871 2258 2927 καίτοι
2284 2873 2564 2945 διαδρᾶναι
2606 2874 2780 2944 παρὸν
2828 2872 2914 2925 ἐπ’
2940 2869 3187 2935 ἐξουσίας
3235 2867 3439 2929 αὐτοῖς,
3476 2864 3564 2916 διὰ
3595 2861 3832 2945 πίστεως

577 2963 680 3031 τῆς
718 2963 798 3023 εἰς
829 2961 1060 3032 Χριστὸν
1107 2959 1580 3029 μετατεθειμένοις
1628 2961 1708 3022 εἰς
1740 2960 2032 3027 ἐπίγνωσιν
2092 2961 2187 3014 τοῦ
2241 2943 2698 3036 κατὰ-ἀλήθειαν
2730 2966 2881 3027 ὄντος
2928 2961 3084 3018 Θεοῦ.
3139 2961 3310 3014 Νόθον
3351 2954 3447 3011 οῦν
3486 2957 3594 3025 ἄρα
3643 2943 3711 3005 τε
3739 2949 3834 3018 τῆς

583 3053 753 3124 ἀρχῆς
784 3052 953 3121 ὄνομα
983 3051 1062 3120 τῷ
1112 3050 1346 3119 Σατανᾷ,
1379 3049 1621 3116 φυσικῶς
1651 3050 1750 3118 μὲν
1774 3051 1833 3103 οὗ
1869 3051 2004 3122 πρὸς
2040 3053 2171 3106 Θεὸν
2210 3052 2323 3124 [7;0.
2357 3056 2610 3128 προσὸν],
2654 3057 2712 3110 ἐν
2758 3055 2814 3109 δὲ
2859 3058 2927 3126 τῇ
2978 3055 3085 3107 τῶν
3139 3050 3508 3120 πλανωμένων
3577 3040 3831 3116 βδελυρίᾳ

579 3141 1009 3211 διασωζόμενον,

653 3230 773 3285 XVI
798 3269 814 3294 ,
857 3230 961 3292 l2,
1008 3232 1092 3284 15.
1136 3230 1326 3284 Adhuc
1367 3231 1536 3284 multa
1573 3231 1737 3285 habeo
1771 3234 1916 3286 vobis
1948 3233 2150 3297 dicere,
2179 3239 2222 3296 C

585 3323 674 3376 sed
708 3337 813 3375 non
845 3323 1063 3388 potestis
1096 3330 1311 3388 portare
1351 3321 1525 3375 modo.
1569 3320 1702 3375 Cum
1743 3332 1920 3376 autem
1957 3325 2153 3377 venerit

585 3409 676 3462 ille
701 3409 935 3476 Spiritus
963 3409 1198 3462 veritatis
1221 3449 1235 3473 ,
1264 3409 1473 3461 docebit
1505 3425 1591 3463 vos
1626 3425 1829 3462 omnem
1860 3413 2154 3464 veritatem.

585 3497 710 3552 Non
740 3499 879 3552 enim
906 3499 1149 3568 loquetur
1173 3515 1205 3552 a
1240 3501 1518 3569 semetipso
1542 3540 1556 3563 ,
1586 3498 1677 3553 sed
1708 3517 2030 3570 quiscunque
2059 3518 2158 3555 au-

584 3591 691 3644 diet
721 3590 982 3660 loquetur,
1004 3600 1054 3644 et
1083 3606 1200 3660 quae
1229 3600 1447 3644 uentura
1470 3601 1594 3644 sunt
1622 3592 1963 3645 annuntiabit
1989 3595 2154 3647 vobis.

655 3767 790 3820 Cum
852 3780 948 3821 eos
1007 3766 1190 3819 futura
1253 3767 1463 3821 sciendi
1517 3768 1827 3824 vehementi
1879 3769 2160 3827 desiderio

583 3871 810 3926 pressos
864 3855 1362 3920 animadverteret,
1421 3857 1587 3926 idque
1642 3860 1803 3912 anxie
1863 3860 2156 3916 admodum

587 3947 699 4016 pati
724 3946 1006 4015 (implevit
1028 3944 1172 3998 enim
1191 3985 1204 4008 ,
1229 3944 1428 4014 inquit,
1461 3945 1691 4000 tristitia
1715 3947 1882 4000 corda
1905 3949 2154 4019 eorum),

587 4037 818 4092 alterius
851 4035 1042 4090 oneris
1073 4034 1392 4089 accessione
1431 4035 1660 4105 insuper
1692 4039 2005 4107 gravandos
2037 4054 2159 4094 esse

587 4141 699 4178 non
739 4126 986 4195 putavit,
1019 4125 1113 4180 sed
1153 4132 1464 4194 opportuno
1505 4126 1673 4180 veluti
1707 4127 1930 4183 silentio
1961 4131 2158 4198 premit

587 4230 710 4285 quae
743 4231 853 4270 non
895 4216 1247 4271 mediocriter
1284 4230 1380 4270 eos
1423 4217 1725 4286 percellerc
1759 4227 2052 4288 poterant,
2102 4229 2159 4275 et

587 4307 910 4361 revelationi
957 4322 1054 4376 per
1095 4306 1361 4377 Spiritum
1406 4323 1471 4361 ac
1514 4308 1870 4364 illustrationi
1909 4325 2158 4380 congruo

589 4405 832 4464 tempore
881 4395 1078 4449 futura:
1123 4397 1266 4465 quod
1307 4397 1387 4451 eis
1428 4396 1496 4450 ad
1545 4399 1918 4469 cognitionem
1971 4401 2159 4455 deerat

589 4485 912 4540 reservavit.
940 4483 1044 4540 Sed
1065 4501 1189 4539 cum
1213 4501 1308 4542 eos
1333 4486 1728 4544 imbecilliores
1759 4489 1939 4544 adhuc
1967 4489 2156 4548 forsan

2329 3233 2457 3284 Ἔτι
2489 3229 2689 3284 πολλὰ
2715 3229 2834 3298 ἔχω
2853 3228 3058 3294 λέγειν
3091 3225 3262 3294 ὑμῖν,
3295 3223 3436 3278 ἀλλ’
3475 3225 3548 3277 οὐ
3568 3223 3834 3279 δύνησθε

2253 3319 2579 3386 βαστάζειν
2623 3319 2772 3387 ἄρτι.
2825 3320 3011 3371 Ὅταν
3033 3318 3181 3384 ἔλθῃ
3213 3313 3470 3379 ἐκεῖνος,
3499 3314 3566 3366 τὸ
3593 3315 3834 3384 Πνεῦμα

2257 3409 2368 3478 τῆς
2396 3409 2700 3477 ἀληθείας,
2723 3407 3009 3477 ὁδηγήσει
3031 3405 3186 3476 ὑμᾶς
3208 3408 3295 3472 εἰς
3314 3403 3524 3460 πᾶσαν
3543 3404 3660 3471 τὴν
3689 3405 3834 3472 ἁλή-

2259 3503 2443 3554 θειαν.
2491 3501 2574 3553 Οὺ
2603 3499 2711 3569 γὰρ
2731 3497 2992 3564 λαλήσει
3017 3498 3118 3566 ἀφ’
3149 3483 3368 3550 ἑαυτοῦ
3388 3536 3402 3559 ,
3433 3495 3574 3550 ἀλλ’
3603 3496 3724 3548 ὅσα
3759 3495 3832 3549 ἂν

2258 3589 2525 3657 ἀκούσῃ,
2567 3587 2860 3654 λαλήσει,
2909 3587 3010 3640 καί
3057 3587 3129 3640 τὰ
3171 3586 3467 3655 ἐρχόμενα
3515 3586 3836 3654 ἀναγγελεῖ

2259 3678 2422 3748 ὑμῖν.

2332 3769 2860 3840 Πλεονεκτουμένους
2901 3768 3003 3839 ήδη
3041 3769 3162 3830 ταῖς
3187 3768 3252 3820 ἐκ
3276 3766 3369 3820 τοῦ
3397 3767 3588 3837 μαθεῖν
3615 3767 3683 3821 τὰ
3712 3765 3826 3821 ἐσό-

2259 3879 2398 3931 μενα
2428 3861 2752 3932 δυσθυμίαις
2773 3860 2970 3932 εὑρὼν,
3001 3860 3095 3913 καὶ
3123 3861 3415 3930 ἀφορήτως
3441 3861 3664 3929 ἔχοντας
3699 3862 3828 3931 πρὸς

2256 3955 2328 4007 τὰ
2372 3953 2591 4007 ἔσεσθαι
2627 3953 3054 4024 προσδοκώμενα
3085 3952 3436 4023 (πεπλήρωκε
3470 3953 3614 4024 γὰρ,
3641 3953 3825 4024 φησὶν.

2259 4044 2293 4111 ἡ
2328 4041 2472 4111 λύπη
2523 4043 2622 4105 τὰς
2667 4042 2892 4112 καρδίας
2936 4040 3148 4110 ὑμῶν),
3189 4040 3282 4093 καὶ
3318 4041 3440 4104 ταῖς
3471 4041 3582 4094 τῶν
3629 4043 3827 4113 ἐτέρων

2257 4130 2599 4202 προσθήκαις
2654 4127 3073 4200 καταφορτίζειν
3124 4128 3322 4191 αὐτοὺς
3368 4128 3468 4182 οὐκ
3518 4128 3660 4198 ᾤετο
3701 4130 3825 4194 δεῖν,

2255 4219 2628 4289 καταχωννύει
2668 4219 2725 4271 δέ
2757 4217 2946 4288 ὥσπερ
2977 4219 3058 4281 εἰς
3085 4215 3342 4287 εὔκαιρον
3379 4219 3620 4289 σιωπὴν,
3661 4219 3828 4290 πλήτ-

2257 4323 2371 4359 τειν
2399 4307 2459 4359 οὐ
2491 4306 2726 4378 μετρίως
2766 4306 2992 4370 αὐτοὺς,
3045 4305 3188 4358 κατά
3219 4321 3282 4372 γε
3315 4305 3375 4358 τὸ
3403 4305 3550 4368 εἰκὸς
3580 4307 3609 4358 ὅ
3643 4305 3825 4361 καὶτὰ

2256 4397 2458 4468 ἐφεξῆς
2491 4397 2777 4468 ἰσχύοντα,
2833 4398 2928 4453 καὶ
2968 4399 3037 4468 τῇ
3071 4396 3161 4450 διὰ
3203 4395 3296 4450 τοῦ
3337 4396 3657 4468 Πνεύματος
3699 4402 3828 4452 ἀπο-

2260 4488 2490 4557 καλύψει
2515 4503 2574 4541 τε
2612 4487 2705 4541 καὶ
2731 4487 3069 4557 φωταγωγίᾳ
3095 4489 3163 4558 τῇ
3197 4485 3344 4540 κατά
3367 4488 3560 4558 καιρὸν
3595 4490 3827 4560 ἐσομένη

588 4575 658 4628 ad
713 4575 1286 4643 comprehendendum
1340 4579 1660 4648 mysterium
1722 4579 1966 4644 videret,
2019 4598 2152 4652 pro--

2258 4580 2348 4632 τὸν
2387 4579 2606 4644 δέοντα,
2650 4578 2714 4632 τὸ
2741 4579 2925 4631 λεῖπον
2968 4578 3153 4640 αὐτοῖς
3181 4579 3262 4641 εἰς
3301 4579 3502 4645 γνῶσιν
3535 4582 3827 4650 τετήρηκε.

585 4675 774 4737 pterca
805 4665 952 4734 quod
983 4667 1221 4721 nondum
1251 4668 1517 4723 illustrati
1550 4678 1710 4725 erant
1741 4686 1833 4740 per
1857 4671 2155 4742 Spiritum,

589 4772 691 4812 nec
725 4755 923 4811 divinae
951 4757 1132 4811 adhuc
1165 4767 1327 4812 erant
1355 4769 1640 4816 consortes
1667 4771 1876 4818 naturae
1907 4767 1951 4796 "
1979 4764 1998 4835 (
2022 4781 2156 4820 non-

588 4853 716 4904 dum
753 4850 900 4905 enim
932 4857 1050 4903 erat
1094 4847 1336 4918 Spiritus
1375 4863 1639 4917 sanctus,
1693 4863 1757 4906 ut
1805 4856 1882 4908 ait
1931 4867 2158 4913 sanctus

587 4939 918 5008 evangelista
952 4938 1020 5002 ⁸⁸,
1052 4937 1188 5007 quia,
1226 4937 1471 4993 nondum
1515 4941 1768 4997 Christus
1817 4945 2157 5002 clarificatus

587 5037 705 5083 erat
728 5029 746 5099 )
770 5069 784 5093 ,
817 5029 1027 5083 idcirco
1056 5029 1172 5084 haec
1203 5032 1310 5095 ait,
1345 5031 1655 5101 signiﬁcare
1705 5035 1895 5090 volens
1939 5036 2158 5091 scilicet

587 5121 857 5178 altissima
909 5121 1014 5177 sibi
1063 5122 1243 5178 adhuc
1294 5139 1587 5192 superesse
1631 5125 1919 5182 revelanda
1971 5133 2025 5181 et
2071 5142 2159 5182 ca-

587 5220 740 5282 ptum
772 5212 1057 5266 hominum
1088 5215 1408 5270 excedentia
1448 5217 1711 5272 miracula
1733 5256 1750 5281 ,
1784 5217 1878 5272 sed
1920 5217 2064 5272 nolle
2103 5217 2156 5272 id

587 5319 735 5358 nunc
786 5315 1081 5375 praestare,
1119 5305 1285 5376 idque
1317 5308 1548 5376 merito,
1599 5323 1723 5363 cum
1769 5323 1866 5362 eos
1915 5307 2155 5361 nondum

589 5393 700 5449 illis
733 5396 1016 5465 capiendis
1061 5397 1291 5455 idoneos
1344 5407 1615 5455 cerneret.
1665 5397 1802 5452 Cum
1858 5398 2004 5452 cnim
2058 5413 2157 5453 vos

589 5486 730 5540 alios
755 5501 785 5539 a
818 5488 1004 5552 vobis,
1037 5490 1250 5560 inquit,
1287 5507 1442 5546 meus
1481 5489 1720 5560 Spiritus
1747 5488 2024 5554 effecerit,
2059 5505 2154 5546 ve-

589 5583 874 5646 stramque
908 5589 1142 5635 mentem
1189 5579 1608 5645 reformavcrit,
1651 5587 1714 5634 ut
1766 5581 2000 5652 legalem
2056 5581 2154 5636 de-

658 5748 702 5777 ”
736 5748 890 5803 lion).
924 5764 1042 5813 vni,
1071 5750 1158 5805 Μ.
1253 5752 1297 5783 ⁸³
1320 5751 1463 5808 Psal.
1495 5769 1600 5815 (LVI,
1639 5753 1722 5807 59..

2261 4671 2413 4740 Τάχα
2437 4670 2493 4722 δὲ
2527 4670 2622 4722 καὶ
2655 4669 2976 4733 άτονοῦντας
3005 4669 3084 4722 ἐτι
3113 4670 3241 4740 περί
3271 4669 3370 4739 τὴν
3397 4669 3492 4723 τοῦ
3525 4673 3829 4743 μυστηρίου

2261 4761 2561 4831 κατάληψιν
2590 4763 2904 4834 θεωρήσας,
2947 4762 3037 4816 διὰ
3075 4761 3137 4814 τὸ
3179 4763 3345 4832 μήπω
3379 4762 3719 4831 πεφωτίσθαι
3746 4764 3830 4817 διὰ

2260 4852 2354 4906 τοῦ
2395 4853 2738 4923 Πνεύματος,
2784 4855 2922 4925 μήτε
2965 4852 3074 4923 μὴν
3117 4853 3367 4921 γενέσθαι
3419 4853 3571 4917 θείας
3616 4855 3829 4922 φύσεως

2262 4947 2552 5010 κοινωνοὺς
2602 4947 2788 5016 (οῦπω
2827 4950 2936 5019 γὰρ
2971 4945 3038 5020 ἦν
3073 4949 3300 5020 Πνεῦμα
3329 4951 3519 5017 ἅγιον,
3564 4951 3711 5003 κατά
3743 4950 3828 5002 τὸν

2261 5033 2415 5102 ἅγιον
2441 5037 2862 5109 εὐαγγελιστὴν,
2911 5040 2992 5093 ὅτι
3020 5041 3256 5112 Χριστὸς
3277 5040 3488 5094 οὐδέπω
3515 5039 3824 5110 ἐδοξάσθη),

2253 5124 2324 5178 τὰ
2345 5126 2571 5181 τοιαῦτά
2593 5145 2756 5199 φησιν
2776 5170 2791 5194 ,
2835 5133 3010 5185 ἐκεῖνο
3039 5132 3102 5204 δὴ
3133 5132 3350 5195 πάντως
3401 5132 3666 5203 ἐθελήσας
3701 5133 3828 5186 tim-

2253 5215 2477 5284 δηλοῦν,
2509 5219 2586 5283 ὡς
2612 5221 2691 5274 ἔτι
2737 5221 2838 5290 μὲν
2871 5223 2984 5292 ἔχοι
3013 5224 3109 5276 καὶ
3140 5224 3343 5297 σφόδρα
3373 5223 3540 5294 βαθέα
3582 5225 3678 5276 καὶ
3708 5223 3829 5277 νοῦν

2256 5303 2649 5378 ὑπερϐαίνοντα
2679 5311 2770 5364 τὸν
2804 5312 3143 5382 ἀνθρώπινον
3180 5313 3588 5368 ἀποκαλύπτειν
3617 5315 3823 5384 μυστή-

2257 5417 2383 5470 ρια,
2429 5405 2747 5470 παραιτοῖτο
2774 5403 2830 5456 δέ
2865 5405 3005 5468 νυνὶ,
3054 5405 3147 5459 καὶ
3197 5406 3341 5476 μάλα
3372 5406 3629 5468 εἰκότως,
3680 5404 3826 5457 οὔπω

2263 5489 2400 5562 πρὸς
2427 5489 2585 5543 τοῦτο
2606 5491 2724 5546 λίαν
2745 5494 3064 5564 ἐπιτηδείως
3089 5496 3310 5566 ἔχοντας
3340 5497 3501 5567 ὁρῶν.
3527 5496 3700 5548 Ὅταν
3726 5493 3825 5563 γὰρ

2265 5580 2408 5649 ὑμᾶς
2449 5581 2731 5653 ἐξέτέρων
2763 5586 2844 5649 εἰς
2882 5587 3120 5658 ἐτέρους,
3155 5589 3308 5657 φησὶ,
3331 5589 3390 5642 τὸ
3422 5586 3556 5656 ἐμὸν
3591 5585 3825 5658 amere?»

1822 5755 1864 5782 ⁸⁵
1890 5751 1932 5806 ιι
1963 5751 2109 5809 Pctr.
2145 5755 2269 5822 1,4.
2353 5755 2398 5786 ⁵⁸
2422 5754 2580 5810 Joan.
2616 5773 2712 5823 vn,
2749 5759 2837 5813 59.
