3998 6318
190 411 292 466 641

1281 408 1343 463 IN
1379 410 1662 469 JOANNIS
1691 409 2142 467 EVANCELIUM
2183 409 2311 462 LIB.
2358 408 2422 463 Χ.

3341 406 3446 461 442

191 547 356 600 σηται
405 529 662 599 Πνεῦμα,
708 527 802 582 καὶ
855 527 945 580 τὸν
995 528 1258 601 ἡμέτερον
1303 531 1428 603 [ΊῬ.
1461 532 1757 605 ὑμέτερον]

1869 547 2015 584 mum
2049 531 2250 601 figuras
2279 537 2635 584 contemnere
2664 527 2845 582 velitis
2871 539 2935 580 ac
2963 524 3189 594 possitis
3211 564 3226 590 ,
3251 535 3307 580 et
3334 527 3447 596 ‘spi—

192 621 663 692 μεταστοιχειώσῃ
693 621 849 682 νοῦν,
893 622 972 684 είς
1023 622 1083 674 τὸ
1125 621 1346 693 θελῆσαί
1374 643 1430 677 τε
1464 625 1647 678 λοιπὸν
1676 627 1768 679 καὶ

188 714 454 768 δύνασθαι
480 712 586 766 τῶν
616 712 853 783 νομικῶν
885 713 1297 784 ὑπερφρονῆσαι
1314 716 1526 783 τύπων,
1552 718 1766 771 ἑλέσθαι

189 805 250 858 δὲ
275 805 475 875 μᾶλλον
500 805 596 874 τῆς
623 807 680 857 ὲν
706 804 979 874 πνεύματι
1016 805 1270 875 λατρείας
1299 808 1360 860 τὸ
1393 809 1586 872 κάλλος
1607 849 1620 870 ,
1674 810 1768 863 καὶ

190 896 302 948 τῶν
330 898 387 947 ὲν
413 898 594 958 σκιαῖς
613 895 948 965 προτιμῆσαι
969 896 1064 966 τὴν
1085 895 1360 968 ἀλήθειαν,
1386 899 1504 951 τότε
1521 900 1605 970 δὴ.
1620 901 1764 964 τότε,

193 989 362 1058 φησι,
407 987 644 1039 συνιέναι
693 987 889 1057 ῥᾳδίως
926 983 983 1041 εὖ
1020 987 1163 1056 μάλα
1207 988 1499 1059 δυνήσεσθε
1538 991 1604 1044 τὰ
1639 991 1766 1062 περὶ

193 1078 351 1148 ἐμοῦ.
397 1079 653 1149 Χωρήσει
694 1077 803 1149 γὰρ
837 1079 896 1130 ὲν
934 1078 1062 1148 ὑμῖν
1108 1079 1510 1148 εὐπαράδεκτός
1553 1097 1611 1132 τε
1638 1080 1762 1150 ἤδη,

195 1171 290 1222 καὶ
331 1169 535 1232 πλατὺς
588 1170 617 1220 ὁ
655 1167 828 1236 λόγος.
885 1169 1056 1220 Ταυτὶ
1109 1167 1207 1236 μὲν
1260 1164 1352 1222 οὖν
1398 1169 1508 1222 δεῖν
1561 1170 1765 1224 οἴεσθαι

194 1261 373 1329 λέγειν
404 1262 494 1314 τὸν
516 1260 720 1331 Κύριον
748 1261 859 1322 τοῖς
887 1259 1080 1312 ἑαυτοῦ
1112 1260 1380 1330 μαθηταῖς
1407 1260 1659 1330 ἐννοήσαι
1681 1277 1765 1325 τις

194 1353 281 1406 ἄν.
319 1353 476 1416 ’Ἥξει
509 1368 573 1420 γε
609 1351 714 1422 μὴν
747 1353 828 1414 εἰς
862 1351 1054 1404 ταυτὸν
1075 1393 1090 1415 ,
1139 1352 1232 1403 καὶ
1259 1354 1338 1414 εἰς
1372 1352 1465 1422 τὴν
1499 1352 1622 1423 ῖσην
1655 1356 1772 1416 τοῖς,

197 1445 508 1516 εἰρημένοις
537 1443 739 1514 ἀρτίως
774 1443 1157 1513 συνδραμεῖται
1189 1443 1457 1506 διάνοιαν,
1493 1446 1628 1517 ὅπερ
1660 1446 1762 1515 ἔφη

196 1536 356 1590 πάλιν
377 1577 392 1599 ,
429 1535 503 1597 ὡς
534 1535 591 1586 ὲν
627 1533 783 1602 τύπῳ
814 1534 1269 1604 παραδειγμάτων
1291 1551 1304 1563 ·
1363 1553 1381 1586 ι
1421 1535 1610 1600 Οὐδεὶς
1642 1537 1764 1589 ἐπί-

192 1629 377 1697 ϐλημα
446 1626 553 1680 ἀπὸ
607 1627 820 1695 ἱματίου
865 1626 1051 1678 καινοῦ
1110 1627 1301 1696 σχίσας
1353 1628 1631 1681 ἐπιϐάλλει
1673 1631 1765 1683 ἐπὶ

195 1719 394 1790 ίματίῳ
444 1716 690 1785 παλαιῷ·
746 1716 860 1768 ἀλλ’
920 1716 1040 1769 οὐδὲ
1091 1710 1234 1770 οἶνον
1273 1719 1391 1772 νέον
1436 1719 1516 1781 εἰς
1563 1721 1764 1783 ἀσκοὺς

193 1809 446 1881 βάλλουσι
479 1805 759 1869 παλαιούς.
815 1808 875 1859 El
922 1807 976 1860 δὲ
1013 1808 1088 1877 μὴ
1113 1851 1124 1869 ,
1170 1810 1466 1877 ῥήγνυνται
1499 1813 1547 1862 oi
1583 1810 1759 1874 ἀσκοὶ,

190 1898 332 1955 καὶὸ
358 1893 498 1960 οἶνος
523 1897 785 1965 ἐκχεῖται·
815 1896 929 1948 ἀλλ’
964 1894 1106 1950 οἶνον
1136 1897 1252 1952 νέον
1275 1901 1354 1962 είς
1383 1899 1584 1964 ἀσκοὺς
1609 1901 1762 1964 νέους

194 1989 438 2060 βλητέον.
491 2007 508 2036 ι
562 1989 684 2049 Τοῖς
732 1988 840 2056 γάρ
891 1986 1043 2041 οὔπω
1104 1989 1240 2060 πρὸς
1285 1991 1573 2060 καινότητα
1619 1991 1762 2062 ζωῆς

192 2082 286 2134 καὶ
314 2081 565 2149 γνώσεως
590 2078 723 2149 ὁμοῦ
743 2080 1254 2150 ὰναπεπλασμένοις
1280 2082 1366 2135 διά
1387 2084 1477 2135 τοῦ
1505 2083 1762 2154 Πνεύμα-

189 2189 283 2236 τος
303 2213 316 2233 .
343 2174 445 2225 οὐκ
484 2173 598 2224 ἔστι
627 2171 696 2224 τὰ
725 2173 819 2224 νέα
844 2172 952 2224 τῶν
979 2173 1356 2240 εὐαγγελικῶν
1391 2177 1761 2246 κηρυγμάτων

190 2261 551 2332 παιδεύματα,
575 2262 667 2313 καὶ
685 2261 944 2332 άχώρητά
957 2261 1072 2324 πῶς
1093 2263 1206 2314 ἐστι
1235 2263 1302 2315 τὰ
1332 2267 1459 2334 περὶ
1480 2265 1578 2335 τῆς
1602 2267 1761 2334 ἁγίας

191 2353 418 2426 Τριάδος
464 2354 756 2424 μυστήρια.
813 2353 889 2423 Τῇ
938 2352 1118 2405 τοίνυν
1161 2355 1528 2411 ἀνακαινώσει
1575 2361 1640 2428 τῇ
1671 2358 1761 2412 διὰ

188 2446 281 2499 τοῦ
300 2445 611 2516 Πνεύματος
639 2445 872 2515 ἐσομένη
901 2446 1306 2513 πνευματικῶς,
1332 2448 1760 2518 άποταμιεύεται

189 2539 472 2605 χρησίμως
498 2535 660 2605 ἡτῶν
693 2535 772 2587 ἔτι
805 2535 1112 2606 βαθυτέρων
1135 2538 1422 2607 ἐξήγησις,
1458 2541 1518 2593 τὸ
1552 2541 1652 2611 μὲν
1679 2543 1758 2595 ἔτι

189 2624 571 2694 προσεδρεύειν
595 2628 659 2695 τῇ
685 2625 777 2678 τοῦ
808 2627 1031 2695 νομικοῦ
1068 2627 1394 2698 γράμματος
1414 2630 1758 2703 παλαιότητι,

185 2718 252 2786 τῇ
283 2715 389 2768 τῶν
420 2715 798 2768 πιστευόντων
828 2718 905 2778 εἰς
933 2718 1164 2787 Χριστὸν
1208 2719 1306 2771 οὐκ
1340 2719 1485 2792 ὲὼσῃ
1531 2721 1755 2794 διανοίᾳ,

191 2806 614 2878 μεταμορφούσῃ
663 2806 727 2864 δὲ.
757 2807 956 2874 μᾶλλον
1003 2809 1082 2870 είς
1127 2809 1422 2880 καινότητα
1459 2811 1757 2882 λογισμῶν,

187 2897 282 2951 καὶ
311 2897 378 2949 τὰ
419 2897 486 2949 δι’
518 2891 594 2950 ὧν
637 2897 814 2950 ἔνεστι
857 2898 916 2950 τὸ
953 2899 1049 2968 τῆς
1104 2899 1362 2970 ἀληθείας
1389 2903 1758 2958 καταθεᾶσθαι

185 2987 379 3051 κάλλος
414 2987 682 3060 ὲντιθείσῃ
721 2988 1080 3060 θεωρήματα.
1140 2991 1261 3044 Ὀτι
1289 2992 1347 3045 δὲ
1379 2995 1483 3064 πρὸ
1530 2997 1627 3064 μὲν
1659 2997 1759 3065 τῆς

183 3079 252 3131 ὲκ
279 3078 488 3150 νεκρῶν
512 3079 864 3143 ἀναστάσεως
898 3081 989 3134 τοῦ
1017 3083 1268 3153 Σωτῆρος
1307 3085 1462 3155 ήμῶν
1495 3088 1756 3159 Χριστοῦ,

1869 622 2048 676 ritalis
2078 621 2259 676 cultus
2291 618 2760 690 pulchritudinem
2795 618 3052 688 amplecti
3080 655 3095 680 ,
3126 616 3447 686 umbrisque

1866 712 2156 766 veritatem
2186 718 2545 780 anteponere,
2571 717 2704 761 tunc
2725 747 2740 770 ,
2772 706 2986 776 inquit,
3020 714 3152 758 tunc
3182 702 3446 774 perfacile

1866 817 1988 870 quae
2017 803 2084 856 de
2117 817 2201 856 me
2233 802 2440 870 scripta
2478 807 2608 854 sunt
2644 798 2951 867 intelligere
2975 795 3140 868 925
3176 795 3440 866 poteritis.

1865 893 2034 947 Plana
2074 894 2218 949 enim
2260 900 2314 948 et
2351 891 2605 962 expedita
2645 892 2864 945 demum
2909 891 2963 943 in
3001 890 3154 943 vobis
3193 888 3443 942 doctrina

1867 987 2044 1040 locum
2079 985 2329 1041 habitura
2361 993 2466 1040 est.
2498 983 2622 1038 Haec
2650 984 2833 1052 itaque
2859 980 3150 1035 Dominum
3207 981 3328 1035 suis
3359 979 3444 1034 di-

1867 1076 2092 1145 scipulis
2127 1075 2310 1131 dicere
2355 1076 2626 1146 quispiam
2647 1074 2999 1128 existimarit.
3029 1072 3288 1127 Eumdem
3315 1086 3443 1127 vero

1865 1183 2091 1223 sensum
2139 1168 2336 1231 habet,
2391 1167 2536 1237 quod
2577 1182 2773 1222 rursus
2810 1177 2906 1235 per
2947 1164 3164 1218 modum
3205 1163 3441 1234 exempli

1863 1259 2005 1313 dixit
2034 1277 2047 1312 :
2080 1278 2097 1309 ι
2128 1256 2320 1314 Nullus
2356 1259 2605 1312 immittit
2636 1258 3062 1312 commissuram
3089 1257 3253 1326 panni
3284 1256 3441 1310 rudis

1867 1353 1920 1404 in
1958 1349 2342 1404 vestimentum
2382 1360 2541 1403 vetus
2567 1389 2582 1413 ,
2624 1365 2801 1418 neque
2837 1349 3024 1402 vinum
3063 1363 3265 1403 novum
3317 1349 3442 1402 mil-

1864 1449 1988 1494 tunt
2015 1441 2070 1494 in
2097 1450 2246 1495 utres
2273 1448 2506 1495 veteres.
2537 1440 2793 1509 Alioquin
2823 1449 3152 1510 rumpuntur
3174 1449 3324 1494 utres
3347 1482 3360 1506 ,
3385 1447 3441 1495 et

1863 1534 2052 1587 vinum
2084 1532 2407 1596 effunditur;
2438 1531 2535 1586 sed
2564 1532 2748 1585 vinum
2779 1546 2976 1586 novum
3008 1532 3060 1584 in
3090 1538 3240 1586 utres
3269 1544 3441 1586 novos

1866 1622 2185 1678 mittendum
2218 1625 2287 1677 ⁸⁷.
2323 1641 2342 1674 ι
2375 1621 2479 1688 Qui
2530 1623 2774 1676 nondum
2822 1624 2969 1677 enim
3017 1621 3085 1676 ad
3137 1622 3436 1677 novitatem

1866 1713 1989 1767 vitae
2027 1721 2081 1768 et
2121 1713 2459 1782 cognitionis
2499 1711 2784 1766 reformati
2824 1721 2953 1766 sunt
2994 1727 3091 1782 per
3131 1712 3439 1782 Spiritum,

1865 1819 2064 1874 capere
2115 1803 2523 1874 quodammodo
2579 1811 2858 1872 nequeunt
2912 1793 3053 1857 nova
3110 1803 3440 1871 evangelicae

1865 1895 2266 1965 praedicationis
2317 1895 2670 1959 documenta,
2716 1904 2771 1948 et
2823 1894 2892 1948 de
2937 1903 3126 1949 sancta
3166 1895 3441 1950 Trinitate

1863 1986 2145 2054 mysteria.
2183 1985 2562 2039 Renovalione
2595 2001 2726 2054 ergo
2761 1985 2852 2038 illa
2884 1998 3005 2053 qua:
3043 2001 3142 2055 per
3173 1986 3438 2055 Spiritum

1862 2079 2048 2133 futura
2083 2087 2168 2133 est
2206 2077 2552 2148 spiritaliter,
2601 2078 2858 2130 altiorum
2910 2091 3090 2131 rerum
3139 2078 3438 2148 explicatio

1858 2171 2195 2225 credentium
2238 2171 2293 2224 in
2333 2170 2611 2224 Christum
2659 2171 2824 2224 menti
2866 2170 3154 2224 commode
3192 2185 3439 2223 reserva.

1859 2271 1968 2326 tur,
2006 2276 2126 2330 qua:
2160 2276 2266 2314 non
2308 2261 2547 2330 amplius
2587 2259 2780 2329 legalis
2823 2261 3020 2314 litterae
3054 2260 3312 2315 vetustati
3351 2259 3440 2313 in-

1857 2354 2067 2408 haerere
2098 2354 2329 2424 patitur,
2368 2353 2463 2407 sed
2503 2367 2603 2407 nos
2638 2353 2818 2420 potius
2853 2351 3114 2406 reformat
3142 2353 3195 2405 in
3230 2352 3439 2422 cogita-

1858 2449 2068 2499 tionum
2097 2447 2390 2499 novitatem
2414 2484 2428 2508 ,
2457 2459 2631 2513 eaque
2659 2458 2820 2498 sensa
2848 2443 3008 2498 nobis
3034 2443 3208 2504 indit,
3235 2443 3438 2512 quibus

1861 2537 2104 2590 veritatis
2135 2533 2600 2604 pulchritudinem
2635 2535 2834 2588 intueri
2864 2533 3049 2588 liceat.
3074 2533 3230 2598 Quod
3252 2541 3436 2586 autem

1861 2634 1988 2680 ante
2019 2625 2229 2681 Christi
2274 2625 2582 2679 Servatoris
2627 2625 2798 2679 nostri
2835 2625 3305 2678 resurrectionem
3331 2663 3346 2686 ,
3383 2632 3438 2678 et

1859 2718 2182 2787 priusquam
2217 2726 2402 2772 essent
2438 2713 2680 2785 Spiritus
2714 2714 3014 2785 participes
3048 2713 3305 2782 discipuli
3335 2711 3435 2766 Ju-

1858 2809 2017 2863 daico
2050 2823 2202 2862 more
2235 2809 2518 2869 viverent,
2555 2821 2617 2860 ac
2653 2806 2812 2876 legali
2850 2804 3156 2875 disciplina:
3192 2804 3438 2858 adhaere-

1860 2909 2015 2965 rent,
2048 2901 2176 2954 licet
2207 2899 2387 2968 majus
2426 2898 2651 2953 omnino
2701 2898 2774 2951 sit
2816 2895 3020 2952 Christi
3071 2895 3431 2966 mysterium,

1859 2992 2040 3061 quivis
2101 2991 2546 3044 animadvertere
2609 2987 2772 3042 facile
2833 2993 3034 3057 potest.
3094 2985 3160 3039 Et
3209 2986 3431 3054 quidem

1859 3083 2056 3138 beatus
2090 3082 2287 3137 Petrus
2308 3121 2322 3143 ,
2358 3081 2485 3134 licet
2512 3087 2832 3133 sanctorum
2858 3076 3259 3146 discipulorum
3290 3090 3434 3145 pras-

185 3170 280 3224 καὶ
309 3173 366 3223 ἐν
407 3171 619 3240 μεθέξει
655 3173 908 3240 γενέσθαι
941 3173 1036 3226 τοῦ
1070 3175 1406 3246 Πνεύματος,
1451 3177 1753 3231 Ἰουδαῖκὼ-

1861 3173 2116 3242 positus,
2163 3171 2448 3227 enarranti
2500 3168 2799 3238 aliquando
2841 3165 3122 3221 Servatori
3165 3180 3330 3235 quam
3378 3165 3436 3218 in

183 3262 340 3334 τερόν
371 3280 486 3326 πως
518 3264 708 3327 διέζων
736 3265 785 3316 οἱ
823 3265 1093 3335 μαθηταὶ,
1148 3269 1242 3321 καὶ
1293 3269 1388 3338 τῆς
1433 3271 1571 3323 κατὰ
1593 3274 1753 3341 νόμον

184 3353 456 3417 πολιτείας
486 3357 792 3426 ἀντείχοντο
812 3400 825 3421 ,
871 3359 919 3410 εί
951 3359 1044 3410 καὶ
1083 3360 1265 3428 μεῖζον
1303 3361 1548 3432 ἀκριϐῶς
1576 3363 1635 3416 τὸ
1665 3365 1757 3417 ἐπὶ

183 3446 402 3516 Χριστῷ
432 3448 750 3517 μυστήριον,
782 3448 1058 3518 θεωρήσαι
1088 3467 1170 3513 τις
1211 3451 1306 3509 ἂν,
1336 3454 1428 3504 καὶ
1453 3453 1572 3507 λίαν
1601 3455 1756 3508 εὐκό-

181 3536 308 3600 λως.
341 3538 448 3590 Καὶ
482 3537 610 3605 γοῦν
640 3539 668 3590 ὁ
700 3539 969 3608 μακάριος
994 3540 1218 3609 Πέτρος,
1249 3542 1425 3595 καίτοι
1458 3543 1562 3596 τῶν
1585 3545 1755 3612 ἀγίωυ

180 3629 608 3699 προεκκείμενος
658 3629 945 3701 μαθητῶν,
991 3631 1331 3702 διηγουμένῳ
1379 3635 1504 3686 ποτὲ
1532 3635 1607 3704 τῷ
1638 3637 1754 3688 Σω-

179 3723 307 3792 τῆρι
344 3721 405 3774 τὸ
451 3722 544 3773 ἐπὶ
579 3722 656 3791 τῷ
703 3721 924 3792 σταυρῷ
968 3723 1173 3790 πάθος,
1232 3725 1328 3776 καὶ
1370 3726 1452 3778 ὅτι
1485 3726 1591 3777 δέοι
1641 3730 1754 3790 τοῖς

194 3811 508 3874 Ἰουδαϊκοῖς
537 3812 987 3882 ἐμπαροινεῖσθαι
1021 3813 1370 3884 τολμήμασιν
1401 3815 1753 3888 ὲξηγουμένῳ

179 3903 492 3975 χρησίμως,
519 3903 884 3971 ἀντανεφώνει
915 3904 1086 3972 λέγων
1109 3922 1122 3935 ο
1158 3925 1174 3955 ι
1204 3906 1388 3970 Ἵλεώς
1417 3925 1526 3971 σοι,
1555 3909 1748 3979 Κύριε,

173 3994 243 4045 οὐ
280 3993 354 4063 μὴ
398 3993 550 4045 ἔσται
586 4011 666 4045 σοι
713 3994 891 4046 τοῦτο·
935 4015 954 4046 ι
1004 3996 1182 4048 καίτοι
1224 3997 1520 4068 διαρρήδην
1552 4001 1752 4054 ἀνακε-

173 4084 467 4152 κραγότων
507 4082 614 4135 τῶν
663 4084 832 4152 ἁγίων
878 4085 1203 4154 προφητῶν,
1257 4087 1353 4156 οὐχ
1389 4088 1470 4140 ὅτι
1507 4089 1750 4143 πείσεται

183 4175 382 4244 μόνον,
430 4174 564 4227 ἀλλά
607 4175 730 4226 τίνα
784 4175 878 4228 καὶ
923 4175 1094 4228 ὁπόσα
1140 4176 1422 4245 ὑπομενεῖ.
1485 4179 1594 4231 Καὶ
1646 4180 1752 4251 μὴν

176 4267 405 4318 κάκεῖνο
445 4264 583 4335 πρὸς
622 4265 796 4335 τούτῳ
835 4265 1221 4317 διασκεπτέον·
1269 4266 1344 4329 ὼς
1389 4267 1497 4338 γὰρ
1545 4269 1603 4321 ἐν
1636 4272 1751 4333 ταῖς

161 4353 419 4425 ,Πράξεσι
461 4354 569 4406 τῶν
595 4355 906 4407 ἀποστόλων
946 4356 1258 4426 γέγραπταί
1292 4374 1350 4408 τε
1385 4361 1480 4410 καὶ
1513 4359 1752 4426 ἀνεγνώο

181 4461 381 4516 καμεν,
421 4446 747 4516 πρόσπεινος
775 4442 841 4516 ἦν
863 4463 996 4499 ποτε
1026 4449 1120 4499 καὶ
1151 4449 1382 4518 ἠθέλησε
1404 4449 1701 4517 γεύσασθαι
1722 4454 1750 4505 ό

1858 3281 2023 3320 cruce
2105 3265 2392 3320 subiturus
2483 3269 2632 3318 esset
2689 3262 3045 3332 passionem,
3104 3259 3437 3328 quantisque

1857 3357 2117 3411 ludibriis
2170 3372 2236 3409 ac
2291 3357 2512 3426 probris
2559 3371 2587 3408 a
2638 3352 2845 3408 ludatis
2893 3351 3210 3405 afﬁciendus
3250 3361 3434 3414 esset,

1858 3450 2192 3504 reclamabat
2252 3448 2480 3502 dicens:
2526 3467 2545 3498 ι
2575 3445 2734 3498 Absit
2787 3460 2818 3498 a
2867 3451 2954 3508 te,
3005 3442 3270 3496 Domine!
3324 3455 3433 3494 non

1855 3544 1962 3596 erit
1997 3541 2091 3594 tibi
2125 3541 2227 3594 hoc
2253 3540 2338 3603 ⁸⁸;
2373 3558 2391 3589 ι
2422 3538 2676 3608 quamvis
2705 3537 2882 3605 palam
2913 3543 2968 3590 et
3010 3543 3201 3604 aperte
3243 3533 3427 3587 sancti

1858 3632 2140 3702 prephetm
2173 3630 2526 3699 praedicarim
2570 3643 2679 3681 non
2727 3640 3025 3695 passurum
3071 3639 3194 3678 eum
3233 3622 3432 3685 modo,

1857 3724 1957 3779 sed
1991 3733 2046 3779 et
2077 3730 2284 3793 quanta
2320 3735 2590 3791 passurus
2622 3725 2789 3774 esset.
2827 3717 3096 3771 Praeterea
3130 3715 3434 3769 observan-

1854 3812 1984 3866 dum
2020 3812 2165 3882 quod
2201 3813 2256 3866 in
2297 3811 2528 3865 Actibus
2569 3809 2942 3879 apostolorum
2983 3805 3247 3875 scriptum
3303 3804 3435 3873 legi-

1856 3920 2011 3970 mus,
2045 3903 2265 3959 Petrum
2295 3902 2538 3958 esurisse
2566 3900 2884 3970 aliquando,
2912 3908 2968 3953 et
2999 3905 3219 3968 gustare
3249 3896 3430 3951 cibum

1856 3997 2134 4058 voluisse,
2171 3993 2368 4049 deinde
2399 3993 2778 4062 conspicatum
2833 3992 3054 4045 linteum
3104 3989 3328 4043 caelitus
3379 3987 3433 4040 in

1855 4092 2058 4138 terram
2089 4084 2336 4147 demitti,
2373 4093 2614 4154 quatuor
2649 4083 2825 4136 initiis
2871 4083 3156 4149 alligatum
3180 4120 3195 4146 ,
3231 4079 3286 4132 in
3323 4092 3435 4148 quo

1856 4175 2192 4246 apparebant
2220 4175 2403 4230 omnis
2435 4173 2657 4244 generis
2689 4172 2946 4226 animalia
2977 4170 3262 4226 terrestria
3282 4212 3296 4236 ,
3332 4185 3434 4224 na-

1857 4269 2029 4322 tatilia
2049 4308 2065 4333 ,
2098 4275 2154 4322 et
2183 4267 2335 4322 aeria
2356 4309 2370 4331 ,
2405 4265 2659 4335 factaque
2689 4264 2755 4319 de
2783 4263 2926 4318 coelo
2961 4277 3092 4317 voce
3123 4281 3136 4317 :
3175 4281 3193 4313 ‹
3225 4261 3431 4332 Surge,

1857 4359 2014 4413 Petre
2041 4397 2058 4423 ,
2116 4359 2311 4412 occide
2363 4366 2421 4412 et
2475 4357 2744 4410 manduca
2774 4395 2789 4420 ,
2824 4372 2842 4406 ι
2879 4353 3131 4424 reposuit
3183 4351 3381 4406 Petrus
3415 4369 3430 4408 :

1864 4469 1881 4500 ι
1911 4449 2101 4512 Absit,
2135 4446 2384 4514 Domine,
2445 4447 2578 4516 quia
2610 4459 2890 4514 nunquam
2919 4443 3241 4497 manducavi
3273 4456 3435 4496 omne

177 4532 540 4607 Πέτρος,εῐτα
564 4537 856 4604 τέσσαρσιν
878 4538 1074 4607 ἀρχαῖς
1099 4538 1426 4608 καθιεμένην
1449 4540 1506 4604 ἐξ
1531 4542 1757 4614 ούρανοῦ

1865 4553 2157 4592 commune
2186 4545 2284 4592 aut
2334 4536 2712 4590 immundum!
2745 4534 3036 4604 {Ideoque
3072 4534 3199 4602 jure
3245 4547 3433 4601 repre-

170 4628 277 4696 τὴν
287 4627 480 4695 ὀθόνην
498 4627 640 4687 ἰδὼν,
655 4630 711 4679 ὲν
773 4628 948 4680 πάντα
969 4631 1276 4698 ἐγέγραπτο
1293 4632 1408 4695 ζῶά
1424 4649 1483 4686 τε
1501 4637 1751 4706 χερσαῖα,

174 4717 275 4770 καὶ
304 4716 498 4787 νηκτὰ,
523 4716 616 4768 καὶ
639 4717 818 4787 ἀέρια,
847 4717 940 4769 καὶ⁴
963 4718 1146 4785 φωνῆς
1167 4718 1476 4787 ἐνεχθείσης
1508 4720 1711 4774 ἄνωθεν
1735 4737 1749 4752 ο

179 4823 202 4854 ι
246 4804 539 4868 Ἀναστὰς,
577 4804 780 4873 Πέτρε,
821 4803 982 4856 θῦσον
1003 4843 1014 4864 ,
1050 4803 1140 4856 καὶ
1165 4806 1306 4873 φάγε
1329 4847 1341 4866 ,
1373 4825 1389 4855 ι
1424 4807 1756 4880 άνταπεκρί-

175 4909 309 4945 νατο
329 4893 501 4960 λέγων
518 4909 533 4923 ·
560 4911 576 4942 ι
601 4892 902 4962 Μηδαμῶς,
925 4893 1097 4964 Κύριε
1113 4935 1127 4955 ,
1156 4894 1236 4945 ὅτι
1260 4895 1515 4947 οὐδέποτε
1553 4895 1754 4964 ἔφαγον

174 4985 292 5034 πᾶν
336 4983 532 5044 κοινὸν,
588 4983 620 5053 ἦ
658 4983 988 5053 ἀκάθαρτον.
1021 5004 1038 5034 ι
1075 4985 1174 5037 Διά
1213 5002 1294 5037 τοι
1330 4986 1488 5039 τοῦτο
1530 4987 1754 5053 δικαίως

174 5073 443 5143 ἠλέγχετο
468 5074 627 5127 πάλιν
651 5073 882 5126 ἀκούων·
913 5094 930 5125 ι
949 5076 1057 5127 ’⁸Αὸ
1083 5075 1211 5138 Θεὸς
1238 5075 1554 5146 ἐκαθάρισε,
1587 5081 1649 5132 σὺ
1681 5079 1756 5152 μὴ

176 5163 384 5218 κοίνου.
419 5183 437 5214 ι
475 5165 666 5216 Καίτοι
701 5164 839 5235 χρῆν
866 5164 1036 5234 δήπου
1069 5164 1474 5235 διαμεμνῆσθαι
1497 5168 1756 5234 πολλάκις

171 5251 274 5304 τοῦ
305 5249 555 5322 Σωτῆρος
581 5254 739 5322 ἡμῶν
776 5254 1057 5322 εἰρηκότος
1091 5255 1224 5325 πρὸς
1263 5256 1549 5322 Ἰουδαίους
1575 5275 1589 5287 ’
1629 5279 1646 5311 ι
1681 5261 1754 5314 Ού

173 5345 238 5397 τὸ
264 5346 644 5415 εἰσερχόμενον
704 5349 783 5408 είς
828 5346 1003 5417 στόμα
1055 5349 1224 5400 κοινοῖ
1265 5347 1355 5400 τὸν
1399 5349 1704 5420 ἄνθρωπον.
1731 5372 1750 5405 ι

176 5435 324 5505 Ὅρα
350 5436 458 5508 [ἵσ.
491 5438 644 5510 ὁρᾷς]
675 5439 805 5503 γοῦν
834 5440 980 5502 ὅπως
1008 5441 1194 5502 αὐτοῖς
1227 5441 1325 5510 τῆς
1349 5442 1435 5494 διὰ
1462 5443 1553 5496 τοῦ
1584 5446 1753 5498 Πνεύ-

176 5544 352 5596 ματος
393 5528 500 5581 ἔδει
534 5529 916 5597 φωταγωγίας.
960 5531 1121 5600 Ὁρᾷς
1155 5531 1302 5593 ὅπως
1331 5533 1498 5602 ἐχρῆν
1531 5535 1609 5596 εἰς
1641 5535 1756 5587 ἐτέ-

177 5634 281 5688 ραν
334 5619 446 5685 ἕξιν
500 5620 1000 5690 μεταχαλκεύεσθαι
1071 5622 1168 5691 τῆς
1211 5621 1436 5693 ἐνούσης
1483 5625 1754 5691 Ἰουδαίοις

247 5799 293 5829 ³⁷
321 5799 514 5853 Matth.
553 5815 626 5865 Ix,
656 5802 737 5866 l6,
771 5801 846 5854 Π.
933 5803 975 5832 ⁵⁸
1001 5803 1187 5856 Matth.
1229 5820 1336 5869 xw,
1379 5807 1462 5861 2:2.

1566 5810 1606 5838 ⁵⁷³
1636 5809 1753 5862 Act.
1792 5826 1841 5872 τι,
1889 5810 2070 5866 15-15.

1862 4631 2070 4684 hensus
2101 4638 2218 4694 est,
2251 4628 2432 4683 denuo
2465 4625 2696 4680 audiens
2723 4643 2737 4679 :
2769 4643 2787 4676 ι
2819 4625 2950 4690 Quae
2999 4623 3140 4679 Deus
3172 4624 3432 4690 puriﬁca-

1860 4720 1974 4784 vit,
2007 4728 2065 4774 tu
2101 4719 2416 4774 communia
2445 4733 2514 4772 ne
2541 4717 2748 4772 dixeris
2781 4717 2849 4770 δ’.
2878 4716 3080 4784 oAtqui
3116 4713 3434 4768 meminisse

1859 4813 2144 4882 oportebat
2176 4812 2385 4866 scilicet
2417 4808 2763 4864 Servatorem
2799 4819 3050 4863 nostrum
3101 4805 3168 4859 ad
3210 4803 3428 4859 Juda:os

1861 4919 2002 4974 saepe
2030 4903 2194 4972 925
2223 4902 2468 4957 dixisse:
2499 4919 2517 4952 ι
2549 4899 2702 4966 Quod
2753 4901 2920 4954 intrat
2961 4903 3014 4952 in
3060 4912 3158 4963 os,
3191 4911 3300 4949 non
3336 4910 3430 4948 co-

1860 4996 2112 5065 inquinat
2141 4978 2418 5048 hominem
2446 4993 2512 5046 “.
2534 5012 2553 5044 ι
2578 4992 2771 5047 Cernis
2819 4993 3004 5059 itaque
3044 4986 3320 5058 quomodo
3362 4987 3429 5042 iis

1853 5103 1991 5156 opus
2024 5093 2172 5141 esset
2200 5084 2571 5140 illustratione
2604 5082 2886 5153 Spiritus?
2919 5081 3085 5134 Vides
3115 5083 3176 5132 ut
3207 5077 3272 5132 ad
3311 5093 3429 5131 me-

1854 5180 2045 5234 liorem
2074 5186 2128 5234 et
2147 5178 2534 5248 sapientiorem
2564 5176 2810 5230 habitum
2839 5188 2999 5241 quam
3023 5173 3116 5241 qui
3149 5172 3201 5225 in
3225 5169 3430 5225 Judaais

1851 5278 1969 5326 erat
2007 5269 2194 5338 refmgi
2229 5285 2325 5325 eos
2357 5267 2681 5338 oporteret?
2725 5265 2944 5333 Quippe
2983 5272 3280 5334 postquam
3331 5279 3429 5318 su-

1853 5378 2022 5432 perna
2049 5377 2111 5416 ac
2135 5361 2347 5417 cmlesti
2373 5359 2552 5428 gratia
2585 5356 2742 5410 ditati
2765 5396 2778 5421 ,
2807 5363 3187 5417 mutaverunt,
3215 5365 3273 5408 ut
3298 5355 3433 5416 scri-

1861 5465 2015 5524 ptum
2047 5463 2164 5518 est,
2197 5454 2373 5518 vires,
2408 5459 2462 5504 et
2495 5447 2696 5518 potiori
2732 5461 2894 5516 quam
2930 5447 3081 5515 prius
3115 5446 3430 5518 cognitione

1861 5545 2076 5614 praediti
2104 5543 2344 5606 fuerunt,
2381 5549 2514 5592 tunc
2545 5536 2712 5590 libere
2741 5545 2790 5591 et
2815 5537 3085 5606 intrepide
3114 5552 3210 5591 eos
3234 5535 3426 5590 dicen-

1864 5641 1947 5688 tes
1975 5631 2284 5685 audivimus
2319 5646 2334 5682 ι
2369 5647 2386 5679 ι
2426 5625 2534 5680 Nos
2565 5635 2746 5680 autem
2778 5641 2996 5682 sensum
3025 5627 3229 5684 Christi
3265 5624 3427 5679 habe-

2171 5812 2212 5839 “
2241 5809 2428 5862 Matth.
2462 5825 2548 5872 xv,
2594 5809 2674 5862 ll.
