  <div class='ocr_page' id='page_1' title='image "/cluster/home/n/w/nwhite01/storage/ocr_20150623/74/pst.000004029052/235.png"; bbox 0 0 3998 6318; ppageno 0'>
   <div class='ocr_carea' id='block_1_1' title="bbox 551 399 660 454">
    <p class='ocr_par' dir='ltr' id='par_1_1' title="bbox 551 399 660 454">
     <span class='ocr_line' id='line_1_1' title="bbox 551 399 660 454; baseline -0.009 -1"><span class='ocrx_word' id='word_1_1' title='bbox 551 399 660 454; x_wconf 62' lang='grc' dir='ltr'><strong>ἀνιῦ</strong></span> 
     </span>
    </p>
   </div>
   <div class='ocr_carea' id='block_1_2' title="bbox 1551 393 2783 453">
    <p class='ocr_par' dir='ltr' id='par_1_2' title="bbox 1551 393 2783 453">
     <span class='ocr_line' id='line_1_2' title="bbox 1551 393 2783 453; baseline 0.004 -6"><span class='ocrx_word' id='word_1_2' title='bbox 1551 393 1609 449; x_wconf 91' lang='lat' dir='ltr'><strong>S.</strong></span> <span class='ocrx_word' id='word_1_3' title='bbox 1646 393 1921 450; x_wconf 75' lang='lat' dir='ltr'><strong>CYRILIJ</strong></span> <span class='ocrx_word' id='word_1_4' title='bbox 1953 395 2425 451; x_wconf 80' lang='lat' dir='ltr'><strong>ALEXANDRINI</strong></span> <span class='ocrx_word' id='word_1_5' title='bbox 2466 397 2783 453; x_wconf 77' lang='lat' dir='ltr'><strong>ABCIIIEP.</strong></span> 
     </span>
    </p>
   </div>
   <div class='ocr_carea' id='block_1_3' title="bbox 3720 403 3818 460">
    <p class='ocr_par' dir='ltr' id='par_1_3' title="bbox 3720 403 3818 460">
     <span class='ocr_line' id='line_1_3' title="bbox 3720 403 3818 460; baseline 0 -2"><span class='ocrx_word' id='word_1_6' title='bbox 3720 403 3818 460; x_wconf 66' lang='grc'><strong>444</strong></span> 
     </span>
    </p>
   </div>
   <div class='ocr_carea' id='block_1_4' title="bbox 555 509 2132 590">
    <p class='ocr_par' dir='ltr' id='par_1_4' title="bbox 555 509 2126 569">
     <span class='ocr_line' id='line_1_4' title="bbox 555 509 2126 569; baseline -0.001 -1"><span class='ocrx_word' id='word_1_7' title='bbox 555 529 680 569; x_wconf 87' lang='lat' dir='ltr'><strong>mus</strong></span> <span class='ocrx_word' id='word_1_8' title='bbox 713 509 772 566; x_wconf 82' lang='grc'><strong>⁸⁸.</strong></span> <span class='ocrx_word' id='word_1_9' title='bbox 799 531 817 564; x_wconf 77' lang='grc' dir='ltr'><strong>ι</strong></span> <span class='ocrx_word' id='word_1_10' title='bbox 842 511 1068 566; x_wconf 74' lang='lat' dir='ltr'><strong>Mentem</strong></span> <span class='ocrx_word' id='word_1_11' title='bbox 1094 524 1222 564; x_wconf 89' lang='lat' dir='ltr'><strong>vero</strong></span> <span class='ocrx_word' id='word_1_12' title='bbox 1248 509 1558 566; x_wconf 84' lang='lat' dir='ltr'><strong>Servatoris</strong></span> <span class='ocrx_word' id='word_1_13' title='bbox 1584 513 1721 566; x_wconf 79' lang='lat' dir='ltr'><strong>nihil</strong></span> <span class='ocrx_word' id='word_1_14' title='bbox 1746 512 1894 567; x_wconf 86' lang='lat' dir='ltr'><strong>aliud</strong></span> <span class='ocrx_word' id='word_1_15' title='bbox 1925 514 2126 567; x_wconf 67' lang='lat' dir='ltr'><strong>intellio</strong></span> 
     </span>
    </p>
   </div>
   <div class='ocr_carea' id='block_1_5' title="bbox 2236 509 3818 590">
    <p class='ocr_par' dir='ltr' id='par_1_5' title="bbox 2236 512 3818 590">
     <span class='ocr_line' id='line_1_5' title="bbox 2236 512 3818 590; baseline 0.007 -27"><span class='ocrx_word' id='word_1_16' title='bbox 2236 512 2326 583; x_wconf 83' lang='grc' dir='ltr'><strong>τὴν</strong></span> <span class='ocrx_word' id='word_1_17' title='bbox 2354 515 2584 584; x_wconf 92' lang='grc' dir='ltr'>ἀμείνω,</span> <span class='ocrx_word' id='word_1_18' title='bbox 2617 515 2711 568; x_wconf 72' lang='grc' dir='ltr'>καὶ</span> <span class='ocrx_word' id='word_1_19' title='bbox 2747 514 3062 586; x_wconf 79' lang='grc' dir='ltr'>σοφωτέραν</span> <span class='ocrx_word' id='word_1_20' title='bbox 3087 533 3100 580; x_wconf 91' lang='grc'><strong>;</strong></span> <span class='ocrx_word' id='word_1_21' title='bbox 3133 517 3242 570; x_wconf 83' lang='grc' dir='ltr'><strong>Καὶ</strong></span> <span class='ocrx_word' id='word_1_22' title='bbox 3272 519 3402 585; x_wconf 88' lang='grc' dir='ltr'>γοῦν</span> <span class='ocrx_word' id='word_1_23' title='bbox 3428 519 3515 571; x_wconf 80' lang='grc' dir='ltr'><strong>ὅτε</strong></span> <span class='ocrx_word' id='word_1_24' title='bbox 3543 520 3644 590; x_wconf 81' lang='grc' dir='ltr'>τὴν</span> <span class='ocrx_word' id='word_1_25' title='bbox 3674 521 3818 574; x_wconf 83' lang='grc' dir='ltr'>ἀνω-</span> 
     </span>
    </p>
   </div>
   <div class='ocr_carea' id='block_1_6' title="bbox 555 602 2132 674">
    <p class='ocr_par' dir='ltr' id='par_1_6' title="bbox 555 602 2132 674">
     <span class='ocr_line' id='line_1_6' title="bbox 555 602 2132 674; baseline -0.002 -15"><span class='ocrx_word' id='word_1_26' title='bbox 555 614 728 674; x_wconf 90' lang='lat' dir='ltr'><strong>gunt,</strong></span> <span class='ocrx_word' id='word_1_27' title='bbox 759 618 921 674; x_wconf 89' lang='lat' dir='ltr'><strong>quam</strong></span> <span class='ocrx_word' id='word_1_28' title='bbox 953 610 1208 657; x_wconf 88' lang='lat' dir='ltr'><strong>sanctum</strong></span> <span class='ocrx_word' id='word_1_29' title='bbox 1241 602 1334 670; x_wconf 91' lang='lat' dir='ltr'><strong>qui</strong></span> <span class='ocrx_word' id='word_1_30' title='bbox 1369 602 1421 655; x_wconf 92' lang='lat' dir='ltr'><strong>in</strong></span> <span class='ocrx_word' id='word_1_31' title='bbox 1465 617 1562 657; x_wconf 89' lang='lat' dir='ltr'><strong>eos</strong></span> <span class='ocrx_word' id='word_1_32' title='bbox 1607 604 1840 672; x_wconf 87' lang='lat' dir='ltr'><strong>illapsus</strong></span> <span class='ocrx_word' id='word_1_33' title='bbox 1883 611 1965 659; x_wconf 92' lang='lat' dir='ltr'><strong>est</strong></span> <span class='ocrx_word' id='word_1_34' title='bbox 2011 603 2132 674; x_wconf 88' lang='lat' dir='ltr'><strong>Spi-</strong></span> 
     </span>
    </p>
   </div>
   <div class='ocr_carea' id='block_1_7' title="bbox 557 675 2128 763">
    <p class='ocr_par' dir='ltr' id='par_1_7' title="bbox 557 675 2128 763">
     <span class='ocr_line' id='line_1_7' title="bbox 557 675 2128 763; baseline -0.002 -13"><span class='ocrx_word' id='word_1_35' title='bbox 557 675 761 760; x_wconf 76' lang='lat' dir='ltr'><strong>ritum,</strong></span> <span class='ocrx_word' id='word_1_36' title='bbox 813 708 1059 763; x_wconf 88' lang='lat' dir='ltr'><strong>congrua</strong></span> <span class='ocrx_word' id='word_1_37' title='bbox 1109 693 1191 746; x_wconf 91' lang='lat' dir='ltr'><strong>eis</strong></span> <span class='ocrx_word' id='word_1_38' title='bbox 1243 695 1460 747; x_wconf 92' lang='lat' dir='ltr'><strong>ratione</strong></span> <span class='ocrx_word' id='word_1_39' title='bbox 1506 703 1705 749; x_wconf 87' lang='lat' dir='ltr'><strong>cuncta</strong></span> <span class='ocrx_word' id='word_1_40' title='bbox 1759 695 2128 756; x_wconf 87' lang='lat' dir='ltr'><strong>revelantem,</strong></span> 
     </span>
    </p>
   </div>
   <div class='ocr_carea' id='block_1_8' title="bbox 553 785 2132 858">
    <p class='ocr_par' dir='ltr' id='par_1_8' title="bbox 553 785 2132 858">
     <span class='ocr_line' id='line_1_8' title="bbox 553 785 2132 858; baseline 0.001 -18"><span class='ocrx_word' id='word_1_41' title='bbox 553 801 896 856; x_wconf 85' lang='lat' dir='ltr'><strong>quaecunque</strong></span> <span class='ocrx_word' id='word_1_42' title='bbox 939 801 1105 840; x_wconf 87' lang='lat' dir='ltr'><strong>nosse</strong></span> <span class='ocrx_word' id='word_1_43' title='bbox 1144 800 1208 839; x_wconf 90' lang='lat' dir='ltr'><strong>ac</strong></span> <span class='ocrx_word' id='word_1_44' title='bbox 1252 785 1466 840; x_wconf 86' lang='lat' dir='ltr'><strong>discere</strong></span> <span class='ocrx_word' id='word_1_45' title='bbox 1494 787 1801 856; x_wconf 73' lang='lat' dir='ltr'><strong>oportebat.</strong></span> <span class='ocrx_word' id='word_1_46' title='bbox 1835 786 1972 841; x_wconf 89' lang='lat' dir='ltr'><strong>Cum</strong></span> <span class='ocrx_word' id='word_1_47' title='bbox 2001 803 2132 858; x_wconf 87' lang='lat' dir='ltr'><strong>ergo</strong></span> 
     </span>
    </p>
   </div>
   <div class='ocr_carea' id='block_1_9' title="bbox 555 877 2129 948">
    <p class='ocr_par' dir='ltr' id='par_1_9' title="bbox 555 877 2129 948">
     <span class='ocr_line' id='line_1_9' title="bbox 555 877 2129 948; baseline 0.003 -16"><span class='ocrx_word' id='word_1_48' title='bbox 555 879 767 934; x_wconf 78' lang='lat' dir='ltr'><strong>venerit</strong></span> <span class='ocrx_word' id='word_1_49' title='bbox 794 879 921 944; x_wconf 92' lang='lat' dir='ltr'><strong>ille,</strong></span> <span class='ocrx_word' id='word_1_50' title='bbox 953 879 1004 932; x_wconf 89' lang='lat' dir='ltr'><strong>id</strong></span> <span class='ocrx_word' id='word_1_51' title='bbox 1035 887 1119 934; x_wconf 91' lang='lat' dir='ltr'><strong>est</strong></span> <span class='ocrx_word' id='word_1_52' title='bbox 1161 877 1502 940; x_wconf 82' lang='lat' dir='ltr'><strong>Paracletus.</strong></span> <span class='ocrx_word' id='word_1_53' title='bbox 1557 878 1800 947; x_wconf 89' lang='lat' dir='ltr'><strong>Spiritus</strong></span> <span class='ocrx_word' id='word_1_54' title='bbox 1845 882 2129 948; x_wconf 87' lang='lat' dir='ltr'><strong>veritatis,</strong></span> 
     </span>
    </p>
   </div>
   <div class='ocr_carea' id='block_1_10' title="bbox 555 971 2129 1028">
    <p class='ocr_par' dir='ltr' id='par_1_10' title="bbox 555 971 2129 1028">
     <span class='ocr_line' id='line_1_10' title="bbox 555 971 2129 1028; baseline 0 -2"><span class='ocrx_word' id='word_1_55' title='bbox 555 971 788 1026; x_wconf 86' lang='lat' dir='ltr'><strong>deducet</strong></span> <span class='ocrx_word' id='word_1_56' title='bbox 839 986 939 1025; x_wconf 85' lang='lat' dir='ltr'><strong>vos</strong></span> <span class='ocrx_word' id='word_1_57' title='bbox 985 971 1042 1024; x_wconf 89' lang='lat' dir='ltr'><strong>in</strong></span> <span class='ocrx_word' id='word_1_58' title='bbox 1110 985 1329 1025; x_wconf 92' lang='lat' dir='ltr'><strong>omnem</strong></span> <span class='ocrx_word' id='word_1_59' title='bbox 1378 971 1689 1026; x_wconf 79' lang='lat' dir='ltr'><strong>veritatem.</strong></span> <span class='ocrx_word' id='word_1_60' title='bbox 1746 971 1883 1027; x_wconf 87' lang='lat' dir='ltr'><strong>Vide</strong></span> <span class='ocrx_word' id='word_1_61' title='bbox 1946 981 2129 1028; x_wconf 90' lang='lat' dir='ltr'><strong>autem</strong></span> 
     </span>
    </p>
   </div>
   <div class='ocr_carea' id='block_1_11' title="bbox 555 1062 2134 1133">
    <p class='ocr_par' dir='ltr' id='par_1_11' title="bbox 555 1062 2134 1133">
     <span class='ocr_line' id='line_1_11' title="bbox 555 1062 2134 1133; baseline 0.002 -16"><span class='ocrx_word' id='word_1_62' title='bbox 555 1071 760 1133; x_wconf 88' lang='lat' dir='ltr'><strong>quanta</strong></span> <span class='ocrx_word' id='word_1_63' title='bbox 791 1064 838 1116; x_wconf 84' lang='lat' dir='ltr'><strong>ei</strong></span> <span class='ocrx_word' id='word_1_64' title='bbox 875 1065 946 1118; x_wconf 91' lang='lat' dir='ltr'><strong>sit</strong></span> <span class='ocrx_word' id='word_1_65' title='bbox 975 1063 1030 1116; x_wconf 92' lang='lat' dir='ltr'><strong>in</strong></span> <span class='ocrx_word' id='word_1_66' title='bbox 1065 1063 1302 1117; x_wconf 89' lang='lat' dir='ltr'><strong>dicendo</strong></span> <span class='ocrx_word' id='word_1_67' title='bbox 1330 1063 1577 1117; x_wconf 88' lang='lat' dir='ltr'><strong>solertia.</strong></span> <span class='ocrx_word' id='word_1_68' title='bbox 1609 1062 1746 1117; x_wconf 86' lang='lat' dir='ltr'><strong>Nam</strong></span> <span class='ocrx_word' id='word_1_69' title='bbox 1781 1080 1904 1119; x_wconf 92' lang='lat' dir='ltr'><strong>cum</strong></span> <span class='ocrx_word' id='word_1_70' title='bbox 1934 1073 2134 1121; x_wconf 84' lang='lat' dir='ltr'><strong>ventu-</strong></span> 
     </span>
    </p>
   </div>
   <div class='ocr_carea' id='block_1_12' title="bbox 556 1155 2130 1228">
    <p class='ocr_par' dir='ltr' id='par_1_12' title="bbox 556 1155 2130 1228">
     <span class='ocr_line' id='line_1_12' title="bbox 556 1155 2130 1228; baseline 0.003 -18"><span class='ocrx_word' id='word_1_71' title='bbox 556 1173 678 1211; x_wconf 91' lang='lat' dir='ltr'><strong>rum</strong></span> <span class='ocrx_word' id='word_1_72' title='bbox 715 1157 781 1210; x_wconf 89' lang='lat' dir='ltr'><strong>ad</strong></span> <span class='ocrx_word' id='word_1_73' title='bbox 810 1171 906 1211; x_wconf 90' lang='lat' dir='ltr'><strong>eos</strong></span> <span class='ocrx_word' id='word_1_74' title='bbox 937 1155 1280 1211; x_wconf 87' lang='lat' dir='ltr'><strong>Paracletum</strong></span> <span class='ocrx_word' id='word_1_75' title='bbox 1331 1163 1492 1210; x_wconf 83' lang='lat' dir='ltr'><strong>antea</strong></span> <span class='ocrx_word' id='word_1_76' title='bbox 1535 1155 1806 1224; x_wconf 79' lang='lat' dir='ltr'><strong>dixisset,</strong></span> <span class='ocrx_word' id='word_1_77' title='bbox 1859 1157 2130 1228; x_wconf 88' lang='lat' dir='ltr'><strong>Spiritum</strong></span> 
     </span>
    </p>
   </div>
   <div class='ocr_carea' id='block_1_13' title="bbox 561 1245 2128 1319">
    <p class='ocr_par' dir='ltr' id='par_1_13' title="bbox 561 1245 2128 1319">
     <span class='ocr_line' id='line_1_13' title="bbox 561 1245 2128 1319; baseline 0.002 -17"><span class='ocrx_word' id='word_1_78' title='bbox 561 1248 803 1302; x_wconf 87' lang='lat' dir='ltr'><strong>veritatis</strong></span> <span class='ocrx_word' id='word_1_79' title='bbox 836 1263 958 1302; x_wconf 89' lang='lat' dir='ltr'><strong>eum</strong></span> <span class='ocrx_word' id='word_1_80' title='bbox 990 1248 1321 1309; x_wconf 90' lang='lat' dir='ltr'><strong>nominavit,</strong></span> <span class='ocrx_word' id='word_1_81' title='bbox 1357 1245 1410 1300; x_wconf 91' lang='lat' dir='ltr'><strong>id</strong></span> <span class='ocrx_word' id='word_1_82' title='bbox 1439 1255 1525 1301; x_wconf 90' lang='lat' dir='ltr'><strong>est</strong></span> <span class='ocrx_word' id='word_1_83' title='bbox 1573 1261 1732 1301; x_wconf 91' lang='lat' dir='ltr'><strong>suum</strong></span> <span class='ocrx_word' id='word_1_84' title='bbox 1762 1268 1774 1303; x_wconf 93' lang='lat'>:</span> <span class='ocrx_word' id='word_1_85' title='bbox 1821 1249 1938 1319; x_wconf 89' lang='lat' dir='ltr'><strong>ipse</strong></span> <span class='ocrx_word' id='word_1_86' title='bbox 1986 1251 2128 1305; x_wconf 86' lang='lat' dir='ltr'><strong>enim</strong></span> 
     </span>
    </p>
   </div>
   <div class='ocr_carea' id='block_1_14' title="bbox 496 1335 2132 1415">
    <p class='ocr_par' dir='ltr' id='par_1_14' title="bbox 496 1335 2132 1415">
     <span class='ocr_line' id='line_1_14' title="bbox 496 1335 2132 1415; baseline 0 -20"><span class='ocrx_word' id='word_1_87' title='bbox 496 1388 505 1396; x_wconf 90' lang='lat'><strong>.</strong></span> <span class='ocrx_word' id='word_1_88' title='bbox 557 1345 645 1393; x_wconf 90' lang='lat' dir='ltr'><strong>est</strong></span> <span class='ocrx_word' id='word_1_89' title='bbox 675 1338 874 1391; x_wconf 87' lang='lat' dir='ltr'><strong>veritas</strong></span> <span class='ocrx_word' id='word_1_90' title='bbox 906 1337 971 1390; x_wconf 82' lang='grc'><strong>⁶¹.</strong></span> <span class='ocrx_word' id='word_1_91' title='bbox 1003 1335 1138 1391; x_wconf 86' lang='lat' dir='ltr'><strong>Nam</strong></span> <span class='ocrx_word' id='word_1_92' title='bbox 1167 1343 1226 1390; x_wconf 90' lang='lat' dir='ltr'><strong>ut</strong></span> <span class='ocrx_word' id='word_1_93' title='bbox 1257 1337 1464 1392; x_wconf 89' lang='lat' dir='ltr'><strong>scirent</strong></span> <span class='ocrx_word' id='word_1_94' title='bbox 1490 1335 1748 1415; x_wconf 87' lang='lat' dir='ltr'><strong>discipuli</strong></span> <span class='ocrx_word' id='word_1_95' title='bbox 1783 1353 1894 1393; x_wconf 91' lang='lat' dir='ltr'><strong>non</strong></span> <span class='ocrx_word' id='word_1_96' title='bbox 1941 1341 2132 1396; x_wconf 73' lang='lat' dir='ltr'><strong>aliena:</strong></span> 
     </span>
    </p>
   </div>
   <div class='ocr_carea' id='block_1_15' title="bbox 559 1428 2128 1500">
    <p class='ocr_par' dir='ltr' id='par_1_15' title="bbox 559 1428 2128 1500">
     <span class='ocr_line' id='line_1_15' title="bbox 559 1428 2128 1500; baseline 0.002 -18"><span class='ocrx_word' id='word_1_97' title='bbox 559 1443 624 1482; x_wconf 93' lang='lat' dir='ltr'><strong>ac</strong></span> <span class='ocrx_word' id='word_1_98' title='bbox 657 1431 956 1498; x_wconf 69' lang='lat' dir='ltr'><strong>peregrinae</strong></span> <span class='ocrx_word' id='word_1_99' title='bbox 998 1428 1222 1484; x_wconf 89' lang='lat' dir='ltr'><strong>virtutis</strong></span> <span class='ocrx_word' id='word_1_100' title='bbox 1272 1428 1564 1498; x_wconf 90' lang='lat' dir='ltr'><strong>illapsum,</strong></span> <span class='ocrx_word' id='word_1_101' title='bbox 1622 1429 1717 1485; x_wconf 89' lang='lat' dir='ltr'><strong>sed</strong></span> <span class='ocrx_word' id='word_1_102' title='bbox 1774 1432 2128 1500; x_wconf 80' lang='lat' dir='ltr'><strong>semetipsum</strong></span> 
     </span>
    </p>
   </div>
   <div class='ocr_carea' id='block_1_16' title="bbox 558 1516 2133 1588">
    <p class='ocr_par' dir='ltr' id='par_1_16' title="bbox 558 1516 2133 1588">
     <span class='ocr_line' id='line_1_16' title="bbox 558 1516 2133 1588; baseline 0.004 -18"><span class='ocrx_word' id='word_1_103' title='bbox 558 1518 887 1571; x_wconf 86' lang='lat' dir='ltr'><strong>tradendum</strong></span> <span class='ocrx_word' id='word_1_104' title='bbox 939 1517 1219 1587; x_wconf 86' lang='lat' dir='ltr'><strong>polliceri,</strong></span> <span class='ocrx_word' id='word_1_105' title='bbox 1278 1516 1545 1588; x_wconf 86' lang='lat' dir='ltr'><strong>Spiritum</strong></span> <span class='ocrx_word' id='word_1_106' title='bbox 1600 1521 1882 1587; x_wconf 83' lang='lat' dir='ltr'><strong>veritatis,</strong></span> <span class='ocrx_word' id='word_1_107' title='bbox 1941 1521 1993 1575; x_wconf 89' lang='lat' dir='ltr'><strong>id</strong></span> <span class='ocrx_word' id='word_1_108' title='bbox 2049 1529 2133 1578; x_wconf 88' lang='lat' dir='ltr'><strong>est</strong></span> 
     </span>
    </p>
   </div>
   <div class='ocr_carea' id='block_1_17' title="bbox 561 1609 2134 1682">
    <p class='ocr_par' dir='ltr' id='par_1_17' title="bbox 561 1609 2134 1682">
     <span class='ocr_line' id='line_1_17' title="bbox 561 1609 2134 1682; baseline 0.003 -17"><span class='ocrx_word' id='word_1_109' title='bbox 561 1625 744 1673; x_wconf 89' lang='lat' dir='ltr'><strong>suum,</strong></span> <span class='ocrx_word' id='word_1_110' title='bbox 780 1609 1122 1665; x_wconf 88' lang='lat' dir='ltr'><strong>Paracletum</strong></span> <span class='ocrx_word' id='word_1_111' title='bbox 1153 1611 1410 1680; x_wconf 85' lang='lat' dir='ltr'><strong>appellat.</strong></span> <span class='ocrx_word' id='word_1_112' title='bbox 1441 1611 1682 1682; x_wconf 90' lang='lat' dir='ltr'><strong>Spiritus</strong></span> <span class='ocrx_word' id='word_1_113' title='bbox 1712 1613 1858 1668; x_wconf 90' lang='lat' dir='ltr'><strong>enim</strong></span> <span class='ocrx_word' id='word_1_114' title='bbox 1906 1625 2134 1670; x_wconf 88' lang='lat' dir='ltr'><strong>sanctus</strong></span> 
     </span>
    </p>
   </div>
   <div class='ocr_carea' id='block_1_18' title="bbox 560 1700 2135 1772">
    <p class='ocr_par' dir='ltr' id='par_1_18' title="bbox 560 1700 2135 1772">
     <span class='ocr_line' id='line_1_18' title="bbox 560 1700 2135 1772; baseline 0.004 -16"><span class='ocrx_word' id='word_1_115' title='bbox 560 1702 712 1756; x_wconf 89' lang='lat' dir='ltr'><strong>nullo</strong></span> <span class='ocrx_word' id='word_1_116' title='bbox 747 1701 908 1754; x_wconf 90' lang='lat' dir='ltr'><strong>modo</strong></span> <span class='ocrx_word' id='word_1_117' title='bbox 952 1702 1020 1754; x_wconf 90' lang='lat' dir='ltr'><strong>ab</strong></span> <span class='ocrx_word' id='word_1_118' title='bbox 1067 1700 1348 1772; x_wconf 88' lang='lat' dir='ltr'><strong>Unigeniti</strong></span> <span class='ocrx_word' id='word_1_119' title='bbox 1382 1703 1691 1760; x_wconf 87' lang='lat' dir='ltr'><strong>substantia</strong></span> <span class='ocrx_word' id='word_1_120' title='bbox 1725 1706 1941 1762; x_wconf 87' lang='lat' dir='ltr'><strong>alienus</strong></span> <span class='ocrx_word' id='word_1_121' title='bbox 1975 1707 2135 1764; x_wconf 89' lang='lat' dir='ltr'><strong>intel-</strong></span> 
     </span>
    </p>
   </div>
   <div class='ocr_carea' id='block_1_19' title="bbox 557 1792 2134 1865">
    <p class='ocr_par' dir='ltr' id='par_1_19' title="bbox 557 1792 2134 1865">
     <span class='ocr_line' id='line_1_19' title="bbox 557 1792 2134 1865; baseline 0.005 -20"><span class='ocrx_word' id='word_1_122' title='bbox 557 1792 764 1860; x_wconf 88' lang='lat' dir='ltr'><strong>ligitur,</strong></span> <span class='ocrx_word' id='word_1_123' title='bbox 800 1792 892 1846; x_wconf 89' lang='lat' dir='ltr'><strong>sed</strong></span> <span class='ocrx_word' id='word_1_124' title='bbox 922 1807 991 1846; x_wconf 85' lang='lat' dir='ltr'><strong>ex</strong></span> <span class='ocrx_word' id='word_1_125' title='bbox 1030 1807 1093 1847; x_wconf 91' lang='lat' dir='ltr'><strong>ea</strong></span> <span class='ocrx_word' id='word_1_126' title='bbox 1140 1794 1466 1848; x_wconf 87' lang='lat' dir='ltr'><strong>naturaliter</strong></span> <span class='ocrx_word' id='word_1_127' title='bbox 1513 1795 1798 1865; x_wconf 88' lang='lat' dir='ltr'><strong>procedit,</strong></span> <span class='ocrx_word' id='word_1_128' title='bbox 1845 1797 2134 1854; x_wconf 90' lang='lat' dir='ltr'><strong>identitate</strong></span> 
     </span>
    </p>
   </div>
   <div class='ocr_carea' id='block_1_20' title="bbox 2240 604 3816 682">
    <p class='ocr_par' dir='ltr' id='par_1_20' title="bbox 2240 604 3816 682">
     <span class='ocr_line' id='line_1_20' title="bbox 2240 604 3816 682; baseline 0.005 -24"><span class='ocrx_word' id='word_1_129' title='bbox 2240 605 2330 658; x_wconf 86' lang='grc' dir='ltr'><strong>θεν</strong></span> <span class='ocrx_word' id='word_1_130' title='bbox 2379 607 2470 658; x_wconf 71' lang='grc' dir='ltr'><strong>καὶ</strong></span> <span class='ocrx_word' id='word_1_131' title='bbox 2513 604 2578 670; x_wconf 80' lang='grc' dir='ltr'><strong>ἐξ</strong></span> <span class='ocrx_word' id='word_1_132' title='bbox 2623 605 2852 676; x_wconf 81' lang='grc' dir='ltr'>ούρανοῦ</span> <span class='ocrx_word' id='word_1_133' title='bbox 2905 606 3304 677; x_wconf 81' lang='grc' dir='ltr'><strong>πλουτήσαντες</strong></span> <span class='ocrx_word' id='word_1_134' title='bbox 3359 610 3518 681; x_wconf 83' lang='grc' dir='ltr'>χάριν</span> <span class='ocrx_word' id='word_1_135' title='bbox 3558 611 3816 682; x_wconf 73' lang='grc' dir='ltr'>ἤλλαξαν.</span> 
     </span>
    </p>
   </div>
   <div class='ocr_carea' id='block_1_21' title="bbox 2241 694 3818 772">
    <p class='ocr_par' dir='ltr' id='par_1_21' title="bbox 2241 694 3818 772">
     <span class='ocr_line' id='line_1_21' title="bbox 2241 694 3818 772; baseline 0.006 -26"><span class='ocrx_word' id='word_1_136' title='bbox 2241 694 2380 746; x_wconf 86' lang='grc' dir='ltr'><strong>κατά</strong></span> <span class='ocrx_word' id='word_1_137' title='bbox 2418 694 2477 747; x_wconf 80' lang='grc' dir='ltr'><strong>τὸ</strong></span> <span class='ocrx_word' id='word_1_138' title='bbox 2505 695 2889 765; x_wconf 81' lang='grc' dir='ltr'><strong>γεγραμμένον</strong></span> <span class='ocrx_word' id='word_1_139' title='bbox 2908 734 2923 759; x_wconf 95' lang='grc'><strong>,</strong></span> <span class='ocrx_word' id='word_1_140' title='bbox 2958 697 3112 766; x_wconf 81' lang='grc' dir='ltr'>ἰσχὺν</span> <span class='ocrx_word' id='word_1_141' title='bbox 3133 736 3148 760; x_wconf 91' lang='grc'><strong>,</strong></span> <span class='ocrx_word' id='word_1_142' title='bbox 3186 699 3281 750; x_wconf 79' lang='grc' dir='ltr'>καὶ</span> <span class='ocrx_word' id='word_1_143' title='bbox 3311 700 3570 768; x_wconf 86' lang='grc' dir='ltr'>ἀμείνους</span> <span class='ocrx_word' id='word_1_144' title='bbox 3596 702 3629 770; x_wconf 84' lang='grc' dir='ltr'>ἢ</span> <span class='ocrx_word' id='word_1_145' title='bbox 3685 704 3818 772; x_wconf 82' lang='grc' dir='ltr'>πρό-</span> 
     </span>
    </p>
   </div>
   <div class='ocr_carea' id='block_1_22' title="bbox 2239 783 3818 862">
    <p class='ocr_par' dir='ltr' id='par_1_22' title="bbox 2239 783 3818 862">
     <span class='ocr_line' id='line_1_22' title="bbox 2239 783 3818 862; baseline 0.006 -27"><span class='ocrx_word' id='word_1_146' title='bbox 2239 801 2395 853; x_wconf 88' lang='grc' dir='ltr'>τερον</span> <span class='ocrx_word' id='word_1_147' title='bbox 2420 785 2559 837; x_wconf 89' lang='grc' dir='ltr'><strong>κατά</strong></span> <span class='ocrx_word' id='word_1_148' title='bbox 2599 784 2698 855; x_wconf 84' lang='grc' dir='ltr'>τὴν</span> <span class='ocrx_word' id='word_1_149' title='bbox 2732 783 2928 852; x_wconf 81' lang='grc' dir='ltr'>γνῶσιν</span> <span class='ocrx_word' id='word_1_150' title='bbox 2955 785 3232 852; x_wconf 77' lang='grc' dir='ltr'>γεγόνασι,</span> <span class='ocrx_word' id='word_1_151' title='bbox 3261 787 3380 839; x_wconf 89' lang='grc' dir='ltr'>τότε</span> <span class='ocrx_word' id='word_1_152' title='bbox 3409 788 3472 858; x_wconf 85' lang='grc' dir='ltr'>δὴ</span> <span class='ocrx_word' id='word_1_153' title='bbox 3503 790 3646 858; x_wconf 87' lang='grc' dir='ltr'><strong>μετά</strong></span> <span class='ocrx_word' id='word_1_154' title='bbox 3678 793 3818 862; x_wconf 79' lang='grc' dir='ltr'>παῤ-</span> 
     </span>
    </p>
   </div>
   <div class='ocr_carea' id='block_1_23' title="bbox 2242 875 3818 950">
    <p class='ocr_par' dir='ltr' id='par_1_23' title="bbox 2242 875 3818 950">
     <span class='ocr_line' id='line_1_23' title="bbox 2242 875 3818 950; baseline 0.004 -23"><span class='ocrx_word' id='word_1_155' title='bbox 2242 875 2437 946; x_wconf 82' lang='grc' dir='ltr'>ρησίας</span> <span class='ocrx_word' id='word_1_156' title='bbox 2467 875 2729 944; x_wconf 87' lang='grc' dir='ltr'>λεγόντων</span> <span class='ocrx_word' id='word_1_157' title='bbox 2769 875 3084 945; x_wconf 72' lang='grc' dir='ltr'>ἠκούσαμεν</span> <span class='ocrx_word' id='word_1_158' title='bbox 3105 892 3118 905; x_wconf 90' lang='grc'><strong>·</strong></span> <span class='ocrx_word' id='word_1_159' title='bbox 3166 896 3184 926; x_wconf 80' lang='grc' dir='ltr'><strong>ι</strong></span> <span class='ocrx_word' id='word_1_160' title='bbox 3225 878 3416 948; x_wconf 83' lang='grc' dir='ltr'><strong>Ἡμεῖς</strong></span> <span class='ocrx_word' id='word_1_161' title='bbox 3447 879 3502 930; x_wconf 83' lang='grc' dir='ltr'>δὲ</span> <span class='ocrx_word' id='word_1_162' title='bbox 3529 879 3654 932; x_wconf 83' lang='grc' dir='ltr'>νοῦν</span> <span class='ocrx_word' id='word_1_163' title='bbox 3683 882 3818 950; x_wconf 84' lang='grc' dir='ltr'>Χρι-</span> 
     </span>
    </p>
   </div>
   <div class='ocr_carea' id='block_1_24' title="bbox 2241 967 3816 1041">
    <p class='ocr_par' dir='ltr' id='par_1_24' title="bbox 2241 967 3816 1041">
     <span class='ocr_line' id='line_1_24' title="bbox 2241 967 3816 1041; baseline 0.004 -21"><span class='ocrx_word' id='word_1_164' title='bbox 2241 967 2368 1020; x_wconf 85' lang='grc' dir='ltr'>στοῦ</span> <span class='ocrx_word' id='word_1_165' title='bbox 2413 968 2630 1038; x_wconf 77' lang='grc' dir='ltr'>ἔχομεν.</span> <span class='ocrx_word' id='word_1_166' title='bbox 2666 987 2684 1020; x_wconf 71' lang='grc' dir='ltr'><strong>ι</strong></span> <span class='ocrx_word' id='word_1_167' title='bbox 2744 969 2855 1040; x_wconf 82' lang='grc' dir='ltr'><strong>Οὐχ</strong></span> <span class='ocrx_word' id='word_1_168' title='bbox 2901 969 3086 1041; x_wconf 77' lang='grc' dir='ltr'>ἕτερον</span> <span class='ocrx_word' id='word_1_169' title='bbox 3133 971 3188 1024; x_wconf 86' lang='grc' dir='ltr'><strong>δέ</strong></span> <span class='ocrx_word' id='word_1_170' title='bbox 3238 987 3290 1023; x_wconf 90' lang='grc' dir='ltr'><strong>τι</strong></span> <span class='ocrx_word' id='word_1_171' title='bbox 3343 971 3666 1041; x_wconf 78' lang='grc' dir='ltr'><strong>σημαίνουσι</strong></span> <span class='ocrx_word' id='word_1_172' title='bbox 3719 974 3816 1026; x_wconf 85' lang='grc' dir='ltr'><strong>τοῦ</strong></span> 
     </span>
    </p>
   </div>
   <div class='ocr_carea' id='block_1_25' title="bbox 2241 1060 3817 1133">
    <p class='ocr_par' dir='ltr' id='par_1_25' title="bbox 2241 1060 3817 1133">
     <span class='ocr_line' id='line_1_25' title="bbox 2241 1060 3817 1133; baseline 0.003 -22"><span class='ocrx_word' id='word_1_173' title='bbox 2241 1060 2490 1130; x_wconf 85' lang='grc' dir='ltr'><strong>Σωτῆρος</strong></span> <span class='ocrx_word' id='word_1_174' title='bbox 2519 1061 2608 1114; x_wconf 83' lang='grc' dir='ltr'><strong>τὸν</strong></span> <span class='ocrx_word' id='word_1_175' title='bbox 2639 1060 2765 1116; x_wconf 91' lang='grc' dir='ltr'>νοῦν</span> <span class='ocrx_word' id='word_1_176' title='bbox 2786 1101 2800 1125; x_wconf 96' lang='grc'><strong>,</strong></span> <span class='ocrx_word' id='word_1_177' title='bbox 2831 1061 2863 1132; x_wconf 81' lang='grc' dir='ltr'>ἦ</span> <span class='ocrx_word' id='word_1_178' title='bbox 2895 1061 2957 1114; x_wconf 85' lang='grc' dir='ltr'>τὸ</span> <span class='ocrx_word' id='word_1_179' title='bbox 2985 1064 3064 1124; x_wconf 83' lang='grc' dir='ltr'>εἰς</span> <span class='ocrx_word' id='word_1_180' title='bbox 3098 1063 3295 1126; x_wconf 82' lang='grc' dir='ltr'>αὐτοὺς</span> <span class='ocrx_word' id='word_1_181' title='bbox 3329 1064 3620 1133; x_wconf 84' lang='grc' dir='ltr'>ἐρχόμενον</span> <span class='ocrx_word' id='word_1_182' title='bbox 3657 1065 3817 1133; x_wconf 73' lang='grc' dir='ltr'>ἅγιον</span> 
     </span>
    </p>
   </div>
   <div class='ocr_carea' id='block_1_26' title="bbox 2239 1152 3818 1223">
    <p class='ocr_par' dir='ltr' id='par_1_26' title="bbox 2239 1152 3818 1223">
     <span class='ocr_line' id='line_1_26' title="bbox 2239 1152 3818 1223; baseline 0.001 -17"><span class='ocrx_word' id='word_1_183' title='bbox 2239 1152 2491 1223; x_wconf 80' lang='grc' dir='ltr'>Πνεῦμα,</span> <span class='ocrx_word' id='word_1_184' title='bbox 2530 1153 2670 1206; x_wconf 87' lang='grc' dir='ltr'>κατὰ</span> <span class='ocrx_word' id='word_1_185' title='bbox 2691 1153 2851 1222; x_wconf 92' lang='grc' dir='ltr'>λόγον</span> <span class='ocrx_word' id='word_1_186' title='bbox 2881 1155 3066 1216; x_wconf 89' lang='grc' dir='ltr'>αὐτοῖς</span> <span class='ocrx_word' id='word_1_187' title='bbox 3097 1153 3188 1208; x_wconf 83' lang='grc' dir='ltr'><strong>τὸν</strong></span> <span class='ocrx_word' id='word_1_188' title='bbox 3223 1155 3502 1223; x_wconf 84' lang='grc' dir='ltr'>πρέποντα</span> <span class='ocrx_word' id='word_1_189' title='bbox 3532 1155 3818 1210; x_wconf 83' lang='grc' dir='ltr'>διεκκαλύ-</span> 
     </span>
    </p>
   </div>
   <div class='ocr_carea' id='block_1_27' title="bbox 2240 1244 3818 1316">
    <p class='ocr_par' dir='ltr' id='par_1_27' title="bbox 2240 1244 3818 1316">
     <span class='ocr_line' id='line_1_27' title="bbox 2240 1244 3818 1316; baseline 0.001 -19"><span class='ocrx_word' id='word_1_190' title='bbox 2240 1262 2372 1297; x_wconf 90' lang='grc' dir='ltr'>πτον</span> <span class='ocrx_word' id='word_1_191' title='bbox 2421 1245 2676 1307; x_wconf 72' lang='grc' dir='ltr'>ἅπαντα,</span> <span class='ocrx_word' id='word_1_192' title='bbox 2743 1244 2811 1298; x_wconf 88' lang='grc' dir='ltr'>τὰ</span> <span class='ocrx_word' id='word_1_193' title='bbox 2867 1245 3074 1311; x_wconf 81' lang='grc' dir='ltr'>ὅσαπερ</span> <span class='ocrx_word' id='word_1_194' title='bbox 3133 1245 3329 1298; x_wconf 81' lang='grc' dir='ltr'>εἰδέναι</span> <span class='ocrx_word' id='word_1_195' title='bbox 3379 1248 3474 1299; x_wconf 72' lang='grc' dir='ltr'>καὶ</span> <span class='ocrx_word' id='word_1_196' title='bbox 3523 1247 3818 1316; x_wconf 78' lang='grc' dir='ltr'>μανθάνειν</span> 
     </span>
    </p>
   </div>
   <div class='ocr_carea' id='block_1_28' title="bbox 2239 1331 3815 1409">
    <p class='ocr_par' dir='ltr' id='par_1_28' title="bbox 2239 1331 3815 1409">
     <span class='ocr_line' id='line_1_28' title="bbox 2239 1331 3815 1409; baseline 0.003 -21"><span class='ocrx_word' id='word_1_197' title='bbox 2239 1335 2427 1405; x_wconf 80' lang='grc' dir='ltr'>ἐχρῆν.</span> <span class='ocrx_word' id='word_1_198' title='bbox 2477 1336 2644 1388; x_wconf 83' lang='grc' dir='ltr'>Ὅταν</span> <span class='ocrx_word' id='word_1_199' title='bbox 2675 1331 2768 1388; x_wconf 83' lang='grc' dir='ltr'>οὖν</span> <span class='ocrx_word' id='word_1_200' title='bbox 2793 1336 2919 1406; x_wconf 82' lang='grc' dir='ltr'>ἔλθῃ</span> <span class='ocrx_word' id='word_1_201' title='bbox 2961 1337 3189 1399; x_wconf 88' lang='grc' dir='ltr'>ἐκεῖνος,</span> <span class='ocrx_word' id='word_1_202' title='bbox 3211 1337 3356 1389; x_wconf 82' lang='grc' dir='ltr'>τοῦτ’</span> <span class='ocrx_word' id='word_1_203' title='bbox 3390 1337 3534 1390; x_wconf 75' lang='grc' dir='ltr'>ἔστιν</span> <span class='ocrx_word' id='word_1_204' title='bbox 3574 1341 3600 1390; x_wconf 88' lang='grc' dir='ltr'><strong>ό</strong></span> <span class='ocrx_word' id='word_1_205' title='bbox 3627 1339 3815 1409; x_wconf 74' lang='grc' dir='ltr'>Πειρά-</span> 
     </span>
    </p>
   </div>
   <div class='ocr_carea' id='block_1_29' title="bbox 2239 1426 3816 1503">
    <p class='ocr_par' dir='ltr' id='par_1_29' title="bbox 2239 1426 3816 1503">
     <span class='ocr_line' id='line_1_29' title="bbox 2239 1426 3816 1503; baseline 0.002 -25"><span class='ocrx_word' id='word_1_206' title='bbox 2239 1426 2465 1503; x_wconf 83' lang='grc' dir='ltr'>κλητος.</span> <span class='ocrx_word' id='word_1_207' title='bbox 2501 1426 2562 1479; x_wconf 88' lang='grc' dir='ltr'><strong>τὸ</strong></span> <span class='ocrx_word' id='word_1_208' title='bbox 2589 1426 2810 1496; x_wconf 87' lang='grc' dir='ltr'>Πνεῦμα</span> <span class='ocrx_word' id='word_1_209' title='bbox 2833 1427 2933 1496; x_wconf 83' lang='grc' dir='ltr'><strong>τῆς</strong></span> <span class='ocrx_word' id='word_1_210' title='bbox 2963 1426 3252 1498; x_wconf 79' lang='grc' dir='ltr'>ἀληθείας,</span> <span class='ocrx_word' id='word_1_211' title='bbox 3281 1427 3537 1497; x_wconf 83' lang='grc' dir='ltr'><strong>ὁδηγήσει</strong></span> <span class='ocrx_word' id='word_1_212' title='bbox 3565 1430 3707 1499; x_wconf 81' lang='grc' dir='ltr'>ὑμᾶς</span> <span class='ocrx_word' id='word_1_213' title='bbox 3736 1431 3816 1492; x_wconf 79' lang='grc' dir='ltr'>εἰς</span> 
     </span>
    </p>
   </div>
   <div class='ocr_carea' id='block_1_30' title="bbox 2237 1516 3813 1589">
    <p class='ocr_par' dir='ltr' id='par_1_30' title="bbox 2237 1516 3813 1589">
     <span class='ocr_line' id='line_1_30' title="bbox 2237 1516 3813 1589; baseline 0.001 -20"><span class='ocrx_word' id='word_1_214' title='bbox 2237 1517 2336 1587; x_wconf 85' lang='grc' dir='ltr'><strong>τὴν</strong></span> <span class='ocrx_word' id='word_1_215' title='bbox 2360 1517 2617 1588; x_wconf 83' lang='grc' dir='ltr'>ἀλήθειαν</span> <span class='ocrx_word' id='word_1_216' title='bbox 2641 1521 2841 1571; x_wconf 82' lang='grc' dir='ltr'>πᾶσαν.</span> <span class='ocrx_word' id='word_1_217' title='bbox 2868 1516 3040 1570; x_wconf 83' lang='grc' dir='ltr'>Βλέπε</span> <span class='ocrx_word' id='word_1_218' title='bbox 3063 1517 3118 1569; x_wconf 87' lang='grc' dir='ltr'><strong>δέ</strong></span> <span class='ocrx_word' id='word_1_219' title='bbox 3142 1517 3218 1580; x_wconf 85' lang='grc' dir='ltr'>ὡς</span> <span class='ocrx_word' id='word_1_220' title='bbox 3247 1519 3544 1589; x_wconf 82' lang='grc' dir='ltr'>ἐγρήγορεν</span> <span class='ocrx_word' id='word_1_221' title='bbox 3569 1521 3601 1588; x_wconf 83' lang='grc' dir='ltr'><strong>ἡ</strong></span> <span class='ocrx_word' id='word_1_222' title='bbox 3628 1520 3780 1588; x_wconf 83' lang='grc' dir='ltr'>φωνή</span> <span class='ocrx_word' id='word_1_223' title='bbox 3800 1538 3813 1548; x_wconf 89' lang='grc'><strong>·</strong></span> 
     </span>
    </p>
   </div>
   <div class='ocr_carea' id='block_1_31' title="bbox 2239 1606 3813 1678">
    <p class='ocr_par' dir='ltr' id='par_1_31' title="bbox 2239 1606 3813 1678">
     <span class='ocr_line' id='line_1_31' title="bbox 2239 1606 3813 1678; baseline 0.001 -18"><span class='ocrx_word' id='word_1_224' title='bbox 2239 1607 2342 1677; x_wconf 83' lang='grc' dir='ltr'>ὅρα</span> <span class='ocrx_word' id='word_1_225' title='bbox 2369 1607 2462 1660; x_wconf 86' lang='grc' dir='ltr'><strong>τοῦ</strong></span> <span class='ocrx_word' id='word_1_226' title='bbox 2496 1607 2653 1676; x_wconf 87' lang='grc' dir='ltr'>λόγου</span> <span class='ocrx_word' id='word_1_227' title='bbox 2683 1607 2782 1677; x_wconf 83' lang='grc' dir='ltr'>τὴν</span> <span class='ocrx_word' id='word_1_228' title='bbox 2811 1607 2994 1678; x_wconf 76' lang='grc' dir='ltr'>νῆψιν.</span> <span class='ocrx_word' id='word_1_229' title='bbox 3026 1606 3382 1678; x_wconf 85' lang='grc' dir='ltr'>Προειρηκὼς</span> <span class='ocrx_word' id='word_1_230' title='bbox 3403 1608 3511 1678; x_wconf 82' lang='grc' dir='ltr'>γὰρ</span> <span class='ocrx_word' id='word_1_231' title='bbox 3541 1609 3692 1678; x_wconf 76' lang='grc' dir='ltr'>ἥξειν</span> <span class='ocrx_word' id='word_1_232' title='bbox 3725 1609 3813 1661; x_wconf 81' lang='grc' dir='ltr'>ἐπ’</span> 
     </span>
    </p>
   </div>
   <div class='ocr_carea' id='block_1_32' title="bbox 2241 1695 3814 1766">
    <p class='ocr_par' dir='ltr' id='par_1_32' title="bbox 2241 1695 3814 1766">
     <span class='ocr_line' id='line_1_32' title="bbox 2241 1695 3814 1766; baseline 0.002 -19"><span class='ocrx_word' id='word_1_233' title='bbox 2241 1695 2436 1758; x_wconf 79' lang='grc' dir='ltr'>αὐτοὺς</span> <span class='ocrx_word' id='word_1_234' title='bbox 2485 1695 2574 1748; x_wconf 79' lang='grc' dir='ltr'><strong>τὸν</strong></span> <span class='ocrx_word' id='word_1_235' title='bbox 2604 1695 2999 1766; x_wconf 85' lang='grc' dir='ltr'>Παράκλητον,</span> <span class='ocrx_word' id='word_1_236' title='bbox 3047 1696 3108 1748; x_wconf 85' lang='grc' dir='ltr'><strong>τὸ</strong></span> <span class='ocrx_word' id='word_1_237' title='bbox 3148 1695 3374 1765; x_wconf 89' lang='grc' dir='ltr'>Πνεῦμα</span> <span class='ocrx_word' id='word_1_238' title='bbox 3415 1697 3512 1766; x_wconf 85' lang='grc' dir='ltr'>τῆς</span> <span class='ocrx_word' id='word_1_239' title='bbox 3556 1697 3814 1766; x_wconf 78' lang='grc' dir='ltr'>ἀληθείας</span> 
     </span>
    </p>
   </div>
   <div class='ocr_carea' id='block_1_33' title="bbox 2243 1784 3816 1857">
    <p class='ocr_par' dir='ltr' id='par_1_33' title="bbox 2243 1784 3816 1857">
     <span class='ocr_line' id='line_1_33' title="bbox 2243 1784 3816 1857; baseline 0.002 -20"><span class='ocrx_word' id='word_1_240' title='bbox 2243 1785 2528 1855; x_wconf 85' lang='grc' dir='ltr'>ὠνόμασεν</span> <span class='ocrx_word' id='word_1_241' title='bbox 2561 1784 2755 1851; x_wconf 80' lang='grc' dir='ltr'>αὑτὸν,</span> <span class='ocrx_word' id='word_1_242' title='bbox 2809 1785 2952 1839; x_wconf 86' lang='grc' dir='ltr'>τοῦτ’</span> <span class='ocrx_word' id='word_1_243' title='bbox 3001 1785 3147 1839; x_wconf 79' lang='grc' dir='ltr'>ἔστιν</span> <span class='ocrx_word' id='word_1_244' title='bbox 3206 1785 3440 1839; x_wconf 76' lang='grc' dir='ltr'>ἑαυτοῦο</span> <span class='ocrx_word' id='word_1_245' title='bbox 3483 1785 3647 1850; x_wconf 78' lang='grc' dir='ltr'>αὐτὸς</span> <span class='ocrx_word' id='word_1_246' title='bbox 3705 1789 3816 1857; x_wconf 84' lang='grc' dir='ltr'><strong>γάρ</strong></span> 
     </span>
    </p>
   </div>
   <div class='ocr_carea' id='block_1_34' title="bbox 560 1870 2132 1959">
    <p class='ocr_par' dir='ltr' id='par_1_34' title="bbox 560 1882 2132 1959">
     <span class='ocr_line' id='line_1_34' title="bbox 560 1882 2132 1959; baseline 0.006 -25"><span class='ocrx_word' id='word_1_247' title='bbox 560 1890 772 1935; x_wconf 68' lang='lat' dir='ltr'><strong>naturae</strong></span> <span class='ocrx_word' id='word_1_248' title='bbox 803 1882 951 1936; x_wconf 88' lang='lat' dir='ltr'><strong>aliud</strong></span> <span class='ocrx_word' id='word_1_249' title='bbox 983 1883 1120 1936; x_wconf 85' lang='lat' dir='ltr'><strong>nihil</strong></span> <span class='ocrx_word' id='word_1_250' title='bbox 1153 1885 1223 1938; x_wconf 91' lang='lat' dir='ltr'><strong>ab</strong></span> <span class='ocrx_word' id='word_1_251' title='bbox 1255 1885 1376 1954; x_wconf 90' lang='lat' dir='ltr'><strong>ipso</strong></span> <span class='ocrx_word' id='word_1_252' title='bbox 1406 1887 1717 1952; x_wconf 79' lang='lat' dir='ltr'><strong>exsistcns,</strong></span> <span class='ocrx_word' id='word_1_253' title='bbox 1751 1887 1882 1942; x_wconf 90' lang='lat' dir='ltr'><strong>licet</strong></span> <span class='ocrx_word' id='word_1_254' title='bbox 1925 1889 1980 1942; x_wconf 90' lang='lat' dir='ltr'><strong>in</strong></span> <span class='ocrx_word' id='word_1_255' title='bbox 2007 1905 2132 1959; x_wconf 89' lang='lat' dir='ltr'><strong>pro-</strong></span> 
     </span>
    </p>
   </div>
   <div class='ocr_carea' id='block_1_35' title="bbox 2236 1870 3817 1959">
    <p class='ocr_par' dir='ltr' id='par_1_35' title="bbox 2238 1877 3817 1949">
     <span class='ocr_line' id='line_1_35' title="bbox 2238 1877 3817 1949; baseline -0.001 -18"><span class='ocrx_word' id='word_1_256' title='bbox 2238 1880 2385 1931; x_wconf 82' lang='grc' dir='ltr'>ὲστιν</span> <span class='ocrx_word' id='word_1_257' title='bbox 2428 1880 2460 1948; x_wconf 80' lang='grc' dir='ltr'>ἡ</span> <span class='ocrx_word' id='word_1_258' title='bbox 2505 1877 2754 1947; x_wconf 86' lang='grc' dir='ltr'>ἀλήθεια.</span> <span class='ocrx_word' id='word_1_259' title='bbox 2789 1877 2907 1932; x_wconf 85' lang='grc' dir='ltr'>Ἵνα</span> <span class='ocrx_word' id='word_1_260' title='bbox 2958 1877 3066 1946; x_wconf 84' lang='grc' dir='ltr'><strong>γὰρ</strong></span> <span class='ocrx_word' id='word_1_261' title='bbox 3095 1877 3288 1930; x_wconf 73' lang='grc' dir='ltr'>εἰδεῖεν</span> <span class='ocrx_word' id='word_1_262' title='bbox 3329 1879 3379 1930; x_wconf 80' lang='grc' dir='ltr'>οἱ</span> <span class='ocrx_word' id='word_1_263' title='bbox 3412 1879 3690 1949; x_wconf 76' lang='grc' dir='ltr'>μαθηταὶ,</span> <span class='ocrx_word' id='word_1_264' title='bbox 3739 1878 3817 1941; x_wconf 82' lang='grc' dir='ltr'>ὡς</span> 
     </span>
    </p>
   </div>
   <div class='ocr_carea' id='block_1_36' title="bbox 560 1971 2137 2049">
    <p class='ocr_par' dir='ltr' id='par_1_36' title="bbox 560 1971 2137 2049">
     <span class='ocr_line' id='line_1_36' title="bbox 560 1971 2137 2049; baseline 0.006 -25"><span class='ocrx_word' id='word_1_265' title='bbox 560 1971 678 2040; x_wconf 90' lang='lat' dir='ltr'><strong>pria</strong></span> <span class='ocrx_word' id='word_1_266' title='bbox 715 1986 948 2040; x_wconf 86' lang='lat' dir='ltr'><strong>persona</strong></span> <span class='ocrx_word' id='word_1_267' title='bbox 981 1972 1285 2028; x_wconf 83' lang='lat' dir='ltr'><strong>subsistere</strong></span> <span class='ocrx_word' id='word_1_268' title='bbox 1330 1973 1694 2046; x_wconf 80' lang='lat' dir='ltr'><strong>intelligatur.</strong></span> <span class='ocrx_word' id='word_1_269' title='bbox 1731 1974 1973 2046; x_wconf 87' lang='lat' dir='ltr'><strong>Spiritus</strong></span> <span class='ocrx_word' id='word_1_270' title='bbox 2005 1994 2137 2049; x_wconf 88' lang='lat' dir='ltr'><strong>ergo</strong></span> 
     </span>
    </p>
   </div>
   <div class='ocr_carea' id='block_1_37' title="bbox 558 2062 2134 2140">
    <p class='ocr_par' dir='ltr' id='par_1_37' title="bbox 558 2062 2134 2140">
     <span class='ocr_line' id='line_1_37' title="bbox 558 2062 2134 2140; baseline 0.006 -25"><span class='ocrx_word' id='word_1_271' title='bbox 558 2062 836 2128; x_wconf 90' lang='lat' dir='ltr'><strong>veritatis,</strong></span> <span class='ocrx_word' id='word_1_272' title='bbox 869 2062 1071 2131; x_wconf 82' lang='lat' dir='ltr'><strong>inquit,</strong></span> <span class='ocrx_word' id='word_1_273' title='bbox 1105 2063 1172 2117; x_wconf 87' lang='lat' dir='ltr'><strong>ad</strong></span> <span class='ocrx_word' id='word_1_274' title='bbox 1207 2079 1423 2119; x_wconf 89' lang='lat' dir='ltr'><strong>omnem</strong></span> <span class='ocrx_word' id='word_1_275' title='bbox 1469 2068 1720 2124; x_wconf 81' lang='lat' dir='ltr'><strong>veritatis</strong></span> <span class='ocrx_word' id='word_1_276' title='bbox 1764 2070 2134 2140; x_wconf 81' lang='lat' dir='ltr'><strong>cognitionem</strong></span> 
     </span>
    </p>
   </div>
   <div class='ocr_carea' id='block_1_38' title="bbox 562 2154 2136 2232">
    <p class='ocr_par' dir='ltr' id='par_1_38' title="bbox 562 2154 2136 2232">
     <span class='ocr_line' id='line_1_38' title="bbox 562 2154 2136 2232; baseline 0.008 -26"><span class='ocrx_word' id='word_1_277' title='bbox 562 2169 661 2208; x_wconf 91' lang='lat' dir='ltr'><strong>nos</strong></span> <span class='ocrx_word' id='word_1_278' title='bbox 690 2154 942 2208; x_wconf 85' lang='lat' dir='ltr'><strong>deducet.</strong></span> <span class='ocrx_word' id='word_1_279' title='bbox 978 2155 1116 2209; x_wconf 90' lang='lat' dir='ltr'><strong>Cum</strong></span> <span class='ocrx_word' id='word_1_280' title='bbox 1159 2157 1303 2211; x_wconf 89' lang='lat' dir='ltr'><strong>enim</strong></span> <span class='ocrx_word' id='word_1_281' title='bbox 1356 2167 1548 2214; x_wconf 84' lang='lat' dir='ltr'><strong>exacte</strong></span> <span class='ocrx_word' id='word_1_282' title='bbox 1590 2173 1888 2232; x_wconf 83' lang='lat' dir='ltr'><strong>cognoscat</strong></span> <span class='ocrx_word' id='word_1_283' title='bbox 1930 2164 2136 2219; x_wconf 84' lang='lat' dir='ltr'><strong>verita--</strong></span> 
     </span>
    </p>
   </div>
   <div class='ocr_carea' id='block_1_39' title="bbox 559 2247 2136 2322">
    <p class='ocr_par' dir='ltr' id='par_1_39' title="bbox 559 2247 2136 2322">
     <span class='ocr_line' id='line_1_39' title="bbox 559 2247 2136 2322; baseline 0.01 -24"><span class='ocrx_word' id='word_1_284' title='bbox 559 2255 668 2300; x_wconf 92' lang='lat' dir='ltr'><strong>tem</strong></span> <span class='ocrx_word' id='word_1_285' title='bbox 691 2287 706 2312; x_wconf 93' lang='lat'><strong>,</strong></span> <span class='ocrx_word' id='word_1_286' title='bbox 733 2247 895 2315; x_wconf 90' lang='lat' dir='ltr'><strong>cujus</strong></span> <span class='ocrx_word' id='word_1_287' title='bbox 921 2256 976 2301; x_wconf 94' lang='lat' dir='ltr'><strong>et</strong></span> <span class='ocrx_word' id='word_1_288' title='bbox 1010 2248 1250 2315; x_wconf 90' lang='lat' dir='ltr'><strong>Spiritus</strong></span> <span class='ocrx_word' id='word_1_289' title='bbox 1277 2263 1392 2315; x_wconf 90' lang='lat' dir='ltr'><strong>est,</strong></span> <span class='ocrx_word' id='word_1_290' title='bbox 1426 2267 1546 2305; x_wconf 89' lang='lat' dir='ltr'><strong>eam</strong></span> <span class='ocrx_word' id='word_1_291' title='bbox 1580 2268 1688 2306; x_wconf 90' lang='lat' dir='ltr'><strong>non</strong></span> <span class='ocrx_word' id='word_1_292' title='bbox 1724 2270 1785 2308; x_wconf 85' lang='lat' dir='ltr'><strong>ex</strong></span> <span class='ocrx_word' id='word_1_293' title='bbox 1821 2263 1976 2322; x_wconf 88' lang='lat' dir='ltr'><strong>parte</strong></span> <span class='ocrx_word' id='word_1_294' title='bbox 2018 2259 2136 2313; x_wconf 91' lang='lat' dir='ltr'><strong>suis</strong></span> 
     </span>
    </p>
   </div>
   <div class='ocr_carea' id='block_1_40' title="bbox 557 2338 2137 2419">
    <p class='ocr_par' dir='ltr' id='par_1_40' title="bbox 557 2338 2137 2419">
     <span class='ocr_line' id='line_1_40' title="bbox 557 2338 2137 2419; baseline 0.008 -29"><span class='ocrx_word' id='word_1_295' title='bbox 557 2338 890 2403; x_wconf 89' lang='lat' dir='ltr'><strong>cultoribus,</strong></span> <span class='ocrx_word' id='word_1_296' title='bbox 935 2339 1029 2394; x_wconf 90' lang='lat' dir='ltr'><strong>sed</strong></span> <span class='ocrx_word' id='word_1_297' title='bbox 1063 2340 1276 2411; x_wconf 83' lang='lat' dir='ltr'><strong>integre</strong></span> <span class='ocrx_word' id='word_1_298' title='bbox 1299 2343 1485 2412; x_wconf 89' lang='lat' dir='ltr'><strong>potius</strong></span> <span class='ocrx_word' id='word_1_299' title='bbox 1512 2344 1632 2411; x_wconf 88' lang='lat' dir='ltr'><strong>ejus</strong></span> <span class='ocrx_word' id='word_1_300' title='bbox 1661 2346 1911 2401; x_wconf 81' lang='lat' dir='ltr'><strong>infundet</strong></span> <span class='ocrx_word' id='word_1_301' title='bbox 1935 2356 2137 2419; x_wconf 84' lang='lat' dir='ltr'><strong>myste-</strong></span> 
     </span>
    </p>
   </div>
   <div class='ocr_carea' id='block_1_41' title="bbox 559 2428 2134 2506">
    <p class='ocr_par' dir='ltr' id='par_1_41' title="bbox 559 2428 2134 2506">
     <span class='ocr_line' id='line_1_41' title="bbox 559 2428 2134 2506; baseline 0.008 -25"><span class='ocrx_word' id='word_1_302' title='bbox 559 2429 728 2483; x_wconf 88' lang='lat' dir='ltr'><strong>rium.</strong></span> <span class='ocrx_word' id='word_1_303' title='bbox 763 2428 1005 2486; x_wconf 82' lang='lat' dir='ltr'><strong>&#39;I‘ametsi</strong></span> <span class='ocrx_word' id='word_1_304' title='bbox 1040 2431 1183 2485; x_wconf 90' lang='lat' dir='ltr'><strong>enim</strong></span> <span class='ocrx_word' id='word_1_305' title='bbox 1214 2448 1278 2485; x_wconf 80' lang='lat' dir='ltr'><strong>ex</strong></span> <span class='ocrx_word' id='word_1_306' title='bbox 1311 2441 1468 2502; x_wconf 87' lang='lat' dir='ltr'><strong>parte</strong></span> <span class='ocrx_word' id='word_1_307' title='bbox 1517 2435 1678 2488; x_wconf 89' lang='lat' dir='ltr'><strong>modo</strong></span> <span class='ocrx_word' id='word_1_308' title='bbox 1713 2439 2134 2506; x_wconf 75' lang='lat' dir='ltr'><strong>cognoscimus,</strong></span> 
     </span>
    </p>
   </div>
   <div class='ocr_carea' id='block_1_42' title="bbox 559 2519 2132 2597">
    <p class='ocr_par' dir='ltr' id='par_1_42' title="bbox 559 2519 2132 2597">
     <span class='ocr_line' id='line_1_42' title="bbox 559 2519 2132 2597; baseline 0.008 -25"><span class='ocrx_word' id='word_1_309' title='bbox 559 2527 618 2573; x_wconf 85' lang='grc' dir='ltr'><strong>ιιι</strong></span> <span class='ocrx_word' id='word_1_310' title='bbox 637 2519 841 2574; x_wconf 86' lang='lat' dir='ltr'><strong>Paulus</strong></span> <span class='ocrx_word' id='word_1_311' title='bbox 871 2522 1034 2588; x_wconf 79' lang='lat' dir='ltr'><strong>ait“,</strong></span> <span class='ocrx_word' id='word_1_312' title='bbox 1060 2523 1273 2593; x_wconf 77' lang='lat' dir='ltr'><strong>integer</strong></span> <span class='ocrx_word' id='word_1_313' title='bbox 1306 2532 1488 2579; x_wconf 91' lang='lat' dir='ltr'><strong>tamen</strong></span> <span class='ocrx_word' id='word_1_314' title='bbox 1520 2526 1766 2580; x_wconf 85' lang='lat' dir='ltr'><strong>veritatis</strong></span> <span class='ocrx_word' id='word_1_315' title='bbox 1788 2527 2052 2597; x_wconf 85' lang='lat' dir='ltr'><strong>splendor</strong></span> <span class='ocrx_word' id='word_1_316' title='bbox 2076 2529 2132 2584; x_wconf 92' lang='lat' dir='ltr'><strong>in</strong></span> 
     </span>
    </p>
   </div>
   <div class='ocr_carea' id='block_1_43' title="bbox 557 2613 2137 2690">
    <p class='ocr_par' dir='ltr' id='par_1_43' title="bbox 557 2613 2137 2690">
     <span class='ocr_line' id='line_1_43' title="bbox 557 2613 2137 2690; baseline 0.008 -26"><span class='ocrx_word' id='word_1_317' title='bbox 557 2613 662 2665; x_wconf 86' lang='lat' dir='ltr'><strong>hac</strong></span> <span class='ocrx_word' id='word_1_318' title='bbox 691 2627 860 2681; x_wconf 85' lang='lat' dir='ltr'><strong>parva</strong></span> <span class='ocrx_word' id='word_1_319' title='bbox 891 2614 1212 2683; x_wconf 90' lang='lat' dir='ltr'><strong>cognitione</strong></span> <span class='ocrx_word' id='word_1_320' title='bbox 1245 2615 1404 2670; x_wconf 91' lang='lat' dir='ltr'><strong>nobis</strong></span> <span class='ocrx_word' id='word_1_321' title='bbox 1435 2615 1677 2671; x_wconf 80' lang='lat' dir='ltr'><strong>infulsit.</strong></span> <span class='ocrx_word' id='word_1_322' title='bbox 1713 2618 1784 2674; x_wconf 91' lang='lat' dir='ltr'><strong>Ut</strong></span> <span class='ocrx_word' id='word_1_323' title='bbox 1813 2635 1945 2690; x_wconf 89' lang='lat' dir='ltr'><strong>ergo</strong></span> <span class='ocrx_word' id='word_1_324' title='bbox 1977 2636 2137 2677; x_wconf 87' lang='lat' dir='ltr'><strong>nemo</strong></span> 
     </span>
    </p>
   </div>
   <div class='ocr_carea' id='block_1_44' title="bbox 553 2690 2134 2780">
    <p class='ocr_par' dir='ltr' id='par_1_44' title="bbox 553 2690 2134 2780">
     <span class='ocr_line' id='line_1_44' title="bbox 553 2690 2134 2780; baseline 0.009 -24"><span class='ocrx_word' id='word_1_325' title='bbox 553 2701 663 2756; x_wconf 87' lang='lat' dir='ltr'><strong>scit</strong></span> <span class='ocrx_word' id='word_1_326' title='bbox 696 2717 817 2771; x_wconf 62' lang='lat' dir='ltr'><strong>quae</strong></span> <span class='ocrx_word' id='word_1_327' title='bbox 865 2713 991 2758; x_wconf 91' lang='lat' dir='ltr'><strong>sunt</strong></span> <span class='ocrx_word' id='word_1_328' title='bbox 1047 2704 1318 2773; x_wconf 90' lang='lat' dir='ltr'><strong>hominis,</strong></span> <span class='ocrx_word' id='word_1_329' title='bbox 1367 2715 1428 2761; x_wconf 93' lang='lat' dir='ltr'><strong>ut</strong></span> <span class='ocrx_word' id='word_1_330' title='bbox 1459 2690 1739 2779; x_wconf 82' lang='lat' dir='ltr'><strong>scriptum</strong></span> <span class='ocrx_word' id='word_1_331' title='bbox 1790 2721 1876 2768; x_wconf 90' lang='lat' dir='ltr'><strong>est</strong></span> <span class='ocrx_word' id='word_1_332' title='bbox 1907 2713 1973 2780; x_wconf 75' lang='lat'><strong>“,</strong></span> <span class='ocrx_word' id='word_1_333' title='bbox 2026 2717 2134 2771; x_wconf 92' lang='lat' dir='ltr'><strong>nisi</strong></span> 
     </span>
    </p>
   </div>
   <div class='ocr_carea' id='block_1_45' title="bbox 557 2795 2134 2874">
    <p class='ocr_par' dir='ltr' id='par_1_45' title="bbox 557 2795 2134 2874">
     <span class='ocr_line' id='line_1_45' title="bbox 557 2795 2134 2874; baseline 0.008 -27"><span class='ocrx_word' id='word_1_334' title='bbox 557 2795 798 2851; x_wconf 86' lang='lat' dir='ltr'><strong>hominis</strong></span> <span class='ocrx_word' id='word_1_335' title='bbox 834 2797 1062 2866; x_wconf 82' lang='lat' dir='ltr'><strong>spiritus</strong></span> <span class='ocrx_word' id='word_1_336' title='bbox 1085 2798 1178 2866; x_wconf 86' lang='lat' dir='ltr'><strong>qui</strong></span> <span class='ocrx_word' id='word_1_337' title='bbox 1211 2799 1263 2852; x_wconf 93' lang='lat' dir='ltr'><strong>in</strong></span> <span class='ocrx_word' id='word_1_338' title='bbox 1294 2800 1415 2869; x_wconf 92' lang='lat' dir='ltr'><strong>ipso</strong></span> <span class='ocrx_word' id='word_1_339' title='bbox 1443 2808 1550 2868; x_wconf 89' lang='lat' dir='ltr'><strong>est,</strong></span> <span class='ocrx_word' id='word_1_340' title='bbox 1589 2802 1662 2856; x_wconf 90' lang='lat' dir='ltr'><strong>ita</strong></span> <span class='ocrx_word' id='word_1_341' title='bbox 1695 2811 1769 2868; x_wconf 91' lang='lat' dir='ltr'><strong>et,</strong></span> <span class='ocrx_word' id='word_1_342' title='bbox 1797 2805 1953 2874; x_wconf 78' lang='lat' dir='ltr'><strong>juxta</strong></span> <span class='ocrx_word' id='word_1_343' title='bbox 1978 2805 2134 2861; x_wconf 91' lang='lat' dir='ltr'><strong>Pauli</strong></span> 
     </span>
    </p>
   </div>
   <div class='ocr_carea' id='block_1_46' title="bbox 556 2889 2136 2966">
    <p class='ocr_par' dir='ltr' id='par_1_46' title="bbox 556 2889 2136 2966">
     <span class='ocr_line' id='line_1_46' title="bbox 556 2889 2136 2966; baseline 0.01 -28"><span class='ocrx_word' id='word_1_344' title='bbox 556 2901 745 2942; x_wconf 85' lang='lat' dir='ltr'><strong>vocem</strong></span> <span class='ocrx_word' id='word_1_345' title='bbox 767 2929 782 2951; x_wconf 92' lang='lat'><strong>,</strong></span> <span class='ocrx_word' id='word_1_346' title='bbox 811 2903 932 2956; x_wconf 63' lang='lat' dir='ltr'><strong>quae</strong></span> <span class='ocrx_word' id='word_1_347' title='bbox 961 2889 1054 2943; x_wconf 89' lang='lat' dir='ltr'><strong>Dei</strong></span> <span class='ocrx_word' id='word_1_348' title='bbox 1089 2897 1222 2945; x_wconf 89' lang='lat' dir='ltr'><strong>sunt</strong></span> <span class='ocrx_word' id='word_1_349' title='bbox 1251 2906 1412 2946; x_wconf 88' lang='lat' dir='ltr'><strong>nemo</strong></span> <span class='ocrx_word' id='word_1_350' title='bbox 1436 2897 1728 2964; x_wconf 87' lang='lat' dir='ltr'><strong>cognovit,</strong></span> <span class='ocrx_word' id='word_1_351' title='bbox 1757 2897 1866 2952; x_wconf 87' lang='lat' dir='ltr'><strong>nisi</strong></span> <span class='ocrx_word' id='word_1_352' title='bbox 1895 2895 2136 2966; x_wconf 88' lang='lat' dir='ltr'><strong>Spiritus</strong></span> 
     </span>
    </p>
   </div>
   <div class='ocr_carea' id='block_1_47' title="bbox 557 2973 2137 3056">
    <p class='ocr_par' dir='ltr' id='par_1_47' title="bbox 557 2973 2137 3056">
     <span class='ocr_line' id='line_1_47' title="bbox 557 2973 2137 3056; baseline 0.011 -31"><span class='ocrx_word' id='word_1_353' title='bbox 557 2973 650 3028; x_wconf 87' lang='lat' dir='ltr'><strong>Dei</strong></span> <span class='ocrx_word' id='word_1_354' title='bbox 685 2975 779 3044; x_wconf 89' lang='lat' dir='ltr'><strong>qui</strong></span> <span class='ocrx_word' id='word_1_355' title='bbox 810 2983 892 3030; x_wconf 90' lang='lat' dir='ltr'><strong>est</strong></span> <span class='ocrx_word' id='word_1_356' title='bbox 924 2978 976 3028; x_wconf 93' lang='lat' dir='ltr'><strong>in</strong></span> <span class='ocrx_word' id='word_1_357' title='bbox 1009 2977 1154 3046; x_wconf 92' lang='lat' dir='ltr'><strong>ipso.</strong></span> <span class='ocrx_word' id='word_1_358' title='bbox 1189 2979 1326 3033; x_wconf 89' lang='lat' dir='ltr'><strong>Cum</strong></span> <span class='ocrx_word' id='word_1_359' title='bbox 1355 2996 1489 3051; x_wconf 88' lang='lat' dir='ltr'><strong>ergo</strong></span> <span class='ocrx_word' id='word_1_360' title='bbox 1517 2986 1767 3050; x_wconf 84' lang='lat' dir='ltr'><strong>venerit,</strong></span> <span class='ocrx_word' id='word_1_361' title='bbox 1797 2985 2006 3056; x_wconf 90' lang='lat' dir='ltr'><strong>inquit,</strong></span> <span class='ocrx_word' id='word_1_362' title='bbox 2035 2987 2137 3042; x_wconf 81' lang='lat' dir='ltr'><strong>Pa-</strong></span> 
     </span>
    </p>
   </div>
   <div class='ocr_carea' id='block_1_48' title="bbox 556 3066 2134 3148">
    <p class='ocr_par' dir='ltr' id='par_1_48' title="bbox 556 3066 2134 3148">
     <span class='ocr_line' id='line_1_48' title="bbox 556 3066 2134 3148; baseline 0.01 -30"><span class='ocrx_word' id='word_1_363' title='bbox 556 3066 799 3121; x_wconf 83' lang='lat' dir='ltr'><strong>racletus</strong></span> <span class='ocrx_word' id='word_1_364' title='bbox 821 3107 836 3132; x_wconf 95' lang='lat'><strong>,</strong></span> <span class='ocrx_word' id='word_1_365' title='bbox 893 3067 1035 3120; x_wconf 87' lang='lat' dir='ltr'><strong>nihil</strong></span> <span class='ocrx_word' id='word_1_366' title='bbox 1066 3082 1095 3120; x_wconf 87' lang='lat' dir='ltr'><strong>a</strong></span> <span class='ocrx_word' id='word_1_367' title='bbox 1122 3070 1424 3139; x_wconf 89' lang='lat' dir='ltr'><strong>semetipso</strong></span> <span class='ocrx_word' id='word_1_368' title='bbox 1446 3072 1703 3142; x_wconf 90' lang='lat' dir='ltr'><strong>loquetur</strong></span> <span class='ocrx_word' id='word_1_369' title='bbox 1727 3094 1739 3129; x_wconf 88' lang='lat'><strong>:</strong></span> <span class='ocrx_word' id='word_1_370' title='bbox 1773 3092 1870 3145; x_wconf 88' lang='lat' dir='ltr'><strong>pro</strong></span> <span class='ocrx_word' id='word_1_371' title='bbox 1897 3093 1963 3132; x_wconf 86' lang='lat' dir='ltr'><strong>eo</strong></span> <span class='ocrx_word' id='word_1_372' title='bbox 1986 3080 2134 3148; x_wconf 90' lang='lat' dir='ltr'><strong>quod</strong></span> 
     </span>
    </p>
   </div>
   <div class='ocr_carea' id='block_1_49' title="bbox 553 3157 2137 3227">
    <p class='ocr_par' dir='ltr' id='par_1_49' title="bbox 553 3157 2137 3227">
     <span class='ocr_line' id='line_1_49' title="bbox 553 3157 2137 3227; baseline 0.008 -15"><span class='ocrx_word' id='word_1_373' title='bbox 553 3167 665 3221; x_wconf 88' lang='lat' dir='ltr'><strong>est,</strong></span> <span class='ocrx_word' id='word_1_374' title='bbox 703 3157 992 3212; x_wconf 89' lang='lat' dir='ltr'><strong>instillabit</strong></span> <span class='ocrx_word' id='word_1_375' title='bbox 1021 3159 1244 3227; x_wconf 88' lang='lat' dir='ltr'><strong>quidem</strong></span> <span class='ocrx_word' id='word_1_376' title='bbox 1269 3162 1451 3226; x_wconf 89' lang='lat' dir='ltr'><strong>vobis,</strong></span> <span class='ocrx_word' id='word_1_377' title='bbox 1496 3173 1546 3218; x_wconf 88' lang='lat' dir='ltr'><strong>el</strong></span> <span class='ocrx_word' id='word_1_378' title='bbox 1572 3165 1828 3221; x_wconf 84' lang='lat' dir='ltr'><strong>veritatis</strong></span> <span class='ocrx_word' id='word_1_379' title='bbox 1873 3170 2137 3224; x_wconf 86' lang='lat' dir='ltr'><strong>revelabit</strong></span> 
     </span>
    </p>
   </div>
   <div class='ocr_carea' id='block_1_50' title="bbox 557 3247 2136 3328">
    <p class='ocr_par' dir='ltr' id='par_1_50' title="bbox 557 3247 2136 3328">
     <span class='ocr_line' id='line_1_50' title="bbox 557 3247 2136 3328; baseline 0.008 -25"><span class='ocrx_word' id='word_1_380' title='bbox 557 3249 900 3319; x_wconf 86' lang='lat' dir='ltr'><strong>mysterium.</strong></span> <span class='ocrx_word' id='word_1_381' title='bbox 936 3247 1083 3303; x_wconf 83' lang='lat' dir='ltr'><strong>Nihil</strong></span> <span class='ocrx_word' id='word_1_382' title='bbox 1113 3251 1258 3304; x_wconf 90' lang='lat' dir='ltr'><strong>enim</strong></span> <span class='ocrx_word' id='word_1_383' title='bbox 1288 3253 1541 3323; x_wconf 89' lang='lat' dir='ltr'><strong>loquetur</strong></span> <span class='ocrx_word' id='word_1_384' title='bbox 1571 3271 1800 3326; x_wconf 86' lang='lat' dir='ltr'><strong>prorsus</strong></span> <span class='ocrx_word' id='word_1_385' title='bbox 1831 3261 1974 3328; x_wconf 89' lang='lat' dir='ltr'><strong>quod</strong></span> <span class='ocrx_word' id='word_1_386' title='bbox 2003 3261 2136 3316; x_wconf 91' lang='lat' dir='ltr'><strong>mibi</strong></span> 
     </span>
    </p>
   </div>
   <div class='ocr_carea' id='block_1_51' title="bbox 559 3337 2134 3412">
    <p class='ocr_par' dir='ltr' id='par_1_51' title="bbox 559 3337 2134 3412">
     <span class='ocr_line' id='line_1_51' title="bbox 559 3337 2134 3412; baseline 0.01 -22"><span class='ocrx_word' id='word_1_387' title='bbox 559 3351 668 3390; x_wconf 92' lang='lat' dir='ltr'><strong>non</strong></span> <span class='ocrx_word' id='word_1_388' title='bbox 701 3337 950 3406; x_wconf 80' lang='lat' dir='ltr'><strong>placeat,</strong></span> <span class='ocrx_word' id='word_1_389' title='bbox 983 3339 1082 3392; x_wconf 90' lang='lat' dir='ltr'><strong>sed</strong></span> <span class='ocrx_word' id='word_1_390' title='bbox 1121 3355 1223 3394; x_wconf 91' lang='lat' dir='ltr'><strong>nec</strong></span> <span class='ocrx_word' id='word_1_391' title='bbox 1257 3343 1606 3412; x_wconf 85' lang='lat' dir='ltr'><strong>peregrinam</strong></span> <span class='ocrx_word' id='word_1_392' title='bbox 1642 3347 1798 3402; x_wconf 86' lang='lat' dir='ltr'><strong>vobis</strong></span> <span class='ocrx_word' id='word_1_393' title='bbox 1825 3347 2134 3405; x_wconf 86' lang='lat' dir='ltr'><strong>doctrinam</strong></span> 
     </span>
    </p>
   </div>
   <div class='ocr_carea' id='block_1_52' title="bbox 557 3427 2134 3506">
    <p class='ocr_par' dir='ltr' id='par_1_52' title="bbox 557 3427 2134 3506">
     <span class='ocr_line' id='line_1_52' title="bbox 557 3427 2134 3506; baseline 0.01 -24"><span class='ocrx_word' id='word_1_394' title='bbox 557 3429 754 3482; x_wconf 87' lang='lat' dir='ltr'><strong>tradet.</strong></span> <span class='ocrx_word' id='word_1_395' title='bbox 785 3427 896 3483; x_wconf 87' lang='lat' dir='ltr'><strong>Nec</strong></span> <span class='ocrx_word' id='word_1_396' title='bbox 925 3430 1070 3484; x_wconf 90' lang='lat' dir='ltr'><strong>enim</strong></span> <span class='ocrx_word' id='word_1_397' title='bbox 1102 3448 1232 3487; x_wconf 90' lang='lat' dir='ltr'><strong>suas</strong></span> <span class='ocrx_word' id='word_1_398' title='bbox 1262 3434 1416 3490; x_wconf 89' lang='lat' dir='ltr'><strong>vobis</strong></span> <span class='ocrx_word' id='word_1_399' title='bbox 1449 3435 1597 3506; x_wconf 87' lang='lat' dir='ltr'><strong>leges</strong></span> <span class='ocrx_word' id='word_1_400' title='bbox 1625 3437 1858 3504; x_wconf 80' lang='lat' dir='ltr'><strong>inferet,</strong></span> <span class='ocrx_word' id='word_1_401' title='bbox 1887 3442 1980 3496; x_wconf 85' lang='lat' dir='ltr'><strong>sed</strong></span> <span class='ocrx_word' id='word_1_402' title='bbox 2008 3458 2134 3497; x_wconf 90' lang='lat' dir='ltr'><strong>cum</strong></span> 
     </span>
    </p>
   </div>
   <div class='ocr_carea' id='block_1_53' title="bbox 557 3521 2135 3596">
    <p class='ocr_par' dir='ltr' id='par_1_53' title="bbox 557 3521 2135 3596">
     <span class='ocr_line' id='line_1_53' title="bbox 557 3521 2135 3596; baseline 0.01 -21"><span class='ocrx_word' id='word_1_403' title='bbox 557 3521 788 3590; x_wconf 86' lang='lat' dir='ltr'><strong>spiritus</strong></span> <span class='ocrx_word' id='word_1_404' title='bbox 828 3529 883 3576; x_wconf 85' lang='lat' dir='ltr'><strong>et</strong></span> <span class='ocrx_word' id='word_1_405' title='bbox 929 3537 1086 3579; x_wconf 89' lang='lat' dir='ltr'><strong>mens</strong></span> <span class='ocrx_word' id='word_1_406' title='bbox 1129 3526 1542 3594; x_wconf 91' lang='lat' dir='ltr'><strong>quodammodo</strong></span> <span class='ocrx_word' id='word_1_407' title='bbox 1590 3545 1713 3585; x_wconf 89' lang='lat' dir='ltr'><strong>mea</strong></span> <span class='ocrx_word' id='word_1_408' title='bbox 1762 3533 1868 3596; x_wconf 91' lang='lat' dir='ltr'><strong>sit,</strong></span> <span class='ocrx_word' id='word_1_409' title='bbox 1910 3535 2135 3590; x_wconf 90' lang='lat' dir='ltr'><strong>omnino</strong></span> 
     </span>
    </p>
   </div>
   <div class='ocr_carea' id='block_1_54' title="bbox 555 3611 2136 3690">
    <p class='ocr_par' dir='ltr' id='par_1_54' title="bbox 555 3611 2136 3690">
     <span class='ocr_line' id='line_1_54' title="bbox 555 3611 2136 3690; baseline 0.011 -27"><span class='ocrx_word' id='word_1_410' title='bbox 555 3625 678 3679; x_wconf 65' lang='lat' dir='ltr'><strong>quae</strong></span> <span class='ocrx_word' id='word_1_411' title='bbox 708 3611 762 3664; x_wconf 92' lang='lat' dir='ltr'><strong>in</strong></span> <span class='ocrx_word' id='word_1_412' title='bbox 796 3625 884 3665; x_wconf 88' lang='lat' dir='ltr'><strong>me</strong></span> <span class='ocrx_word' id='word_1_413' title='bbox 915 3623 1045 3666; x_wconf 92' lang='lat' dir='ltr'><strong>sunt</strong></span> <span class='ocrx_word' id='word_1_414' title='bbox 1078 3613 1351 3684; x_wconf 91' lang='lat' dir='ltr'><strong>loquetur.</strong></span> <span class='ocrx_word' id='word_1_415' title='bbox 1381 3617 1446 3670; x_wconf 83' lang='lat' dir='ltr'><strong>Et</strong></span> <span class='ocrx_word' id='word_1_416' title='bbox 1474 3617 1590 3674; x_wconf 68' lang='lat' dir='ltr'><strong>hrec</strong></span> <span class='ocrx_word' id='word_1_417' title='bbox 1619 3620 1843 3690; x_wconf 88' lang='lat' dir='ltr'><strong>quidem</strong></span> <span class='ocrx_word' id='word_1_418' title='bbox 1877 3623 2136 3680; x_wconf 87' lang='lat' dir='ltr'><strong>Servator</strong></span> 
     </span>
    </p>
   </div>
   <div class='ocr_carea' id='block_1_55' title="bbox 555 3699 2135 3780">
    <p class='ocr_par' dir='ltr' id='par_1_55' title="bbox 555 3699 2135 3780">
     <span class='ocr_line' id='line_1_55' title="bbox 555 3699 2135 3780; baseline 0.01 -28"><span class='ocrx_word' id='word_1_419' title='bbox 555 3701 666 3764; x_wconf 90' lang='lat' dir='ltr'><strong>ait,</strong></span> <span class='ocrx_word' id='word_1_420' title='bbox 701 3715 809 3755; x_wconf 93' lang='lat' dir='ltr'><strong>non</strong></span> <span class='ocrx_word' id='word_1_421' title='bbox 843 3709 902 3755; x_wconf 94' lang='lat' dir='ltr'><strong>ut</strong></span> <span class='ocrx_word' id='word_1_422' title='bbox 937 3702 1179 3758; x_wconf 87' lang='lat' dir='ltr'><strong>ministri</strong></span> <span class='ocrx_word' id='word_1_423' title='bbox 1224 3705 1404 3759; x_wconf 92' lang='lat' dir='ltr'><strong>locum</strong></span> <span class='ocrx_word' id='word_1_424' title='bbox 1453 3715 1641 3764; x_wconf 89' lang='lat' dir='ltr'><strong>tenere</strong></span> <span class='ocrx_word' id='word_1_425' title='bbox 1693 3709 1964 3780; x_wconf 90' lang='lat' dir='ltr'><strong>Spiritum</strong></span> <span class='ocrx_word' id='word_1_426' title='bbox 2012 3699 2135 3767; x_wconf 82' lang='lat' dir='ltr'><strong>san-</strong></span> 
     </span>
    </p>
   </div>
   <div class='ocr_carea' id='block_1_56' title="bbox 554 3794 2134 3868">
    <p class='ocr_par' dir='ltr' id='par_1_56' title="bbox 554 3794 2134 3868">
     <span class='ocr_line' id='line_1_56' title="bbox 554 3794 2134 3868; baseline 0.008 -23"><span class='ocrx_word' id='word_1_427' title='bbox 554 3801 702 3846; x_wconf 85' lang='lat' dir='ltr'><strong>etum</strong></span> <span class='ocrx_word' id='word_1_428' title='bbox 753 3801 1048 3861; x_wconf 87' lang='lat' dir='ltr'><strong>putemus,</strong></span> <span class='ocrx_word' id='word_1_429' title='bbox 1093 3794 1255 3864; x_wconf 80' lang='lat' dir='ltr'><strong>juxta</strong></span> <span class='ocrx_word' id='word_1_430' title='bbox 1307 3797 1474 3868; x_wconf 77' lang='lat'><strong>926</strong></span> <span class='ocrx_word' id='word_1_431' title='bbox 1523 3801 1915 3855; x_wconf 90' lang='lat' dir='ltr'><strong>nonnullorum</strong></span> <span class='ocrx_word' id='word_1_432' title='bbox 1965 3804 2134 3859; x_wconf 91' lang='lat' dir='ltr'><strong>insci-</strong></span> 
     </span>
    </p>
   </div>
   <div class='ocr_carea' id='block_1_57' title="bbox 555 3881 2134 3958">
    <p class='ocr_par' dir='ltr' id='par_1_57' title="bbox 555 3881 2134 3958">
     <span class='ocr_line' id='line_1_57' title="bbox 555 3881 2134 3958; baseline 0.011 -25"><span class='ocrx_word' id='word_1_433' title='bbox 555 3882 724 3936; x_wconf 90' lang='lat' dir='ltr'><strong>tiam:</strong></span> <span class='ocrx_word' id='word_1_434' title='bbox 755 3881 850 3936; x_wconf 89' lang='lat' dir='ltr'><strong>sed</strong></span> <span class='ocrx_word' id='word_1_435' title='bbox 897 3883 1025 3952; x_wconf 87' lang='lat' dir='ltr'><strong>quia</strong></span> <span class='ocrx_word' id='word_1_436' title='bbox 1063 3884 1368 3954; x_wconf 89' lang='lat' dir='ltr'><strong>discipulos</strong></span> <span class='ocrx_word' id='word_1_437' title='bbox 1403 3888 1671 3944; x_wconf 88' lang='lat' dir='ltr'><strong>certiores</strong></span> <span class='ocrx_word' id='word_1_438' title='bbox 1717 3891 1901 3958; x_wconf 89' lang='lat' dir='ltr'><strong>potius</strong></span> <span class='ocrx_word' id='word_1_439' title='bbox 1951 3893 2134 3950; x_wconf 79' lang='lat' dir='ltr'><strong>facere</strong></span> 
     </span>
    </p>
   </div>
   <div class='ocr_carea' id='block_1_58' title="bbox 553 3973 2132 4055">
    <p class='ocr_par' dir='ltr' id='par_1_58' title="bbox 553 3973 2132 4055">
     <span class='ocr_line' id='line_1_58' title="bbox 553 3973 2132 4055; baseline 0.01 -31"><span class='ocrx_word' id='word_1_440' title='bbox 553 3973 824 4040; x_wconf 90' lang='lat' dir='ltr'><strong>voluerit,</strong></span> <span class='ocrx_word' id='word_1_441' title='bbox 859 3974 1005 4043; x_wconf 93' lang='lat' dir='ltr'><strong>quod</strong></span> <span class='ocrx_word' id='word_1_442' title='bbox 1049 3989 1176 4028; x_wconf 89' lang='lat' dir='ltr'><strong>cum</strong></span> <span class='ocrx_word' id='word_1_443' title='bbox 1222 3975 1366 4032; x_wconf 89' lang='lat' dir='ltr'><strong>alius</strong></span> <span class='ocrx_word' id='word_1_444' title='bbox 1412 3993 1442 4031; x_wconf 90' lang='lat' dir='ltr'><strong>a</strong></span> <span class='ocrx_word' id='word_1_445' title='bbox 1487 3994 1546 4033; x_wconf 91' lang='lat' dir='ltr'><strong>se</strong></span> <span class='ocrx_word' id='word_1_446' title='bbox 1596 3996 1707 4034; x_wconf 88' lang='lat' dir='ltr'><strong>non</strong></span> <span class='ocrx_word' id='word_1_447' title='bbox 1763 3983 1834 4036; x_wconf 92' lang='lat' dir='ltr'><strong>sit</strong></span> <span class='ocrx_word' id='word_1_448' title='bbox 1889 3981 2132 4055; x_wconf 90' lang='lat' dir='ltr'><strong>Spiritus</strong></span> 
     </span>
    </p>
   </div>
   <div class='ocr_carea' id='block_1_59' title="bbox 555 4067 2132 4141">
    <p class='ocr_par' dir='ltr' id='par_1_59' title="bbox 555 4067 2132 4141">
     <span class='ocr_line' id='line_1_59' title="bbox 555 4067 2132 4141; baseline 0.012 -26"><span class='ocrx_word' id='word_1_449' title='bbox 555 4079 728 4128; x_wconf 91' lang='lat' dir='ltr'><strong>suus,</strong></span> <span class='ocrx_word' id='word_1_450' title='bbox 791 4067 1394 4125; x_wconf 88' lang='lat' dir='ltr'><strong>consubstantialitatis</strong></span> <span class='ocrx_word' id='word_1_451' title='bbox 1454 4086 1649 4141; x_wconf 90' lang='lat' dir='ltr'><strong>nempe</strong></span> <span class='ocrx_word' id='word_1_452' title='bbox 1701 4075 1958 4140; x_wconf 85' lang='lat' dir='ltr'><strong>ratione,</strong></span> <span class='ocrx_word' id='word_1_453' title='bbox 2019 4079 2132 4134; x_wconf 61' lang='lat' dir='ltr'><strong>hac</strong></span> 
     </span>
    </p>
   </div>
   <div class='ocr_carea' id='block_1_60' title="bbox 555 4154 2131 4228">
    <p class='ocr_par' dir='ltr' id='par_1_60' title="bbox 555 4154 2131 4228">
     <span class='ocr_line' id='line_1_60' title="bbox 555 4154 2131 4228; baseline 0.013 -24"><span class='ocrx_word' id='word_1_454' title='bbox 555 4154 744 4220; x_wconf 89' lang='lat' dir='ltr'><strong>utique</strong></span> <span class='ocrx_word' id='word_1_455' title='bbox 781 4155 1052 4225; x_wconf 90' lang='lat' dir='ltr'><strong>loquetur,</strong></span> <span class='ocrx_word' id='word_1_456' title='bbox 1096 4167 1153 4212; x_wconf 91' lang='lat' dir='ltr'><strong>et</strong></span> <span class='ocrx_word' id='word_1_457' title='bbox 1209 4161 1550 4228; x_wconf 91' lang='lat' dir='ltr'><strong>operabitur,</strong></span> <span class='ocrx_word' id='word_1_458' title='bbox 1599 4171 1653 4218; x_wconf 92' lang='lat' dir='ltr'><strong>et</strong></span> <span class='ocrx_word' id='word_1_459' title='bbox 1700 4166 1864 4222; x_wconf 87' lang='lat' dir='ltr'><strong>volet.</strong></span> <span class='ocrx_word' id='word_1_460' title='bbox 1918 4169 2131 4225; x_wconf 91' lang='lat' dir='ltr'><strong>Idcirco</strong></span> 
     </span>
    </p>
   </div>
   <div class='ocr_carea' id='block_1_61' title="bbox 553 4245 2130 4320">
    <p class='ocr_par' dir='ltr' id='par_1_61' title="bbox 553 4245 2130 4320">
     <span class='ocr_line' id='line_1_61' title="bbox 553 4245 2130 4320; baseline 0.013 -24"><span class='ocrx_word' id='word_1_461' title='bbox 553 4246 698 4300; x_wconf 89' lang='lat' dir='ltr'><strong>enim</strong></span> <span class='ocrx_word' id='word_1_462' title='bbox 733 4245 976 4303; x_wconf 88' lang='lat' dir='ltr'><strong>addidit:</strong></span> <span class='ocrx_word' id='word_1_463' title='bbox 1009 4269 1026 4299; x_wconf 85' lang='grc' dir='ltr'><strong>ι</strong></span> <span class='ocrx_word' id='word_1_464' title='bbox 1061 4247 1126 4302; x_wconf 85' lang='lat' dir='ltr'><strong>Et</strong></span> <span class='ocrx_word' id='word_1_465' title='bbox 1158 4265 1279 4320; x_wconf 66' lang='lat' dir='ltr'><strong>quae</strong></span> <span class='ocrx_word' id='word_1_466' title='bbox 1324 4262 1556 4308; x_wconf 88' lang='lat' dir='ltr'><strong>ventura</strong></span> <span class='ocrx_word' id='word_1_467' title='bbox 1607 4267 1733 4311; x_wconf 90' lang='lat' dir='ltr'><strong>sunt</strong></span> <span class='ocrx_word' id='word_1_468' title='bbox 1780 4261 2130 4317; x_wconf 88' lang='lat' dir='ltr'><strong>annuntiabit</strong></span> 
     </span>
    </p>
   </div>
   <div class='ocr_carea' id='block_1_62' title="bbox 554 4337 2128 4418">
    <p class='ocr_par' dir='ltr' id='par_1_62' title="bbox 554 4337 2128 4418">
     <span class='ocr_line' id='line_1_62' title="bbox 554 4337 2128 4418; baseline 0.015 -33"><span class='ocrx_word' id='word_1_469' title='bbox 554 4337 749 4401; x_wconf 90' lang='lat' dir='ltr'><strong>vobis,</strong></span> <span class='ocrx_word' id='word_1_470' title='bbox 783 4341 1222 4408; x_wconf 68' lang='lat' dir='ltr'><strong>ipropemodum</strong></span> <span class='ocrx_word' id='word_1_471' title='bbox 1277 4343 1469 4401; x_wconf 89' lang='lat' dir='ltr'><strong>dicens</strong></span> <span class='ocrx_word' id='word_1_472' title='bbox 1518 4363 1531 4400; x_wconf 91' lang='lat'>:</span> <span class='ocrx_word' id='word_1_473' title='bbox 1589 4345 1816 4418; x_wconf 86' lang='lat' dir='ltr'><strong>Signum</strong></span> <span class='ocrx_word' id='word_1_474' title='bbox 1867 4351 1970 4406; x_wconf 87' lang='lat' dir='ltr'><strong>hoc</strong></span> <span class='ocrx_word' id='word_1_475' title='bbox 2021 4354 2128 4408; x_wconf 91' lang='lat' dir='ltr'><strong>erit</strong></span> 
     </span>
    </p>
   </div>
   <div class='ocr_carea' id='block_1_63' title="bbox 553 4429 2123 4511">
    <p class='ocr_par' dir='ltr' id='par_1_63' title="bbox 553 4429 2123 4511">
     <span class='ocr_line' id='line_1_63' title="bbox 553 4429 2123 4511; baseline 0.015 -32"><span class='ocrx_word' id='word_1_476' title='bbox 553 4429 714 4482; x_wconf 89' lang='lat' dir='ltr'><strong>vobis</strong></span> <span class='ocrx_word' id='word_1_477' title='bbox 735 4469 749 4493; x_wconf 92' lang='lat'><strong>,</strong></span> <span class='ocrx_word' id='word_1_478' title='bbox 783 4431 1011 4486; x_wconf 91' lang='lat' dir='ltr'><strong>omnino</strong></span> <span class='ocrx_word' id='word_1_479' title='bbox 1044 4449 1110 4488; x_wconf 85' lang='lat' dir='ltr'><strong>ex</strong></span> <span class='ocrx_word' id='word_1_480' title='bbox 1141 4451 1260 4490; x_wconf 89' lang='lat' dir='ltr'><strong>mea</strong></span> <span class='ocrx_word' id='word_1_481' title='bbox 1292 4439 1605 4493; x_wconf 88' lang='lat' dir='ltr'><strong>substantia</strong></span> <span class='ocrx_word' id='word_1_482' title='bbox 1654 4439 1917 4511; x_wconf 89' lang='lat' dir='ltr'><strong>Spiritum</strong></span> <span class='ocrx_word' id='word_1_483' title='bbox 1969 4459 2123 4510; x_wconf 92' lang='lat' dir='ltr'><strong>esse,</strong></span> 
     </span>
    </p>
   </div>
   <div class='ocr_carea' id='block_1_64' title="bbox 2235 1967 3811 2040">
    <p class='ocr_par' dir='ltr' id='par_1_64' title="bbox 2235 1967 3811 2040">
     <span class='ocr_line' id='line_1_64' title="bbox 2235 1967 3811 2040; baseline -0.001 -18"><span class='ocrx_word' id='word_1_484' title='bbox 2235 1969 2333 2022; x_wconf 83' lang='grc' dir='ltr'><strong>οὐκ</strong></span> <span class='ocrx_word' id='word_1_485' title='bbox 2361 1968 2648 2039; x_wconf 82' lang='grc' dir='ltr'>ἀλλοτρίας</span> <span class='ocrx_word' id='word_1_486' title='bbox 2682 1971 2774 2022; x_wconf 79' lang='grc' dir='ltr'><strong>καὶ</strong></span> <span class='ocrx_word' id='word_1_487' title='bbox 2808 1967 2967 2038; x_wconf 78' lang='grc' dir='ltr'>ξένης</span> <span class='ocrx_word' id='word_1_488' title='bbox 3001 1969 3182 2032; x_wconf 83' lang='grc' dir='ltr'>αὐτοῖς</span> <span class='ocrx_word' id='word_1_489' title='bbox 3211 1968 3495 2038; x_wconf 84' lang='grc' dir='ltr'>δυνάμεως</span> <span class='ocrx_word' id='word_1_490' title='bbox 3523 1970 3811 2040; x_wconf 80' lang='grc' dir='ltr'>ἐπιφοίτη-</span> 
     </span>
    </p>
   </div>
   <div class='ocr_carea' id='block_1_65' title="bbox 2237 2058 3810 2130">
    <p class='ocr_par' dir='ltr' id='par_1_65' title="bbox 2237 2058 3810 2130">
     <span class='ocr_line' id='line_1_65' title="bbox 2237 2058 3810 2130; baseline 0 -18"><span class='ocrx_word' id='word_1_491' title='bbox 2237 2078 2355 2124; x_wconf 91' lang='grc' dir='ltr'>σιν,</span> <span class='ocrx_word' id='word_1_492' title='bbox 2399 2061 2512 2113; x_wconf 86' lang='grc' dir='ltr'>ἀλλ’</span> <span class='ocrx_word' id='word_1_493' title='bbox 2564 2060 2755 2113; x_wconf 86' lang='grc' dir='ltr'>ἐαυτὸν</span> <span class='ocrx_word' id='word_1_494' title='bbox 2805 2061 3010 2130; x_wconf 80' lang='grc' dir='ltr'>ἑτέρως</span> <span class='ocrx_word' id='word_1_495' title='bbox 3057 2058 3344 2112; x_wconf 74' lang='grc' dir='ltr'>ἐπιδώσειν</span> <span class='ocrx_word' id='word_1_496' title='bbox 3390 2060 3810 2128; x_wconf 76' lang='grc' dir='ltr'>ἐπαγγέλλεται,</span> 
     </span>
    </p>
   </div>
   <div class='ocr_carea' id='block_1_66' title="bbox 2236 2149 3816 2223">
    <p class='ocr_par' dir='ltr' id='par_1_66' title="bbox 2236 2149 3816 2223">
     <span class='ocr_line' id='line_1_66' title="bbox 2236 2149 3816 2223; baseline 0.001 -19"><span class='ocrx_word' id='word_1_497' title='bbox 2236 2150 2461 2222; x_wconf 88' lang='grc' dir='ltr'>Πνεῦμα</span> <span class='ocrx_word' id='word_1_498' title='bbox 2489 2151 2589 2220; x_wconf 84' lang='grc' dir='ltr'>τῆς</span> <span class='ocrx_word' id='word_1_499' title='bbox 2614 2151 2894 2221; x_wconf 85' lang='grc' dir='ltr'>ἀληθείας,</span> <span class='ocrx_word' id='word_1_500' title='bbox 2920 2149 3064 2203; x_wconf 84' lang='grc' dir='ltr'>τοῦτ’</span> <span class='ocrx_word' id='word_1_501' title='bbox 3097 2150 3246 2204; x_wconf 76' lang='grc' dir='ltr'>ἔστιν</span> <span class='ocrx_word' id='word_1_502' title='bbox 3270 2151 3487 2216; x_wconf 87' lang='grc' dir='ltr'>ἐαυτοῦ,</span> <span class='ocrx_word' id='word_1_503' title='bbox 3511 2151 3602 2204; x_wconf 77' lang='grc' dir='ltr'>τὸν</span> <span class='ocrx_word' id='word_1_504' title='bbox 3634 2154 3816 2223; x_wconf 83' lang='grc' dir='ltr'>Παρά-</span> 
     </span>
    </p>
   </div>
   <div class='ocr_carea' id='block_1_67' title="bbox 2236 2243 3816 2314">
    <p class='ocr_par' dir='ltr' id='par_1_67' title="bbox 2236 2243 3816 2314">
     <span class='ocr_line' id='line_1_67' title="bbox 2236 2243 3816 2314; baseline -0.001 -16"><span class='ocrx_word' id='word_1_505' title='bbox 2236 2245 2430 2314; x_wconf 86' lang='grc' dir='ltr'>κλητον</span> <span class='ocrx_word' id='word_1_506' title='bbox 2458 2244 2742 2297; x_wconf 85' lang='grc' dir='ltr'>ἀποκαλεῖ.</span> <span class='ocrx_word' id='word_1_507' title='bbox 2795 2243 2870 2296; x_wconf 85' lang='grc' dir='ltr'><strong>υύ</strong></span> <span class='ocrx_word' id='word_1_508' title='bbox 2903 2243 3012 2312; x_wconf 77' lang='grc' dir='ltr'><strong>γὰρ</strong></span> <span class='ocrx_word' id='word_1_509' title='bbox 3041 2243 3319 2314; x_wconf 90' lang='grc' dir='ltr'>ἀλλότριον</span> <span class='ocrx_word' id='word_1_510' title='bbox 3367 2244 3465 2313; x_wconf 85' lang='grc' dir='ltr'>τῆς</span> <span class='ocrx_word' id='word_1_511' title='bbox 3501 2244 3693 2306; x_wconf 86' lang='grc' dir='ltr'>οὐσίας</span> <span class='ocrx_word' id='word_1_512' title='bbox 3723 2245 3816 2297; x_wconf 88' lang='grc' dir='ltr'><strong>τοῦ</strong></span> 
     </span>
    </p>
   </div>
   <div class='ocr_carea' id='block_1_68' title="bbox 2235 2333 3817 2404">
    <p class='ocr_par' dir='ltr' id='par_1_68' title="bbox 2235 2333 3817 2404">
     <span class='ocr_line' id='line_1_68' title="bbox 2235 2333 3817 2404; baseline -0.002 -15"><span class='ocrx_word' id='word_1_513' title='bbox 2235 2335 2572 2403; x_wconf 82' lang='grc' dir='ltr'>Μονογενοῦς</span> <span class='ocrx_word' id='word_1_514' title='bbox 2601 2334 2662 2387; x_wconf 86' lang='grc' dir='ltr'><strong>τὸ</strong></span> <span class='ocrx_word' id='word_1_515' title='bbox 2687 2335 2839 2404; x_wconf 74' lang='grc' dir='ltr'>ἅγιον</span> <span class='ocrx_word' id='word_1_516' title='bbox 2873 2336 3076 2388; x_wconf 86' lang='grc' dir='ltr'>νοεῖται</span> <span class='ocrx_word' id='word_1_517' title='bbox 3111 2333 3356 2404; x_wconf 85' lang='grc' dir='ltr'>Πνεῦμα,</span> <span class='ocrx_word' id='word_1_518' title='bbox 3392 2335 3603 2403; x_wconf 83' lang='grc' dir='ltr'>πρόεισι</span> <span class='ocrx_word' id='word_1_519' title='bbox 3627 2335 3686 2388; x_wconf 84' lang='grc' dir='ltr'>δὲ</span> <span class='ocrx_word' id='word_1_520' title='bbox 3720 2353 3817 2404; x_wconf 78' lang='grc' dir='ltr'><strong>φυ-</strong></span> 
     </span>
    </p>
   </div>
   <div class='ocr_carea' id='block_1_69' title="bbox 2238 2426 3812 2498">
    <p class='ocr_par' dir='ltr' id='par_1_69' title="bbox 2238 2426 3812 2498">
     <span class='ocr_line' id='line_1_69' title="bbox 2238 2426 3812 2498; baseline -0.001 -18"><span class='ocrx_word' id='word_1_521' title='bbox 2238 2427 2404 2490; x_wconf 85' lang='grc' dir='ltr'>σικῶς</span> <span class='ocrx_word' id='word_1_522' title='bbox 2433 2426 2492 2493; x_wconf 80' lang='grc' dir='ltr'>ἐξ</span> <span class='ocrx_word' id='word_1_523' title='bbox 2525 2426 2694 2496; x_wconf 85' lang='grc' dir='ltr'>αύτῆς</span> <span class='ocrx_word' id='word_1_524' title='bbox 2716 2469 2730 2492; x_wconf 95' lang='grc'><strong>,</strong></span> <span class='ocrx_word' id='word_1_525' title='bbox 2762 2426 2912 2480; x_wconf 82' lang='grc' dir='ltr'>οὐδὲν</span> <span class='ocrx_word' id='word_1_526' title='bbox 2943 2426 3133 2497; x_wconf 79' lang='grc' dir='ltr'>ἕτερον</span> <span class='ocrx_word' id='word_1_527' title='bbox 3173 2427 3304 2498; x_wconf 85' lang='grc' dir='ltr'>παρ’</span> <span class='ocrx_word' id='word_1_528' title='bbox 3333 2427 3497 2479; x_wconf 81' lang='grc' dir='ltr'>αὑτὸν</span> <span class='ocrx_word' id='word_1_529' title='bbox 3544 2427 3812 2496; x_wconf 75' lang='grc' dir='ltr'>ὑπάρχον,</span> 
     </span>
    </p>
   </div>
   <div class='ocr_carea' id='block_1_70' title="bbox 2235 2517 3818 2587">
    <p class='ocr_par' dir='ltr' id='par_1_70' title="bbox 2235 2517 3818 2587">
     <span class='ocr_line' id='line_1_70' title="bbox 2235 2517 3818 2587; baseline -0.002 -15"><span class='ocrx_word' id='word_1_530' title='bbox 2235 2519 2358 2572; x_wconf 82' lang='grc' dir='ltr'>ὅσον</span> <span class='ocrx_word' id='word_1_531' title='bbox 2387 2521 2465 2582; x_wconf 84' lang='grc' dir='ltr'><strong>εἰς</strong></span> <span class='ocrx_word' id='word_1_532' title='bbox 2493 2519 2797 2587; x_wconf 87' lang='grc' dir='ltr'>ταυτότητα</span> <span class='ocrx_word' id='word_1_533' title='bbox 2826 2517 3042 2586; x_wconf 81' lang='grc' dir='ltr'>φύσεως</span> <span class='ocrx_word' id='word_1_534' title='bbox 3063 2558 3076 2581; x_wconf 92' lang='grc'><strong>,</strong></span> <span class='ocrx_word' id='word_1_535' title='bbox 3107 2519 3157 2570; x_wconf 84' lang='grc' dir='ltr'><strong>εί</strong></span> <span class='ocrx_word' id='word_1_536' title='bbox 3193 2518 3286 2572; x_wconf 74' lang='grc' dir='ltr'><strong>καὶ</strong></span> <span class='ocrx_word' id='word_1_537' title='bbox 3309 2519 3483 2570; x_wconf 87' lang='grc' dir='ltr'>νοοῖτο</span> <span class='ocrx_word' id='word_1_538' title='bbox 3513 2518 3677 2587; x_wconf 86' lang='grc' dir='ltr'>τυχὸν</span> <span class='ocrx_word' id='word_1_539' title='bbox 3702 2518 3818 2570; x_wconf 81' lang='grc' dir='ltr'>ἰδιο-</span> 
     </span>
    </p>
   </div>
   <div class='ocr_carea' id='block_1_71' title="bbox 2237 2607 3815 2680">
    <p class='ocr_par' dir='ltr' id='par_1_71' title="bbox 2237 2607 3815 2680">
     <span class='ocr_line' id='line_1_71' title="bbox 2237 2607 3815 2680; baseline -0.004 -16"><span class='ocrx_word' id='word_1_540' title='bbox 2237 2612 2538 2674; x_wconf 82' lang='grc' dir='ltr'>συστάτως.</span> <span class='ocrx_word' id='word_1_541' title='bbox 2588 2611 2660 2662; x_wconf 87' lang='grc' dir='ltr'>Τὸ</span> <span class='ocrx_word' id='word_1_542' title='bbox 2685 2609 2898 2679; x_wconf 82' lang='grc' dir='ltr'>τοίνυν,</span> <span class='ocrx_word' id='word_1_543' title='bbox 2946 2609 3113 2679; x_wconf 77' lang='grc' dir='ltr'>φησὶ,</span> <span class='ocrx_word' id='word_1_544' title='bbox 3149 2609 3247 2680; x_wconf 85' lang='grc' dir='ltr'>τῆς</span> <span class='ocrx_word' id='word_1_545' title='bbox 3282 2607 3540 2678; x_wconf 88' lang='grc' dir='ltr'>ἀληθείας</span> <span class='ocrx_word' id='word_1_546' title='bbox 3570 2607 3815 2678; x_wconf 85' lang='grc' dir='ltr'>Πνεῦμα,</span> 
     </span>
    </p>
   </div>
   <div class='ocr_carea' id='block_1_72' title="bbox 2239 2698 3817 2776">
    <p class='ocr_par' dir='ltr' id='par_1_72' title="bbox 2239 2698 3817 2776">
     <span class='ocr_line' id='line_1_72' title="bbox 2239 2698 3817 2776; baseline -0.006 -17"><span class='ocrx_word' id='word_1_547' title='bbox 2239 2706 2374 2776; x_wconf 84' lang='grc' dir='ltr'>πρὸς</span> <span class='ocrx_word' id='word_1_548' title='bbox 2401 2705 2528 2774; x_wconf 81' lang='grc' dir='ltr'>ὃλην</span> <span class='ocrx_word' id='word_1_549' title='bbox 2553 2705 2684 2774; x_wconf 86' lang='grc' dir='ltr'>ἡμῖν</span> <span class='ocrx_word' id='word_1_550' title='bbox 2719 2702 3094 2772; x_wconf 85' lang='grc' dir='ltr'>καθηγήσεται</span> <span class='ocrx_word' id='word_1_551' title='bbox 3120 2699 3222 2769; x_wconf 81' lang='grc' dir='ltr'>τῆς</span> <span class='ocrx_word' id='word_1_552' title='bbox 3249 2698 3508 2768; x_wconf 82' lang='grc' dir='ltr'>ἀληθείας</span> <span class='ocrx_word' id='word_1_553' title='bbox 3537 2699 3638 2770; x_wconf 86' lang='grc' dir='ltr'><strong>τὴν</strong></span> <span class='ocrx_word' id='word_1_554' title='bbox 3673 2700 3817 2767; x_wconf 84' lang='grc' dir='ltr'><strong>γνῶ-</strong></span> 
     </span>
    </p>
   </div>
   <div class='ocr_carea' id='block_1_73' title="bbox 2239 2785 3820 2863">
    <p class='ocr_par' dir='ltr' id='par_1_73' title="bbox 2239 2785 3820 2863">
     <span class='ocr_line' id='line_1_73' title="bbox 2239 2785 3820 2863; baseline -0.004 -17"><span class='ocrx_word' id='word_1_555' title='bbox 2239 2809 2342 2846; x_wconf 90' lang='grc' dir='ltr'>σιν.</span> <span class='ocrx_word' id='word_1_556' title='bbox 2403 2793 2488 2855; x_wconf 84' lang='grc' dir='ltr'>Ὠς</span> <span class='ocrx_word' id='word_1_557' title='bbox 2530 2793 2638 2863; x_wconf 86' lang='grc' dir='ltr'>γὰρ</span> <span class='ocrx_word' id='word_1_558' title='bbox 2679 2792 2816 2854; x_wconf 82' lang='grc' dir='ltr'>είδὸς</span> <span class='ocrx_word' id='word_1_559' title='bbox 2863 2789 3105 2861; x_wconf 82' lang='grc' dir='ltr'>ἀκριϐῶς</span> <span class='ocrx_word' id='word_1_560' title='bbox 3147 2788 3585 2860; x_wconf 68' lang='grc' dir='ltr'>τήν,ἀλήθειαν,</span> <span class='ocrx_word' id='word_1_561' title='bbox 3630 2785 3701 2861; x_wconf 82' lang='grc' dir='ltr'>ἦς</span> <span class='ocrx_word' id='word_1_562' title='bbox 3727 2790 3820 2842; x_wconf 80' lang='grc' dir='ltr'>καὶ</span> 
     </span>
    </p>
   </div>
   <div class='ocr_carea' id='block_1_74' title="bbox 2237 2881 3819 2955">
    <p class='ocr_par' dir='ltr' id='par_1_74' title="bbox 2237 2881 3819 2955">
     <span class='ocr_line' id='line_1_74' title="bbox 2237 2881 3819 2955; baseline -0.001 -19"><span class='ocrx_word' id='word_1_563' title='bbox 2237 2885 2462 2955; x_wconf 86' lang='grc' dir='ltr'>Πνεῦμά</span> <span class='ocrx_word' id='word_1_564' title='bbox 2485 2886 2654 2948; x_wconf 84' lang='grc' dir='ltr'>ἐστιν,</span> <span class='ocrx_word' id='word_1_565' title='bbox 2687 2885 2786 2936; x_wconf 82' lang='grc' dir='ltr'><strong>οὐκ</strong></span> <span class='ocrx_word' id='word_1_566' title='bbox 2813 2885 2876 2936; x_wconf 90' lang='grc' dir='ltr'><strong>ἐκ</strong></span> <span class='ocrx_word' id='word_1_567' title='bbox 2915 2883 3114 2953; x_wconf 86' lang='grc' dir='ltr'>μέρους</span> <span class='ocrx_word' id='word_1_568' title='bbox 3137 2882 3308 2952; x_wconf 85' lang='grc' dir='ltr'>αὐτὴν</span> <span class='ocrx_word' id='word_1_569' title='bbox 3333 2881 3676 2951; x_wconf 73' lang='grc' dir='ltr'>ἀποκαλύψει</span> <span class='ocrx_word' id='word_1_570' title='bbox 3707 2885 3819 2945; x_wconf 85' lang='grc' dir='ltr'>τοῖς</span> 
     </span>
    </p>
   </div>
   <div class='ocr_carea' id='block_1_75' title="bbox 2239 2973 3821 3049">
    <p class='ocr_par' dir='ltr' id='par_1_75' title="bbox 2239 2973 3821 3049">
     <span class='ocr_line' id='line_1_75' title="bbox 2239 2973 3821 3049; baseline -0.003 -19"><span class='ocrx_word' id='word_1_571' title='bbox 2239 2978 2552 3049; x_wconf 76' lang='grc' dir='ltr'>σεϐομένοις</span> <span class='ocrx_word' id='word_1_572' title='bbox 2589 2977 2751 3030; x_wconf 84' lang='grc' dir='ltr'>αὑτὸν</span> <span class='ocrx_word' id='word_1_573' title='bbox 2773 3017 2788 3041; x_wconf 91' lang='grc'><strong>,</strong></span> <span class='ocrx_word' id='word_1_574' title='bbox 2815 2975 3033 3048; x_wconf 83' lang='grc' dir='ltr'>ἐνθήσει</span> <span class='ocrx_word' id='word_1_575' title='bbox 3073 2974 3130 3027; x_wconf 81' lang='grc' dir='ltr'>δὲ</span> <span class='ocrx_word' id='word_1_576' title='bbox 3163 2975 3364 3045; x_wconf 82' lang='grc' dir='ltr'>μᾶλλον</span> <span class='ocrx_word' id='word_1_577' title='bbox 3415 2974 3728 3045; x_wconf 82' lang='grc' dir='ltr'>ὁλοκλήρως</span> <span class='ocrx_word' id='word_1_578' title='bbox 3759 2973 3821 3026; x_wconf 85' lang='grc' dir='ltr'><strong>τὸ</strong></span> 
     </span>
    </p>
   </div>
   <div class='ocr_carea' id='block_1_76' title="bbox 2239 3064 3820 3143">
    <p class='ocr_par' dir='ltr' id='par_1_76' title="bbox 2239 3064 3820 3143">
     <span class='ocr_line' id='line_1_76' title="bbox 2239 3064 3820 3143; baseline -0.005 -19"><span class='ocrx_word' id='word_1_579' title='bbox 2239 3073 2366 3143; x_wconf 70' lang='grc' dir='ltr'>περὶ</span> <span class='ocrx_word' id='word_1_580' title='bbox 2399 3072 2569 3141; x_wconf 76' lang='grc' dir='ltr'>αὐτῆς</span> <span class='ocrx_word' id='word_1_581' title='bbox 2604 3069 2922 3140; x_wconf 89' lang='grc' dir='ltr'>μυστήριον.</span> <span class='ocrx_word' id='word_1_582' title='bbox 2970 3069 3034 3121; x_wconf 77' lang='lat' dir='ltr'><strong>Ei.</strong></span> <span class='ocrx_word' id='word_1_583' title='bbox 3082 3067 3191 3138; x_wconf 83' lang='grc' dir='ltr'>γὰρ</span> <span class='ocrx_word' id='word_1_584' title='bbox 3223 3067 3318 3120; x_wconf 72' lang='grc' dir='ltr'><strong>καὶ</strong></span> <span class='ocrx_word' id='word_1_585' title='bbox 3365 3065 3461 3119; x_wconf 88' lang='grc' dir='ltr'><strong>νῦν</strong></span> <span class='ocrx_word' id='word_1_586' title='bbox 3511 3067 3576 3118; x_wconf 79' lang='grc' dir='ltr'><strong>ἐκ</strong></span> <span class='ocrx_word' id='word_1_587' title='bbox 3621 3064 3820 3135; x_wconf 87' lang='grc' dir='ltr'>μέρους</span> 
     </span>
    </p>
   </div>
   <div class='ocr_carea' id='block_1_77' title="bbox 2239 3155 3820 3232">
    <p class='ocr_par' dir='ltr' id='par_1_77' title="bbox 2239 3155 3820 3232">
     <span class='ocr_line' id='line_1_77' title="bbox 2239 3155 3820 3232; baseline -0.006 -16"><span class='ocrx_word' id='word_1_588' title='bbox 2239 3164 2598 3232; x_wconf 86' lang='grc' dir='ltr'>γινώσκομεν,</span> <span class='ocrx_word' id='word_1_589' title='bbox 2628 3162 2702 3225; x_wconf 84' lang='grc' dir='ltr'>ὡς</span> <span class='ocrx_word' id='word_1_590' title='bbox 2734 3164 2762 3214; x_wconf 88' lang='grc' dir='ltr'><strong>ό</strong></span> <span class='ocrx_word' id='word_1_591' title='bbox 2795 3159 3006 3223; x_wconf 85' lang='grc' dir='ltr'>Παῦλός</span> <span class='ocrx_word' id='word_1_592' title='bbox 3043 3176 3207 3229; x_wconf 88' lang='grc' dir='ltr'>φησιν</span> <span class='ocrx_word' id='word_1_593' title='bbox 3226 3202 3241 3226; x_wconf 89' lang='grc'><strong>,</strong></span> <span class='ocrx_word' id='word_1_594' title='bbox 3271 3158 3387 3212; x_wconf 81' lang='grc' dir='ltr'>ἀλλ’</span> <span class='ocrx_word' id='word_1_595' title='bbox 3426 3157 3500 3220; x_wconf 86' lang='grc' dir='ltr'>ὡς</span> <span class='ocrx_word' id='word_1_596' title='bbox 3530 3159 3588 3209; x_wconf 85' lang='grc' dir='ltr'><strong>ἐν</strong></span> <span class='ocrx_word' id='word_1_597' title='bbox 3618 3155 3820 3224; x_wconf 86' lang='grc' dir='ltr'>γνώσει</span> 
     </span>
    </p>
   </div>
   <div class='ocr_carea' id='block_1_78' title="bbox 2243 3248 3823 3326">
    <p class='ocr_par' dir='ltr' id='par_1_78' title="bbox 2243 3248 3823 3326">
     <span class='ocr_line' id='line_1_78' title="bbox 2243 3248 3823 3326; baseline -0.006 -18"><span class='ocrx_word' id='word_1_598' title='bbox 2243 3256 2415 3326; x_wconf 82' lang='grc' dir='ltr'>μικρᾷ</span> <span class='ocrx_word' id='word_1_599' title='bbox 2446 3255 2582 3308; x_wconf 81' lang='grc' dir='ltr'>σῶόν</span> <span class='ocrx_word' id='word_1_600' title='bbox 2627 3271 2686 3306; x_wconf 89' lang='grc' dir='ltr'><strong>τε</strong></span> <span class='ocrx_word' id='word_1_601' title='bbox 2721 3254 2816 3306; x_wconf 78' lang='grc' dir='ltr'><strong>καὶ</strong></span> <span class='ocrx_word' id='word_1_602' title='bbox 2845 3255 3026 3315; x_wconf 83' lang='grc' dir='ltr'>ἀσινὲς</span> <span class='ocrx_word' id='word_1_603' title='bbox 3057 3253 3184 3323; x_wconf 79' lang='grc' dir='ltr'>ἡμῖν</span> <span class='ocrx_word' id='word_1_604' title='bbox 3222 3250 3284 3303; x_wconf 76' lang='grc' dir='ltr'>τὸ</span> <span class='ocrx_word' id='word_1_605' title='bbox 3317 3249 3418 3319; x_wconf 83' lang='grc' dir='ltr'><strong>τῆς</strong></span> <span class='ocrx_word' id='word_1_606' title='bbox 3444 3248 3706 3319; x_wconf 86' lang='grc' dir='ltr'>ἀληθείας</span> <span class='ocrx_word' id='word_1_607' title='bbox 3733 3248 3823 3300; x_wconf 87' lang='grc' dir='ltr'><strong>ὲν-</strong></span> 
     </span>
    </p>
   </div>
   <div class='ocr_carea' id='block_1_79' title="bbox 2238 3338 3820 3422">
    <p class='ocr_par' dir='ltr' id='par_1_79' title="bbox 2238 3338 3820 3422">
     <span class='ocr_line' id='line_1_79' title="bbox 2238 3338 3820 3422; baseline -0.008 -17"><span class='ocrx_word' id='word_1_608' title='bbox 2238 3350 2482 3422; x_wconf 72' lang='grc' dir='ltr'>ήστραψε</span> <span class='ocrx_word' id='word_1_609' title='bbox 2513 3349 2727 3411; x_wconf 83' lang='grc' dir='ltr'>κάλλος.</span> <span class='ocrx_word' id='word_1_610' title='bbox 2773 3347 2983 3416; x_wconf 80' lang='grc' dir='ltr'>’Ὠσπερ</span> <span class='ocrx_word' id='word_1_611' title='bbox 3020 3341 3114 3397; x_wconf 78' lang='grc' dir='ltr'>οὖν</span> <span class='ocrx_word' id='word_1_612' title='bbox 3145 3343 3320 3407; x_wconf 73' lang='grc' dir='ltr'>οὐδεὶς</span> <span class='ocrx_word' id='word_1_613' title='bbox 3351 3338 3459 3396; x_wconf 78' lang='grc' dir='ltr'>οἵδε</span> <span class='ocrx_word' id='word_1_614' title='bbox 3500 3341 3569 3394; x_wconf 79' lang='grc' dir='ltr'><strong>τά</strong></span> <span class='ocrx_word' id='word_1_615' title='bbox 3599 3339 3693 3393; x_wconf 86' lang='grc' dir='ltr'><strong>τοῦ</strong></span> <span class='ocrx_word' id='word_1_616' title='bbox 3726 3341 3820 3392; x_wconf 82' lang='grc' dir='ltr'>ἀν-</span> 
     </span>
    </p>
   </div>
   <div class='ocr_carea' id='block_1_80' title="bbox 2239 3429 3819 3513">
    <p class='ocr_par' dir='ltr' id='par_1_80' title="bbox 2239 3429 3819 3513">
     <span class='ocr_line' id='line_1_80' title="bbox 2239 3429 3819 3513; baseline -0.009 -18"><span class='ocrx_word' id='word_1_617' title='bbox 2239 3441 2490 3513; x_wconf 87' lang='grc' dir='ltr'>θρώπου,</span> <span class='ocrx_word' id='word_1_618' title='bbox 2527 3438 2668 3493; x_wconf 85' lang='grc' dir='ltr'><strong>κατά</strong></span> <span class='ocrx_word' id='word_1_619' title='bbox 2714 3439 2775 3491; x_wconf 73' lang='grc' dir='ltr'>τὸ</span> <span class='ocrx_word' id='word_1_620' title='bbox 2807 3437 3225 3507; x_wconf 86' lang='grc' dir='ltr'>γεγραμμένον,</span> <span class='ocrx_word' id='word_1_621' title='bbox 3276 3436 3325 3487; x_wconf 81' lang='grc' dir='ltr'><strong>εί</strong></span> <span class='ocrx_word' id='word_1_622' title='bbox 3375 3433 3448 3503; x_wconf 84' lang='grc' dir='ltr'>μὴ</span> <span class='ocrx_word' id='word_1_623' title='bbox 3496 3432 3554 3484; x_wconf 86' lang='grc' dir='ltr'>τὸ</span> <span class='ocrx_word' id='word_1_624' title='bbox 3598 3429 3819 3500; x_wconf 80' lang='grc' dir='ltr'>πνεῦμα</span> 
     </span>
    </p>
   </div>
   <div class='ocr_carea' id='block_1_81' title="bbox 2235 3518 3816 3602">
    <p class='ocr_par' dir='ltr' id='par_1_81' title="bbox 2235 3518 3816 3602">
     <span class='ocr_line' id='line_1_81' title="bbox 2235 3518 3816 3602; baseline -0.009 -15"><span class='ocrx_word' id='word_1_625' title='bbox 2235 3533 2330 3587; x_wconf 90' lang='grc' dir='ltr'><strong>τοῦ</strong></span> <span class='ocrx_word' id='word_1_626' title='bbox 2363 3531 2651 3602; x_wconf 85' lang='grc' dir='ltr'>ἀνθρώπου</span> <span class='ocrx_word' id='word_1_627' title='bbox 2690 3530 2751 3583; x_wconf 83' lang='grc' dir='ltr'><strong>τὸ</strong></span> <span class='ocrx_word' id='word_1_628' title='bbox 2783 3532 2840 3582; x_wconf 84' lang='grc' dir='ltr'><strong>ἐν</strong></span> <span class='ocrx_word' id='word_1_629' title='bbox 2869 3528 3020 3599; x_wconf 87' lang='grc' dir='ltr'>αύτῷ</span> <span class='ocrx_word' id='word_1_630' title='bbox 3041 3545 3052 3556; x_wconf 89' lang='grc'>·</span> <span class='ocrx_word' id='word_1_631' title='bbox 3101 3526 3244 3580; x_wconf 86' lang='grc' dir='ltr'><strong>κατά</strong></span> <span class='ocrx_word' id='word_1_632' title='bbox 3289 3525 3380 3578; x_wconf 81' lang='grc' dir='ltr'><strong>τὸν</strong></span> <span class='ocrx_word' id='word_1_633' title='bbox 3403 3523 3598 3587; x_wconf 79' lang='grc' dir='ltr'>αὐτὸν,</span> <span class='ocrx_word' id='word_1_634' title='bbox 3638 3518 3816 3592; x_wconf 82' lang='grc' dir='ltr'>οἶμαι,</span> 
     </span>
    </p>
   </div>
   <div class='ocr_carea' id='block_1_82' title="bbox 2235 3615 3819 3698">
    <p class='ocr_par' dir='ltr' id='par_1_82' title="bbox 2235 3615 3819 3698">
     <span class='ocr_line' id='line_1_82' title="bbox 2235 3615 3819 3698; baseline -0.008 -19"><span class='ocrx_word' id='word_1_635' title='bbox 2235 3623 2434 3698; x_wconf 82' lang='grc' dir='ltr'>τρόπον</span> <span class='ocrx_word' id='word_1_636' title='bbox 2457 3665 2472 3689; x_wconf 92' lang='grc'><strong>,</strong></span> <span class='ocrx_word' id='word_1_637' title='bbox 2505 3624 2706 3695; x_wconf 81' lang='grc' dir='ltr'>μᾶλλον</span> <span class='ocrx_word' id='word_1_638' title='bbox 2739 3623 2796 3674; x_wconf 85' lang='grc' dir='ltr'>δὲ</span> <span class='ocrx_word' id='word_1_639' title='bbox 2826 3619 2966 3674; x_wconf 86' lang='grc' dir='ltr'>κατὰ</span> <span class='ocrx_word' id='word_1_640' title='bbox 2990 3619 3088 3690; x_wconf 80' lang='grc' dir='ltr'>τὴν</span> <span class='ocrx_word' id='word_1_641' title='bbox 3113 3618 3204 3672; x_wconf 87' lang='grc' dir='ltr'><strong>τοῦ</strong></span> <span class='ocrx_word' id='word_1_642' title='bbox 3232 3617 3444 3670; x_wconf 84' lang='grc' dir='ltr'>Παύλου</span> <span class='ocrx_word' id='word_1_643' title='bbox 3475 3615 3659 3685; x_wconf 83' lang='grc' dir='ltr'>φωνὴν</span> <span class='ocrx_word' id='word_1_644' title='bbox 3677 3655 3693 3678; x_wconf 89' lang='grc'><strong>,</strong></span> <span class='ocrx_word' id='word_1_645' title='bbox 3728 3616 3819 3667; x_wconf 84' lang='grc' dir='ltr'>ού-</span> 
     </span>
    </p>
   </div>
   <div class='ocr_carea' id='block_1_83' title="bbox 2234 3705 3819 3782">
    <p class='ocr_par' dir='ltr' id='par_1_83' title="bbox 2234 3705 3819 3782">
     <span class='ocr_line' id='line_1_83' title="bbox 2234 3705 3819 3782; baseline -0.008 -12"><span class='ocrx_word' id='word_1_646' title='bbox 2234 3718 2344 3780; x_wconf 75' lang='grc' dir='ltr'>δεὶς</span> <span class='ocrx_word' id='word_1_647' title='bbox 2369 3712 2478 3769; x_wconf 84' lang='grc' dir='ltr'>οἶδε</span> <span class='ocrx_word' id='word_1_648' title='bbox 2508 3715 2578 3768; x_wconf 88' lang='grc' dir='ltr'><strong>τά</strong></span> <span class='ocrx_word' id='word_1_649' title='bbox 2601 3713 2696 3768; x_wconf 91' lang='grc' dir='ltr'><strong>τοῦ</strong></span> <span class='ocrx_word' id='word_1_650' title='bbox 2723 3711 2858 3766; x_wconf 90' lang='grc' dir='ltr'>Θεοῦ</span> <span class='ocrx_word' id='word_1_651' title='bbox 2879 3753 2894 3778; x_wconf 94' lang='grc'><strong>,</strong></span> <span class='ocrx_word' id='word_1_652' title='bbox 2948 3715 2997 3765; x_wconf 84' lang='grc' dir='ltr'><strong>εί</strong></span> <span class='ocrx_word' id='word_1_653' title='bbox 3031 3711 3106 3782; x_wconf 84' lang='grc' dir='ltr'>μὴ</span> <span class='ocrx_word' id='word_1_654' title='bbox 3124 3710 3185 3764; x_wconf 83' lang='grc' dir='ltr'>τὸ</span> <span class='ocrx_word' id='word_1_655' title='bbox 3213 3709 3440 3780; x_wconf 86' lang='grc' dir='ltr'>Πνεῦμα</span> <span class='ocrx_word' id='word_1_656' title='bbox 3463 3706 3555 3760; x_wconf 88' lang='grc' dir='ltr'><strong>τοῦ</strong></span> <span class='ocrx_word' id='word_1_657' title='bbox 3585 3705 3728 3760; x_wconf 85' lang='grc' dir='ltr'>Θεοῦ</span> <span class='ocrx_word' id='word_1_658' title='bbox 3756 3705 3819 3758; x_wconf 79' lang='grc' dir='ltr'>τὸ</span> 
     </span>
    </p>
   </div>
   <div class='ocr_carea' id='block_1_84' title="bbox 2234 3795 3818 3874">
    <p class='ocr_par' dir='ltr' id='par_1_84' title="bbox 2234 3795 3818 3874">
     <span class='ocr_line' id='line_1_84' title="bbox 2234 3795 3818 3874; baseline -0.008 -15"><span class='ocrx_word' id='word_1_659' title='bbox 2234 3808 2292 3859; x_wconf 87' lang='grc' dir='ltr'><strong>ἐν</strong></span> <span class='ocrx_word' id='word_1_660' title='bbox 2318 3803 2486 3874; x_wconf 85' lang='grc' dir='ltr'>αὐτῷ.</span> <span class='ocrx_word' id='word_1_661' title='bbox 2519 3805 2687 3856; x_wconf 88' lang='grc' dir='ltr'>Ὅταν</span> <span class='ocrx_word' id='word_1_662' title='bbox 2709 3797 2801 3856; x_wconf 85' lang='grc' dir='ltr'><strong>οῦν</strong></span> <span class='ocrx_word' id='word_1_663' title='bbox 2832 3801 2982 3873; x_wconf 73' lang='grc' dir='ltr'>ἔλθῃ,</span> <span class='ocrx_word' id='word_1_664' title='bbox 3015 3802 3203 3871; x_wconf 76' lang='grc' dir='ltr'>φησὶν,</span> <span class='ocrx_word' id='word_1_665' title='bbox 3229 3799 3290 3851; x_wconf 83' lang='grc' dir='ltr'>οὺ</span> <span class='ocrx_word' id='word_1_666' title='bbox 3311 3798 3536 3866; x_wconf 85' lang='grc' dir='ltr'>λαλήσει</span> <span class='ocrx_word' id='word_1_667' title='bbox 3566 3795 3662 3864; x_wconf 80' lang='grc' dir='ltr'><strong>ἀφ’</strong></span> <span class='ocrx_word' id='word_1_668' title='bbox 3687 3796 3818 3848; x_wconf 83' lang='grc' dir='ltr'>ἐαυ-</span> 
     </span>
    </p>
   </div>
   <div class='ocr_carea' id='block_1_85' title="bbox 2232 3887 3815 3962">
    <p class='ocr_par' dir='ltr' id='par_1_85' title="bbox 2232 3887 3815 3962">
     <span class='ocr_line' id='line_1_85' title="bbox 2232 3887 3815 3962; baseline -0.009 -11"><span class='ocrx_word' id='word_1_669' title='bbox 2232 3899 2324 3951; x_wconf 88' lang='grc' dir='ltr'><strong>τοῦ</strong></span> <span class='ocrx_word' id='word_1_670' title='bbox 2354 3898 2504 3951; x_wconf 82' lang='grc' dir='ltr'>οὐδὲν</span> <span class='ocrx_word' id='word_1_671' title='bbox 2523 3937 2538 3960; x_wconf 96' lang='grc'><strong>,</strong></span> <span class='ocrx_word' id='word_1_672' title='bbox 2567 3897 2688 3950; x_wconf 56' lang='grc' dir='ltr'><strong>ἀντὶ⁷</strong></span> <span class='ocrx_word' id='word_1_673' title='bbox 2713 3894 2810 3948; x_wconf 85' lang='grc' dir='ltr'><strong>τοῦ</strong></span> <span class='ocrx_word' id='word_1_674' title='bbox 2830 3934 2844 3957; x_wconf 89' lang='grc'><strong>,</strong></span> <span class='ocrx_word' id='word_1_675' title='bbox 2877 3896 3110 3947; x_wconf 87' lang='grc' dir='ltr'>συνετιεῖ</span> <span class='ocrx_word' id='word_1_676' title='bbox 3142 3893 3240 3962; x_wconf 81' lang='grc' dir='ltr'><strong>μὲν</strong></span> <span class='ocrx_word' id='word_1_677' title='bbox 3270 3891 3444 3961; x_wconf 83' lang='grc' dir='ltr'>ὑμᾶς,</span> <span class='ocrx_word' id='word_1_678' title='bbox 3476 3889 3570 3941; x_wconf 80' lang='grc' dir='ltr'><strong>καὶ</strong></span> <span class='ocrx_word' id='word_1_679' title='bbox 3598 3887 3661 3940; x_wconf 83' lang='grc' dir='ltr'><strong>τὸ</strong></span> <span class='ocrx_word' id='word_1_680' title='bbox 3686 3887 3815 3955; x_wconf 86' lang='grc' dir='ltr'>περὶ</span> 
     </span>
    </p>
   </div>
   <div class='ocr_carea' id='block_1_86' title="bbox 2231 3974 3814 4059">
    <p class='ocr_par' dir='ltr' id='par_1_86' title="bbox 2231 3974 3814 4059">
     <span class='ocr_line' id='line_1_86' title="bbox 2231 3974 3814 4059; baseline -0.011 -16"><span class='ocrx_word' id='word_1_681' title='bbox 2231 3990 2330 4059; x_wconf 84' lang='grc' dir='ltr'>τῆς</span> <span class='ocrx_word' id='word_1_682' title='bbox 2352 3988 2605 4056; x_wconf 84' lang='grc' dir='ltr'>ἀληθείας</span> <span class='ocrx_word' id='word_1_683' title='bbox 2633 3984 2973 4053; x_wconf 81' lang='grc' dir='ltr'>ἀποκαλύψει</span> <span class='ocrx_word' id='word_1_684' title='bbox 2998 3983 3297 4052; x_wconf 84' lang='grc' dir='ltr'>μυστήριον</span> <span class='ocrx_word' id='word_1_685' title='bbox 3322 3996 3334 4008; x_wconf 84' lang='lat'><strong><em>°</em></strong></span> <span class='ocrx_word' id='word_1_686' title='bbox 3358 3978 3584 4048; x_wconf 85' lang='grc' dir='ltr'>λαλήσει</span> <span class='ocrx_word' id='word_1_687' title='bbox 3620 3994 3682 4044; x_wconf 91' lang='grc' dir='ltr'><strong>γε</strong></span> <span class='ocrx_word' id='word_1_688' title='bbox 3711 3974 3814 4044; x_wconf 76' lang='grc' dir='ltr'>μὴν</span> 
     </span>
    </p>
   </div>
   <div class='ocr_carea' id='block_1_87' title="bbox 2233 4067 3813 4144">
    <p class='ocr_par' dir='ltr' id='par_1_87' title="bbox 2233 4067 3813 4144">
     <span class='ocr_line' id='line_1_87' title="bbox 2233 4067 3813 4144; baseline -0.007 -14"><span class='ocrx_word' id='word_1_689' title='bbox 2233 4078 2511 4140; x_wconf 86' lang='grc' dir='ltr'>παντελῶς</span> <span class='ocrx_word' id='word_1_690' title='bbox 2537 4077 2687 4130; x_wconf 82' lang='grc' dir='ltr'>οὐδὲν</span> <span class='ocrx_word' id='word_1_691' title='bbox 2711 4075 2820 4130; x_wconf 81' lang='grc' dir='ltr'><strong>τῶν</strong></span> <span class='ocrx_word' id='word_1_692' title='bbox 2849 4073 3163 4144; x_wconf 80' lang='grc' dir='ltr'>ἀπᾳδόντων</span> <span class='ocrx_word' id='word_1_693' title='bbox 3193 4071 3338 4141; x_wconf 81' lang='grc' dir='ltr'>ἐμοὶ,</span> <span class='ocrx_word' id='word_1_694' title='bbox 3373 4070 3492 4124; x_wconf 78' lang='grc' dir='ltr'>ἀλλ’</span> <span class='ocrx_word' id='word_1_695' title='bbox 3511 4068 3634 4122; x_wconf 78' lang='grc' dir='ltr'>οὐδὲ</span> <span class='ocrx_word' id='word_1_696' title='bbox 3665 4067 3813 4133; x_wconf 78' lang='grc' dir='ltr'>ξέναν</span> 
     </span>
    </p>
   </div>
   <div class='ocr_carea' id='block_1_88' title="bbox 2233 4157 3812 4240">
    <p class='ocr_par' dir='ltr' id='par_1_88' title="bbox 2233 4157 3812 4240">
     <span class='ocr_line' id='line_1_88' title="bbox 2233 4157 3812 4240; baseline -0.009 -18"><span class='ocrx_word' id='word_1_697' title='bbox 2233 4171 2360 4240; x_wconf 83' lang='grc' dir='ltr'>ὑμῖν</span> <span class='ocrx_word' id='word_1_698' title='bbox 2413 4169 2768 4239; x_wconf 86' lang='grc' dir='ltr'>είσηγήσεται</span> <span class='ocrx_word' id='word_1_699' title='bbox 2837 4165 3083 4237; x_wconf 84' lang='grc' dir='ltr'>μάθημα.</span> <span class='ocrx_word' id='word_1_700' title='bbox 3144 4163 3218 4216; x_wconf 90' lang='grc' dir='ltr'>Ού</span> <span class='ocrx_word' id='word_1_701' title='bbox 3277 4162 3388 4232; x_wconf 86' lang='grc' dir='ltr'>γὰρ</span> <span class='ocrx_word' id='word_1_702' title='bbox 3437 4160 3601 4222; x_wconf 77' lang='grc' dir='ltr'>ἰδίους</span> <span class='ocrx_word' id='word_1_703' title='bbox 3651 4157 3812 4225; x_wconf 83' lang='grc' dir='ltr'>τυχὸν</span> 
     </span>
    </p>
   </div>
   <div class='ocr_carea' id='block_1_89' title="bbox 2232 4247 3811 4331">
    <p class='ocr_par' dir='ltr' id='par_1_89' title="bbox 2232 4247 3811 4331">
     <span class='ocr_line' id='line_1_89' title="bbox 2232 4247 3811 4331; baseline -0.009 -16"><span class='ocrx_word' id='word_1_704' title='bbox 2232 4262 2453 4315; x_wconf 77' lang='grc' dir='ltr'>εἰσοίσει</span> <span class='ocrx_word' id='word_1_705' title='bbox 2481 4262 2679 4331; x_wconf 86' lang='grc' dir='ltr'>νόμους</span> <span class='ocrx_word' id='word_1_706' title='bbox 2697 4301 2711 4324; x_wconf 93' lang='grc'><strong>,</strong></span> <span class='ocrx_word' id='word_1_707' title='bbox 2766 4257 2954 4327; x_wconf 87' lang='grc' dir='ltr'>ἐπειδὴ</span> <span class='ocrx_word' id='word_1_708' title='bbox 2989 4257 3044 4309; x_wconf 84' lang='grc' dir='ltr'><strong>δὲ</strong></span> <span class='ocrx_word' id='word_1_709' title='bbox 3077 4253 3299 4324; x_wconf 86' lang='grc' dir='ltr'>Πνεῦμα</span> <span class='ocrx_word' id='word_1_710' title='bbox 3322 4295 3336 4319; x_wconf 94' lang='grc'><strong>,</strong></span> <span class='ocrx_word' id='word_1_711' title='bbox 3377 4251 3471 4305; x_wconf 76' lang='grc' dir='ltr'>καὶ</span> <span class='ocrx_word' id='word_1_712' title='bbox 3495 4249 3660 4302; x_wconf 79' lang='grc' dir='ltr'>οἱονεὶ</span> <span class='ocrx_word' id='word_1_713' title='bbox 3689 4247 3811 4311; x_wconf 87' lang='grc' dir='ltr'>νοῦς</span> 
     </span>
    </p>
   </div>
   <div class='ocr_carea' id='block_1_90' title="bbox 2231 4340 3812 4425">
    <p class='ocr_par' dir='ltr' id='par_1_90' title="bbox 2231 4340 3812 4425">
     <span class='ocr_line' id='line_1_90' title="bbox 2231 4340 3812 4425; baseline -0.011 -16"><span class='ocrx_word' id='word_1_714' title='bbox 2231 4348 2378 4409; x_wconf 83' lang='grc' dir='ltr'>ἐστιν</span> <span class='ocrx_word' id='word_1_715' title='bbox 2411 4355 2562 4425; x_wconf 82' lang='grc' dir='ltr'>ἐμὸς,</span> <span class='ocrx_word' id='word_1_716' title='bbox 2585 4353 2809 4424; x_wconf 90' lang='grc' dir='ltr'>λαλήσει</span> <span class='ocrx_word' id='word_1_717' title='bbox 2835 4351 2898 4422; x_wconf 83' lang='grc' dir='ltr'><strong>δὴ</strong></span> <span class='ocrx_word' id='word_1_718' title='bbox 2917 4350 3136 4413; x_wconf 83' lang='grc' dir='ltr'>πάντως</span> <span class='ocrx_word' id='word_1_719' title='bbox 3165 4350 3235 4401; x_wconf 86' lang='grc' dir='ltr'><strong>τά</strong></span> <span class='ocrx_word' id='word_1_720' title='bbox 3258 4349 3316 4400; x_wconf 81' lang='grc' dir='ltr'><strong>ἐν</strong></span> <span class='ocrx_word' id='word_1_721' title='bbox 3344 4343 3487 4415; x_wconf 83' lang='grc' dir='ltr'>ἐμοί.</span> <span class='ocrx_word' id='word_1_722' title='bbox 3519 4342 3632 4395; x_wconf 63' lang='lat' dir='ltr'><strong>Kal.</strong></span> <span class='ocrx_word' id='word_1_723' title='bbox 3655 4340 3812 4393; x_wconf 89' lang='grc' dir='ltr'>τοῦτό</span> 
     </span>
    </p>
   </div>
   <div class='ocr_carea' id='block_1_91' title="bbox 2231 4431 3810 4518">
    <p class='ocr_par' dir='ltr' id='par_1_91' title="bbox 2231 4431 3810 4518">
     <span class='ocr_line' id='line_1_91' title="bbox 2231 4431 3810 4518; baseline -0.013 -17"><span class='ocrx_word' id='word_1_724' title='bbox 2231 4465 2395 4518; x_wconf 88' lang='grc' dir='ltr'>φησιν</span> <span class='ocrx_word' id='word_1_725' title='bbox 2415 4449 2442 4500; x_wconf 89' lang='grc' dir='ltr'>ὁ</span> <span class='ocrx_word' id='word_1_726' title='bbox 2464 4445 2674 4516; x_wconf 85' lang='grc' dir='ltr'>Σωτὴρ,</span> <span class='ocrx_word' id='word_1_727' title='bbox 2691 4445 2790 4515; x_wconf 81' lang='grc' dir='ltr'><strong>οὐχ</strong></span> <span class='ocrx_word' id='word_1_728' title='bbox 2807 4445 2894 4496; x_wconf 75' lang='grc' dir='ltr'><strong>ἵνα</strong></span> <span class='ocrx_word' id='word_1_729' title='bbox 2914 4441 3124 4512; x_wconf 84' lang='grc' dir='ltr'>νοῶμεν</span> <span class='ocrx_word' id='word_1_730' title='bbox 3149 4435 3485 4509; x_wconf 79' lang='grc' dir='ltr'>ύπουργικδν</span> <span class='ocrx_word' id='word_1_731' title='bbox 3510 4433 3569 4486; x_wconf 77' lang='grc' dir='ltr'><strong>τὸ</strong></span> <span class='ocrx_word' id='word_1_732' title='bbox 3586 4431 3810 4498; x_wconf 81' lang='grc' dir='ltr'>Πνεῦμα</span> 
     </span>
    </p>
   </div>
   <div class='ocr_carea' id='block_1_92' title="bbox 552 4523 2132 4618">
    <p class='ocr_par' dir='ltr' id='par_1_92' title="bbox 552 4523 2121 4606">
     <span class='ocr_line' id='line_1_92' title="bbox 552 4523 2121 4606; baseline 0.013 -34"><span class='ocrx_word' id='word_1_733' title='bbox 552 4526 608 4572; x_wconf 93' lang='lat' dir='ltr'><strong>et</strong></span> <span class='ocrx_word' id='word_1_734' title='bbox 639 4534 811 4574; x_wconf 89' lang='lat' dir='ltr'><strong>meam</strong></span> <span class='ocrx_word' id='word_1_735' title='bbox 844 4523 1011 4577; x_wconf 89' lang='lat' dir='ltr'><strong>veluti</strong></span> <span class='ocrx_word' id='word_1_736' title='bbox 1045 4534 1282 4582; x_wconf 89' lang='lat' dir='ltr'><strong>mentem</strong></span> <span class='ocrx_word' id='word_1_737' title='bbox 1327 4545 1482 4597; x_wconf 88' lang='lat' dir='ltr'><strong>esse,</strong></span> <span class='ocrx_word' id='word_1_738' title='bbox 1507 4533 1677 4602; x_wconf 86' lang='lat' dir='ltr'><strong>quod</strong></span> <span class='ocrx_word' id='word_1_739' title='bbox 1712 4543 1939 4589; x_wconf 87' lang='lat' dir='ltr'><strong>ventura</strong></span> <span class='ocrx_word' id='word_1_740' title='bbox 1979 4552 2121 4606; x_wconf 73' lang='lat' dir='ltr'><strong>pra:-</strong></span> 
     </span>
    </p>
   </div>
   <div class='ocr_carea' id='block_1_93' title="bbox 2236 4523 3809 4618">
    <p class='ocr_par' dir='ltr' id='par_1_93' title="bbox 2236 4523 3809 4618">
     <span class='ocr_line' id='line_1_93' title="bbox 2236 4523 3809 4618; baseline -0.011 -27"><span class='ocrx_word' id='word_1_741' title='bbox 2236 4539 2291 4592; x_wconf 87' lang='grc' dir='ltr'><strong>τὸ</strong></span> <span class='ocrx_word' id='word_1_742' title='bbox 2320 4540 2508 4606; x_wconf 84' lang='grc' dir='ltr'>ἀγιον,</span> <span class='ocrx_word' id='word_1_743' title='bbox 2551 4535 2696 4589; x_wconf 87' lang='grc' dir='ltr'><strong>κατά</strong></span> <span class='ocrx_word' id='word_1_744' title='bbox 2731 4536 2831 4605; x_wconf 88' lang='grc' dir='ltr'><strong>τήν</strong></span> <span class='ocrx_word' id='word_1_745' title='bbox 2872 4549 3035 4613; x_wconf 69' lang='grc' dir='ltr'>ςτινων</span> <span class='ocrx_word' id='word_1_746' title='bbox 3085 4529 3352 4601; x_wconf 86' lang='grc' dir='ltr'>ἀμαθίαν·</span> <span class='ocrx_word' id='word_1_747' title='bbox 3398 4523 3809 4618; x_wconf 75' lang='grc' dir='ltr'>πληροφορῆσαι</span> 
     </span>
    </p>
   </div>
   <div class='ocr_carea' id='block_1_94' title="bbox 552 4611 2124 4697">
    <p class='ocr_par' dir='ltr' id='par_1_94' title="bbox 552 4611 2124 4697">
     <span class='ocr_line' id='line_1_94' title="bbox 552 4611 2124 4697; baseline 0.015 -35"><span class='ocrx_word' id='word_1_748' title='bbox 552 4611 837 4668; x_wconf 88' lang='lat' dir='ltr'><strong>dieaturus</strong></span> <span class='ocrx_word' id='word_1_749' title='bbox 867 4615 975 4682; x_wconf 91' lang='lat' dir='ltr'><strong>sit,</strong></span> <span class='ocrx_word' id='word_1_750' title='bbox 1010 4633 1120 4672; x_wconf 88' lang='lat' dir='ltr'><strong>non</strong></span> <span class='ocrx_word' id='word_1_751' title='bbox 1169 4636 1330 4676; x_wconf 91' lang='lat' dir='ltr'><strong>secus</strong></span> <span class='ocrx_word' id='word_1_752' title='bbox 1374 4638 1443 4677; x_wconf 89' lang='lat' dir='ltr'><strong>ac</strong></span> <span class='ocrx_word' id='word_1_753' title='bbox 1493 4639 1618 4694; x_wconf 83' lang='lat' dir='ltr'><strong>ego.</strong></span> <span class='ocrx_word' id='word_1_754' title='bbox 1670 4626 1902 4682; x_wconf 70' lang='lat' dir='ltr'><strong>Praedixi</strong></span> <span class='ocrx_word' id='word_1_755' title='bbox 1945 4631 2124 4697; x_wconf 90' lang='lat' dir='ltr'><strong>enim,</strong></span> 
     </span>
    </p>
   </div>
   <div class='ocr_carea' id='block_1_95' title="bbox 2225 4614 3812 4700">
    <p class='ocr_par' dir='ltr' id='par_1_95' title="bbox 2225 4614 3812 4700">
     <span class='ocr_line' id='line_1_95' title="bbox 2225 4614 3812 4700; baseline -0.012 -18"><span class='ocrx_word' id='word_1_756' title='bbox 2225 4629 2281 4682; x_wconf 82' lang='grc' dir='ltr'>δὲ</span> <span class='ocrx_word' id='word_1_757' title='bbox 2328 4629 2525 4700; x_wconf 84' lang='grc' dir='ltr'>μᾶλλον</span> <span class='ocrx_word' id='word_1_758' title='bbox 2573 4626 2836 4698; x_wconf 75' lang='grc' dir='ltr'>ἐθελήσας</span> <span class='ocrx_word' id='word_1_759' title='bbox 2881 4625 3008 4687; x_wconf 85' lang='grc' dir='ltr'>τοὺς</span> <span class='ocrx_word' id='word_1_760' title='bbox 3055 4620 3336 4692; x_wconf 79' lang='grc' dir='ltr'>μαθητὰς,</span> <span class='ocrx_word' id='word_1_761' title='bbox 3388 4614 3463 4682; x_wconf 82' lang='grc' dir='ltr'>ὡς</span> <span class='ocrx_word' id='word_1_762' title='bbox 3493 4618 3592 4686; x_wconf 80' lang='grc' dir='ltr'>οὐχ</span> <span class='ocrx_word' id='word_1_763' title='bbox 3622 4614 3812 4682; x_wconf 76' lang='grc' dir='ltr'>ἕτερον</span> 
     </span>
    </p>
   </div>
   <div class='ocr_carea' id='block_1_96' title="bbox 554 4702 2132 4792">
    <p class='ocr_par' dir='ltr' id='par_1_96' title="bbox 554 4702 2128 4786">
     <span class='ocr_line' id='line_1_96' title="bbox 554 4702 2128 4786; baseline 0.016 -33"><span class='ocrx_word' id='word_1_764' title='bbox 554 4702 682 4757; x_wconf 89' lang='lat' dir='ltr'><strong>licet</strong></span> <span class='ocrx_word' id='word_1_765' title='bbox 721 4705 907 4759; x_wconf 92' lang='lat' dir='ltr'><strong>omnia</strong></span> <span class='ocrx_word' id='word_1_766' title='bbox 955 4707 1172 4765; x_wconf 90' lang='lat' dir='ltr'><strong>discere</strong></span> <span class='ocrx_word' id='word_1_767' title='bbox 1218 4727 1328 4766; x_wconf 92' lang='lat' dir='ltr'><strong>non</strong></span> <span class='ocrx_word' id='word_1_768' title='bbox 1375 4713 1626 4782; x_wconf 87' lang='lat' dir='ltr'><strong>possitis.</strong></span> <span class='ocrx_word' id='word_1_769' title='bbox 1674 4715 1785 4772; x_wconf 87' lang='lat' dir='ltr'><strong>Nec</strong></span> <span class='ocrx_word' id='word_1_770' title='bbox 1832 4720 2014 4786; x_wconf 90' lang='lat' dir='ltr'><strong>enim,</strong></span> <span class='ocrx_word' id='word_1_771' title='bbox 2069 4731 2128 4778; x_wconf 93' lang='lat' dir='ltr'><strong>ut</strong></span> 
     </span>
    </p>
   </div>
   <div class='ocr_carea' id='block_1_97' title="bbox 2236 4702 3812 4792">
    <p class='ocr_par' dir='ltr' id='par_1_97' title="bbox 2236 4707 3812 4792">
     <span class='ocr_line' id='line_1_97' title="bbox 2236 4707 3812 4792; baseline -0.01 -19"><span class='ocrx_word' id='word_1_772' title='bbox 2236 4721 2286 4773; x_wconf 69' lang='grc' dir='ltr'>ὃν</span> <span class='ocrx_word' id='word_1_773' title='bbox 2314 4721 2444 4792; x_wconf 85' lang='grc' dir='ltr'>παρ’</span> <span class='ocrx_word' id='word_1_774' title='bbox 2483 4720 2646 4773; x_wconf 83' lang='grc' dir='ltr'>αὐτὸν</span> <span class='ocrx_word' id='word_1_775' title='bbox 2671 4719 2730 4772; x_wconf 83' lang='grc' dir='ltr'><strong>τὸ</strong></span> <span class='ocrx_word' id='word_1_776' title='bbox 2761 4718 2981 4788; x_wconf 87' lang='grc' dir='ltr'>Πνεῦμα</span> <span class='ocrx_word' id='word_1_777' title='bbox 3009 4715 3196 4777; x_wconf 87' lang='grc' dir='ltr'>αὐτοῦ,</span> <span class='ocrx_word' id='word_1_778' title='bbox 3223 4712 3364 4768; x_wconf 86' lang='grc' dir='ltr'>κατά</span> <span class='ocrx_word' id='word_1_779' title='bbox 3387 4727 3450 4779; x_wconf 91' lang='grc' dir='ltr'><strong>γε</strong></span> <span class='ocrx_word' id='word_1_780' title='bbox 3480 4709 3570 4761; x_wconf 84' lang='grc' dir='ltr'><strong>τὸν</strong></span> <span class='ocrx_word' id='word_1_781' title='bbox 3595 4709 3653 4760; x_wconf 85' lang='grc' dir='ltr'><strong>ἐν</strong></span> <span class='ocrx_word' id='word_1_782' title='bbox 3680 4707 3812 4774; x_wconf 87' lang='grc' dir='ltr'>ὀμο-</span> 
     </span>
    </p>
   </div>
   <div class='ocr_carea' id='block_1_98' title="bbox 549 4789 2132 4884">
    <p class='ocr_par' dir='ltr' id='par_1_98' title="bbox 549 4789 2128 4884">
     <span class='ocr_line' id='line_1_98' title="bbox 549 4789 2128 4884; baseline 0.015 -39"><span class='ocrx_word' id='word_1_783' title='bbox 549 4789 687 4861; x_wconf 79' lang='lat' dir='ltr'><strong>e&#39;go,</strong></span> <span class='ocrx_word' id='word_1_784' title='bbox 722 4804 952 4851; x_wconf 89' lang='lat' dir='ltr'><strong>ventura</strong></span> <span class='ocrx_word' id='word_1_785' title='bbox 988 4801 1342 4868; x_wconf 67' lang='lat' dir='ltr'><strong>praedixerit,</strong></span> <span class='ocrx_word' id='word_1_786' title='bbox 1378 4804 1484 4860; x_wconf 90' lang='lat' dir='ltr'><strong>nisi</strong></span> <span class='ocrx_word' id='word_1_787' title='bbox 1518 4806 1652 4860; x_wconf 90' lang='lat' dir='ltr'><strong>etin</strong></span> <span class='ocrx_word' id='word_1_788' title='bbox 1681 4823 1768 4864; x_wconf 91' lang='lat' dir='ltr'><strong>me</strong></span> <span class='ocrx_word' id='word_1_789' title='bbox 1807 4810 1914 4876; x_wconf 91' lang='lat' dir='ltr'><strong>sit,</strong></span> <span class='ocrx_word' id='word_1_790' title='bbox 1947 4820 2002 4866; x_wconf 92' lang='lat' dir='ltr'><strong>et</strong></span> <span class='ocrx_word' id='word_1_791' title='bbox 2031 4829 2128 4884; x_wconf 89' lang='lat' dir='ltr'><strong>per</strong></span> 
     </span>
    </p>
   </div>
   <div class='ocr_carea' id='block_1_99' title="bbox 2236 4789 3810 4884">
    <p class='ocr_par' dir='ltr' id='par_1_99' title="bbox 2236 4789 3810 4882">
     <span class='ocr_line' id='line_1_99' title="bbox 2236 4789 3810 4882; baseline -0.013 -15"><span class='ocrx_word' id='word_1_792' title='bbox 2236 4789 2498 4882; x_wconf 77' lang='grc' dir='ltr'>)υσιότητι</span> <span class='ocrx_word' id='word_1_793' title='bbox 2545 4811 2738 4880; x_wconf 90' lang='grc' dir='ltr'>λόγον,</span> <span class='ocrx_word' id='word_1_794' title='bbox 2794 4808 2970 4863; x_wconf 90' lang='grc' dir='ltr'>ταῦτα</span> <span class='ocrx_word' id='word_1_795' title='bbox 3027 4807 3091 4878; x_wconf 79' lang='grc' dir='ltr'>δὴ</span> <span class='ocrx_word' id='word_1_796' title='bbox 3137 4806 3354 4868; x_wconf 82' lang='grc' dir='ltr'>πάντως</span> <span class='ocrx_word' id='word_1_797' title='bbox 3405 4801 3657 4869; x_wconf 81' lang='grc' dir='ltr'>λαλήσει,</span> <span class='ocrx_word' id='word_1_798' title='bbox 3713 4793 3810 4848; x_wconf 78' lang='grc' dir='ltr'>καὶ</span> 
     </span>
    </p>
   </div>
   <div class='ocr_carea' id='block_1_100' title="bbox 551 4887 2132 4973">
    <p class='ocr_par' dir='ltr' id='par_1_100' title="bbox 551 4887 2043 4958">
     <span class='ocr_line' id='line_1_100' title="bbox 551 4887 2043 4958; baseline 0.017 -25"><span class='ocrx_word' id='word_1_799' title='bbox 551 4897 638 4936; x_wconf 89' lang='lat' dir='ltr'><strong>me</strong></span> <span class='ocrx_word' id='word_1_800' title='bbox 667 4887 963 4953; x_wconf 89' lang='lat' dir='ltr'><strong>procedat,</strong></span> <span class='ocrx_word' id='word_1_801' title='bbox 989 4895 1045 4942; x_wconf 91' lang='lat' dir='ltr'><strong>et</strong></span> <span class='ocrx_word' id='word_1_802' title='bbox 1073 4889 1318 4958; x_wconf 87' lang='lat' dir='ltr'><strong>ejusdem</strong></span> <span class='ocrx_word' id='word_1_803' title='bbox 1350 4893 1422 4949; x_wconf 91' lang='lat' dir='ltr'><strong>sit</strong></span> <span class='ocrx_word' id='word_1_804' title='bbox 1453 4909 1664 4951; x_wconf 91' lang='lat' dir='ltr'><strong>mecum</strong></span> <span class='ocrx_word' id='word_1_805' title='bbox 1693 4899 2043 4958; x_wconf 67' lang='lat' dir='ltr'><strong>substantiae.</strong></span> 
     </span>
    </p>
   </div>
   <div class='ocr_carea' id='block_1_101' title="bbox 2236 4887 3808 4973">
    <p class='ocr_par' dir='ltr' id='par_1_101' title="bbox 2236 4890 3808 4973">
     <span class='ocr_line' id='line_1_101' title="bbox 2236 4890 3808 4973; baseline -0.015 -16"><span class='ocrx_word' id='word_1_806' title='bbox 2236 4905 2540 4973; x_wconf 64' lang='grc' dir='ltr'>ἐνεργήσει,</span> <span class='ocrx_word' id='word_1_807' title='bbox 2573 4902 2667 4954; x_wconf 77' lang='grc' dir='ltr'><strong>καὶ</strong></span> <span class='ocrx_word' id='word_1_808' title='bbox 2707 4899 3046 4970; x_wconf 85' lang='grc' dir='ltr'>βουλήσεται.</span> <span class='ocrx_word' id='word_1_809' title='bbox 3072 4896 3170 4950; x_wconf 79' lang='grc' dir='ltr'>Διά</span> <span class='ocrx_word' id='word_1_810' title='bbox 3200 4895 3308 4965; x_wconf 85' lang='grc' dir='ltr'>γάρ</span> <span class='ocrx_word' id='word_1_811' title='bbox 3339 4909 3420 4944; x_wconf 89' lang='grc' dir='ltr'><strong>τοι</strong></span> <span class='ocrx_word' id='word_1_812' title='bbox 3446 4890 3606 4943; x_wconf 87' lang='grc' dir='ltr'>τοῦτο</span> <span class='ocrx_word' id='word_1_813' title='bbox 3638 4901 3808 4956; x_wconf 87' lang='grc' dir='ltr'>προσ-</span> 
     </span>
    </p>
   </div>
   <div class='ocr_carea' id='block_1_102' title="bbox 549 4971 3809 5064">
    <p class='ocr_par' dir='ltr' id='par_1_102' title="bbox 549 4971 3809 5064">
     <span class='ocr_line' id='line_1_102' title="bbox 549 4971 3809 5064; baseline 0.006 -42"><span class='ocrx_word' id='word_1_814' title='bbox 549 4971 824 5036; x_wconf 81' lang='grc' dir='ltr'>τέθεικεν,</span> <span class='ocrx_word' id='word_1_815' title='bbox 859 4976 938 5029; x_wconf 85' lang='grc' dir='ltr'>ὃτι</span> <span class='ocrx_word' id='word_1_816' title='bbox 979 4995 997 5027; x_wconf 83' lang='grc' dir='ltr'><strong>ι</strong></span> <span class='ocrx_word' id='word_1_817' title='bbox 1039 4979 1149 5031; x_wconf 76' lang='grc' dir='ltr'>Καὶ</span> <span class='ocrx_word' id='word_1_818' title='bbox 1183 4979 1254 5032; x_wconf 78' lang='grc' dir='ltr'>τὰ</span> <span class='ocrx_word' id='word_1_819' title='bbox 1286 4981 1558 5051; x_wconf 74' lang='grc' dir='ltr'>ἐρχόμενα</span> <span class='ocrx_word' id='word_1_820' title='bbox 1586 4986 1878 5056; x_wconf 89' lang='grc' dir='ltr'>ἀναγγελεῖ</span> <span class='ocrx_word' id='word_1_821' title='bbox 1903 4991 2056 5061; x_wconf 85' lang='grc' dir='ltr'>ὑμῖν,</span> <span class='ocrx_word' id='word_1_822' title='bbox 2091 5013 2108 5045; x_wconf 72' lang='grc' dir='ltr'><strong>ι</strong></span> <span class='ocrx_word' id='word_1_823' title='bbox 2158 4971 2443 5064; x_wconf 70' lang='grc' dir='ltr'>μονονουχὶ</span> <span class='ocrx_word' id='word_1_824' title='bbox 2471 4991 2647 5058; x_wconf 85' lang='grc' dir='ltr'>λέγων</span> <span class='ocrx_word' id='word_1_825' title='bbox 2668 5006 2682 5020; x_wconf 77' lang='grc' dir='ltr'><strong><em>ο</em></strong></span> <span class='ocrx_word' id='word_1_826' title='bbox 2734 4989 2963 5058; x_wconf 78' lang='grc' dir='ltr'>Σημεῖόν</span> <span class='ocrx_word' id='word_1_827' title='bbox 2993 4986 3158 5038; x_wconf 78' lang='grc' dir='ltr'>τοῦτο</span> <span class='ocrx_word' id='word_1_828' title='bbox 3182 4984 3334 5036; x_wconf 84' lang='grc' dir='ltr'>έσται</span> <span class='ocrx_word' id='word_1_829' title='bbox 3360 4983 3489 5051; x_wconf 88' lang='grc' dir='ltr'>ύμῖν</span> <span class='ocrx_word' id='word_1_830' title='bbox 3513 5018 3527 5042; x_wconf 88' lang='grc'><strong>,</strong></span> <span class='ocrx_word' id='word_1_831' title='bbox 3597 4978 3678 5029; x_wconf 83' lang='grc' dir='ltr'>ὅτι</span> <span class='ocrx_word' id='word_1_832' title='bbox 3743 4974 3809 5043; x_wconf 72' lang='grc' dir='ltr'><strong>δὴ</strong></span> 
     </span>
    </p>
   </div>
   <div class='ocr_carea' id='block_1_103' title="bbox 552 5063 3807 5154">
    <p class='ocr_par' dir='ltr' id='par_1_103' title="bbox 552 5063 3807 5154">
     <span class='ocr_line' id='line_1_103' title="bbox 552 5063 3807 5154; baseline 0.006 -40"><span class='ocrx_word' id='word_1_833' title='bbox 552 5063 766 5129; x_wconf 79' lang='grc' dir='ltr'>πάντως</span> <span class='ocrx_word' id='word_1_834' title='bbox 810 5069 874 5120; x_wconf 91' lang='grc' dir='ltr'><strong>ἐκ</strong></span> <span class='ocrx_word' id='word_1_835' title='bbox 912 5073 1012 5140; x_wconf 78' lang='grc' dir='ltr'><strong>τῆς</strong></span> <span class='ocrx_word' id='word_1_836' title='bbox 1051 5073 1189 5142; x_wconf 79' lang='grc' dir='ltr'>ἐμῆς</span> <span class='ocrx_word' id='word_1_837' title='bbox 1227 5073 1414 5137; x_wconf 80' lang='grc' dir='ltr'>οὐσίας</span> <span class='ocrx_word' id='word_1_838' title='bbox 1460 5075 1520 5128; x_wconf 81' lang='grc' dir='ltr'>τὸ</span> <span class='ocrx_word' id='word_1_839' title='bbox 1565 5079 1786 5150; x_wconf 84' lang='grc' dir='ltr'>Πνεῦμά</span> <span class='ocrx_word' id='word_1_840' title='bbox 1821 5085 1967 5146; x_wconf 85' lang='grc' dir='ltr'>ἐστι,</span> <span class='ocrx_word' id='word_1_841' title='bbox 2013 5086 2105 5136; x_wconf 76' lang='grc' dir='ltr'><strong>καὶ</strong></span> <span class='ocrx_word' id='word_1_842' title='bbox 2142 5063 2254 5138; x_wconf 76' lang='grc' dir='ltr'>οἷον</span> <span class='ocrx_word' id='word_1_843' title='bbox 2288 5085 2418 5154; x_wconf 81' lang='grc' dir='ltr'>ἐμός</span> <span class='ocrx_word' id='word_1_844' title='bbox 2440 5084 2557 5134; x_wconf 75' lang='grc' dir='ltr'>ἐστι</span> <span class='ocrx_word' id='word_1_845' title='bbox 2595 5080 2739 5142; x_wconf 89' lang='grc' dir='ltr'>νοῦς,</span> <span class='ocrx_word' id='word_1_846' title='bbox 2770 5080 2830 5131; x_wconf 88' lang='grc' dir='ltr'><strong>τὸ</strong></span> <span class='ocrx_word' id='word_1_847' title='bbox 2857 5080 3004 5148; x_wconf 80' lang='grc' dir='ltr'>ἐρεῖν</span> <span class='ocrx_word' id='word_1_848' title='bbox 3035 5076 3195 5130; x_wconf 83' lang='grc' dir='ltr'>αὐτὸν</span> <span class='ocrx_word' id='word_1_849' title='bbox 3242 5076 3310 5128; x_wconf 86' lang='grc' dir='ltr'>τὰ</span> <span class='ocrx_word' id='word_1_850' title='bbox 3356 5073 3608 5141; x_wconf 61' lang='grc' dir='ltr'>ἐσόμενα,</span> <span class='ocrx_word' id='word_1_851' title='bbox 3635 5066 3807 5120; x_wconf 77' lang='grc' dir='ltr'>καθά·</span> 
     </span>
    </p>
   </div>
   <div class='ocr_carea' id='block_1_104' title="bbox 547 5157 3805 5247">
    <p class='ocr_par' dir='ltr' id='par_1_104' title="bbox 547 5157 3805 5247">
     <span class='ocr_line' id='line_1_104' title="bbox 547 5157 3805 5247; baseline 0 -27"><span class='ocrx_word' id='word_1_852' title='bbox 547 5172 651 5228; x_wconf 78' lang='grc' dir='ltr'><strong>περ</strong></span> <span class='ocrx_word' id='word_1_853' title='bbox 684 5159 812 5220; x_wconf 66' lang='grc' dir='ltr'>ἐγώ.</span> <span class='ocrx_word' id='word_1_854' title='bbox 841 5163 1150 5235; x_wconf 82' lang='grc' dir='ltr'>Προείρηκα</span> <span class='ocrx_word' id='word_1_855' title='bbox 1180 5165 1320 5238; x_wconf 77' lang='grc' dir='ltr'>γὰρ,</span> <span class='ocrx_word' id='word_1_856' title='bbox 1371 5171 1418 5222; x_wconf 80' lang='grc' dir='ltr'>εἰ</span> <span class='ocrx_word' id='word_1_857' title='bbox 1445 5170 1538 5224; x_wconf 77' lang='grc' dir='ltr'>καὶ</span> <span class='ocrx_word' id='word_1_858' title='bbox 1573 5172 1646 5242; x_wconf 83' lang='grc' dir='ltr'>μὴ</span> <span class='ocrx_word' id='word_1_859' title='bbox 1679 5173 1906 5243; x_wconf 88' lang='grc' dir='ltr'>δύνησθε</span> <span class='ocrx_word' id='word_1_860' title='bbox 1933 5176 2108 5230; x_wconf 80' lang='grc' dir='ltr'>πάντα</span> <span class='ocrx_word' id='word_1_861' title='bbox 2151 5177 2362 5247; x_wconf 85' lang='grc' dir='ltr'>μαθεῖν.</span> <span class='ocrx_word' id='word_1_862' title='bbox 2429 5175 2541 5228; x_wconf 78' lang='grc' dir='ltr'>Οὐκ</span> <span class='ocrx_word' id='word_1_863' title='bbox 2592 5173 2658 5226; x_wconf 85' lang='grc' dir='ltr'>ἂν</span> <span class='ocrx_word' id='word_1_864' title='bbox 2699 5168 2792 5224; x_wconf 79' lang='grc' dir='ltr'><strong>οὖν</strong></span> <span class='ocrx_word' id='word_1_865' title='bbox 2822 5170 2952 5240; x_wconf 83' lang='grc' dir='ltr'>ἄρα,</span> <span class='ocrx_word' id='word_1_866' title='bbox 2999 5168 3249 5239; x_wconf 83' lang='grc' dir='ltr'>καθάπερ</span> <span class='ocrx_word' id='word_1_867' title='bbox 3294 5166 3424 5234; x_wconf 85' lang='grc' dir='ltr'>ἐγὼ,</span> <span class='ocrx_word' id='word_1_868' title='bbox 3476 5161 3698 5233; x_wconf 84' lang='grc' dir='ltr'>προερεῖ</span> <span class='ocrx_word' id='word_1_869' title='bbox 3735 5157 3805 5210; x_wconf 64' lang='grc' dir='ltr'><strong>τά</strong></span> 
     </span>
    </p>
   </div>
   <div class='ocr_carea' id='block_1_105' title="bbox 547 5251 3724 5338">
    <p class='ocr_par' dir='ltr' id='par_1_105' title="bbox 547 5251 3724 5338">
     <span class='ocr_line' id='line_1_105' title="bbox 547 5251 3724 5338; baseline 0.003 -37"><span class='ocrx_word' id='word_1_870' title='bbox 547 5251 810 5319; x_wconf 79' lang='grc' dir='ltr'>ἐσόμενα,</span> <span class='ocrx_word' id='word_1_871' title='bbox 869 5255 942 5324; x_wconf 89' lang='grc' dir='ltr'>μὴ</span> <span class='ocrx_word' id='word_1_872' title='bbox 975 5258 1094 5327; x_wconf 73' lang='grc' dir='ltr'>οὐχὶ</span> <span class='ocrx_word' id='word_1_873' title='bbox 1126 5259 1341 5324; x_wconf 86' lang='grc' dir='ltr'>πάντως</span> <span class='ocrx_word' id='word_1_874' title='bbox 1371 5262 1427 5316; x_wconf 86' lang='grc' dir='ltr'>ὲν</span> <span class='ocrx_word' id='word_1_875' title='bbox 1459 5264 1580 5332; x_wconf 76' lang='grc' dir='ltr'>ἐμοί</span> <span class='ocrx_word' id='word_1_876' title='bbox 1606 5281 1664 5316; x_wconf 93' lang='grc' dir='ltr'><strong>τε</strong></span> <span class='ocrx_word' id='word_1_877' title='bbox 1693 5265 1934 5336; x_wconf 81' lang='grc' dir='ltr'>ὑπάρχον</span> <span class='ocrx_word' id='word_1_878' title='bbox 1955 5308 1968 5331; x_wconf 87' lang='grc'><strong>,</strong></span> <span class='ocrx_word' id='word_1_879' title='bbox 2021 5267 2114 5321; x_wconf 78' lang='grc' dir='ltr'><strong>καὶ</strong></span> <span class='ocrx_word' id='word_1_880' title='bbox 2147 5268 2214 5321; x_wconf 79' lang='grc' dir='ltr'>δι’</span> <span class='ocrx_word' id='word_1_881' title='bbox 2241 5267 2374 5338; x_wconf 87' lang='grc' dir='ltr'>ἐμοῦ</span> <span class='ocrx_word' id='word_1_882' title='bbox 2416 5266 2626 5336; x_wconf 71' lang='grc' dir='ltr'>προϊὸν,</span> <span class='ocrx_word' id='word_1_883' title='bbox 2658 5265 2749 5316; x_wconf 75' lang='grc' dir='ltr'><strong>καὶ</strong></span> <span class='ocrx_word' id='word_1_884' title='bbox 2768 5263 2866 5331; x_wconf 85' lang='grc' dir='ltr'><strong>τῆς</strong></span> <span class='ocrx_word' id='word_1_885' title='bbox 2899 5261 3068 5332; x_wconf 83' lang='grc' dir='ltr'>αὐτῆς</span> <span class='ocrx_word' id='word_1_886' title='bbox 3093 5260 3281 5323; x_wconf 72' lang='grc' dir='ltr'>οὐσίας</span> <span class='ocrx_word' id='word_1_887' title='bbox 3305 5257 3548 5328; x_wconf 82' lang='grc' dir='ltr'>ὑπάρχον</span> <span class='ocrx_word' id='word_1_888' title='bbox 3577 5252 3724 5326; x_wconf 68' lang='grc' dir='ltr'>ἐμοί.</span> 
     </span>
    </p>
   </div>
   <div class='ocr_carea' id='block_1_106' title="bbox 624 5420 2132 5502">
    <p class='ocr_par' dir='ltr' id='par_1_106' title="bbox 624 5420 2132 5499">
     <span class='ocr_line' id='line_1_106' title="bbox 624 5420 2132 5499; baseline 0.011 -25"><span class='ocrx_word' id='word_1_889' title='bbox 624 5420 702 5472; x_wconf 73' lang='grc' dir='ltr'>σιι</span> <span class='ocrx_word' id='word_1_890' title='bbox 729 5422 856 5478; x_wconf 84' lang='lat' dir='ltr'><strong>Cor.</strong></span> <span class='ocrx_word' id='word_1_891' title='bbox 886 5441 948 5494; x_wconf 88' lang='grc' dir='ltr'><strong>ιι,</strong></span> <span class='ocrx_word' id='word_1_892' title='bbox 979 5427 1070 5482; x_wconf 74' lang='grc' dir='ltr'>ιο.</span> <span class='ocrx_word' id='word_1_893' title='bbox 1143 5431 1370 5486; x_wconf 73' lang='lat' dir='ltr'><strong>“Joan.</strong></span> <span class='ocrx_word' id='word_1_894' title='bbox 1411 5448 1522 5493; x_wconf 81' lang='lat' dir='ltr'><strong>xw,</strong></span> <span class='ocrx_word' id='word_1_895' title='bbox 1557 5433 1608 5485; x_wconf 82' lang='lat'><strong>6.</strong></span> <span class='ocrx_word' id='word_1_896' title='bbox 1691 5434 1735 5463; x_wconf 65' lang='grc'><strong>⁸³</strong></span> <span class='ocrx_word' id='word_1_897' title='bbox 1760 5433 1774 5485; x_wconf 94' lang='lat' dir='ltr'><strong>l</strong></span> <span class='ocrx_word' id='word_1_898' title='bbox 1802 5434 1925 5489; x_wconf 82' lang='lat' dir='ltr'><strong>Cor.</strong></span> <span class='ocrx_word' id='word_1_899' title='bbox 1966 5451 2083 5499; x_wconf 78' lang='lat' dir='ltr'><strong>xm,</strong></span> <span class='ocrx_word' id='word_1_900' title='bbox 2118 5438 2132 5491; x_wconf 75' lang='grc' dir='ltr'><strong>ι</strong></span> 
     </span>
    </p>
   </div>
   <div class='ocr_carea' id='block_1_107' title="bbox 2236 5420 2846 5502">
    <p class='ocr_par' dir='ltr' id='par_1_107' title="bbox 2266 5435 2846 5502">
     <span class='ocr_line' id='line_1_107' title="bbox 2266 5435 2846 5502; baseline -0.002 -13"><span class='ocrx_word' id='word_1_901' title='bbox 2266 5437 2309 5469; x_wconf 66' lang='grc'><strong>⁵⁵</strong></span> <span class='ocrx_word' id='word_1_902' title='bbox 2342 5436 2355 5489; x_wconf 97' lang='grc' dir='ltr'><strong>Ι</strong></span> <span class='ocrx_word' id='word_1_903' title='bbox 2390 5437 2516 5491; x_wconf 88' lang='lat' dir='ltr'><strong>Cor.</strong></span> <span class='ocrx_word' id='word_1_904' title='bbox 2561 5450 2620 5502; x_wconf 87' lang='grc' dir='ltr'><strong>ιι,</strong></span> <span class='ocrx_word' id='word_1_905' title='bbox 2658 5435 2741 5488; x_wconf 85' lang='grc' dir='ltr'><strong>Η.</strong></span> <span class='ocrx_word' id='word_1_906' title='bbox 2837 5472 2846 5479; x_wconf 73' lang='grc' dir='ltr'><strong>ο</strong></span> 
     </span>
    </p>
   </div>
  </div>
