4052 6362
477 371 535 427 Η
1729 364 1904 420 VlTlS
1946 364 2225 420 PA'I‘RUM
2268 365 2471 427 LIBER
2515 365 2604 421 IX.
3676 359 3755 420 li

476 490 637 543 niret.
670 485 933 553 Quoniam
966 492 1142 538 autem
1167 480 1483 551 corporibus
1525 481 1737 551 quidem
1773 488 1985 549 tempus
2012 480 2167 563 affert
2197 480 2489 544 internum,
2523 479 2779 535 inducens
2822 488 3151 536 senectutem
3190 489 3245 536 et
3286 488 3550 545 mortem;
3581 477 3748 534 rebus

410 572 414 575 Ὗ
475 591 653 634 autem
685 587 831 633 recte
861 588 912 632 et
941 592 1007 631 ex
1042 576 1246 630 virtute
1275 574 1441 643 gestis
1470 574 1813 639 oblivionem,
1864 581 1920 626 ut
1965 573 2093 627 tuibi
2135 573 2349 641 quidem
2400 575 2633 637 videtur,
2694 574 2951 640 inferens,
2999 584 3052 629 et
3082 576 3374 631 obscurans
3406 575 3747 637 memoriam,

475 687 635 728 nemo
664 686 760 726 nos
789 669 907 740 jure
938 667 1365 738 reprehendert,
1398 667 1541 737 quod
1570 666 1774 735 piorum
1805 666 2063 730 viroi-um,

2145 669 2325 735 )eiqne
2354 667 2644 720 amantium
2670 666 2792 721 vita:
2818 666 3061 721 instituta
3082 667 3454 739 aggrediamur
3486 670 3745 722 scribere.

475 764 936 835 Quemadmodum
967 762 1110 818 enim
1142 762 1173 815 ii
1205 775 1426 830 quorum
1468 757 1587 812 fidei
1614 767 1696 811 est
1735 757 1933 812 credita
1966 772 2250 825 corporum
2301 758 2527 821 curatio,
2586 757 2972 811 medicamenta
3015 768 3350 825 comparant,
3395 771 3516 810 cum
3562 759 3751 811 morbo

479 860 680 916 bellum
710 864 980 928 gerentes,
1012 862 1067 908 et
1093 854 1156 907 iis
1184 851 1270 922 qui
1290 852 1529 906 laborant
1562 850 1791 906 ferentes
1816 851 2102 913 auxilium;
2137 852 2204 902 ita
2232 849 2418 917 quaein
2452 850 2532 903 his
2554 850 2957 905 conscribendis
2980 851 3191 918 ponitur
3218 851 3495 916 industria,
3522 851 3754 904 efficitur

480 953 643 1009 veluti
672 951 941 1022 quoddam
980 950 1213 1003 salutare
1257 947 1728 1012 medicamentum,
1782 946 1921 1014 quod
1954 945 2209 998 oblivioni
2258 945 2469 1012 quidem
2504 944 2805 1006 insidiatur,
2858 959 3015 1012 Opem
3072 953 3254 997 autem
3306 943 3405 996 fert
3455 957 3749 997 mentorue.

476 1046 757 1115 Quomodo
785 1045 926 1101 enim
954 1058 1060 1100 non
1091 1057 1172 1098 est
1200 1042 1489 1096 absurdum
1516 1049 1574 1094 ut
1602 1048 1772 1109 poetae
1793 1040 2010 1109 quidem
2036 1048 2087 1093 et
2119 1041 2411 1107 scriptores
2439 1056 2501 1094 ea
2529 1043 2875 1096 conscrihant
2904 1055 3025 1109 qua:
3054 1039 3104 1093 in
3133 1040 3272 1093 bello
3298 1038 3505 1092 fortiter
3530 1043 3585 1089 et
3616 1052 3755 1104 prm-

475 1138 623 1193 clare
658 1148 809 1211 gesta
832 1146 986 1202 sunt;
1031 1134 1238 1205 Tragici
1285 1142 1465 1187 autem
1499 1147 1591 1186 eas
1619 1148 1736 1201 qua:
1766 1140 1908 1189 recte
1937 1131 2248 1187 celabantur
2275 1132 2628 1198 calamitates,
2662 1136 2933 1201 tragoediis
2979 1135 3031 1189 in
3062 1135 3330 1202 publicum
3372 1130 3669 1201 proferant,
3700 1138 3756 1184 et

475 1242 659 1282 earum
681 1227 896 1294 scriptis
926 1225 1226 1278 mandatam
1258 1225 1560 1289 relinquant
1591 1223 1901 1276 memoriam
1927 1239 1941 1287 ;
1974 1222 2136 1289 aliqui
2162 1233 2340 1276 autem
2366 1224 2454 1277 alii
2487 1226 2538 1278 in
2568 1226 2848 1279 comoediis
2884 1234 2939 1280 et
2975 1225 3135 1279 rebus
3164 1224 3411 1288 ridiculis,
3436 1229 3757 1276 consumant

478 1331 786 1383 orationes;
822 1332 917 1372 nos
947 1325 1124 1372 autem
1158 1316 1397 1369 sinamus
1428 1330 1522 1369 eos
1546 1315 1690 1375 viros
1734 1314 1865 1368 tradi
1894 1313 2147 1370 oblivioni
2188 1316 2278 1384 qui
2311 1315 2363 1368 in
2395 1331 2620 1383 corpore
2653 1318 2865 1373 utut-tali
2898 1328 2951 1372 et
2975 1318 3176 1385 patibili
3202 1317 3552 1371 ostenderunt
3575 1315 3745 1381 impa-

475 1412 797 1474 tibilitatem,
827 1416 879 1461 et
907 1408 1274 1474 incorpoream
1297 1405 1529 1457 aemulati
1556 1415 1680 1457 Sunt
1706 1404 1988 1458 naturam?
2019 1405 2288 1472 Quasnam
2318 1418 2494 1460 autem
2529 1421 2713 1477 poznas
2756 1426 2859 1463 non
2906 1408 3096 1464 merito
3134 1408 3463 1473 dederimus,
3488 1408 3533 1463 si
3562 1408 3752 1461 borum

474 1486 590 1572 quzc
619 1500 968 1555 admiratione
996 1498 1155 1567 digna
1188 1498 1682 1550 suntcertaminum
1733 1497 1882 1550 nihili
1939 1496 2194 1551 faciamus
2238 1498 2432 1567 negligi
2464 1500 2819 1553 memoriam?
2866 1501 2920 1555 Si
2954 1503 3097 1555 enim
3148 1499 3247 1563 ipsi
3291 1515 3476 1554 eorum
3509 1498 3598 1566 qtti
3626 1498 3753 1551 olim

473 1597 626 1650 fuere
651 1603 955 1647 sanctorum
983 1591 1147 1661 795
1174 1602 1440 1643 summam
1470 1588 1702 1641 aemulati
1737 1588 2158 1656 philosophiam,
2194 1604 2298 1642 non
2328 1603 2435 1644 tere
2474 1598 2529 1644 et
2568 1590 2759 1644 litteris
2794 1590 3006 1645 illorum
3038 1590 3368 1657 insculpsere
3416 1588 3752 1647 memoriam,

473 1689 563 1743 sed
594 1700 805 1739 omnem
834 1698 1018 1737 eorum
1042 1683 1292 1735 virtutem
1324 1681 1715 1749 exprimentes,
1747 1681 2003 1750 quasdam
2049 1696 2235 1735 eorum
2284 1683 2545 1736 animatas
2598 1683 2856 1753 imagines
2908 1693 2962 1738 et
3006 1694 3211 1738 statuas
3241 1688 3449 1753 seipsos
3478 1682 3707 1737 effecere
3733 1697 3747 1746 ;

474 1793 721 1850 quasnam
754 1774 908 1831 nobis
938 1774 1133 1828 merito
1162 1774 1382 1827 daretur
1406 1773 1581 1839 venia,
1630 1772 1677 1827 si
1715 1786 1813 1826 nec
1844 1772 2034 1827 litteris
2060 1774 2273 1842 quidem
2306 1790 2491 1829 eorum
2516 1776 2773 1845 insignem
2799 1778 2959 1830 vitam
2989 1776 3412 1831 honoraremus?
3446 1775 3605 1845 idque
3634 1788 3755 1828 cum

472 1875 689 1931 athleta:
711 1880 765 1927 et
792 1867 1163 1940 pancratiastae
1192 1865 1284 1937 qui
1322 1866 1598 1920 decertant
1640 1866 1689 1919 in
1726 1864 2044 1937 Olympicis,
2082 1869 2413 1923 honorentnr
2444 1872 2659 1935 statuis,
2693 1882 2851 1940 atque
2889 1880 3049 1925 etiam
3092 1878 3143 1926 iu
3171 1887 3431 1942 equorum
3470 1871 3756 1927 curriculis

472 1966 562 2037 qui
594 1964 825 2017 victores
865 1973 985 2013 esse
1014 1957 1260 2011 videntur
1302 1957 1502 2025 aurigae
1536 1956 1677 2011 idem
1708 1958 1986 2027 praemium
2017 1960 2299 2027 accipiant.
2349 1959 2459 2015 Nec
2506 1960 2606 2016 hoc
2632 1963 2830 2027 solum,
2876 1963 2968 2017 sed
3000 1966 3158 2018 etiam
3192 1964 3489 2019 muliebres
3517 1965 3662 2017 viros
3701 1969 3759 2016 et

474 2055 827 2119 effeminatos,
860 2063 915 2109 et
942 2052 1009 2107 de
1037 2052 1227 2122 quibus
1254 2050 1465 2105 dubites
1492 2052 1666 2104 sintne
1699 2051 1795 2105 viri
1825 2066 1890 2103 an
1939 2054 2210 2116 mulieres,
2270 2054 2303 2107 ii
2354 2056 2442 2124 qui
2478 2054 2667 2110 horum
2709 2057 3042 2111 delectantur
3088 2057 3408 2127 spectaculis
3455 2056 3756 2112 inscribunt

474 2153 693 2216 tabulis,
730 2164 918 2205 eorum
948 2147 1260 2202 memoriam
1291 2145 1601 2214 longissimo
1633 2153 1875 2214 tempore
1897 2160 2219 2200 conservare
2240 2148 2659 2209 contendentes;
2692 2150 2813 2203 licet
2851 2150 3110 2204 memoria
3141 2150 3332 2204 animis
3356 2150 3745 2204 detrimentum

473 2243 678 2309 afferat,
704 2257 808 2297 nou
839 2238 1201 2295 commodum.
1229 2236 1338 2293 Sed
1373 2246 1549 2291 tamen
1579 2234 1630 2289 hi
1654 2236 1867 2305 quidem
1906 2236 2002 2289 hos
2024 2250 2270 2291 amantes
2305 2238 2408 2305 his,
2443 2238 2516 2293 illi
2548 2255 2675 2294 vero
2705 2240 2822 2293 illos
2853 2242 2975 2305 illis,
3010 2242 3167 2310 idque
3195 2257 3315 2295 cum
3342 2241 3594 2295 damnum
3626 2239 3757 2296 affe-

478 2346 623 2402 rant,
660 2336 881 2406 picturis
925 2335 1207 2388 honorant.
1244 2330 1311 2382 Et
1340 2329 1588 2397 quoniam
1620 2329 1898 2383 mortalem
1929 2341 2170 2383 naturam
2216 2343 2361 2382 mors
2405 2329 2766 2395 deprmdatur,
2818 2332 3026 2386 colores
3054 2340 3433 2401 temperantes,
3461 2341 3515 2387 et
3541 2330 3756 2387 illorum

473 2428 681 2498 effigies
714 2426 904 2481 tabulis
924 2425 1263 2491 impatientes
1281 2460 1295 2487 ,
1319 2420 1620 2489 excogitant
1649 2420 1908 2473 rationem
1940 2434 2038 2484 qua
2070 2433 2253 2471 eorum
2283 2420 2539 2473 memoria
2566 2420 2632 2473 sit
2662 2421 2767 2473 vita
2799 2422 2952 2490 longe
2978 2423 3301 2476 diuturnior.

547 2518 652 2573 Nos
679 2528 855 2572 autem
896 2517 1183 2571 scribimus
1212 2514 1425 2583 quidem
1454 2516 1615 2566 vitam
1652 2510 2000 2579 philosOphite
2030 2514 2358 2580 magistram,
2379 2522 2432 2565 ct
2452 2528 2566 2594 qua:
2587 2514 2791 2567 imitata
2818 2514 3042 2568 estvita:
3067 2514 3454 2570 institutionem
3482 2530 3599 2585 qua:
3631 2513 3745 2582 agi-

472 2624 560 2669 tur
589 2614 642 2669 in
671 2614 849 2669 caelis.
884 2611 1251 2666 Descrihimus
1280 2619 1456 2662 autem
1490 2622 1592 2660 non
1639 2606 1836 2676 figuras
1875 2605 2283 2660 characteresve
2326 2619 2643 2675 corporum,
2671 2622 2844 2676 neque
2870 2623 2933 2662 ea
2968 2624 3221 2678 expressa
3253 2610 3319 2664 iis
3366 2595 3453 2679 qui
3508 2607 3755 2663 nesciunt

476 2705 843 2766 ostendimus,
875 2703 969 2757 sed
998 2702 1195 2756 formas
1225 2702 1524 2754 animarum
1543 2740 1557 2764 ,
1589 2715 1705 2767 qttze
1737 2699 1835 2752 sub
1865 2707 2139 2767 aspectum
2164 2713 2267 2753 non
2300 2700 2911 2766 caduntadumbratnus,
2935 2710 2986 2755 et
3010 2702 3143 2757 bella
3172 2718 3292 2773 quas
3315 2706 3461 2758 cerni
3494 2719 3598 2757 non
3628 2716 3755 2772 pos-

473 2807 618 2867 sunt,
642 2795 1028 2863 conflictusque
1056 2795 1147 2863 qui
1195 2809 1301 2847 non
1333 2801 1591 2862 apparent
1640 2790 1990 2843 ostendimus.
2016 2790 2132 2843 Tali
2174 2790 2313 2844 enim
2340 2800 2605 2844 armatura
2635 2808 2820 2847 eorum
2852 2793 3132 2864 phalangis
3160 2793 3453 2864 imperatur
3491 2804 3546 2849 et
3575 2796 3625 2848 in
3661 2807 3757 2864 pu-

478 2906 579 2963 gna
607 2893 852 2959 princeps
874 2903 965 2941 eos
990 2888 1184 2942 l’aulus
1213 2885 1385 2939 induit
1416 2902 1429 2937 :
1463 2882 1701 2952 Accipite
1722 2884 1897 2947 enim,
1928 2881 2099 2949 inquit
2123 2925 2136 2944 ,
2168 2891 2488 2936 armaturam
2523 2883 2612 2937 Dei
2637 2923 2650 2947 ,
2684 2893 2740 2938 ut
2797 2886 3011 2952 possitis
3033 2887 3284 2943 resistere
3314 2888 3364 2941 in
3390 2886 3476 2942 die
3508 2887 3669 2953 malo,
3697 2895 3753 2940 et

472 2987 723 3041 omnibus
759 2983 1019 3040 confectis
1046 2992 1191 3036 stare
1224 2979 1443 3051 (Ephes.
1474 2979 1573 3048 vi).
1608 2978 1671 3032 Et
1718 2992 1901 3030 rursus
1935 2993 1947 3028 :
1983 2978 2133 3031 State
2184 2992 2312 3046 ergo
2341 2980 2595 3031 succincti
2630 2978 2841 3033 lumbos
2867 2989 3076 3035 vestros
3109 2982 3159 3033 iu
3204 2979 3431 3034 veritate
3452 3020 3466 3040 ,
3499 2988 3555 3033 et
3584 2978 3755 3034 induti

473 3078 692 3134 loricam
717 3078 957 3149 justitia‘,
990 3085 1043 3130 ct
1070 3072 1288 3129 calceati
1325 3071 1486 3140 pedes
1517 3070 1568 3123 in
1602 3068 1990 3137 praeparatione
2032 3068 2300 3139 Evangelii
2350 3069 2518 3139 pacis,
2553 3070 2605 3124 in
2655 3071 2903 3125 omnibus
2958 3083 3291 3127 assutneutes
3333 3070 3579 3143 clypeum
3610 3072 3755 3137 fidei,

472 3170 527 3225 in
577 3184 682 3239 quo
722 3169 965 3237 poteritis
1015 3165 1192 3221 omnia
1248 3165 1349 3217 tela
1381 3161 1594 3230 ma'igni
1621 3162 1780 3230 ignita
1813 3160 2177 3229 exstinguere.
2214 3163 2278 3215 Et
2321 3164 2525 3231 galeam
2559 3165 2808 3218 salutaris
2856 3166 3084 3233 accipite
3111 3208 3124 3229 ,
3157 3178 3207 3219 et
3230 3166 3461 3233 gladium
3502 3167 3760 3233 Spiritus,

473 3264 612 3332 quod
635 3269 718 3314 est
738 3258 955 3313 verbum
982 3254 1070 3309 Dei
1103 3254 1321 3322 (lbid.).
1358 3254 1466 3307 llac
1495 3252 1744 3321 cntn‘hos
1767 3250 2338 3318 induissetarmatura,
2371 3254 2704 3324 produxitad
2736 3255 3051 3309 certamina.
3073 3256 3218 3309 Talis
3244 3261 3383 3311 enim
3416 3268 3499 3313 est
3529 3257 3762 3313 hostium

474 3369 684 3425 quoque
731 3362 939 3412 natura,
965 3354 1280 3413 incorporea
1308 3388 1322 3410 ,
1350 3347 1568 3398 iniiime
1611 3341 1988 3409 aspectabilis,
2029 3343 2258 3397 obscure
2313 3345 2609 3409 invadens,
2649 3346 2948 3400 clanculum
2993 3346 3283 3412 insidians,
3327 3359 3657 3419 repenteque
3705 3359 3762 3403 'et

475 3455 669 3515 praeter
684 3439 1139 3511 exspectationem
1166 3437 1397 3490 irruens.
1431 3435 1540 3489 lloc
1561 3434 1734 3501 ipsum
1769 3431 1909 3485 idem
1947 3446 2158 3501 quoque
2195 3433 2393 3487 docens
2432 3436 2743 3503 imperator,
2766 3437 3013 3492 dicebat:
3042 3438 3153 3491 Non
3180 3449 3261 3493 est
3287 3440 3437 3493 nobis
3458 3440 3764 3505 colluctatio

476 3538 730 3590 adversus
764 3547 981 3587 carnem
1011 3541 1063 3585 et
1087 3530 1419 3597 sanguinem,
1447 3525 1539 3582 sed
1569 3525 1827 3580 adversus
1857 3523 2127 3594 principes
2173 3535 2226 3578 et
2257 3534 2581 3593 potestates,
2608 3529 2865 3584 adversus
2910 3531 3089 3585 mundi
3133 3543 3389 3596 rectores.
3419 3533 3763 3589 tenebrarum

477 3628 637 3698 lituus
667 3624 844 3679 saeculi
867 3667 881 3691 ,
917 3623 1176 3676 adversus
1200 3619 1455 3688 spiritalia
1498 3615 1747 3686 nequitia:
1776 3615 1828 3667 in
1852 3616 2158 3672 caelestibus
2189 3616 2403 3687 (lbid.).
2429 3617 2536 3673 Sed
2569 3629 2746 3676 tamen
2777 3637 2895 3677 cum
2931 3623 3061 3679 tales
3094 3624 3276 3679 hostes
3310 3626 3527 3682 haberet
3569 3628 3765 3683 borum

477 3730 789 3781 sanctorum
837 3717 1056 3780 classis,
1090 3715 1199 3769 imo
1248 3726 1381 3767 vero
1431 3708 1794 3777 unusquisque
1833 3721 2019 3762 eorum
2062 3724 2092 3762 a
2142 3720 2218 3764 tot
2265 3721 2319 3764 et
2370 3714 2528 3766 tantis
2563 3713 3027 3769 eircttmsideretur
3073 3717 3315 3771 hostibus
3364 3731 3572 3790 (neque
3613 3719 3761 3774 enim

481 3831 671 3872 omnes
701 3814 861 3869 simul
892 3812 1222 3870 invaserunt,
1254 3808 1347 3863 sed
1374 3805 1532 3859 modo
1561 3802 1775 3872 quidem
1804 3800 1922 3865 hos,
1945 3802 2105 3856 modo
2128 3817 2255 3857 vero
2286 3804 2406 3857 illos
2426 3806 2848 3876 adoriebantur),
2874 3817 2980 3860 tam
3006 3808 3315 3877 praeclaram
3343 3811 3574 3865 retulere
3594 3812 3765 3866 victu-

481 3908 653 3971 riam,
690 3914 746 3960 ut
774 3904 1006 3975 fugerint
1033 3903 1246 3973 quidem
1293 3898 1606 3963 adversarii,
1634 3894 1686 3949 hi
1737 3908 1867 3949 vero
1895 3892 1960 3949 iis
2012 3892 2201 3965 fugatis
2242 3910 2305 3951 ac
2356 3899 2645 3969 profligatis
2688 3901 2982 3969 tropltteum
3026 3903 3327 3967 erexeriut,
3359 3918 3478 3957 cum
3523 3903 3654 3960 nihil
3681 3904 3764 3960 eis

478 4002 694 4057 afferret
734 4001 1200 4070 impedimentum.

557 4117 646 4172 Eis
675 4125 851 4171 autem
883 4113 1109 4185 pra'buit
1139 4110 1415 4165 victoriam
1456 4122 1560 4162 non
1591 4120 1801 4171 natura,
1821 4122 1883 4160 ea
1906 4119 2047 4160 enim
2072 4112 2154 4159 est
2179 4104 2435 4170 mortalis,
2468 4114 2525 4160 et
2557 4106 3032 4164 innumerabilibus
3059 4111 3211 4177 plena
3234 4108 3640 4177 affectionibus;
3664 4111 3764 4169 sed

487 4225 638 4269 mens
666 4223 784 4280 qua:
804 4208 1036 4263 divinam
1060 4203 1359 4260 altrahebat
1379 4203 1623 4271 gratiam.
1649 4201 1776 4255 Nam
1808 4215 1929 4253 cum
1991 4198 2185 4251 divina:
2210 4199 2630 4267 pulchritudinis
2653 4212 2830 4256 essent
2879 4202 3132 4256 ardentes
3161 4212 3427 4257 amatores
3446 4243 3460 4267 ,
3488 4214 3542 4257 et
3573 4220 3669 4271 pro
3695 4219 3762 4262 ea

493 4318 653 4374 quam
687 4300 939 4354 amabant
958 4298 1136 4351 omnia
1162 4296 1407 4348 lubenter
1428 4303 1480 4347 et
1502 4307 1661 4359 agere
1679 4299 1734 4345 et
1765 4289 1873 4355 pati
1901 4288 2235 4352 statuissent,
2267 4289 2388 4343 forti
2410 4289 2624 4359 quidem
2663 4302 2717 4344 et
2754 4307 3014 4360 generoso
3052 4293 3231 4345 animo
3257 4295 3493 4347 tulerunt
3522 4294 3764 4349 affectio-

440 4391 445 4395 ’
486 4407 610 4448 num
642 4391 1210 4462 perturbationumque
1238 4386 1503 4454 impetus;
1534 4384 1733 4439 diaboli
1756 4392 1933 4437 autem
1975 4387 2083 4436 telo
2115 4382 2378 4449 procellas
2426 4391 2645 4438 strenue
2673 4384 3011 4452 repulerunt;
3043 4396 3096 4440 et
3139 4395 3195 4440 ut
3238 4386 3412 4441 dicam
3465 4388 3765 4457 aposmlice

488 4482 541 4552 (Ι
565 4484 684 4539 Cor.
716 4483 816 4550 tv),
844 4498 962 4538 cum
1005 4494 1203 4550 corpus
1224 4477 1574 4545 eastigasscnt
1606 4486 1659 4530 et
1707 4477 1757 4530 iu
1801 4462 2113 4529 servitutem
2167 4473 2519 4543 redegissent,
2552 4474 2643 4528 ira:
2671 4476 2882 4544 quidem
2934 4481 3178 4535 ardorem
3234 4480 3574 4544 sedaveruut,
3605 4482 3761 4550 cupi—

490 4572 713 4625 ditatum
748 4581 923 4625 autetn
950 4569 1154 4625 rabiem
1180 4567 1457 4638 quiescere
1495 4577 1787 4641 coegerunt
1815 4564 2141 4635 :jejunando
2183 4571 2361 4616 autem
2412 4574 2464 4618 et
2494 4565 2637 4620 domi
2665 4568 2912 4621 cubando
2942 4572 3131 4639 sapitis
3159 4571 3319 4623 animi
3365 4574 3602 4627 motibus
3622 4615 3638 4640 ,
3666 4589 3756 4629 re-

487 4662 795 4732 pressisque
820 4675 1005 4715 eorum
1032 4656 1498 4724 exSultationibus,
1522 4664 1814 4726 coegerunt
1842 4670 2036 4724 corpus
2066 4651 2235 4710 fmdus
2278 4653 2410 4711 inire
2437 4670 2558 4709 cum
2580 4657 2778 4724 anima,
2804 4669 2856 4713 et
2877 4660 3157 4715 solverunt
3178 4662 3373 4716 bellum
3410 4664 3551 4730 quod
3580 4673 3662 4720 est
3685 4667 3767 4723 eis

482 4772 510 4811 a
537 4765 720 4827 natura
752 4754 990 4809 insitum.
1021 4751 1161 4808 Pace
1183 4761 1360 4807 autem
1389 4751 1467 4805 sic
1496 4753 1634 4804 inter
1658 4764 1719 4804 ea
1745 4747 1873 4803 inita
1904 4793 1923 4817 ,
1948 4762 2161 4805 omnem
2193 4749 2621 4806 adversariorum
2652 4761 2918 4808 catervam
2941 4756 3211 4823 expulere.
3231 4756 3359 4809 Nam
3381 4771 3501 4811 cum
3519 4757 3597 4813 eis
3612 4757 3768 4813 dees-

496 4857 614 4903 sent
643 4848 992 4918 cogitationes
1021 4862 1139 4917 qua:
1170 4846 1376 4901 interna
1407 4844 1715 4914 prodi-rent,
1748 4854 1801 4898 et
1825 4844 2185 4899 membrorum
2216 4844 2566 4899 humanorum
2605 4846 2802 4902 auxilio
2825 4847 3017 4916 privati
3036 4849 3453 4916 essent,bcllare
3476 4865 3580 4904 non
3607 4859 3764 4919 pote-

489 4950 631 4995 rant.
651 4938 797 4994 Telis
818 4938 957 4993 enim
981 4938 1033 4993 in
1056 4953 1153 4993 nos
1182 4937 1422 4992 diabolus
1451 4936 1647 4991 nostris
1670 4936 1926 4992 membris
1959 4935 2160 4991 utitur:
2192 4951 2315 4990 nam
2363 4937 2408 4990 si
2441 4952 2612 5007 neque
2652 4937 2960 4995 inescantur
2977 4943 3138 5007 oculi,
3164 4958 3331 5010 neque
3354 4958 3509 4997 aures
3552 4941 3765 4998 demul-

487 5034 698 5098 centur,
724 5046 895 5101 neque
919 5041 1089 5085 tactus
1114 5029 1262 5085 suavi
1296 5030 1520 5098 quodam
1545 5042 1703 5081 sensu
1729 5027 1995 5096 titillatur,
2021 5042 2197 5097 neque
2217 5029 2380 5099 796
2406 5045 2557 5083 mens
2587 5031 2826 5100 improba
2858 5035 3090 5086 admittit
3117 5037 3361 5098 COIISllIa,
3397 5035 3587 5091 frustra
3617 5036 3767 5092 labo-

483 5132 612 5178 rant
650 5123 736 5192 qui
781 5133 971 5191 parant
1016 5121 1253 5195 insidias.
1287 5120 1568 5189 Quomodo
1613 5119 1759 5173 enim
1804 5119 1989 5176 urbem
2031 5121 2083 5173 in
2133 5118 2239 5173 alto
2268 5120 2694 5191 azdilicatam,et
2725 5126 2914 5179 validis
2955 5128 3364 5198 propugnaculis
3403 5131 3685 5196 munitam,
3711 5139 3769 5186 et

483 5215 760 5284 profundis
789 5214 945 5270 fossis
974 5214 1207 5284 undique
1234 5214 1641 5281 circumdatam,
1674 5214 1850 5269 nullus
1888 5214 2058 5268 hostis
2085 5213 2316 5283 ceperit,
2342 5213 2385 5278 si
2408 5228 2471 5267 ex
2506 5215 2567 5268 iis
2594 5215 2684 5284 qui
2728 5227 2849 5270 sunt
2882 5217 3025 5272 intus
3056 5235 3214 5274 nemo
3262 5220 3451 5288 prodat
3483 5231 3541 5276 et
3579 5231 3775 5293 portas

487 5310 691 5377 aliquas
711 5309 950 5377 aperiat;
981 5309 1051 5361 ita
1083 5306 1195 5362 fieri
1241 5323 1345 5362 non
1376 5317 1548 5377 potest
1586 5315 1641 5362 ut
1680 5308 1954 5362 daemones
1976 5307 2066 5376 qui
2101 5306 2298 5360 bellum
2328 5316 2521 5377 gerunt
2547 5307 2904 5378 extrinsecus,
2926 5323 3176 5377 superent
3205 5315 3437 5367 animam
3460 5316 3765 5381 circumda-

487 5413 595 5459 tam
625 5418 654 5456 a
681 5403 860 5457 divina
889 5403 1077 5471 gratia,
1106 5402 1205 5457 nisi
1231 5400 1565 5470 cogitationis
1586 5402 1809 5471 alicujus
1840 5401 2086 5456 socordia
2108 5437 2129 5466 ,
2160 5407 2464 5453 nostrorum
2494 5415 2747 5455 sensuum
2779 5404 3011 5473 aliquam
3059 5405 3344 5459 fenestram
3374 5409 3679 5476 aperuerit,
3710 5417 3768 5466 et

490 5508 589 5566 per
618 5508 732 5549 eam
776 5494 1049 5551 inimicum
1096 5494 1420 5548 intrinsecus
1448 5493 1742 5549 admiserit.
1779 5493 1904 5547 Ha‘c
1930 5507 2051 5547 cum
2100 5505 2132 5545 a
2159 5490 2340 5545 divina
2372 5491 2647 5561 Scriptura
2673 5507 2859 5563 aperte
2881 5495 3194 5564 didicissent
3216 5499 3249 5553 ii
3275 5514 3498 5567 quorum
3526 5502 3710 5559 Iaudes
3735 5518 3771 5560 a

496 5584 651 5639 tmbis
679 5583 1051 5648 celebrantur,
1084 5593 1138 5639 et
1166 5583 1332 5638 Deum
1371 5581 1951 5638 audiissentdicenfem
1985 5598 2080 5653 per
2107 5582 2419 5651 prophetam
2456 5582 2669 5645 (Jerem.
2702 5586 2779 5646 ιι)
2830 5606 2842 5641 :
2884 5588 3137 5645 Ascendit
3165 5606 3310 5647 mors
3344 5607 3437 5661 per
3483 5594 3767 5664 fenestras,

490 5693 611 5733 cum
636 5678 834 5761 divinis
855 5681 1063 5750 legibus
1081 5690 1329 5749 tanquam
1353 5677 1669 5751 quibusdam
1712 5679 1979 5751 repagulis
2003 5689 2056 5735 et
2084 5682 2327 5736 vectibus
2346 5697 2536 5739 sensus
2557 5685 2895 5761 clausissent,
2928 5694 3093 5747 menti
3114 5694 3296 5750 claves
3314 5709 3499 5755 eorum
3532 5697 3769 5759 uadide-

495 5785 644 5839 rum.
668 5783 723 5831 et
752 5774 1092 5865 nequelabra
1117 5773 1351 5844 linguam
1382 5773 1727 5843 aperiebant,
1757 5774 1858 5830 nisi
1893 5788 2044 5833 meus
2068 5776 2423 5841 imperasset;
2455 5793 2553 5836 nec
2593 5779 2810 5852 pupillae
2841 5781 3249 5854 permittebatur
3278 5796 3335 5844 ut
3366 5801 3425 5846 se
3453 5797 3605 5846 extra
3643 5789 3777 5863 cilia
