4052 6362
352 378 419 433 ιε
1615 382 1987 462 ι>ιιοι()‹;ιῖε⁹
2018 383 2373 441 Αυςτοιιιε.
3131 345 3135 349 ’
3552 376 3617 432 ιι

345 492 677 562 porrigeret;
702 494 915 549 auditus
939 504 1115 551 autem
1142 496 1318 551 noxiis
1348 498 1494 552 sonis
1514 498 1715 553 aditum
1748 501 2061 562 obstructis,
2090 500 2281 552 stultas
2302 509 2355 552 et
2377 496 2593 551 inutiles
2619 496 2906 567 repellebat
2923 496 3213 559 orationes,
3234 490 3459 562 illasque
3476 490 3619 546 solas

340 582 662 638 admittebat
694 585 884 654 quibus
939 602 1092 642 mens
1134 588 1519 643 delectabatur.
1550 589 1641 645 Sic
1663 589 1943 644 odoratum
1971 589 2203 644 docuere
2231 603 2291 643 ea
2319 603 2424 641 non
2455 588 2763 643 desiderare
2800 603 2917 657 qurc
2957 601 3175 665 suavem
3202 583 3450 639 emittunt
3482 581 3617 635 odo-

342 691 483 743 rem,
513 689 569 732 ut
598 679 790 748 quibus
815 692 1001 733 natura
1029 682 1095 733 sit
1125 681 1341 735 insitum
1373 692 1429 736 ιιι
1451 682 1691 736 molliant
1714 693 1767 738 et
1801 683 2064 737 relaxent.
2088 683 2177 738 Sic
2203 684 2405 737 ventris
2433 685 2686 751 expulere
2717 682 3041 742 satietatem,
3066 690 3294 745 eumque
3314 690 3374 728 ea
3402 687 3617 727 sumere

334 767 597 833 docuere,
619 783 738 837 qua:
759 783 863 823 non
887 769 1209 839 voluptatem
1239 771 1511 839 aderrent,
1542 773 1634 827 sed
1664 790 1815 828 usum
1841 774 2142 841 implerent.
2172 788 2270 827 nec
2295 776 2523 841 amplius
2550 788 2707 838 quam
2735 772 2875 841 quod
2906 771 3035 825 satis
3063 779 3205 823 esse:
3228 768 3292 820 ad
3325 765 3618 833 prohiben—

338 859 470 914 dum
497 875 566 915 ne
590 860 731 916 fame
759 872 1113 917 morerentur.
1143 861 1231 917 Sic
1250 867 1421 918 Somni
1446 866 1657 920 dulcem
1690 864 1985 933 dissolvere
2010 863 2377 933 tyrannidem;
2413 876 2466 917 ct
2495 879 2615 931 cum
2636 865 2758 919 cilia
2778 867 2844 917 ab
2866 862 2982 932 ejus
3003 869 3260 914 servitute
3281 859 3620 921 liberassent,

343 969 526 1024 capro
557 955 815 1009 servitute
843 955 1175 1011 dominatum
1200 960 1518 1022 docuerunt,
1546 970 1600 1012 ut
1625 960 1743 1026 ejus
1761 951 1913 1012 usum
1944 958 2308 1021 admitti-rent,
2340 972 2443 1013 non
2473 972 2592 1013 cum
2622 960 2737 1027 ipse
2768 957 3066 1022 invaderet,
3091 956 3183 1009 sed
3233 966 3352 1007 cum
3400 947 3501 1019 ipsi
3531 962 3622 1001 ac-

333 1055 637 1111 cerserent,
671 1047 736 1102 ad
778 1047 939 1102 breve
969 1057 1171 1103 natura:
1200 1050 1488 1104 auxilium.
1515 1050 1648 1104 Cum
1690 1064 1821 1122 ergo
1863 1065 2133 1105 murorum
2176 1058 2234 1104 et
2256 1061 2530 1120 portarum
2559 1049 2820 1105 custodize
2851 1064 2967 1104 eam
2990 1062 3181 1102 curam
3209 1043 3536 1114 gessissent,
3567 1047 3625 1093 et

347 1141 575 1197 internis
594 1142 1008 1212 cogitationibus
1028 1144 1368 1197 concordiam
1392 1140 1792 1212 coinciliasscnt,
1818 1142 2152 1199 adverszirios
2174 1145 2507 1198 extrinsecus
2536 1143 2842 1198 invadentes-
2867 1141 3157 1196 irridehant
3176 1178 3191 1204 ,
3222 1138 3309 1207 qui
3335 1136 3383 1190 vi
3407 1133 3620 1205 quidem

345 1232 579 1301 intrare,
614 1241 832 1305 prepter
857 1233 1054 1290 divinae
1088 1236 1272 1305 gratiae
1313 1235 1765 1302 pimsidiuttimon
1808 1247 2083 1307 poterant;
2135 1240 2335 1293 nullum
2378 1249 2553 1293 autem
2601 1237 2942 1293 inveniebant
2991 1237 3312 1305 proditorem
3343 1232 3432 1302 qui
3463 1231 3626 1285 vellet

338 1329 589 1383 inimicos
632 1329 934 1387 admittere.
971 1330 1034 1384 Et
1065 1344 1186 1383 cum
1237 1331 1417 1384 hostes
1456 1345 1517 1385 ea
1568 1340 1748 1385 essent
1777 1341 1964 1387 natura
1990 1347 2110 1401 qua:
2139 1348 2243 1386 non
2286 1334 2429 1387 cadit
2475 1331 2574 1387 sub
2614 1344 2920 1403 aspectum,
2947 1344 3139 1400 corpus
3168 1328 3308 1398 quod
3340 1327 3552 1398 videtur
3572 1334 3625 1379 et

342 1418 626 1485 subjicitur
650 1430 857 1475 naturae
888 1418 1298 1476 necessitatibus
1317 1462 1332 1480 ,
1371 1419 1588 1475 vincere
1616 1420 1833 1476 minime
1858 1432 2099 1491 potuere.
2132 1411 2261 1493 Ejus
2288 1424 2430 1477 enim
2460 1426 2637 1493 auriga
2672 1436 2723 1479 et
2754 1427 2986 1478 musicus
3010 1431 3062 1476 et
3082 1420 3404 1490 gubernator
3424 1416 3626 1484 nptime

344 1509 563 1578 quidem
598 1519 787 1566 tenens
817 1511 1075 1579 habenas,
1097 1510 1249 1578 equis
1285 1511 1547 1578 persuasit
1578 1518 1633 1563 ut
1656 1521 1806 1566 recte
1834 1520 1888 1565 et
1916 1512 2104 1567 ordine
2155 1514 2540 1582 procederent;
2586 1530 2874 1570 numerose
2926 1522 3104 1566 autem
3156 1511 3376 1579 pulsans
3422 1507 3624 1563 chorda

338 1615 627 1664 sensuum,
652 1601 829 1658 cll’ecit
860 1612 918 1657 ιιι
946 1617 1135 1657 sonum
1166 1602 1312 1656 omni
1352 1616 1419 1655 ex
1450 1609 1601 1671 parte
1630 1606 1952 1656 concinnum
1981 1612 2037 1656 et
2077 1617 2370 1658 censimum
2405 1605 2694 1660 redderent
2728 1624 2739 1658 :
2776 1605 3010 1659 scienter
3039 1613 3216 1657 autem
3250 1616 3471 1655 movens
3513 1601 3626 1654 cla-

345 1706 491 1757 cum,
522 1704 577 1749 et
604 1694 860 1749 ﬂuctuum
884 1695 1157 1757 insultus,
1188 1704 1244 1749 et
1275 1702 1555 1747 ventorum
1584 1692 1735 1761 fregit
1770 1694 2021 1762 impetus.
2049 1695 2157 1749 llos
2188 1711 2316 1765 ergo
2346 1697 2433 1766 qui
2464 1713 2556 1765 per
2586 1696 3002 1752 innumerabiles
3039 1695 3253 1765 quidem
3298 1694 3512 1747 labores
3544 1693 3624 1746 vi-

350 1792 419 1835 tae
450 1784 552 1838 iter
580 1785 806 1854 ingrcssi
835 1795 978 1849 sunt,
1013 1784 1302 1839 sudoribus
1329 1793 1506 1838 autem
1545 1793 1597 1837 et
1640 1782 2022 1838 afﬂictionibus
2073 1799 2266 1854 corpus
2314 1788 2704 1852 edotnucrunt,
2742 1795 2797 1841 et
2835 1787 2975 1841 risus
3019 1785 3232 1855 quidem
3285 1784 3622 1838 affecuonettt
3666 1831 3670 1834 ι

346 1872 744 1941 igttoraverunt,
778 1876 829 1928 in
854 1875 1000 1929 luctu
1028 1883 1203 1927 autem
1234 1884 1287 1927 et
1310 1873 1570 1942 laoryntis
1597 1888 1811 1927 omnem
1843 1875 2004 1928 vitam
2035 1886 2518 1946 consumpserunt;
2551 1887 2605 1932 ct
2648 1879 2865 1932 delicias
2909 1877 3121 1946 quidem
3172 1874 3497 1946 Sybariticas
3544 1876 3623 1945 (l)

343 1967 609 2036 jejunium
640 1952 1268 2033 :cstintarunt,son;num
1300 1977 1480 2019 autem
1524 1966 1899 2021 suavissimum
1934 1967 2228 2022 laboriosas
2254 1970 2490 2038 vigilias;
2524 1971 2684 2024 molle
2715 1971 3032 2040 stragulum,
3060 1970 3251 2023 durum
3282 1970 3481 2032 solum;
3517 1971 3620 2023 im-

344 2076 587 2115 mensam
606 2070 784 2114 antcni
808 2070 862 2114 et
884 2059 1261 2126 inexplehiiem
1289 2056 1637 2127 voluptatem,
1660 2058 1713 2113 in
1736 2058 2066 2112 orationibus
2089 2069 2142 2113 et
2162 2062 2446 2116 cantandis
2467 2063 2686 2131 psalmis
2708 2064 3170 2117 conversationem
3193 2079 3206 2127 ;
3238 2062 3354 2126 hos,
3386 2062 3621 2130 inquam,

343 2152 432 2221 qui
465 2168 624 2206 omne
653 2166 820 2222 genus
856 2154 1068 2204 virtutis
1097 2151 1361 2218 Complexi
1392 2160 1539 2216 sunt,
1572 2151 1691 2221 quis
1722 2165 1826 2205 non
1850 2151 1972 2221 jure
2000 2152 2161 2207 fuerit
2187 2154 2479 2209 admiratus
2499 2198 2513 2221 ,
2548 2157 2628 2210 vel
2662 2158 2834 2225 potius
2878 2157 2996 2225 quis
3028 2171 3122 2223 pro
3151 2155 3413 2225 dignitate
3441 2170 3625 2211 eorum

344 2247 532 2297 laudes
561 2243 967 2297 celebraverit?
999 2245 1171 2312 Atque
1210 2256 1311 2310 ego
1340 2243 1555 2311 quidem
1586 2243 1718 2296 satis
1752 2242 1991 2313 intelligo
2022 2244 2221 2298 nullam
2253 2259 2411 2312 posse
2439 2247 2738 2301 orationem
2772 2263 2802 2301 e
2828 2263 2956 2300 rum
2992 2246 3238 2299 virtutem
3271 2247 3511 2315 aSSequi,
3544 2253 3629 2303 est

343 2345 519 2391 tamen
553 2334 991 2404 aggrediendnm.
1023 2333 1136 2387 Non
1179 2336 1324 2390 enim
1373 2343 1519 2389 recte
1550 2333 1816 2399 habuerit,
1853 2334 1898 2388 si
1941 2336 2196 2404 quoniam
2231 2351 2410 2391 veram
2447 2338 2837 2405 pbilo~0phiam
2873 2339 3108 2404 perfecte
3138 2337 3475 2403 adamarunt,
3507 2338 3627 2392 ideo

340 2444 408 2480 ne
440 2429 681 2481 minores
710 2425 923 2495 quidem
946 2424 1140 2479 laudes
1182 2414 1599 2495 consequantur.
1632 2424 1879 2478 Scribam
1924 2434 2099 2479 autem
2130 2426 2339 2481 Iaudem
2372 2442 2478 2481 non
2518 2443 2678 2481 unam
2708 2429 3068 2482 communiter
3095 2428 3374 2494 omnibus;
3405 2427 3629 2483 diversa

340 2518 484 2571 enim
518 2518 657 2571 dona
687 2515 766 2571 eis
796 2516 919 2570 data
948 2523 1073 2569 sunt
1100 2514 1382 2569 d‘.vinitus.
1417 2516 1525 2570 lloc
1552 2524 1729 2569 autem
1762 2515 1966 2569 docens
1992 2516 2206 2570 dicebat
2235 2516 2423 2571 beatus
2462 2517 2658 2573 Paulus
2687 2535 2702 2572 :
2734 2520 2836 2573 Alii
2866 2520 3008 2573 enim
3043 2534 3136 2589 per
3166 2520 3424 2589 Spiritum
3468 2520 3626 2574 datur

328 2624 519 2665 sermo
542 2608 840 2678 sapientim,
873 2610 960 2663 alii
994 2617 1175 2661 autem
1223 2621 1403 2661 sermo
1447 2607 1777 2679 cegnitionis
1808 2608 2105 2661 secundum
2137 2608 2384 2663 eumdem
2414 2610 2693 2679 Spiritum,
2724 2611 2811 2665 alii
2841 2621 3017 2667 autem
3050 2611 3178 2665 lides
3205 2612 3257 2665 in
3282 2611 3469 2665 eodem
3499 2612 3627 2679 Spia

334 2703 468 2768 rri'u,
497 2703 586 2757 alii
617 2716 795 2758 autem
840 2702 979 2756 dona
1010 2703 1346 2755 curationum
1383 2701 1434 2753 in
1465 2701 1654 2754 eodem
1682 2700 1910 2768 Spiritu,
1943 2701 2035 2755 alii
2079 2710 2258 2755 autem
2289 2704 2640 2771 operationes
2677 2704 2956 2768 virtutum,
2986 2703 3078 2757 alii
3121 2714 3297 2757 autem
3330 2701 3624 2771 irOpltctia,

350 2796 442 2849 alii
488 2810 681 2864 genera
724 2797 1046 2864 linguarum,
1073 2795 1159 2848 alii
1193 2804 1375 2847 autent
1408 2793 1781 2862 interpretatio
1815 2794 2118 2863 linguarum
2152 2793 2204 2864 (I
2230 2795 2356 2850 Cor.
2388 2795 2740 2865 xu).ﬂornm
2770 2811 2901 2850 vero
2930 2797 3164 2850 omnium
3196 2796 3485 2851 ostendens
3513 2794 3628 2848 fon-

344 2897 471 2949 tem,
504 2887 813 2959 subjunxit:
848 2888 1038 2942 Omnia
1069 2897 1246 2941 autent
1279 2886 1394 2940 ham
1421 2895 1673 2956 operatur
1702 2902 1837 2940 unus
1866 2895 1922 2939 et
1948 2887 2086 2940 idem
2113 2885 2368 2955 Spiritus,
2399 2888 2641 2942 dividens
2669 2889 2959 2956 separatim
2991 2889 3276 2956 unicuique
3303 2888 3442 2941 sicut
3481 2886 3616 2939 vult.

351 2980 612 3045 Quoniam
640 2994 766 3048 ergo
796 2978 1008 3033 diversa
1031 2987 1156 3032 sunt
1185 2979 1324 3031 dona
1354 2976 1654 3042 consecuti,
1686 2978 1881 3031 merito
1913 2978 2334 3046 uniuscujusque
2381 2980 2739 3031 narrationem
2779 2981 2939 3049 797
2981 2979 3237 3033 faciemus
3270 2986 3571 3044 separatam
3600 2994 3615 3029 :

332 3086 447 3126 .non
472 3085 803 3138 quatcunque
830 3069 898 3122 ab
928 3073 1004 3123 eis
1032 3078 1180 3138 gesta
1206 3077 1330 3122 sunt
1359 3075 1772 3135 persequentes,
1795 3070 1860 3120 ad
1884 3082 1946 3120 ea
1974 3067 2117 3121 enim
2141 3066 2425 3121 scribenda
2450 3082 2515 3122 ne
2541 3078 2645 3121 tota
2669 3070 2886 3136 quidem
2911 3071 3014 3123 vita
3038 3069 3344 3135 sull‘cccrit;
3382 3071 3476 3124 sed
3494 3082 3625 3123 cum

347 3178 508 3234 pauca
536 3163 604 3218 de
635 3163 1055 3234 uniuscujusque
1110 3178 1295 3217 eorum
1322 3160 1532 3214 vivendi
1575 3160 1801 3225 ratione,
1834 3159 1978 3213 etde
2016 3160 2080 3212 iis
2108 3174 2227 3229 qua:
2285 3159 2429 3223 fecit,
2485 3162 2909 3226 narraverimus,
2957 3171 3011 3216 et
3057 3162 3240 3231 paucis
3292 3161 3453 3216 totius
3492 3161 3627 3216 vita).

344 3258 712 3315 characterem
742 3265 795 3309 et
825 3256 1054 3309 formam
1088 3252 1507 3312 ostenderimus,
1534 3251 1600 3304 ad
1630 3250 1792 3304 alium
1818 3250 2184 3307 transibimus.
2212 3250 2396 3321 Neque
2414 3267 2546 3307 vero
2575 3254 2814 3308 omnium
2845 3262 3174 3321 sanctorum,
3204 3254 3294 3324 qui
3317 3254 3511 3324 ubique
3542 3257 3628 3310 in-

346 3352 525 3419 signes
552 3352 829 3414 exstitere,
861 3350 985 3404 vita:
1015 3347 1292 3403 historiam
1338 3345 1528 3400 litteris
1548 3345 1804 3399 mandare
1834 3344 2178 3411 conabimur;
2213 3361 2386 3415 neque
2412 3348 2554 3400 enim
2589 3361 2684 3402 eos
2705 3348 2794 3417 qui
2834 3347 3029 3417 ubique
3069 3348 3201 3403 clari
3246 3348 3394 3403 fuere
3422 3362 3627 3418 cogno-

334 3446 564 3509 scimus,
592 3458 768 3513 neque
797 3444 908 3497 tieri
937 3452 1110 3512 potest
1142 3454 1196 3495 ut
1231 3454 1369 3493 unus
1400 3438 1707 3493 conscribat
1733 3440 1798 3493 de
1828 3438 2099 3493 omnibus.
2130 3439 2327 3494 Eorum
2349 3454 2478 3509 ergo
2510 3442 2683 3496 solum
2711 3440 2875 3496 vitam
2906 3441 3229 3505 describam,
3254 3442 3345 3510 qui
3369 3448 3622 3509 tanquam

348 3538 546 3594 lumina
577 3540 781 3594 fulsere
816 3539 866 3592 in
896 3537 1139 3601 Oriente,
1168 3545 1224 3590 et
1250 3535 1382 3589 ﬁnes
1404 3534 1548 3588 orbis
1578 3543 1839 3587 terrarum
1869 3532 1983 3586 suis
2008 3531 2275 3597 complexi
2295 3544 2419 3586 sunt
2442 3531 2628 3587 radiis.
2654 3533 2932 3587 Narrando
2952 3544 3130 3586 autem
3158 3532 3411 3600 procedet
3431 3536 3627 3596 oratio,

355 3646 460 3686 non
484 3642 643 3685 utens
676 3628 882 3698 legibus
902 3629 1301 3691 cncomiorum,
1331 3627 1422 3680 sed
1460 3641 1626 3696 pauca
1657 3625 1901 3695 qutrdam
1936 3640 2061 3681 vere
2076 3629 2346 3681 referens.
2396 3625 2544 3694 Rogo
2570 3639 2748 3680 autem
2780 3625 2869 3695 qui
2903 3627 2955 3679 in
2987 3626 3123 3680 hanc
3152 3626 3452 3697 religiosam
3494 3624 3628 3680 inci-

336 3722 525 3778 derint
554 3722 857 3784 historiam,
890 3736 985 3774 seu
1019 3722 1243 3772 formam
1278 3718 1587 3772 monastica:
1617 3718 2017 3772 exercitationis
2045 3720 2228 3786 (a'ocet
2256 3717 2397 3772 enim
2427 3718 2545 3786 quis
2578 3721 2678 3773 hoc
2709 3735 2844 3789 opus
2883 3730 2939 3773 ut
2977 3720 3229 3785 voluerit,
3274 3735 3344 3775 ne
3394 3721 3458 3773 iis
3503 3735 3625 3789 quas

342 3815 602 3870 dicuntur
630 3816 816 3868 minus
843 3812 1087 3876 credant,
1119 3810 1165 3863 si
1197 3810 1322 3879 quid
1354 3809 1571 3863 audiant
1606 3809 1747 3879 quod
1778 3824 1963 3863 eorum
1996 3809 2141 3862 vires
2166 3812 2438 3879 superet),
2473 3825 2570 3864 nec
2613 3826 2677 3863 ex
2702 3827 2766 3865 sc
2790 3812 2999 3867 illorum
3032 3813 3278 3867 virtutem
3314 3814 3624 3879 metiantur,

340 3913 438 3968 sed
464 3921 647 3982 aperte
670 3911 843 3964 sciant
874 3907 1013 3978 quod
1051 3909 1256 3976 piorum
1285 3906 1478 3960 animis
1514 3905 1652 3959 Deus
1679 3904 1911 3972 desuper
1939 3904 2156 3958 metitur
2201 3904 2340 3957 dona
2387 3904 2708 3958 sanctissimi
2756 3905 3017 3974 Spiritus,
3061 3915 3116 3961 et
3156 3906 3357 3976 majora
3404 3908 3625 3976 largitur

334 4004 785 4077 perfectioribus.
817 4003 941 4057 Ilico
961 4011 1140 4056 autem
1167 4015 1196 4054 a
1228 4015 1315 4054 me
1337 4000 1367 4052 d
1393 4008 1474 4053 cta
1508 4008 1635 4051 sunt
1664 3997 1729 4050 ad
1764 4011 1858 4050 eos
1881 3996 1970 4064 qui
1994 3995 2056 4048 .iu
2084 4009 2262 4049 rerum
2295 3994 2601 4048 divinarum
2636 3997 2907 4067 mysteriis
2934 4012 3038 4050 non
3078 4007 3206 4052 sunt
3226 3998 3509 4052 admodum
3538 4011 3631 4052 ac-

322 4086 532 4157 curate
560 4100 769 4155 initiati.
805 4097 989 4167 λίγειαι
1030 4094 1172 4150 enim
1201 4093 1483 4165 adytorum
1512 4092 1749 4161 Spiritus
1773 4093 1949 4144 sciunt
1970 4089 2195 4159 gloriam
2221 4090 2478 4159 Spiritus,
2503 4102 2558 4147 et
2578 4107 2822 4159 qtuenam
2847 4107 2944 4162 per
2971 4094 3213 4149 homines
3237 4094 3291 4148 in
3321 4094 3630 4148 hominibus

336 4193 503 4250 faciat
534 4192 807 4250 miracula.
835 4189 1110 4244 attrahens
1156 4186 1459 4241 incredulos
1488 4185 1551 4239 ad
1584 4185 1674 4240 Dei
1703 4185 2086 4253 cognitionem.
2112 4184 2213 4251 Qui
2239 4195 2416 4238 autem
2442 4199 2547 4238 non
2574 4195 2657 4239 est
2680 4183 2980 4240 crediturus
2998 4188 3069 4242 iis
3094 4203 3212 4255 qua:
3234 4202 3262 4240 a
3287 4203 3371 4243 me
3393 4189 3623 4244 dicenda

346 4294 491 4351 Sunt,
512 4284 730 4338 clarum
768 4289 854 4335 est
879 4295 1001 4333 cum
1030 4293 1095 4332 ne
1119 4279 1184 4332 iis
1204 4279 1420 4347 quidem
1446 4276 1672 4332 credere
1703 4287 1953 4344 tanquam
1980 4278 2123 4330 veris
2150 4292 2269 4344 qurc
2299 4292 2392 4344 per
2416 4278 2676 4349 Moysi-nt,
2694 4285 2749 4331 et
2776 4276 2981 4341 lesum,
3010 4289 3066 4334 et
3092 4282 3278 4345 Elim“,
3299 4289 3353 4334 ει
3377 4282 3626 4336 Elisus"...

353 4382 489 4435 laeta
521 4389 667 4439 sunt.
697 4376 895 4430 habere
924 4382 1102 4427 autem
1134 4373 1295 4427 etiam
1332 4386 1427 4439 pro
1457 4368 1648 4423 fabulis
1675 4368 1933 4423 miracula
1959 4368 2245 4439 qute'lacta
2278 4379 2403 4422 sunt
2430 4383 2459 4422 a
2491 4370 2690 4422 sanctis
2719 4369 3011 4436 apostolis;
3056 4372 3136 4425 sin
3168 4381 3344 4426 autem
3380 4373 3470 4425 illa
3501 4388 3627 4428 esse

349 4489 471 4529 vera
506 4480 752 4534 testatur,
779 4468 894 4522 huic
912 4482 1123 4535 quoque
1147 4465 1475 4518 credatesse
1503 4478 1531 4515 a
1566 4462 1703 4516 falso
1732 4461 1940 4527 aliena;
1972 4476 2092 4532 qua:
2115 4463 2256 4515 enim
2283 4462 2335 4515 itt
2367 4461 2472 4515 illis
2497 4473 2712 4530 operata
2736 4474 2818 4518 est
2840 4465 3028 4533 gratia,
3056 4479 3238 4532 caper
3263 4462 3384 4518 illos
3413 4478 3627 4533 quoque

337 4566 469 4620 iecit
506 4577 567 4618 ea
600 4575 717 4631 quae
748 4558 895 4615 iecit.
927 4557 1182 4612 l’eremiis
1211 4558 1352 4610 enim
1383 4556 1573 4624 gratia,
1595 4564 1646 4608 et
1670 4568 1763 4608 eos
1789 4555 1878 4622 qui
1906 4554 2048 4621 digni
2081 4561 2208 4607 sunt
2231 4553 2453 4623 eligens,
2476 4554 2634 4610 veluti
2661 4570 2755 4625 per
2777 4557 3036 4627 quosdam
3079 4558 3352 4625 salientes,
3390 4572 3484 4627 per
3525 4558 3623 4616 ltus

348 4654 533 4711 effudit
558 4655 752 4708 ﬂuenta
792 4663 902 4704 sua:
929 4646 1274 4716 operationis.

425 4746 507 4797 Ex
539 4744 605 4797 iis
625 4750 805 4796 autem
834 4754 953 4808 qua:
989 4749 1113 4792 sunt
1146 4738 1395 4802 dicenda,
1430 4736 1543 4805 ipse
1574 4736 1788 4805 quidem
1830 4736 1934 4790 vidi
1962 4735 2248 4800 nonnulla;
2283 4750 2401 4806 qua:
2426 4744 2600 4791 autem
2628 4753 2736 4792 non
2770 4740 2895 4805 vidi,
2927 4741 3099 4795 audivi
3131 4741 3196 4794 ab
3222 4742 3322 4795 illis
3347 4743 3435 4810 qui
3466 4745 3620 4799 vide-

348 4847 493 4897 runt,
520 4834 648 4889 vitis
672 4831 885 4887 virtutis
913 4830 1317 4893 amantibus.et
1350 4823 1437 4895 qui
1469 4828 1615 4897 digni
1648 4836 1775 4880 sunt
1796 4827 1963 4880 habiti
1995 4836 2052 4881 ut
2078 4836 2134 4881 et
2153 4842 2246 4882 eos
2263 4828 2525 4894 viderent,
2558 4839 2609 4882 et
2637 4843 2820 4884 eorum
2844 4832 2984 4885 dOCll
3002 4833 3085 4885 ina
3111 4833 3427 4889 fruerentur.
3456 4835 3630 4889 Evan-

338 4930 536 5000 gelica:
566 4933 745 4981 autem
769 4924 1028 4979 doctrina:
1062 4923 1357 4991 scriptores
1389 4920 1493 4975 lide
1523 4921 1666 4990 digni
1689 4936 1795 4974 non
1818 4920 1990 4975 solum
2018 4929 2143 4976 sunt
2168 4921 2451 4976 Matthmus
2474 4931 2531 4976 et
2555 4921 2809 4988 Joannes,
2843 4926 3017 4993 magni
3047 4934 3101 4979 et
3130 4928 3285 4995 primi
3308 4928 3359 4982 in
3391 4929 3631 4998 Evange-

353 5026 511 5089 listis,
538 5019 627 5092 qui
652 5020 860 5076 Domini
884 5018 1068 5073 videre
1101 5016 1375 5082 miracula,
1401 5015 1493 5070 sed
1523 5016 1681 5070 etiam
1710 5014 1889 5071 Lucas
1915 5024 1967 5069 et
1995 5016 2205 5070 Marcus
2239 5032 2253 5070 :
2287 5031 2420 5084 quos
2445 5016 2534 5086 qui
2558 5017 2626 5069 ab
2654 5018 2799 5071 initio
2832 5018 3100 5081 viderunt,
3143 5028 3198 5075 et
3218 5020 3434 5076 fuerunt
3467 5022 3630 5078 Verbi

347 5121 605 5177 ministri.
636 5132 748 5174 non
776 5116 948 5171 solum
980 5129 1100 5184 quae
1128 5127 1316 5183 passus
1343 5121 1421 5166 est
1448 5121 1511 5166 et
1541 5125 1659 5179 qua:
1684 5108 1811 5166 fecit
1845 5110 2119 5173 Dominus,
2143 5109 2237 5164 scd
2259 5123 2324 5165 ea
2354 5109 2515 5163 etiam
2537 5126 2657 5179 qua!
2684 5119 2943 5179 perpetuo
2971 5114 3174 5177 docuit,
3194 5125 3453 5170 accurate
3496 5114 3629 5171 edn—

342 5223 598 5272 cuerunt.
632 5213 841 5268 Etenim
872 5227 993 5266 cum
1024 5225 1131 5263 non
1162 5208 1386 5263 vidisset
1413 5207 1527 5276 ipse
1562 5202 1748 5259 beatus
1777 5205 1968 5268 Lucas,
2004 5203 2056 5257 in
2109 5202 2373 5271 principio
2394 5204 2570 5270 operis
2599 5203 2724 5257 dicit
2756 5218 2817 5257 se
2840 5218 2901 5257 ea
2935 5220 3170 5269 narrare,
3195 5207 3264 5263 de
3292 5208 3481 5277 quibus
3507 5222 3629 5263 ecr-

356 5312 457 5364 tior
496 5309 668 5363 lactus
708 5313 811 5361 est.
849 5304 956 5359 Nos
985 5312 1163 5356 autem
1194 5300 1296 5355 etsi
1328 5298 1605 5352 audiamus
1620 5312 1750 5352 eum
1780 5313 1884 5351 non
1917 5296 2117 5350 vidisse
2145 5309 2209 5348 ea
2233 5310 2350 5363 qum
2379 5301 2579 5355 narrat.
2639 5294 2731 5347 sed
2767 5293 2904 5349 hanc
2935 5296 3232 5351 doctrinam
3264 5299 3532 5367 accepisse
3559 5300 3629 5353 ab

352 5399 489 5465 aliis,
523 5412 630 5453 non
661 5396 838 5450 minus
866 5393 916 5449 ei
945 5402 1001 5448 et
1029 5391 1205 5445 Marco
1234 5389 1507 5444 credimus
1532 5403 1689 5456 quam
1719 5387 1969 5443 Maltitmo
1997 5397 2051 5440 et
2078 5385 2267 5439 Joanni
2294 5402 2307 5449 ;
2338 5397 2560 5453 uterque
2605 5385 2747 5438 enim
2774 5399 2859 5440 est
2890 5388 2941 5440 in
2974 5388 3248 5443 narrando
3274 5390 3378 5445 ﬁde
3407 5390 3623 5461 dignus,

344 5503 409 5548 ut
433 5494 520 5565 qui
549 5489 800 5547 didit-erit
825 5488 895 5542 ah
923 5488 1003 5542 eis
1027 5486 1115 5553 qui
1147 5482 1415 5539 viderunt.
1444 5481 1550 5537 Nos
1579 5481 1762 5546 itaque
1791 5483 1894 5535 alia
1926 5478 2139 5550 quidem
2172 5479 2510 5533 uarrabinms
2541 5489 2596 5531 ιιι
2622 5495 2745 5547 qua:
2770 5494 2800 5532 a
2834 5481 2989 5534 nobis
3017 5483 3129 5535 visa
3156 5484 3293 5550 sint;
3324 5484 3433 5538 alia
3449 5490 3626 5540 autem

353 5586 519 5658 utqui
542 5583 930 5641 crediderimus
957 5581 1039 5634 eis
1058 5579 1147 5648 qui
1174 5576 1417 5631 viderant
1445 5574 1784 5629 narrantibus
1808 5573 1959 5639 viris,
1981 5576 2071 5641 qui
2100 5571 2310 5626 illorum
2334 5570 2495 5622 vitam
2523 5579 2647 5623 sunt
2675 5571 2930 5626 aemulati.
2960 5572 3239 5628 Prolixiori
3265 5583 3445 5630 autem
3467 5576 3537 5632 de
3559 5578 3625 5634 iis

352 5693 479 5735 usus
503 5692 622 5734 sum
655 5674 917 5740 oratiu-ne,
946 5671 1071 5727 dum
1103 5670 1222 5726 volo
1248 5665 1579 5738 persuadere
1619 5679 1704 5721 me
1734 5679 1858 5721 vera
1882 5675 2248 5719 narraturum.
2285 5660 2417 5716 Hinc
2439 5671 2614 5717 autem
2642 5662 2897 5733 deinceps
2926 5678 3144 5720 narrare
3174 5663 3441 5738 incipiam.
