4052 6362
418 464 2130 502 ww

2077 446 3684 484 mm

2137 465 3441 483 W-_Mrr\

979 631 1786 738 PHILOTHEUS
1825 702 1861 764 ,
1939 610 2173 712 δίυθ
2261 617 3102 724 THEOPHILES.

931 901 1157 958 CAPUT
1197 898 1472 956 PRIMUM.

896 1028 1111 1069 IACOBUS
1149 1026 1374 1067 ntsmtn
1420 1009 1520 1079 (2.)

485 1151 694 1222 Moyses
722 1149 812 1202 ille
842 1146 1053 1201 divinus
1078 1142 1370 1212 legislator,
1391 1141 1477 1210 qui
1503 1141 1666 1194 imum
1695 1137 1858 1191 maris
1883 1134 1998 1190 lun-

415 1244 538 1300 dum
568 1242 795 1311 aperuit,
829 1249 881 1294 et
912 1235 1256 1292 inundatione
1284 1247 1539 1302 aquarum
1573 1231 1774 1284 aridam
1821 1227 1999 1281 obruit

414 1337 780 1401 solitudinem,
810 1341 865 1386 et
890 1330 988 1384 alia
1018 1328 1199 1383 omnia
1231 1327 1356 1381 fecit
1378 1324 1657 1388 miracula,
1679 1320 1888 1389 scripsit
1914 1334 2000 1372 res

415 1441 593 1501 gestas
615 1442 798 1483 eorum
826 1431 1134 1479 sanctorum
1165 1417 1255 1489 qui
1289 1416 1435 1471 luere
1460 1414 1782 1482 antiquitus:
1809 1425 1914 1465 non
1938 1425 1997 1462 ea

417 1538 544 1578 usus
595 1517 852 1590 sapientia
905 1529 1062 1583 quam
1118 1517 1397 1578 acceperat
1440 1507 1508 1560 ab
1559 1504 1847 1575 Egyptiis,
1905 1501 1997 1555 sed

415 1613 704 1682 splendore
730 1605 911 1678 gratia:
943 1610 1161 1671 accepto
1211 1615 1240 1654 a
1285 1597 1514 1666 superis.
1552 1596 1826 1652 Uudenam
1858 1594 1998 1648 enim

415 1704 611 1775 alioqui
642 1700 825 1758 Abelis
855 1695 1132 1752 didicisset
1160 1693 1434 1753 virtutem,
1466 1699 1520 1744 et
1560 1687 1744 1742 Enoch
1790 1686 2003 1739 virtutis

415 1799 677 1864 studium,
707 1803 762 1850 et
796 1793 906 1847 Noe
933 1789 1215 1859 justitiam.
1249 1798 1300 1839 et
1328 1783 1710 1838 Melchisedech
1743 1781 1884 1848 pium
1916 1793 2002 1832 sa-

412 1889 732 1952 cerdotium,
765 1883 996 1940 Abrahae
1019 1879 1374 1940 vocationem,
1404 1876 1583 1937 tidem,
1610 1873 2000 1935 fortitudinem,

413 1991 470 2038 et
499 1997 618 2053 qua:
645 1980 692 2034 ei
726 1991 928 2046 magna:
960 1981 1075 2027 erat
1102 1987 1242 2027 curm
1278 1967 1710 2036 hospitalitatem,
1746 1963 1900 2033 vulgo
1925 1964 2006 2030 ja-

413 2083 615 2128 ctalum
667 2069 758 2122 lilii
811 2065 1158 2127 sacriﬁcium,
1196 2070 1252 2114 et
1278 2060 1503 2114 aliorum
1532 2074 1649 2128 quas
1681 2056 1751 2109 ab
1776 2071 1840 2110 eo
1871 2071 2006 2125 pne-

415 2166 562 2221 clare
587 2169 738 2232 gesta
766 2166 889 2212 sunt
917 2156 1256 2225 catalogum;
1305 2162 1359 2208 et
1391 2163 1444 2204 ut
1479 2152 1531 2204 in
1572 2165 1782 2204 summa
1811 2150 2003 2212 dicam,

2027 890 2073 948 Α
2102 887 2200 964 sibi
2257 886 2628 948 vendicahaut,
2673 883 2762 937 Dei
2811 893 2987 936 autem
3037 883 3211 937 cultus
3257 885 3622 955 negligebatur
3650 902 3680 940 τι

2103 979 2345 1048 plurimis
2382 995 2393 1029 :
2422 976 2748 1044 c0ntentpltti
2781 984 2958 1029 autem
2993 975 3326 1030 habebantur
3367 976 3456 1045 qui
3501 993 3685 1032 eorum

2101 1071 2372 1125 ebrietatis
2406 1069 2658 1123 nolebant
2686 1081 2809 1121 esse
2843 1066 3148 1135 participes,
3197 1065 3413 1136 quiane,
3449 1068 3685 1134 perlecta

2102 1167 2295 1217 virtute
2328 1162 2557 1231 praediti,
2600 1176 2659 1214 ea
2704 1176 2821 1227 qua:
2862 1170 2986 1213 sunt
3013 1161 3408 1225 discernebant,
3441 1171 3494 1216 et
3525 1165 3688 1216 simu-

2105 1255 2366 1308 lacrorum
2411 1251 2625 1321 quidem
2660 1250 2901 1303 ridebant
2927 1249 3374 1316 imbecillitatem,
3410 1254 3689 1307 universo-

2104 1368 2220 1407 rum
2255 1363 2430 1405 autem
2457 1348 2750 1402 adorabant
2780 1345 3049 1412 Opiﬁcem.

2173 1444 2267 1498 lllo
2292 1453 2530 1510 tempore
2557 1446 2774 1494 venerat
2813 1441 2863 1491 in
2911 1436 3206 1501 Persidem,
3237 1436 3450 1491 visurus
3479 1438 3694 1503 plantas

2105 1551 2242 1588 verzc
2275 1534 2566 1600 religionis,
2602 1540 2656 1585 et
2685 1531 2732 1583 ei
2759 1544 2918 1598 quam
2945 1543 3040 1597 par
3071 1538 3186 1582 erat
3211 1543 3391 1582 curam
3419 1528 3692 1582 adhibitu-

2105 1641 2218 1682 rus.
2247 1625 2378 1679 Cum
2413 1626 2455 1678 is
2486 1635 2662 1678 autem
2697 1622 2897 1677 fontem
2941 1624 3351 1684 transmitteret,
3387 1621 3574 1688 puella».
3606 1622 3696 1688 (5)

2105 1719 2373 1788 qumdam,
2420 1732 2537 1783 qua:
2590 1731 2794 1780 pannos
2844 1715 3113 1775 larabant,
3164 1723 3217 1767 et
3257 1723 3431 1767 Vestes
3472 1713 3694 1782 pedibus

2107 1809 2488 1870 emundabant,
2512 1821 2578 1860 ne
2603 1822 2794 1859 novum
2821 1806 3058 1873 quidem,
3085 1812 3139 1857 et
3164 1792 3251 1872 qui
3278 1804 3558 1860 decentem
3588 1819 3695 1872 pra

2109 1918 2228 1958 sese
2262 1900 2462 1955 ferebat
2490 1902 2824 1967 gravitatem,
2856 1908 2978 1949 sunt
3007 1897 3248 1950 reverita:
3279 1895 3545 1960 habitum;
3577 1896 3697 1960 sed,

2112 2006 2274 2049 exuto
2304 1991 2524 2060 pudore,
2549 2000 2600 2043 et
2625 1988 2868 2057 perlricta
2893 1986 3051 2051 facie,
3077 1998 3128 2040 et
3153 1986 3548 2053 impudentibus
3572 2001 3696 2040 Ocuo

2112 2086 2177 2141 lis
2205 2084 2442 2139 divinum
2478 2081 2746 2136 hominem
2785 2079 3132 2148 aspiciebant,
3165 2093 3334 2146 neque
3363 2081 3536 2145 capita
3568 2092 3697 2146 0pc-

2109 2179 2330 2240 rientcs,
2361 2188 2536 2244 neque
2567 2183 2741 2227 vestes
2769 2186 2902 2240 quas
2927 2171 3300 2224 succinxerant
3328 2168 3694 2223 demittentes.

417 2258 721 2314 diVinomm
756 2252 990 2306 Virorum
1034 2248 1347 2311 “ﬂammat
1393 2245 1663 2306 νίθίθτίθθν
1717 2245 2001 2336 "uomat
2039 2264 2082 2321 Β
2115 2272 2226 2327 lloc
2256 2284 2377 2324 cum
2403 2282 2542 2336 :rgre
2571 2265 2774 2319 tulisset
2811 2265 2970 2318 homo
2994 2263 3112 2330 Dei,
3144 2271 3196 2316 et
3224 2262 3384 2316 vellet
3409 2262 3498 2316 Dei
3530 2263 3704 2316 virtu-

419 2348 522 2404 nisi
552 2344 898 2416 intelligentis
919 2341 1196 2410 divinique
1217 2339 1445 2408 Spiritus
1467 2337 1644 2390 radios
1669 2334 2004 2404 accepis-et?

417 2444 585 2517 798
613 2441 725 2496 Hoc
748 2437 879 2492 mihi
903 2450 1117 2506 quoque
1137 2434 1188 2488 in
1217 2431 1499 2502 praasentia
1521 2445 1655 2500 opus
1676 2439 1760 2484 est
1783 2429 2006 2492 auxilio,

424 2536 517 2605 qui
549 2547 717 2588 conor
746 2543 931 2583 eorum
964 2527 1127 2580 vitam
1159 2523 1395 2579 scribere
1423 2532 1752 2585 sanctorum,
1784 2518 1872 2588 qui
1917 2533 2010 2586 pa-

421 2643 539 2682 rum
569 2635 695 2681 ante
725 2639 825 2677 nos
852 2631 904 2676 et
947 2620 1144 2675 nostris
1175 2617 1505 2684 temporibus
1537 2615 1804 2678 claruere,
1831 2625 1883 2667 et
1914 2627 2008 2666 ve-

421 2719 514 2774 luti
544 2715 799 2785 quasdam
834 2711 1067 2782 legesiis
1099 2709 1187 2780 qui
1231 2708 1424 2762 imitari
1458 2706 1660 2766 volent,
1691 2705 1850 2759 velim
1885 2719 2008 2772 pto-

425 2823 646 2879 ponere.
687 2806 883 2860 Horum
925 2816 1056 2870 ergo
1077 2809 1201 2856 sunt
1229 2812 1417 2869 preces
1449 2796 1780 2862 invocandae,
1810 2803 1864 2850 et
1885 2791 2012 2848 inci-

423 2898 676 2971 piendum
705 2905 789 2950 est
815 2907 1054 2947 narrare.

499 3010 700 3066 Nisibis
719 3017 800 3062 est
833 3005 1020 3060 civitas
1046 3004 1099 3058 itt
1122 3001 1358 3058 conﬁnio
1391 3001 1536 3070 regni
1569 2999 1929 3054 Romanorum
1962 3007 2014 3051 et

430 3100 740 3162 Persarum,
771 3112 889 3166 qum
909 3096 1034 3150 olim
1058 3094 1270 3164 quidem
1301 3103 1418 3148 erat
1448 3092 1699 3146 Romanis
1722 3089 2012 3158 vectigalis,

428 3203 484 3251 et
509 3207 693 3249 eorum
742 3191 963 3260 parebat
1003 3189 1256 3256 imperio.
1301 3187 1377 3240 Ex
1409 3201 1469 3240 ea
1501 3197 1652 3237 ortus
1681 3199 1903 3254 magnus
1931 3184 2018 3237 ille

429 3287 680 3351 Jacobus,
725 3282 1018 3339 solitariam
1051 3281 1213 3335 vitam
1256 3289 1308 3332 et
1335 3281 1566 3348 quietam
1597 3287 1679 3331 est
1707 3279 2014 3346 amplexus,

431 3388 488 3436 et
515 3377 894 3433 altissimorum
926 3373 1185 3428 montium
1218 3371 1490 3437 occupatis
1521 3369 1828 3435 verticibus,
1862 3370 1911 3421 in
1941 3369 2020 3422 eis

430 3471 594 3526 vitam
625 3469 755 3538 egit.
789 3467 927 3522 Vere
953 3465 1167 3533 quidem
1198 3472 1252 3517 et
1280 3471 1464 3516 testate.
1495 3472 1549 3516 et
1587 3472 1840 3515 autumno
1866 3469 2022 3515 utens

433 3565 608 3628 silvis,
659 3573 711 3616 et
751 3573 848 3627 pro
889 3567 1031 3612 tecto
1070 3555 1274 3610 habens
1304 3553 1496 3608 cmlum
1534 3563 1812 3617 :tempore
1841 3563 2018 3606 autem

2113 2377 2217 2420 tem
2250 2365 2300 2418 in
2329 2371 2567 2428 tempore
2599 2360 2906 2422 ostendere,
2934 2357 3146 2411 utl'at-to
3174 2358 3430 2412 miraculo
3451 2359 3704 2413 liberaret

2111 2459 2178 2512 ab
2206 2458 2498 2526 impietate,
2527 2454 2726 2508 fontem
2754 2451 2968 2521 quidem
3001 2460 3084 2505 est
3109 2458 3439 2511 exsecratus,
3462 2461 3515 2504 et
3538 2449 3700 2504 ﬂuen-

2114 2560 2222 2605 tum
2255 2546 2536 2601 confestim
2563 2544 2803 2600 evanuit.
2855 2543 3069 2596 Puellas
3100 2555 3310 2610 quoque
3340 2550 3422 2594 est
3451 2554 3702 2595 exsecra-

2113 2652 2220 2709 tus,
2248 2650 2300 2695 et
2327 2638 2686 2708 impudentem
2709 2636 3237 2704 earumjnveututem
3256 2631 3535 2702 castigatit
3553 2631 3702 2686 canis

2113 2742 2239 2789 ante
2270 2743 2480 2800 tempus
2509 2729 2758 2791 inductis,
2788 2736 2844 2781 et
2871 2742 3172 2781 sermonem
3203 2725 3398 2778 factum
3446 2730 3531 2778 est
3569 2736 3704 2775 con-

2118 2842 2384 2888 secutum,
2416 2831 2754 2890 mutatusque
2784 2829 2867 2874 est
2894 2821 3071 2888 nigror
3101 2819 3351 2886 pilorum,
3403 2826 3458 2870 et
3500 2815 3705 2869 similes

2117 2926 2405 2974 evaserunt
2435 2929 2604 2983 nuper
2635 2913 2884 2982 plautatis
2911 2911 3210 2972 arboribus,
3257 2923 3375 2978 qua:
3419 2923 3546 2962 vere
3596 2908 3704 2961 cir-

2119 3019 2404 3065 cumtectre
2431 3016 2556 3061 sunt
2579 3005 2712 3059 loliis
2735 3003 3145 3058 autttmnalib-zs.
3175 3001 3261 3054 Ea:
3288 3010 3462 3054 autem
3485 3013 3606 3052 cum
3629 2998 3711 3052 sic

2121 3103 2417 3158 sensissent
2447 3097 2767 3167 supplicium
2802 3095 2946 3164 (nam
2979 3103 3032 3147 et
3064 3091 3224 3146 fontis
3266 3091 3463 3145 ﬂuenta
3507 3088 3709 3158 elluge-

2121 3205 2261 3253 rant.
2291 3203 2346 3247 et
2367 3207 2461 3246 sua
2487 3192 2713 3244 invicem
2733 3187 2903 3257 capita
2934 3187 3218 3248 intuentes,
3246 3184 3495 3238 videbant
3521 3197 3716 3248 repen-

2122 3291 2287 3344 tinam
2317 3287 2458 3340 illam
2492 3280 2890 3350 mutationem),
2923 3293 3080 3334 cursu
3113 3279 3177 3332 ad
3208 3279 3392 3332 urbem
3421 3274 3713 3330 contende-

2131 3390 2278 3445 runt,
2323 3377 2704 3431 renuntiatum:
2735 3372 2861 3426 illud
2901 3370 3046 3440 quod
3071 3371 3357 3423 acciderat.
3418 3367 3492 3422 Illi
3533 3377 3712 3422 autem

2125 3488 2245 3528 cum
2272 3468 2652 3529 accurrissent,
2677 3475 2727 3517 ct
2759 3479 3007 3532 magnum
3051 3462 3310 3516 Jacobum
3342 3460 3712 3527 ollendissent,

2126 3566 2448 3630 rogaverunt
2493 3566 2550 3611 ut
2595 3558 2725 3608 iram
2773 3565 3164 3622 compesceret,
3199 3563 3254 3606 et
3279 3552 3596 3622 supplicium
3628 3565 3718 3605 re-

437 3653 652 3716 Ιιῖθηιίεο
709 3663 921 3706 animm
967 3649 1139 3716 ipsum
1197 3645 1515 3714 eXClPiel'alt
1548 3645 1686 3713 (ιυοιι
1715 3645 1761 3697 εί
1794 3659 2015 3712 [mnum
2047 3644 2092 3706 C
2127 3656 2380 3709 mitteret.
2414 3650 2506 3703 llle
2536 3657 2712 3701 autem
2741 3663 2845 3700 non
2877 3647 2964 3699 ditt
2993 3663 3095 3700 cun
3135 3657 3296 3707 tatus,
3334 3642 3558 3698 Dnmino
3599 3643 3716 3710 qui-

435 3746 708 3820 prtebebat
747 3748 1137 3815 tegumentum.
1191 3737 1433 3792 llabebat
1479 3744 1655 3790 autem
1689 3736 2020 3797 alimentum,

440 3861 547 3901 non
578 3843 718 3912 quod
765 3855 884 3896 cum
919 3838 1104 3893 labore
1143 3834 1384 3889 nascitur
1424 3841 1478 3886 et
1505 3832 1721 3896 seritur,
1755 3831 1849 3886 sed
1882 3827 2030 3899 qund-

442 3951 540 3992 sua
572 3942 763 4004 sponte
794 3929 1104 3995 producitur
1133 3944 1144 3978 :
1175 3925 1284 3996 jam
1313 3939 1376 3979 ex
1406 3923 1740 3978 silvestribus
1769 3921 2025 3988 colligens

441 4025 728 4084 arboribus
759 4023 963 4077 fructus
989 4019 1077 4086 qui
1114 4028 1306 4087 sponte
1338 4025 1646 4078 nascuntur,
1672 4024 1726 4068 et
1748 4028 1809 4066 ex
1847 4010 2027 4065 herbis

441 4134 537 4175 eas
575 4133 691 4185 qua:
721 4123 846 4170 sunt
875 4111 1192 4175 esculentte,
1224 4119 1278 4162 et
1309 4106 1571 4160 habentur
1601 4106 1769 4158 instar
1797 4103 2026 4165 olerum,

446 4229 513 4269 ex
539 4212 602 4266 iis
631 4209 790 4262 dabat
813 4203 1023 4272 corpori
1055 4217 1115 4256 ea
1147 4216 1266 4270 qua!
1296 4200 1427 4254 satis
1455 4207 1608 4252 erant
1634 4196 1698 4249 ad
1721 4194 2026 4255 vivendum,

445 4304 584 4374 ignis
614 4315 766 4356 usum
798 4309 1076 4353 recusans.
1113 4293 1252 4348 Usus
1281 4307 1491 4360 quoque
1520 4290 1652 4344 lana:
1682 4295 1797 4342 erat
1847 4286 1895 4340 ei
1939 4302 2032 4339 su-

444 4403 848 4467 pervacaneus;
901 4386 1178 4456 aSperrimi
1227 4384 1374 4439 enim
1429 4395 1709 4447 caprarum
1758 4379 1867 4433 villi
1919 4378 2036 4448 ejus

452 4501 604 4543 usum
635 4482 949 4552 implebant,
981 4493 1044 4532 ex
1075 4478 1156 4533 eis
1185 4476 1285 4546 ipsi
1316 4475 1475 4530 ﬁebat
1504 4482 1556 4527 et
1590 4473 1765 4525 ltlltit‘a
1809 4480 1862 4524 ct
1909 4470 2038 4524 sim-

452 4580 572 4648 plex
601 4574 908 4632 amiculum.
938 4570 1010 4624 Ita
1037 4583 1233 4638 corpus
1257 4567 1519 4634 allligens,
1551 4562 1786 4632 spiritale
1816 4561 2038 4617 alimen-

455 4685 567 4726 tum
596 4668 812 4724 assidue
842 4662 1130 4719 exhibebat
1159 4659 1392 4728 corpori.
1425 4666 1480 4712 et
1506 4655 1842 4725 cogitationis
1870 4655 2038 4710 lacul-

457 4772 621 4819 tatem
645 4774 953 4829 expurgans
984 4756 1463 4822 contemp'antem,
1507 4759 1559 4805 et
1597 4749 1765 4804 divini
1813 4749 2044 4819 Spiritus

454 4853 794 4928 perspicuum
838 4850 1079 4905 elliciens
1124 4845 1422 4916 speculum,
1474 4844 1699 4897 revelata
1755 4842 1918 4909 facie,
1977 4859 2040 4899 ex

455 4947 630 5004 divini
655 4941 895 5013 Apostoli
923 4939 1208 5003 sententia,
1252 4934 1472 5006 gloriam
1503 4935 1709 4989 Domini
1739 4937 2042 5003 speculans,

2126 3745 2245 3801 dem
2278 3757 2462 3811 preces
2486 3740 2694 3805 obtulit,
2734 3740 2930 3794 llueuta
2959 3748 3135 3792 autem
3166 3753 3349 3792 rursus
3377 3745 3582 3790 scatere
3604 3737 3722 3804 jus-

2126 3837 2216 3890 sit.
2259 3835 2350 3888 Illa
2380 3847 2507 3887 vero
2555 3848 2677 3886 mox
2719 3848 2906 3884 I‘lll‘nllS
2951 3847 2982 3885 e
3026 3832 3136 3884 suis
3182 3836 3509 3883 emanarunt
3556 3842 3719 3897 peueo

2128 3927 2383 3988 tralibus,
2415 3924 2542 3994 justi
2573 3925 2805 3978 derivata
2839 3924 3073 3978 nutibus.
3123 3923 3197 3976 Illi
3248 3933 3423 3975 autem
3466 3937 3586 3975 cum
3620 3920 3729 3976 hoc

2131 4022 2530 4090 impetrassent,
2585 4018 2838 4088 petebant
2881 4027 2938 4072 ut
2978 4017 3202 4070 liliarttm
3244 4030 3458 4084 quoque
3503 4029 3722 4069 suarum

2133 4113 2371 4168 crinibus
2399 4113 2548 4168 color
2591 4127 2723 4167 suus
2761 4112 3095 4166 redderetur.
3140 4111 3305 4165 Aiunt
3349 4117 3548 4172 autem,
3597 4123 3723 4163 eum

2137 4204 2236 4258 hoc
2279 4221 2489 4274 quoque
2538 4205 2892 4266 concessisse,
2943 4202 3250 4271 requisiisse
3297 4210 3470 4254 autem
3515 4199 3724 4269 puellas

2137 4313 2257 4370 qum
2288 4298 2428 4354 illam
2459 4306 2774 4365 acceperant
2801 4293 3160 4364 disciplinam,
3219 4301 3271 4346 et
3315 4292 3566 4362 quoniam
3618 4305 3727 4345 non

2138 4403 2422 4458 venerunt,
2454 4393 2735 4459 reliquisse
2780 4389 3128 4458 supplicium,
3167 4386 3542 4442 documentum
3595 4393 3727 4441 tem-

2141 4484 2416 4557 peramite,
2439 4492 2492 4537 et
2516 4492 2886 4551 argumentum
2915 4477 3315 4541 moderationis,
3340 4487 3393 4532 et
3409 4477 3601 4530 divina:
3623 4477 3730 4530 vir-

2143 4577 2270 4630 tutis
2317 4587 2628 4645 perpetuum
2679 4583 2734 4628 et
2778 4573 2998 4628 evidens
3047 4572 3456 4626 monimentum.
3489 4568 3616 4623 Tale
3645 4579 3733 4624 est

2144 4673 2262 4725 novi
2295 4675 2448 4738 huius
2492 4669 2687 4733 Muysis
2730 4667 3065 4726 miraculum.
3101 4665 3246 4733 quod
3272 4663 3483 4732 quidem
3516 4678 3619 4717 non
3650 4661 3732 4717 fa-

2145 4773 2287 4816 ctum
2319 4773 2396 4816 est
2431 4777 2593 4830 Virgae
2623 4757 2988 4828 percussione,
3012 4757 3104 4811 sed
3129 4755 3494 4826 operationem
3527 4756 3734 4824 accepit

2148 4856 2302 4923 signo
2346 4853 2540 4906 crucis.
2588 4852 2698 4919 Ego
2746 4861 2918 4903 autem
2977 4857 3172 4918 prmter
3227 4847 3538 4901 miraculum
3581 4845 3739 4902 valde

2149 4961 2358 5015 quoque
2387 4943 2552 4997 miror
2576 4941 3072 5004 mansuetudinem;
3123 4954 3295 5008 neque
3337 4939 3502 5004 enim,
3534 4947 3592 4992 ut
3617 4954 3736 4992 ma-

459 5039 516 5096 in
564 5035 811 5092 eamdem
861 5028 1348 5085 translormabatur
1397 5025 1677 5094 imaginem
1707 5041 1735 5078 a
1785 5026 1950 5096 gloria
1993 5027 2023 5080 it

2126 5052 2285 5106 tgnus
2319 5036 2560 5098 Eli-ams,
2603 5033 2940 5104 impudentes
2971 5033 3090 5085 illas
3120 5031 3323 5100 puellas
3349 5030 3489 5084 ursis
3521 5029 3738 5084 tradidit

461 5130 714 5201 gloriam,
748 5136 999 5196 tanquam
1029 5139 1058 5176 a
1089 5122 1286 5192 spiritu
1311 5120 1516 5175 Domini
1548 5119 1598 5194 (1
1628 5122 1744 5176 Cor.
1779 5125 1883 5192 In).
1914 5122 2049 5178 llinc

464 5232 582 5289 Quae
614 5217 711 5275 Dei
740 5226 857 5275 erat
877 5216 928 5271 in
962 5214 1128 5269 Deum
1160 5214 1348 5269 liducia
1377 5214 1669 5283 augebatur
1698 5214 1748 5268 itt
1772 5214 1907 5279 dies,
1939 5224 1993 5269 et
2018 5230 2047 5269 a

465 5309 578 5370 Deo
610 5321 797 5382 petens
825 5324 943 5378 qua!
966 5309 1242 5376 oportebat
1273 5316 1475 5376 petere,
1510 5321 1573 5360 ea
1603 5308 1781 5360 statim
1818 5309 2051 5376 acc'pie-

469 5408 578 5462 bat.
613 5405 780 5460 Porro
804 5411 980 5457 autem
1014 5401 1138 5456 hinc
1158 5417 1367 5470 quoque
1394 5401 1562 5455 latura
1587 5401 1910 5470 praevidebat
1929 5417 2052 5470 pro-

471 5500 707 5570 phetica.
741 5506 796 5553 et
826 5498 1072 5554 virtutem
1098 5496 1163 5550 ad
1193 5494 1428 5550 facienda
1463 5494 1716 5548 miracula
1746 5510 1774 5548 a
1821 5497 2049 5549 sanctis-

470 5592 597 5647 simi
615 5591 845 5660 Spiritus
869 5587 1163 5658 accipiebat
1186 5588 1375 5654 gratia.
1403 5587 1476 5641 Ex
1503 5587 1582 5640 Itis
1612 5602 1775 5656 pauca
1803 5587 2054 5652 narrabo,

473 5698 530 5745 et
554 5687 831 5759 apostolici
871 5685 988 5755 ejus
1018 5683 1320 5753 Splendoris
1349 5682 1554 5736 radium
1590 5683 1650 5736 iis
1691 5683 1778 5752 qui
1812 5683 2055 5736 nesciunt

474 5783 730 5852 aperiam.
757 5778 977 5849 Vigebat
1006 5777 1094 5830 illo
1122 5786 1360 5844 tempore
1386 5773 1436 5827 in
1466 5773 1750 5828 simulacra
1782 5772 2053 5826 hominum

472 5874 700 5934 hisania,
744 5880 795 5925 et
837 5868 1078 5924 inanimae
1125 5866 1334 5934 quidem
1368 5872 1553 5920 statum
1585 5863 1823 5919 divinum
1853 5864 2054 5918 cultum

2154 5127 2506 5188 immanibus;
2538 5125 2631 5178 sed
2664 5124 2799 5192 quad
2821 5139 2888 5178 tm
2921 5123 3133 5177 innoxia
3161 5122 3460 5191 disciplina,
3514 5130 3567 5176 et
3618 5135 3739 5189 qua

2154 5219 2437 5274 dedecoris
2465 5233 2650 5286 parum
2679 5217 2927 5285 habebat,
2958 5231 3105 5281 usus,
3143 5216 3390 5284 pietatem
3432 5214 3594 5267 simul
3637 5212 3738 5266 du-

2155 5313 2266 5367 cuit
2296 5321 2350 5366 et
2383 5310 2823 5364 moderationem.
2861 5309 2983 5362 llmc
3011 5319 3187 5360 autem
3215 5306 3348 5367 dix—i,
3401 5321 3503 5356 non
3530 5312 3589 5356 ut:
3611 5318 3738 5370 pro-

2155 5403 2370 5473 phetam
2401 5401 2621 5454 satvititc
2645 5415 2887 5452 accttsem
2910 5399 3065 5467 (absit
3085 5407 3144 5450 ut'
3163 5399 3295 5448 adeo
3315 5397 3624 5462 insaniam),
3645 5394 3746 5447 sed

2157 5506 2214 5550 ut
2242 5494 2519 5549 ostendam
2549 5496 2687 5560 quod
2720 5506 2839 5544 cum
2868 5492 3108 5543 eamdem
3145 5489 3361 5542 haberet
3381 5491 3651 5549 virtutem,
3679 5501 3742 5538 ea

2158 5586 2337 5640 eﬂecit
2364 5599 2480 5653 qua:
2524 5585 2887 5652 congruebant
2913 5581 3109 5635 Christi
3141 5580 3488 5649 magnitudini
3519 5586 3574 5632 et
3601 5592 3743 5632 novo

2159 5679 2518 5733 Testamento.

2234 5770 2280 5824 Is
2303 5784 2421 5822 cum
2455 5766 2736 5834 aliquando
2759 5765 2987 5819 vidisset
3008 5765 3238 5833 judicent
3265 5765 3479 5818 Persam
3512 5762 3754 5829 iniquam

2164 5862 2349 5917 tulisse
2372 5859 2711 5921 sententiam,
2738 5856 3019 5921 quemdam
3053 5858 3340 5910 maximum
3373 5854 3621 5912 lal'lllt'm.
3655 5853 3754 5908 aut
