4052 6362
398 394 458 452 t7
788 460 789 463 γ
1480 389 1928 453 PHILOTIIEUS,
1971 404 2087 443 SIVE
2128 374 2580 450 rtteortutrs.
3032 360 3039 368 ’
3612 396 3675 452 18

397 525 559 579 prope
579 509 712 562 situs
736 518 869 571 erat,
895 517 1225 574 exsecutus,
1254 508 1411 578 jussit
1438 525 1561 564 eum
1593 510 1795 563 conteri
1828 518 1881 563 et
1903 508 1980 561 dt-
2012 511 2051 564 A
2084 506 2365 576 Saphiratn
2396 510 2681 566 sull‘nratos
2714 495 3070 578 mentitasque
3101 512 3256 566 morti
3283 513 3495 569 tradidit
3526 516 3668 584 (Act.

396 603 567 672 ipergi
596 604 697 675 (4),
729 612 784 656 et
807 602 946 656 illius
978 601 1209 669 iniquam
1239 617 1463 673 arguere
1493 603 1831 657 sententiam.
1880 603 1981 656 La-

397 697 517 764 pitle
556 704 733 749 autem
766 694 944 748 statim
976 696 1302 748 comminuto
1334 696 1384 748 in
1416 696 1699 762 particulas
1739 697 1981 751 innume-

396 785 613 851 rabiles,
646 786 924 839 conterriti
960 785 1107 840 fuere
1136 788 1222 856 qui
1254 787 1477 840 aderant
1509 806 1523 843 :
1555 789 1776 844 horrore
1804 801 1979 844 autem

395 878 580 942 plenus
606 876 787 941 judex,
820 876 1093 931 revocavit
1118 878 1333 946 quidem
1361 880 1615 947 priorem,
1645 882 1865 935 alteram
1888 897 1981 935 au-

394 978 498 1021 tem
535 968 735 1035 justam
788 969 951 1040 799
992 968 1111 1023 tulit
1140 972 1483 1024 sententiam.
1539 972 1601 1025 Et
1656 973 1738 1026 hie
1769 988 1981 1043 quoque

391 1075 547 1113 suum
574 1059 857 1113 Dominum
885 1070 968 1114 est
990 1061 1245 1125 imitatus,
1270 1060 1501 1129 quicum
1523 1063 1679 1118 vellet
1698 1064 1979 1118 ostendere

391 1167 451 1205 se
473 1165 567 1204 sua
598 1159 790 1219 sponte
812 1165 874 1204 ac
902 1151 1172 1206 lubentem
1196 1152 1375 1206 subire
1399 1153 1719 1221 passionem,
1748 1165 1803 1210 et
1826 1154 1980 1212 facile

390 1244 435 1294 si
467 1241 725 1297 voluisset
756 1242 1016 1311 puniisset
1039 1244 1349 1310 sceleratos,
1384 1260 1487 1298 non
1531 1245 1610 1299 eis
1639 1246 1815 1301 intulit
1851 1262 1978 1317 sup-

389 1333 630 1399 plicium,
660 1332 752 1387 sed
784 1332 937 1386 ficum
967 1333 1256 1388 inanimum
1286 1336 1449 1389 verbo
1479 1337 1791 1395 arefacieus.
1825 1353 1974 1395 suam

387 1423 619 1476 ostendit
646 1425 892 1478 virtutem
918 1422 1133 1495 (Matth.
1163 1426 1292 1496 xxi).
1318 1425 1465 1481 lianc
1488 1429 1600 1495 ipse
1622 1446 1831 1496 quoque
1860 1430 1978 1485 imi-

387 1528 506 1571 tans
536 1517 898 1591 clementiam,
927 1534 1034 1573 non
1079 1520 1250 1589 puniit
1289 1522 1541 1589 iujustum
1583 1522 1840 1591 judicent,
1881 1524 1974 1578 sed

390 1608 497 1662 ictu
527 1588 716 1683 lapidis
747 1609 895 1665 illum
923 1588 1103 1665 docuit
1118 1611 1399 1681 justitiam.

453 1718 588 1775 Cum
616 1721 698 1777 his
727 1722 885 1776 rebus
914 1731 1058 1778 esset
1085 1724 1325 1795 insignis,
1350 1737 1397 1780 e'
1423 1727 1677 1782 omnibus
1698 1728 1966 1795 amabiiis,

384 1824 439 1868 et
467 1815 518 1867 in
540 1830 634 1870 ore
662 1817 899 1870 omnium
922 1829 1240 1883 versaretur,
1276 1820 1501 1874 trahitur
1523 1821 1588 1874 ad
1620 1838 1808 1877 munus
1837 1837 1969 1891 pun-

2088 604 2160 670 v).
2196 604 2401 659 Etenim
2432 607 2515 659 hic
2544 621 2755 673 quoque
2802 606 3077 676 similiter,
3126 606 3241 679 ejus
3271 609 3359 678 qui
3392 609 3671 665 veritatem

2086 704 2199 748 erat
2227 694 2449 756 furatus.
2483 705 2537 751 et
2565 697 2843 751 mendacio
2863 710 2976 752 erat
3000 715 3142 754 usus.
3173 700 3385 754 abstulit
3411 701 3667 758 animam.

2084 785 2187 840 Sed
2214 787 2303 841 ille
2334 789 2544 855 quidem
2571 804 2690 843 cum
2724 788 2922 843 furtum
2951 791 3290 860 cognmisset
3319 793 3671 863 (revelaverat

2085 880 2224 933 enim
2253 880 2421 951 gratia
2462 880 2718 951 Spiritus)
2764 882 2943 937 intulit
2986 883 3341 951 supplicium;
3375 884 3460 938 hic
3488 894 3666 939 autem

2082 983 2234 1027 actus
2273 984 2641 1041 argumentum
2684 973 2954 1040 nesciens,
2983 973 3175 1029 obtulit
3212 975 3426 1043 quidem
3461 990 3671 1043 preces,

2082 1065 2219 1118 stitit
2243 1074 2419 1119 autem
2448 1065 2570 1119 vitae
2596 1080 2809 1120 cursum
2841 1066 2888 1121 ei
2921 1066 3008 1133 qui
3041 1066 3403 1121 simulaverat.
3440 1067 3504 1119 Et
3531 1067 3672 1121 divi.

2084 1172 2181 1211 nus
2212 1156 2424 1226 quidem
2458 1158 2746 1225 Apostolus
2778 1169 3015 1213 mortuos
3042 1173 3070 1213 a
3099 1160 3403 1214 calamitate
3444 1161 3670 1215 minime

2081 1248 2310 1316 eripuit;
2367 1251 2619 1304 salutaris
2672 1252 2812 1304 enim
2869 1252 3260 1321 prmdicatinnis
3315 1254 3466 1309 initia
3520 1266 3668 1310 metu

2081 1355 2218 1409 opus
2253 1341 2541 1415 habebant.
2571 1342 2667 1396 ilic
2695 1356 2874 1397 autem
2907 1361 3026 1399 cum
3061 1357 3205 1401 esset
3238 1347 3468 1403 refertus
3496 1348 3669 1418 gratia

2079 1432 2389 1501 apostolica,
2419 1444 2473 1490 et
2502 1437 2671 1505 puniit
2702 1438 2765 1490 ad
2814 1448 3040 1508 tempus,
3074 1448 3127 1493 et
3160 1457 3367 1506 pennam
3416 1457 3536 1496 mox
3586 1456 3671 1496 re-

2080 1524 2243 1580 misit.
2279 1525 2390 1581 lloc
2415 1529 2556 1581 enim
2579 1544 2713 1597 opus
2741 1528 2968 1585 habebat
2991 1547 3057 1586 eo
3079 1532 3166 1601 qtti
3195 1542 3339 1586 esset
3366 1532 3669 1589 lucrifactu-

2081 1631 2171 1669 rus
2198 1631 2292 1671 eos
2321 1633 2407 1687 qm
2437 1618 2790 1675 oﬂ'entlerant.
3184 1622 3189 1629 ’

2148 1706 2251 1762 Sed
2282 1708 2422 1763 enim
2452 1717 2506 1763 et
2536 1719 2617 1763 est
2651 1711 2881 1767 eundum
2912 1712 2983 1766 ad
3020 1714 3153 1778 alia,
3179 1725 3231 1768 et
3259 1724 3383 1769 sunt
3427 1716 3514 1770 illa
3548 1717 3669 1771 bre-

2078 1801 2211 1855 viter
2232 1803 2563 1871 caponenda.
2595 1804 2880 1874 Postquam
2927 1807 3069 1861 enim
3115 1809 3290 1874 Arius,
3324 1811 3379 1864 in
3421 1810 3667 1880 unigeni-

382 1904 635 1973 uﬁcams’
668 1917 722 1961 et
750 1923 863 1962 sum
900 1911 1088 1977 mm“,
1119 1910 1427 1977 νηδυίων.
1456 1910 1589 1965 Cum
1618 1914 1759 1966 illam
1790 1924 1964 1967 autem
2000 1893 2046 1955 Β
2074 1902 2181 1946 tum
2210 1901 2265 1947 et
2294 1896 2689 1950 sanctissimum
2714 1897 2967 1967 Spiritum
2994 1900 3262 1955 maledicti
3294 1900 3665 1971 blasphemiae-

383 2005 689 2051 moutanam
742 1999 953 2053 vivendi
1003 2011 1264 2056 mutasset
1317 2003 1610 2067 rationem,
1657 2015 1710 2056 et
1757 2005 1966 2058 civilem

382 2087 504 2141 vita:
532 2089 973 2143 consuetudinem
1005 2105 1108 2143 non
1140 2106 1203 2144 ei
1238 2093 1319 2144 sui
1362 2093 1526 2146 animi
1574 2094 1801 2162 cepisset
1836 2109 1963 2149 sett-

380 2183 568 2249 tentia,
596 2199 768 2252 neque
791 2185 969 2239 cibum
999 2189 1238 2251 mutavit,
1283 2204 1381 2243 nec
1410 2191 1657 2245 vestitum
1678 2209 1696 2257 ;
1716 2192 1806 2246 sed
1849 2193 1963 2248 loca

381 2273 593 2342 quidem
636 2284 790 2330 erant
819 2287 1041 2345 mutata,
1073 2281 1194 2334 vita:
1234 2294 1409 2336 autem
1457 2283 1720 2338 institutio
1766 2288 1964 2341 nullam

379 2365 672 2432 accipiebat
706 2371 1073 2424 mutationem.
1104 2373 1429 2429 Crrscebant
1477 2391 1605 2431 vero
1652 2378 1880 2446 labores,
1912 2390 1967 2435 et

375 2467 529 2510 erant
554 2457 712 2525 longe
752 2462 983 2528 majores
1014 2464 1299 2530 prioribus.
1334 2466 1546 2537 chttnio
1578 2470 1743 2536 enim,
1775 2484 1828 2525 et
1866 2488 1961 2528 eu-

378 2546 467 2600 liili
501 2546 646 2603 humi
693 2560 881 2617 strato,
914 2563 969 2608 et
998 2569 1154 2609 sacco
1182 2572 1287 2625 quo
1336 2559 1673 2626 induebatur,
1715 2579 1959 2619 accesse-

374 2648 493 2693 rant
522 2642 686 2696 etiam
712 2644 934 2697 omnino
957 2658 1099 2700 cura:
1125 2662 1312 2703 eorum
1335 2653 1423 2720 qui
1449 2651 1790 2722 indigebant;
1822 2666 1878 2710 ut
1896 2656 1965 2713 de

373 2728 570 2794 viduis,
603 2731 840 2801 inquam,
871 2743 1018 2790 esset
1044 2737 1326 2802 sollicitus,
1354 2750 1407 2795 et
1436 2743 1739 2810 provideret
1767 2748 1964 2815 orpha-

371 2819 477 2881 nis.
506 2828 561 2875 et
588 2836 682 2876 eos
702 2823 791 2891 qui
820 2823 1068 2893 iniuriam
1093 2826 1358 2883 faciebant
1382 2843 1651 2899 argueret,
1674 2844 1730 2889 et
1753 2836 1817 2891 iis
1841 2838 1963 2907 qui-

370 2911 472 2965 bus
498 2912 656 2967 ﬂebat
688 2914 879 2982 injuria
903 2917 1105 2985 justum
1149 2921 1367 2977 afferret
1412 2925 1690 2981 auxilium.
1725 2928 1791 2983 Et
1832 2932 1957 2998 quid

370 3018 504 3071 opus
531 3018 614 3061 est
653 3007 832 3062 omnia
863 3024 1146 3066 recensere
1171 3015 1311 3082 apud
1343 3029 1438 3069 eos
1464 3018 1553 3086 qui
1597 3029 1792 3074 norunt
1814 3036 1961 3091 quaa-

367 3111 491 3152 nam
522 3097 625 3152 illis
654 3110 964 3168 competant
992 3103 1080 3170 qui
1110 3104 1247 3158 hanc
1272 3120 1557 3174 suscepere
1583 3116 1910 3166 curationem
1936 3114 1959 3165 ?

370 3188 649 3258 lnsigniter
681 3199 856 3244 autem
886 3190 976 3247 ille
1008 3193 1137 3248 tales
1169 3197 1590 3263 amplectebatur
1636 3201 1864 3268 labores,
1902 3213 1957 3257 ut

2074 2004 2176 2058 que
2200 2000 2349 2059 pater
2394 2000 2451 2047 et
2500 1991 2706 2060 opifex.
2754 1994 2805 2047 in
2837 2008 2958 2047 eum
2991 1995 3077 2064 qui
3111 1995 3284 2063 ipsum
3319 1995 3519 2051 fecerat
3564 1997 3665 2050 lin-

2072 2098 2229 2149 guam
2263 2100 2506 2152 movens,
2538 2086 2781 2155 implerit
2804 2084 3095 2157 IEgyplum
3128 2089 3352 2144 tumultu
3374 2097 3429 2142 et
3458 2097 3664 2157 pertur-

2073 2176 2308 2247 batjone,
2339 2177 2720 2234 Constantinus
2744 2188 2921 2233 autem
2956 2179 3035 2251 (6)
3064 2181 3352 2249 imperator
3372 2182 3662 2249 maximus,

2071 2268 2245 2337 gregis
2277 2269 2441 2321 nostri
2474 2267 2772 2323 Zorobabel
2808 2270 2971 2339 (illius
2996 2271 3136 2325 enim
3167 2272 3334 2327 instar
3356 2272 3662 2328 universam

2074 2362 2277 2427 piorum
2326 2359 2687 2427 captivitatem
2743 2359 2955 2415 reduxit
2998 2361 3066 2415 ab
3110 2362 3335 2431 exsilio,
3378 2371 3435 2418 et
3481 2362 3662 2418 divina

2072 2451 2265 2517 temp‘a
2315 2449 2463 2505 humi
2508 2452 2730 2517 disjecta
2772 2453 2825 2507 in
2874 2454 3040 2507 altum
3082 2455 3253 2509 erexit
3293 2465 3345 2509 et
3385 2454 3660 2518 excitavit)

2072 2553 2350 2610 postquam
2382 2557 2510 2611 ergo
2550 2544 2592 2597 is
2640 2558 2827 2598 omnes
2870 2545 3218 2601 ecclesiarum
3268 2546 3523 2615 praesides
3568 2546 3660 2600 illo

2072 2643 2313 2699 tempore
2337 2636 2678 2704 congregavit
2707 2633 2929 2704 Nicaeae,
2960 2636 3106 2691 venit
3132 2652 3253 2691 cum
3283 2637 3404 2692 aliis
3432 2650 3660 2706 magnus

2066 2739 2278 2794 quoque
2305 2724 2562 2793 Jacobus,
2597 2740 2694 2796 pro
2724 2728 2869 2783 veris
2912 2727 3286 2783 decertaturus
3319 2727 3571 2792 decretis,
3599 2737 3657 2783 ut

2068 2817 2148 2869 vir
2180 2816 2330 2871 fortis
2356 2826 2409 2871 et
2448 2818 2694 2887 princeps
2744 2819 2904 2874 totius
2948 2818 3246 2891 phalangis.
3292 2820 3652 2876 Romanorum

2065 2908 2206 2961 enim
2238 2908 2466 2979 imperio
2494 2920 2616 2965 tunc
2647 2911 2865 2980 parebat
2905 2910 3125 2967 Nisibis.
3156 2913 3441 2981 Postquam
3472 2923 3651 2967 autem

2066 3003 2158 3056 fuit
2191 3002 2443 3058 dimissus
2472 3018 2624 3057 sacer
2666 3004 2754 3058 ille
2782 3013 3095 3070 conventus,
3122 3013 3177 3059 et
3205 3006 3571 3075 unusquisque
3599 3005 3652 3060 itt

2063 3110 2212 3149 suam
2242 3106 2323 3150 cst
2362 3111 2633 3160 reversus,
2681 3096 2841 3152 rediit
2885 3096 2972 3153 hic
3018 3113 3228 3170 quoque
3273 3107 3523 3168 tanquam
3572 3101 3654 3155 vir

2066 3186 2214 3240 fortis
2263 3188 2483 3243 victoria
2532 3191 2769 3259 potitus,
2820 3194 3097 3246 exsultans
3149 3202 3364 3263 propter
3413 3193 3651 3263 trophaeo

369 3280 456 3350 qui
487 3280 667 3335 ovium
692 3281 965 3337 dominum
1001 3285 1276 3355 insigniter
1316 3297 1370 3342 et
1397 3300 1615 3357 cttpetet
1645 3301 1699 3345 et
1721 3295 1951 3350 timeret.
1984 3280 2029 3343 Ο
2062 3282 2290 3350 Nemus-

435 3368 552 3436 Quo
598 3380 776 3425 autem
826 3373 1035 3427 virtutis
1074 3389 1205 3442 Opes
1256 3378 1539 3446 Cttiiing-ll
1588 3386 1844 3451 majores,
1889 3401 1956 3440 eo

368 3460 571 3527 majore
598 3462 921 3519 sanctissimi
950 3466 1178 3535 Spiritus
1216 3466 1492 3524 fruebttur
1517 3475 1684 3541 gratia
1710 3491 1729 3540 ;
1754 3484 1807 3529 et
1833 3490 1954 3532 cum

366 3550 646 3622 aliquando
682 3556 732 3611 ei
782 3556 835 3610 in
876 3559 1050 3612 vicum
1096 3564 1380 3629 quemdam
1422 3574 1514 3619 aut
1555 3568 1807 3635 oppidum
1853 3571 1954 3626 iter

364 3653 506 3700 esset
531 3644 731 3716 (neqtte
773 3648 915 3703 enim
944 3650 1117 3705 locum
1149 3656 1280 3707 satis
1312 3658 1490 3726 teneo)
1524 3660 1593 3711 ad
1631 3675 1751 3714 eum
1798 3676 1952 3718 acce-

362 3736 494 3789 dunt
520 3737 736 3804 quidam
771 3754 1065 3810 pauperes,
1113 3760 1273 3798 υιευιιι
1306 3749 1607 3816 quempiam
1636 3767 1701 3806 ex
1741 3753 1819 3808 cis
1862 3756 1952 3824 qui

361 3838 481 3879 eum
523 3826 603 3881 eis
651 3830 1029 3898 versabantur,
1052 3842 1300 3903 tanquam
1340 3849 1603 3892 mortuum
1652 3857 1953 3910 proponen-

362 3925 463 3983 tes,
512 3929 567 3973 et
593 3936 712 3989 qua:
755 3922 823 3977 ad
855 3923 1003 3978 illum
1051 3928 1418 3994 sepeliendum
1461 3944 1613 3988 erant
1651 3939 1949 3995 necessaria

364 4009 635 4077 supplices
682 4012 749 4066 ab
790 4028 855 4067 eo
908 4017 1254 4083 postulantes.
1300 4020 1392 4074 Ille
1438 4033 1617 4078 autem
1677 4030 1951 4083 concessit

358 4100 573 4169 quidem
606 4106 939 4175 rogantibus,
974 4108 1083 4165 Deo
1130 4122 1309 4167 autem
1368 4132 1553 4184 preces
1602 4119 1794 4175 obtulit
1825 4134 1948 4177 tan-

358 4206 515 4259 quam
548 4209 645 4263 pro
679 4208 891 4253 mortuo
921 4200 1026 4273 (5),
1053 4218 1247 4271 rogans
1278 4217 1333 4259 ut
1357 4210 1402 4262 ei
1428 4211 1722 4266 remitteret
1750 4232 1869 4282 qua:
1894 4219 1945 4271 in

359 4283 465 4337 vita
513 4299 845 4354 peccaverat,
882 4299 940 4346 et
968 4309 1089 4346 eum
1132 4295 1182 4347 in
1214 4297 1438 4352 chorum
1471 4300 1734 4368 justorum
1766 4307 1949 4375 digna-

357 4388 502 4429 retur
552 4377 857 4435 admittere.
905 4381 1029 4437 llwc
1078 4396 1253 4440 autem
1296 4402 1416 4443 cum
1466 4392 1789 4461 dicerentur,
1830 4398 1947 4468 ejus

356 4465 444 4533 qui
473 4475 599 4523 tunc
629 4480 855 4526 mortem
885 4475 1170 4531 simulabat
1200 4482 1430 4536 evolavit
1471 4488 1670 4551 auiuta,
1695 4465 1947 4559 suppedi-

356 4567 461 4612 tata
490 4569 617 4614 sunt
639 4574 813 4619 autem
843 4568 1056 4646 corpori
1088 4579 1418 4641 tegumenta.
1450 4576 1732 4646 Postquam
1762 4594 1937 4637 autem

2133 3397 2265 3451 Cum
2296 3406 2473 3452 autem
2504 3398 2829 3470 aliquantum
2861 3403 3210 3472 processisset
3238 3404 3516 3471 temporis,
3547 3403 3650 3458 im-

2062 3498 2274 3555 perator
2304 3488 2515 3556 quidem
2548 3490 2636 3546 ille
2665 3507 2890 3563 magnus
2919 3502 2973 3548 et
2997 3497 3324 3551 admirabilis
3359 3499 3590 3552 excessit
3618 3514 3649 3554 ιι

2061 3578 2163 3631 vita
2192 3594 2310 3632 cunt
2333 3588 2546 3635 coronis
2578 3582 2819 3651 pietatis;
2852 3585 2994 3642 illius
3022 3599 3202 3643 autem
3235 3589 3325 3642 lilii
3362 3591 3508 3646 fuere
3540 3593 3648 3647 luc-

2058 3671 2214 3725 redes
2255 3672 2465 3742 imperii
2502 3676 2650 3730 orbis
2695 3685 2874 3733 terrai.
2906 3680 3056 3736 Tunc
3099 3658 3189 3736 rei:
3220 3684 3526 3748 l'ersatutn,
3561 3688 3646 3743 cui

2058 3781 2253 3820 nomen
2300 3779 2415 3823 erat
2470 3768 2720 3838 Sapores,
2753 3784 3074 3842 contempts
3116 3778 3262 3841 (iliis,
3313 3787 3367 3832 ut
3416 3793 3639 3848 quorum

2059 3860 2293 3926 putentia
2341 3875 2445 3913 non
2487 3873 2632 3916 esset
2676 3865 2809 3931 patri
2840 3867 3079 3935 arqualis,
3114 3869 3308 3924 bellum
3357 3873 3523 3927 movit
3549 3873 3643 3927 ad-

2060 3965 2250 4004 versus
2279 3950 2498 4006 Nisibim
2527 3954 2729 4021 magnis
2757 3966 2809 4009 et
2830 3958 3070 4026 equitum
3098 3976 3145 4013 et
3183 3963 3415 4031 peditum
3448 3966 3637 4035 copiis.

2056 4042 2214 4095 Duxit
2241 4052 2420 4097 autem
2448 4044 2766 4113 elephantos
2793 4063 3005 4119 quaque
3034 4056 3474 4123 quamplurimas,
3499 4067 3553 4112 et
3574 4061 3638 4114 ad

2058 4132 2243 4188 urbem
2275 4135 2621 4191 obsidendam
2650 4140 2823 4194 diviso
2845 4145 3103 4209 exercitu,
3132 4160 3249 4200 eam
3273 4148 3620 4206 circumsedit

2055 4235 2107 4278 et
2139 4227 2414 4281 machinas
2443 4232 2731 4298 exstruxit,
2757 4242 2811 4286 et
2837 4244 3008 4289 turres
3038 4237 3342 4303 :edilicavit,
3369 4242 3639 4311 vallesque

2053 4314 2238 4385 tigens,
2270 4328 2321 4371 et
2352 4319 2493 4387 quod
2541 4323 2682 4376 inter
2710 4338 2805 4378 eos
2855 4328 3128 4382 intercedit
3152 4370 3169 4397 ,
3202 4334 3363 4388 tantis
3392 4345 3638 4403 tanquun

2050 4412 2285 4466 cratibus
2312 4416 2600 4482 contextis,
2630 4416 2935 4482 obstructis,
2959 4422 3123 4490 jussit
3167 4426 3425 4486 militibus
3453 4440 3505 4483 ut
3546 4446 3637 4503 ag-

2048 4517 2230 4571 gerem
2281 4517 2639 4577 exstruerent,
2670 4520 2727 4566 et
2772 4522 2946 4569 turres
2975 4530 3162 4573 contra
3211 4528 3383 4577 turres
3435 4528 3637 4579 excita-

2052 4604 2193 4647 rent.
2225 4595 2428 4654 Deinde
2457 4599 2565 4655 illic
2585 4602 2892 4671 sagittarios
2918 4608 3222 4677 collocatis,
3249 4622 3311 4668 et
3342 4615 3394 4669 in
3424 4630 3518 4672 eos
3547 4622 3635 4689 qui

356 4665 539 4718 parum
571 4658 923 4722 processisset
954 4661 1115 4717 homo
1143 4665 1492 4735 admirabilis,
1519 4671 1779 4739 jlliteitillll
1818 4695 1938 4731 eum
1978 4658 2021 4714 θ
2050 4687 2217 4756 800
2243 4698 2397 4745 erant
2434 4705 2597 4761 super
2626 4658 2810 4751 muros
2855 4700 2956 4754 tela
2996 4658 3473 4771 jubeusymitlere,
3504 4658 3635 4768 alios

356 4742 439 4771 nu:
475 4741 675 4771 ζηηηιιηι
709 4761 925 4771 ..η----Α
950 4749 981 4771 2:
1015 4751 1095 4771 _A,2
1166 4764 1200 4771 ,.
1791 4767 1817 4771 _,

354 4742 439 4811 qui
467 4741 682 4811 jacebat
707 4761 927 4816 surgere
948 4749 982 4803 ii
1008 4751 1098 4819 qui
1122 4764 1298 4808 actum
1320 4772 1753 4824 ουηιιιοδυυικοηι.
1786 4767 1937 4821 Ρυςιο

352 4845 508 4901 quam
538 4844 718 4889 autem
751 4837 992 4893 viderunt
1021 4855 1140 4896 eum
1175 4860 1277 4897 ttott
1307 4850 1583 4914 exaudire,
1616 4862 1669 4905 et
1697 4856 1837 4923 quod
1868 4860 1938 4911 si-

350 4924 655 4981 mulabatur
701 4927 751 4982 id
802 4944 984 4985 verum
1034 4937 1293 5003 evasisse,
1325 4950 1379 4993 et
1408 4941 1459 4993 iu
1513 4959 1691 4999 veram
1746 4950 1935 5006 faciem

349 5027 605 5070 mutatam
636 5034 756 5073 esse
787 5036 1089 5090 personam,
1118 5029 1183 5081 ad
1214 5045 1460 5100 maguum
1488 5037 1704 5105 quidem
1739 5042 1935 5096 adeunt

348 5104 629 5173 Jacobum,
658 5112 970 5178 suppliciter
994 5127 1170 5171 autem
1201 5104 1566 5189 obsecrantes,
1592 5135 1647 5180 et
1674 5130 1740 5183 ad
1770 5135 1932 5199 pedes

347 5198 463 5268 ejus
495 5203 779 5270 provoluti,
811 5217 865 5261 et
897 5217 1049 5264 actus
1078 5226 1237 5280 quem
1275 5222 1477 5272 temere
1519 5198 1780 5290 agendum
1812 5242 1931 5284 sus-

346 5300 618 5357 ceperant,
649 5293 886 5350 dicentes
909 5313 1121 5353 causaut
1150 5304 1314 5361 fuisse
1343 5321 1530 5378 paupe:
1549 5321 1731 5383 tatem,
1769 5333 1925 5387 roga—

346 5380 472 5434 bant
506 5394 555 5434 Ill
588 5386 664 5438 eis
694 5400 849 5441 suum
874 5392 1108 5447 mitteret
1136 5395 1417 5466 delictum,
1446 5410 1497 5456 et
1526 5402 1573 5457 ei
1604 5408 1693 5475 qui
1716 5380 1928 5476 jacebtt

344 5477 572 5531 ahlatatn
606 5492 910 5539 restitueret
950 5488 1203 5545 animam.
1250 5493 1455 5550 Domini
1504 5498 1683 5570 itaque
1714 5504 1927 5559 imitans

341 5569 720 5636 clementiam,
754 5585 810 5630 et
840 5592 1026 5647 preces
1054 5585 1320 5646 exaudiit.
1351 5598 1405 5642 et
1438 5569 1671 5647 ostendit
1699 5598 1928 5653 miracu-

344 5661 473 5728 lum,
508 5668 679 5735 utqui
713 5669 869 5723 vitam
913 5677 1161 5739 precibus
1200 5679 1463 5750 ablatam,
1498 5702 1592 5754 per
1635 5706 1819 5759 preces
1840 5695 1926 5765 ja-

343 5755 485 5808 ceuti
534 5759 841 5816 restituerit.
896 5764 1007 5821 lloc
1049 5779 1226 5825 autem
1280 5774 1412 5828 mihi
1445 5755 1670 5846 .quidem
1718 5755 1923 5842 videiur

343 5860 463 5900 esse
503 5849 675 5906 simile
720 5859 892 5916 magni
921 5859 1066 5915 Petri
1122 5864 1397 5929 miraculi,
1428 5873 1514 5931 qui
1566 5878 1821 5933 Aminiam
1868 5894 1914 5935 rt

2045 4778 2206 4843 jussit
2243 4778 2467 4836 inferius
2496 4782 2682 4841 fodere
2713 4803 3001 4859 murusque
3040 4795 3315 4851 subruere.
3349 4799 3633 4873 Postquam

2047 4878 2225 4925 autem
2258 4875 2435 4928 omnia
2480 4875 2553 4930 illi
2581 4888 2734 4934 erant
2777 4882 2925 4937 irrita
2970 4895 3024 4940 et
3051 4885 3227 4942 inania
3250 4932 3273 4956 ,Α
3301 4902 3357 4946 ut
3383 4908 3504 4963 quae
3534 4899 3632 4953 virl

2046 4961 2214 5017 divini
2244 4965 2668 5026 dissolverentur
2705 4976 2991 5043 precibus;
3035 4989 3303 5046 postremo
3327 4961 3448 5042 eum
3483 4991 3631 5049 ﬂuvii

2049 5056 2480 5125 praeterﬂuentis,
2510 5062 2845 5121 multitudine
2876 5067 3150 5126 hominum
3190 5074 3375 5141 fretus,
3428 5080 3627 5137 ﬂuxum

2040 5146 2425 5217 prohibuisset,
2456 5157 2847 5226 exstructisque
2882 5163 3068 5229 nutris,
3101 5176 3155 5220 et
3193 5170 3258 5222 ad
3290 5172 3626 5231 retinendum

2038 5241 2360 5306 eotnparatis
2382 5241 2800 5313 impedimentis,
2820 5250 2963 5307 ﬂuvii
2989 5259 3621 5336 plurimumcollegisset,

2040 5326 2090 5379 id
2127 5336 2295 5384 totum
2326 5332 2484 5388 simul
2516 5334 2737 5393 immisit
2779 5341 2830 5394 in
2875 5349 3092 5416 muenia,
3124 5368 3189 5404 eo
3218 5369 3343 5407 usus
3375 5326 3626 5429 tanquam

2036 5416 2212 5486 aliqua
2259 5420 2738 5482 vehementissima
2771 5436 3039 5490 machina.
3070 5438 3145 5493 Ea
3194 5459 3318 5499 κει-υ
3348 5416 3497 5518 aqua;
3539 5453 3624 5507 in-

2035 5508 2233 5563 sultutn
2282 5528 2386 5566 non
2446 5514 2698 5584 tulerunt,
2731 5522 2825 5579 sed
2874 5527 3075 5596 impetu
3124 5508 3480 5594 concussa'iu
3531 5542 3619 5598 illa

2037 5613 2186 5669 parte
2211 5603 2445 5661 funditus
2474 5621 2812 5670 corruerunt.
2856 5618 2934 5672 Illi
2963 5634 3089 5677 vero
3120 5638 3369 5695 magnum
3408 5630 3615 5687 clamo-

2034 5708 2145 5747 rem
2169 5695 2516 5765 sustu’lerunt,
2543 5712 2724 5773 utpote
2768 5710 2909 5777 quod
2958 5711 3085 5768 urbs
3124 5716 3230 5785 jaut
3272 5732 3415 5775 esset
3457 5736 3615 5790 captu

2031 5787 2232 5865 facilis;
2277 5787 2629 5854 habitantium
2677 5802 2821 5857 enim
2870 5803 3068 5860 civium
3114 5824 3361 5882 magnum
3399 5787 3612 5872 murum
3706 5830 3751 5855 '-

2033 5879 2347 5945 iguonbant
2378 5901 2393 5939 :
2424 5886 2681 5947 distulere
2734 5902 2909 5950 tamen
2950 5879 3267 5971 irrumpere,
3300 5920 3421 5960 cum
3467 5907 3614 5963 vide~
