4052 6362
449 328 513 384 l9
1588 323 1674 380 DE
1718 320 1893 377 VlTlS
1933 320 2012 375 PA

2119 319 2213 376 ΗΜ
2256 321 2454 378 LIBER
2495 321 2588 380 [Χ.
3641 326 3716 383 20

447 448 567 500 rent
592 458 694 497 non
727 455 883 512 posse
913 441 1097 497 urbem
1124 440 1256 496 adiri
1290 448 1505 511 propter
1527 455 1712 511 aquas.
1734 438 1864 493 Cum
1895 447 2023 503 ergo
2054 434 2105 494 Α
2130 434 2367 491 bitabant
2391 478 2405 499 ,
2449 454 2531 494 sui
2558 446 2731 494 autem
2774 436 3075 493 defensoris
3126 452 3189 492 ac
3235 436 3487 507 principis
3513 453 3713 508 corpus

446 536 629 606 procul
664 535 1042 601 recessissent,
1079 542 1260 603 utpote
1290 535 1427 603 quod
1456 533 1605 587 labor
1633 531 1710 586 eis
1735 538 1878 586 esset
1909 543 2026 583 ces-

445 637 680 693 saturus,
707 627 1049 697 quiescebant
1073 627 1196 695 ipsi,
1221 635 1277 680 et
1302 639 1468 694 equos
1494 623 1751 679 curabant
1773 620 1901 690 ;qtti
1931 636 2026 674 au-

444 729 550 775 tem
580 721 764 775 urbem
809 719 1141 781 habitabant,
1174 734 1238 771 cx
1269 719 1445 771 animo
1485 716 1728 770 conversi
1773 722 1927 768 erant
1956 710 2022 766 ad

430 814 884 882 supplicationes,
913 826 1159 882 magnum
1185 812 1439 867 Jat-obutn
1482 809 1737 863 habentes
1763 809 2021 861 interces-

442 921 641 960 sorem.
693 906 794 972 Qui
839 916 1015 960 autem
1063 912 1221 958 aetate
1274 902 1449 956 adhuc
1500 901 1782 971 vigebant,
1836 914 2022 954 omnes

441 1012 598 1063 quam
633 997 864 1049 maxima
912 1005 1155 1063 poterant
1197 992 1537 1047 contentione
1567 1005 1752 1045 rursus
1787 990 2019 1044 malifica-

439 1086 568 1142 baut
595 1083 698 1159 (7),
728 1102 827 1142 nec
856 1083 1261 1153 pulchritudinis
1292 1098 1391 1139 nec
1435 1083 1716 1137 concinna:
1746 1081 2023 1151 compagis

438 1178 598 1232 ullam
627 1194 809 1233 curam
846 1185 1109 1245 gerentes,
1143 1174 1236 1229 sed
1263 1174 1441 1228 omnia
1467 1183 1667 1227 temere
1695 1186 2020 1240 componen-

422 1277 538 1332 tes,
571 1280 625 1323 et
649 1269 848 1338 lapides
879 1279 931 1322 et
963 1269 1175 1332 lateres,
1210 1275 1263 1321 et
1301 1264 1555 1336 quidquid
1590 1266 1831 1334 portabat
1856 1264 2019 1331 quili-

440 1365 531 1414 bet
563 1378 576 1413 :
609 1376 818 1429 unaque
850 1370 1004 1413 nocte
1031 1371 1164 1425 opus
1194 1367 1398 1413 tantum
1432 1358 1711 1426 processit,
1739 1366 1792 1411 et
1821 1355 1874 1409 in
1903 1363 2018 1409 tan-

440 1466 546 1508 tam
577 1455 743 1508 crevit
767 1452 1118 1517 altitudinem,
1154 1462 1208 1505 ut
1230 1461 1281 1506 et
1303 1452 1433 1507 satis
1464 1461 1606 1506 esset
1635 1449 1705 1503 ad
1723 1448 2014 1503 arcendum

437 1561 647 1599 cursum
700 1560 997 1614 equorum,
1052 1555 1106 1599 et
1162 1544 1434 1597 hominum
1490 1558 1770 1597 ascensum
1814 1542 2016 1610 absque

434 1637 617 1689 scalis.
646 1636 795 1690 Tunc
817 1651 1006 1690 omnes
1033 1635 1100 1688 ab
1132 1634 1344 1688 homine
1375 1633 1468 1686 Dei
1511 1642 1695 1703 petunt
1722 1632 2011 1700 supplices,

410 1736 488 1789 ,ιιι
516 1733 571 1780 et
598 1727 649 1779 iu
682 1728 850 1780 muris
880 1742 939 1781 se
965 1726 1229 1787 ostendat,
1258 1736 1310 1779 et
1342 1725 1442 1779 tela
1471 1725 1898 1780 exsecratiouttm
1927 1722 2013 1791 ja-

2128 525 2389 588 ferebant.
2406 543 2547 599 aegre
2563 530 2777 599 quidem
2798 529 3029 585 ferentes
3045 538 3098 584 et
3114 529 3354 585 dolentes
3374 528 3512 598 quod
3533 539 3709 584 trans-

2128 619 2440 688 migrarent,
2497 632 2754 675 canentes
2782 631 2961 675 autem
2991 619 3432 686 celebrantesque
3454 619 3714 673 virtutem

2126 708 2398 763 fortissimi
2429 710 2666 766 victoris.
2720 711 2775 765 Si
2824 709 2913 765 ille
2959 712 3102 765 enim
3150 710 3392 776 vixisset,
3428 710 3461 763 ii
3490 710 3711 765 minime

2127 802 2397 856 Venissent
2416 806 2464 857 in
2492 812 2806 872 potestatem
2835 805 3198 858 barbarorum.
3220 803 3343 857 lltnc
3364 817 3483 856 cum
3506 804 3571 857 de
3592 804 3710 857 viro

2124 896 2304 951 divino
2334 899 2711 959 recensueritn,
2741 898 2805 952 ad
2843 898 3000 952 aliam
3051 897 3291 950 transibo
3317 897 3703 961 narrationem,

2125 1002 2315 1057 rogans
2346 1000 2401 1042 ut
2424 1004 2717 1059 consequar
2747 987 2863 1058 ejus
2893 987 3344 1043 benedictionem.

2746 1078 2972 1134 CAPUT
3002 1079 3062 1134 ll.

2614 1184 2864 1223 wuaa'us
2893 1183 3050 1223 suas
3081 1168 3217 1241 (l0).

2193 1259 2455 1326 Julianus,
2487 1275 2647 1330 quem
2684 1261 3003 1329 cognomine
3031 1261 3227 1316 Sabatu
3262 1259 3584 1317 honorantes
3613 1276 3707 1316 no-

2123 1351 2400 1405 minabant
2446 1352 2661 1416 inculte,
2712 1352 3007 1430 πρεσϐύτην
3054 1362 3261 1417 autem,
3294 1353 3345 1407 id
3375 1363 3460 1409 est
3489 1368 3702 1417 senem,

2123 1445 2304 1501 Cranen
2338 1462 2467 1501 voce
2512 1450 2614 1501 hoc
2658 1461 2850 1501 nomen
2895 1446 3184 1517 significat,
3226 1447 3277 1500 in
3328 1448 3540 1515 regione
3585 1461 3707 1516 qua

2119 1539 2246 1592 olim
2274 1540 2488 1607 quidem
2530 1538 2873 1601 Parthorum,
2910 1554 3048 1591 nunc
3073 1548 3247 1591 autem
3277 1538 3582 1591 nominatur
3606 1537 3704 1591 Os-

2121 1646 2415 1697 rmnorum,
2451 1632 2564 1685 fixit
2592 1632 2655 1684 ad
2684 1630 3125 1686 exercitationem
3166 1633 3531 1683 monasticam.
3556 1641 3704 1698 tugu-

2119 1724 2277 1776 rium.
2313 1725 2386 1778 Ea
2413 1733 2589 1777 autem
2624 1732 2768 1793 patet
2808 1723 2873 1777 ad
2918 1722 3259 1779 Occidentem
3289 1723 3501 1790 quidem
3534 1738 3705 1791 usque

432 1820 639 1872 culetur
668 1819 720 1873 in
754 1818 955 1873 hostes.
993 1819 1037 1871 ls
1070 1832 1199 1872 vero
1224 1826 1475 1872 exoratus
1507 1816 1782 1883 ascendit,
1814 1824 1868 1869 et
1914 1830 2007 1869 eo-
2045 1802 2090 1862 Β
2116 1811 2182 1867 ad
2214 1816 2381 1883 ripam
2415 1815 2557 1869 fluvii
2580 1857 2596 1881 ,
2626 1827 2707 1870 est
2736 1823 2915 1869 autem
2944 1816 2992 1869 ei
3023 1830 3217 1870 nomen
3261 1814 3599 1883 Euphrates:
3633 1818 3702 1869 ad

433 1925 548 1964 rum
600 1911 827 1979 plurima
877 1910 1041 1963 millia
1095 1909 1527 1977 contemplatus,
1559 1923 1587 1961 a
1639 1908 1748 1963 Deo
1788 1909 2009 1977 supplex

432 2004 605 2072 petiit,
636 2013 693 2057 ut
724 2004 776 2058 in
808 2017 903 2058 eos
948 2003 1263 2058 immitteret
1304 2004 1497 2056 nubem
1524 2001 1811 2072 cynipttum
1842 2009 1897 2055 et
1922 2015 2013 2055 cu.

432 2095 590 2148 licum
625 2092 728 2166 (8).
756 2095 820 2148 Et
851 2097 893 2149 is
921 2094 1133 2164 quidem
1162 2093 1321 2160 dixit,
1354 2095 1493 2149 Deus
1522 2108 1648 2147 vero
1680 2092 1921 2155 immisit,
1946 2092 2013 2145 ab

432 2197 495 2238 eo
525 2193 773 2252 tanquam
801 2199 830 2237 a
863 2185 1044 2255 Moyse
1075 2194 1345 2251 exoratus,
1375 2192 1429 2240 et
1457 2182 1552 2237 viri
1584 2182 1797 2252 quidem
1820 2181 2014 2237 divinis

431 2276 549 2331 telis
577 2277 994 2331 vulnerabantur
1021 2317 1038 2343 ,
1089 2279 1211 2347 equi
1241 2286 1418 2333 autem
1448 2292 1511 2332 ac
1537 2277 1808 2347 elephanti
1845 2277 2014 2347 ruptis

430 2368 652 2424 vinculis
686 2370 956 2440 fugiebant
984 2414 997 2435 ,
1032 2372 1134 2425 huc
1162 2381 1215 2425 et
1243 2372 1373 2425 illuc
1399 2372 1624 2441 dispersi
1656 2414 1670 2437 ,
1704 2381 1758 2424 ut
1785 2370 1875 2439 qui
1904 2384 2011 2423 non

430 2471 647 2528 possent
673 2462 795 2515 illos
824 2462 963 2517 ferre
992 2464 1226 2517 aculeos.
1260 2461 1389 2517 Cum
1424 2464 1600 2531 itaque
1644 2460 1870 2516 vidisset
1915 2476 2011 2515 rex

430 2552 627 2622 impius
651 2593 665 2618 ,
707 2564 760 2607 et.
806 2554 1080 2608 machinas
1109 2554 1238 2607 nulli
1270 2554 1369 2608 sibi
1405 2554 1566 2608 fuisse
1596 2552 1748 2619 usui,
1780 2563 1833 2607 et
1860 2568 2012 2623 aqua:

430 2644 777 2714 irruptionem
802 2644 966 2701 fuisse
994 2646 1231 2700 inutilem
1265 2646 1481 2712 (murus
1503 2645 1644 2700 enim
1677 2645 1765 2714 qui
1794 2659 2006 2700 corrue-

427 2745 532 2800 rat,
588 2751 778 2792 rursus
836 2736 1008 2790 fttcrat
1043 2735 1358 2805 aedificatus)
1390 2745 1444 2790 et
1464 2751 1678 2791 omnem
1718 2735 2011 2789 exercitum

427 2838 480 2884 ct
509 2828 676 2900 affligi
706 2828 1007 2895 laboribus,
1060 2840 1112 2883 et
1155 2829 1293 2882 male
1341 2843 1399 2883 se
1432 2828 1630 2883 habere
1670 2828 1770 2882 sub
1799 2827 1888 2881 dio
1914 2868 1928 2891 ,
1958 2836 2014 2881 et

426 2922 607 2976 vexari
651 2936 681 2976 a
732 2920 883 2994 plaga
937 2921 1175 2977 immissa
1222 2920 1475 2975 divinitus
1510 2938 1523 2974 :
1556 2919 1779 2974 vidisset
1833 2928 2010 2973 autem

427 3013 663 3069 divinum
687 3029 899 3084 quoque
925 3014 1192 3067 hominem
1222 3027 1385 3082 super
1416 3027 1596 3066 muros
1622 3010 2007 3077 ambulantem,

428 3117 481 3162 et
527 3106 849 3175 conjecisset
893 3105 1067 3175 ipsum
1120 3107 1497 3176 imperatorem
1523 3106 1570 3161 ei
1596 3120 1829 3176 prmesse
1858 3106 2005 3171 operi

2116 1906 2388 1961 Orientem
2421 1915 2599 1962 autem
2631 1909 2833 1973 solem,
2869 1906 3027 1961 habet
3068 1907 3289 1961 limitem
3334 1906 3555 1961 Romani
3597 1908 3699 1961 im-

2120 1998 2273 2068 perii.
2297 1999 2516 2068 Assyria
2542 1998 2682 2051 enim
2710 1996 2908 2065 excipit
2936 1996 3148 2061 Persas,
3173 2013 3293 2051 cum
3320 1997 3517 2052 Persici
3548 1997 3701 2071 regni

2114 2089 2181 2144 sit
2215 2089 2334 2143 finis
2374 2089 2737 2152 occidentalis,
2769 2104 2927 2158 quam
2958 2090 3048 2159 qui
3096 2099 3278 2160 postea
3321 2101 3438 2144 sunt
3483 2094 3690 2158 secuti,

2115 2184 2463 2236 nominarunt
2487 2181 2834 2236 Adiabenem.
2867 2181 2920 2234 lu
2954 2180 3052 2236 hac
3078 2189 3241 2249 gente
3268 2181 3448 2235 multa:
3476 2181 3695 2249 quidem

2114 2283 2235 2327 sunt
2264 2274 2423 2329 urbes
2450 2289 2655 2343 magna:
2677 2282 2731 2327 et
2771 2273 3073 2342 populosae;
3106 2272 3336 2343 regionis
3368 2282 3546 2326 autem
3580 2273 3699 2341 plu-

2114 2368 2309 2421 rimum
2356 2368 2564 2436 quidem
2616 2367 2913 2430 habitatur,
2965 2366 3248 2434 plurimum
3298 2377 3473 2420 autem
3515 2375 3598 2421 est
3639 2374 3697 2421 et

2115 2456 2464 2511 inhabitabile
2492 2466 2546 2511 et
2575 2458 2865 2512 desertum.
2898 2458 2977 2511 Ad
3008 2467 3247 2511 extrema
3293 2456 3448 2525 hujus
3492 2457 3689 2511 solitu-

2114 2550 2253 2603 diuis
2290 2565 2411 2603 cum
2462 2549 2547 2603 hic
2589 2550 2674 2603 vir
2715 2550 2928 2603 divinus
2976 2548 3339 2617 pervenisset,
3372 2561 3426 2603 et
3472 2559 3685 2603 antrum
3732 2606 3735 2607 ν

2114 2658 2218 2696 non
2252 2659 2411 2697 manu
2445 2642 2641 2697 factum
2660 2683 2674 2705 ,
2708 2658 2882 2711 neque
2906 2643 3043 2697 bene
3071 2658 3132 2696 ac
3164 2642 3387 2710 pulchre
3414 2642 3692 2709 effossum,

2116 2734 2438 2800 invenisset,
2470 2733 2563 2788 sed
2593 2734 2754 2805 801
2787 2734 2927 2803 quod
2957 2740 3141 2803 posset
3180 2735 3432 2805 exiguum
3478 2735 3695 2806 aliquod

2113 2834 2477 2896 tegumentum
2509 2829 2745 2895 praebere
2770 2826 2832 2880 iis
2858 2826 2944 2891 qui
2975 2825 3040 2879 ad
3074 2827 3247 2894 ipsum
3278 2827 3695 2897 confugiebant,

2115 2918 2291 2973 locum
2324 2919 2570 2973 lubenter
2614 2919 2902 2984 habitavit,
2936 2933 3067 2972 auro
3092 2929 3145 2973 et
3179 2930 3398 2988 argento
3445 2920 3695 2989 fulgenti-

2115 3014 2216 3069 bus
2254 3012 2436 3082 regiis,
2462 3012 2511 3066 id
2549 3012 2862 3067 existimans
2906 3026 3027 3066 esse
3071 3012 3514 3083 magnificentius.
3544 3012 3599 3066 In
3629 3027 3696 3067 eo

2116 3115 2295 3161 autem
2322 3105 2572 3175 degebat,
2602 3105 2655 3159 in
2686 3105 3015 3161 hebdomada
3042 3108 3208 3161 semel
3233 3109 3415 3163 cibum
3441 3124 3655 3178 captens
3680 3126 3696 3163 :

427 3199 551 3269 (sibi
586 3199 727 3254 enim
767 3198 911 3253 visus
943 3209 1053 3253 erat
1084 3208 1137 3254 et
1166 3175 1393 3267 purpura
1423 3175 1669 3263 indutus,
1702 3208 1755 3253 et
1794 3197 2011 3252 redimi-
2036 3175 2082 3237 (ἶ
2116 3198 2270 3253 cibus
2315 3208 2490 3253 autem
2535 3207 2651 3251 erat
2698 3198 2849 3266 panis
2898 3198 3247 3264 hordeaceus,
3280 3199 3429 3268 isque
3470 3175 3699 3253 furfura-

426 3299 510 3345 tus
542 3290 889 3359 diademate),
916 3290 1449 3359 iudiguatusquilem
1474 3299 1555 3343 est
1578 3290 1628 3343 in
1656 3304 1750 3344 eos
1781 3290 1868 3359 qui
1889 3306 2009 3344 eum

426 3381 782 3449 decepissent,
816 3390 870 3436 et
900 3389 958 3434 ut
999 3381 1198 3435 bellum
1248 3390 1484 3434 moveret
1517 3380 1924 3446 persuasissent,
1959 3389 2013 3435 et

429 3476 691 3531 dixissent
722 3490 825 3529 non
852 3474 1041 3529 adesse
1073 3474 1471 3543 imperatorem,
1500 3482 1698 3529 etcum
1730 3488 1823 3527 eos
1854 3473 2010 3527 dam-

399 3563 607 3622 nasset
663 3566 899 3636 capitis,
950 3565 1153 3619 dimis‘t
1209 3564 1550 3629 exercitum,
1639 3574 1694 3619 et
1743 3565 1794 3619 in
1854 3582 2007 3620 suam

430 3659 633 3729 regiam
668 3657 829 3712 rediit
868 3672 1024 3727 quam
1067 3656 1343 3711 citissime.
1397 3656 1521 3711 llzrc
1552 3656 1602 3709 in
1645 3656 1748 3712 hoc
1798 3672 2008 3726 quoque
2048 3678 2051 3681 ί

424 3747 654 3804 Ezechia
688 3750 828 3803 Deus
884 3749 1005 3803 fecit
1052 3749 1333 3812 miracula,
1388 3765 1493 3803 non
1523 3750 1627 3804 illis
1661 3751 1889 3816 minora,
1915 3752 2007 3805 sed

401 3841 581 3895 'etiam
618 3840 850 3911 majora,
895 3848 954 3894 ut
999 3840 1126 3894 mihi
1172 3839 1385 3909 quidem
1415 3841 1647 3895 videtur.
1681 3842 1832 3909 Quod
1864 3843 2006 3896 enim

422 3946 546 3987 cum
574 3934 865 3987 corruisset
900 3947 1102 3996 murus,
1138 3932 1264 3987 urbs
1294 3949 1398 3986 non
1430 3944 1583 4002 capta
1621 3935 1808 4000 fuerit,
1838 3936 2008 4006 quod-

422 4037 545 4077 nam
595 4031 769 4090 potest
812 4037 932 4077 esse
971 4038 1036 4077 eo
1076 4024 1249 4091 majus
1293 4025 1649 4080 miraculum?
1688 4023 1801 4095 Ego
1830 4036 2005 4081 autem

422 4122 623 4182 prmter
659 4112 761 4165 hoc
807 4112 933 4166 illttd
981 4127 1193 4181 quoque
1222 4113 1375 4168 valde
1402 4114 1661 4177 admiror,
1703 4116 1841 4185 quod
1886 4132 2006 4171 cum

425 4214 668 4261 uteretur
715 4206 1173 4261 exsecrationibus
1200 4248 1215 4270 ,
1248 4222 1353 4261 non
1405 4208 1557 4276 petiit
1606 4219 1663 4262 ut
1707 4210 1911 4279 fulgura
1954 4220 2011 4266 et

422 4295 648 4351 fulmina
679 4313 709 4353 e
741 4298 877 4352 cmlo
923 4299 1284 4363 mitterentur,
1337 4309 1390 4352 ut
1439 4298 1563 4353 fecit
1592 4314 1813 4370 magnus
1845 4302 2008 4369 Elias,

423 4390 641 4460 quando
670 4390 735 4443 ad
768 4391 940 4457 ipsum
977 4398 1203 4459 uterque
1233 4391 1723 4458 quinquagenarius
1779 4394 2010 4449 venisset

421 4497 544 4537 cum
571 4482 684 4537 suis
714 4482 1121 4551 quinquaginta.
1180 4482 1478 4536 Audiverat
1530 4482 1671 4537 enirn
1715 4482 1998 4539 Dominum

2113 3302 2269 3351 cens;
2302 3287 2579 3341 obsonium
2623 3297 2800 3342 autem
2824 3328 2838 3353 ,
2871 3288 3042 3351 sales;
3079 3296 3232 3356 potus
3277 3298 3453 3344 autem
3486 3291 3697 3345 suavis-

2112 3380 2301 3443 simus,
2330 3395 2423 3446 per
2452 3394 2510 3432 se
2540 3381 2777 3433 nativum
2804 3396 2955 3445 aqua!
2982 3380 3269 3448 ﬂuentum;
3296 3381 3455 3450 idque
3481 3398 3583 3437 non
3613 3398 3696 3438 sat

2115 3472 2298 3526 tietate
2327 3470 2629 3525 dimensum
2652 3513 2666 3537 ,
2696 3472 2790 3526 sed
2820 3488 2918 3526 usu
2950 3473 3172 3528 demissi
3200 3475 3347 3542 prius
3377 3474 3479 3529 sibi
3507 3474 3698 3529 defini-

2114 3575 2243 3620 tum.
2276 3565 2440 3618 Erant
2477 3574 2652 3617 autent
2682 3565 2730 3619 ei
2770 3565 2976 3620 deliciae
3016 3566 3402 3636 epiparnmque
3430 3577 3484 3622 et
3514 3568 3697 3622 lautis-

2112 3659 2303 3711 simum
2328 3658 2540 3726 epulum
2563 3699 2577 3719 ,
2611 3656 2977 3711 Davidicorum
3011 3660 3332 3728 hymnorum
3361 3659 3693 3725 decantatio,

2112 3759 2166 3805 et
2192 3751 2404 3803 assidua
2436 3763 2555 3803 cum
2593 3749 2701 3803 Deo
2731 3749 3086 3805 conversatio.
3125 3751 3190 3805 Et
3218 3766 3336 3806 cum
3368 3752 3445 3806 eis
3487 3750 3696 3806 fruere-

2116 3848 2201 3895 tur
2229 3840 2631 3907 insatiabiliter,
2656 3855 2841 3894 eorutn
2875 3857 3142 3911 nunquam
3188 3844 3353 3897 voluit
3383 3859 3577 3910 capere
3606 3862 3697 3897 sa-

2114 3933 2390 3997 tietatem;
2433 3932 2525 3985 sed
2575 3946 2787 4000 semper
2833 3933 3046 4001 quidem
3098 3934 3438 4002 intplehatur,
3482 3946 3697 4004 semper

2114 4031 2291 4075 autem
2322 4022 2624 4076 clamabat:
2656 4024 2824 4088 Quam
2871 4024 3045 4078 dulcia
3089 4027 3288 4094 gutturi
3335 4042 3455 4081 meo
3484 4028 3696 4096 eloquia

2113 4115 2228 4181 tua!
2255 4128 2415 4182 super
2442 4116 2542 4168 mel
2574 4123 2628 4167 et
2657 4113 2838 4168 favum
2862 4118 2938 4170 ori
2968 4131 3087 4171 meo
3119 4115 3290 4188 (Psal.
3316 4120 3531 4189 cxvm).
3563 4119 3697 4173 Rur-

2112 4220 2204 4260 sus
2230 4206 2371 4259 cnim
2411 4206 2615 4261 audivit
2663 4210 2875 4263 beatum
2928 4210 3089 4263 David
3141 4212 3405 4266 dicentem
3438 4228 3452 4264 :
3493 4213 3697 4267 .lndicia

2118 4296 2325 4351 Domini
2375 4312 2523 4364 vera,
2571 4299 2856 4367 iustificata
2903 4301 2954 4354 in
3004 4301 3273 4369 idipsum,
3323 4302 3697 4359 desiderabilia

2114 4406 2275 4459 super
2314 4406 2499 4446 aurum
2532 4402 2586 4449 et
2625 4394 2853 4461 lapidem
2888 4396 3176 4462 pretiosum
3209 4396 3470 4461 multum,
3500 4409 3552 4451 ct
3580 4398 3697 4451 dul-

2114 4482 2255 4537 ciora
2287 4499 2448 4553 super
2479 4486 2582 4539 mel
2612 4496 2664 4540 et
2693 4486 2866 4538 favum
2899 4485 3072 4555 (Paul.
3100 4490 3273 4557 xvttt).
3304 4487 3509 4543 Rursus
3549 4490 3698 4544 audi-

424 4582 613 4643 aperte
639 4572 840 4627 dixisse
866 4572 1069 4628 Jacobo
1094 4582 1147 4627 et
1175 4573 1367 4627 Joanni
1417 4575 1507 4643 qui
1553 4574 1654 4629 hoe
1698 4575 1867 4644 ipsum
1910 4593 2003 4633 co-
2032 4561 2086 4624 Β
2115 4571 2187 4626 vit
2212 4589 2332 4629 eum
2356 4576 2619 4631 dicentem
2648 4594 2661 4629 :
2692 4577 2967 4632 Delectare
2996 4578 3046 4632 itt
3079 4580 3323 4645 Domino,
3349 4591 3404 4635 et
3429 4580 3575 4636 dabit
3604 4582 3700 4637 tibi

423 4670 686 4724 nahantur
723 4668 911 4724 facere
951 4685 967 4722 :
1014 4668 1240 4723 Nescitis
1278 4670 1431 4738 cujus
1459 4670 1678 4739 spiritus
1704 4673 1820 4727 sitis
1850 4673 2003 4744 (Luc.

422 4760 524 4831 rx).
555 4761 616 4815 Et
645 4761 770 4816 ideo
797 4774 902 4814 non
935 4760 1082 4828 petiit
1126 4771 1183 4815 ut
1228 4769 1367 4816 terra
1415 4765 1495 4818 eis
1524 4763 1823 4821 dehisceret
1846 4807 1865 4832 ,
1909 4783 2007 4823 nec

424 4851 634 4923 rogavit
664 4860 720 4905 ut
748 4851 974 4920 phalanx
1006 4848 1128 4921 igne
1158 4863 1564 4908 consumeretur
1591 4871 1605 4920 ;
1656 4856 1749 4912 sed
1792 4866 1851 4911 ut
1893 4859 2008 4913 ani-

423 4943 668 4998 malculis
718 4942 829 4997 illis
870 4943 1233 5009 sauciaretur;
1282 4953 1486 5000 etcum
1518 4945 1612 5002 Dei
1668 4952 2004 5019 cognovisset

425 5035 699 5097 virtutem,
723 5033 938 5088 tandem
965 5044 1162 5089 mutata
1185 5036 1446 5093 edisceret
1474 5038 1721 5107 pietatem
1746 5053 1798 5097 et
1820 5058 2008 5098 verum

427 5127 522 5181 Dei
554 5127 773 5182 cultum.
808 5126 1029 5181 Tantam
1081 5128 1265 5183 habuit
1306 5129 1390 5184 hic
1421 5130 1581 5186 homo
1628 5133 1840 5190 divinus
1867 5137 2008 5206 apud

424 5216 598 5273 Deum
631 5216 903 5280 fiduciam,
932 5225 1131 5271 tantam
1163 5233 1191 5271 a
1219 5220 1429 5288 superis
1469 5221 1691 5289 gratiam
1741 5236 1821 5280 est
1875 5241 2010 5281 con-

426 5318 665 5363 secutus.
693 5310 827 5362 Cum
858 5311 907 5364 in
942 5310 1023 5364 his
1049 5321 1307 5378 perpetuo
1336 5322 1661 5380 versaretur,
1687 5324 1741 5371 et
1769 5318 1821 5372 in
1849 5319 2010 5375 rebus

402 5403 623 5458 divinis
651 5402 891 5472 quotidie
922 5414 1230 5470 cresceret,
1266 5420 1385 5459 cum
1419 5408 1648 5463 maxima
1677 5411 1843 5480 gloria
1873 5413 2009 5470 hanc

426 5499 591 5554 vitam
622 5499 867 5569 deposuit
897 5500 999 5571 (9),
1043 5509 1097 5555 et
1152 5518 1214 5556 ex
1261 5502 1341 5557 his
1388 5504 1518 5560 locis
1569 5507 1834 5577 migravit.
1875 5506 2007 5562 Cum

425 5601 605 5646 autem
640 5592 987 5662 praeteriissct
1015 5592 1343 5664 aliquantum
1378 5601 1654 5665 temporis,
1684 5608 1735 5652 et
1769 5599 1870 5653 hoc
1914 5614 2012 5670 op-

426 5681 635 5750 pidum,
687 5682 756 5737 ab
800 5697 865 5739 eo
899 5684 987 5754 qui
1022 5692 1145 5738 tunc
1179 5683 1495 5752 imperabat,
1528 5702 1694 5758 regno
1727 5689 2007 5747 Persarum

428 5784 574 5834 esset
610 5774 888 5845 traditum,
915 5777 1162 5834 exierunt
1189 5776 1399 5835 quidem
1432 5792 1617 5835 omnes
1638 5781 1726 5851 qui
1753 5772 1802 5839 in
1832 5798 1896 5839 eo
1917 5783 2008 5838 ha-

2116 4667 2397 4737 petitiones
2424 4670 2603 4723 cordis
2647 4671 2719 4724 ttti
2762 4668 2934 4739 (Paul.
2960 4671 3164 4744 xxxvt).
3198 4673 3262 4727 Et
3288 4689 3494 4739 rursus,
3527 4673 3699 4727 La-t.--

2117 4771 2200 4814 tur
2226 4776 2321 4814 eor
2365 4762 2717 4831 qtttcrentium
2755 4762 3035 4817 Dominum
3085 4764 3253 4835 (Psal.
3281 4764 3411 4835 etv).
3448 4766 3547 4821 Et:
3581 4765 3699 4821 ιτε-

2096 4852 2257 4907 tiiica
2279 4869 2371 4907 cor
2398 4868 2602 4917 meum,
2635 4865 2693 4908 ut.
2721 4854 2902 4909 timeat
2930 4870 3125 4910 nomen
3149 4865 3314 4911 tuum.
3343 4856 3407 4910 Et
3431 4872 3444 4910 :
3472 4854 3697 4911 Gustata

2113 4951 2169 4998 et
2190 4944 2365 4999 videte
2395 4960 2553 5014 quam
2584 4945 2847 5014 benignus
2875 4954 2958 4999 est
2988 4946 3244 5000 Dominus
3275 4944 3445 5018 (Psal.
3480 4946 3696 5016 χχχιιι).

2124 5040 2190 5094 Ει
2212 5056 2231 5093 t
2256 5041 2433 5094 Sitivit
2458 5040 2633 5093 anima
2666 5055 2781 5095 mea
2809 5039 2875 5094 ad
2901 5039 3069 5094 Deum
3101 5040 3290 5095 fortem
3314 5040 3490 5095 vivum
3522 5040 3692 5112 (Paul.

2117 5134 2250 5203 xu).
2283 5132 2392 5186 Et:
2423 5132 2661 5187 Adhaesit
2690 5133 2867 5186 anima
2908 5147 3024 5187 mea
3073 5143 3191 5201 post
3234 5143 3305 5187 te.
3341 5134 3403 5186 Et
3444 5132 3560 5203 ejus
3605 5136 3698 5204 qui

2118 5223 2234 5279 hac
2265 5223 2427 5289 dixit,
2455 5238 2694 5278 amorem
2743 5223 2796 5277 in
2844 5237 2901 5277 se
2954 5224 3240 5278 transtulit.
3290 5223 3397 5277 Ilac
3442 5223 3584 5278 enim
3629 5224 3700 5279 de

2118 5330 2276 5370 causa
2307 5330 2527 5385 magnus
2574 5331 2790 5385 quoque
2820 5316 2984 5370 David
3019 5317 3134 5371 haec
3172 5332 3369 5371 canens
3400 5317 3610 5382 docuit,
3644 5327 3699 5372 ut

2119 5408 2314 5462 multos
2342 5408 2515 5461 socios
2541 5415 2595 5461 et
2623 5408 2675 5460 in
2710 5407 2818 5463 Deo
2844 5409 3074 5461 amando
3106 5406 3297 5460 rivales
3324 5409 3696 5462 constitueret.

2120 5499 2303 5569 Neque
2333 5515 2459 5553 vero
2502 5514 2596 5568 spe
2643 5500 2805 5554 falsus
2835 5510 2912 5554 est
2938 5516 2956 5565 ;
2986 5499 3077 5554 sed
3108 5508 3163 5552 et
3192 5499 3330 5553 hunc
3361 5499 3531 5553 virum
3561 5499 3699 5553 divi-

2119 5608 2245 5647 num
2265 5632 2279 5657 ,
2313 5604 2365 5647 et
2396 5591 2526 5645 alios
2558 5590 2971 5646 innumerabiles
2999 5590 3178 5644 divino
3203 5606 3388 5646 amore
3413 5590 3696 5648 sauciavit.

2121 5686 2215 5740 llic
2242 5684 2384 5739 enim
2417 5693 2565 5738 tanto
2592 5682 2793 5738 amoris
2821 5683 2943 5754 igne
2972 5682 3069 5737 fuit
3096 5683 3367 5750 incensus,
3391 5692 3451 5736 ut
3480 5683 3684 5737 inebria

2120 5790 2267 5837 retur
2318 5778 2608 5845 desiderio,
2637 5788 2690 5834 et
2723 5776 2852 5834 nihil
2887 5777 3093 5834 videret
3122 5793 3186 5832 ex
3221 5775 3488 5834 terrenis:
3524 5774 3703 5832 solum
