4052 6362
325 335 385 391 2|
1396 333 1866 403 PHILOTIIEUS,
1909 347 2025 388 Stvs
2067 332 2520 394 TIIEOPHII.ES.
3532 340 3603 396 22

326 459 505 506 autem
553 450 808 518 dilectum
841 458 895 504 et
924 457 1083 504 noctu
1113 450 1433 513 somniaret,
1465 461 1519 504 et
1559 447 1788 504 interdiu
1830 447 1914 501 vi-
1943 450 1990 505 Α
2017 449 2147 502 eim.
2175 449 2379 506 Deinde
2403 451 2583 521 Operis
2608 451 2741 506 facta
2768 453 3202 522 commutatione,
3230 452 3453 508 alterum
3476 456 3601 525 qui-

328 542 479 595 sione
529 540 979 611 apprehenderel.
1024 540 1169 595 lianc
1217 556 1476 594 summam
1520 541 1637 611 ejus
1677 541 1914 607 philoso-

328 628 507 702 phiam
534 647 654 686 cum
684 633 834 685 multi
862 631 1195 695 didicissent,
1219 633 1305 685 alii
1333 632 1548 702 quidem
1577 632 1664 700 qui
1696 631 1916 701 propius

329 720 666 788 habitabant,
695 723 785 776 alii
817 737 944 777 vero
971 724 1058 792 qui
1092 726 1368 776 remotius.
1398 724 1566 776 Allata
1596 725 1736 776 enim
1771 722 1909 776 fama

331 822 675 874 percurrebat
703 815 755 867 in
783 829 971 868 moues
1003 824 1200 883 partes,
1230 815 1581 868 accurrebant
1610 815 1916 884 supplican-

332 915 412 959 tes
460 914 518 959 ut
566 917 746 959 essent
797 906 1057 974 pala-Strie
1112 906 1419 974 participes,
1466 914 1519 960 et
1565 905 1613 960 ei
1668 916 1913 972 tanquam

329 997 726 1052 exercitationis
756 997 1009 1067 magistro
1033 1009 1084 1051 et
1115 998 1424 1064 pmiotribm
1456 1008 1726 1065 parentes,
1763 998 1916 1051 vive-

330 1096 455 1143 rent
500 1089 551 1142 in
603 1100 894 1157 posterum.
946 1088 1060 1143 Non
1102 1089 1274 1143 solum
1314 1091 1454 1144 etim
1498 1105 1624 1144 aves
1657 1100 1917 1144 venantur

328 1190 607 1246 canentes,
638 1190 692 1233 et
719 1180 785 1233 ad
816 1196 875 1234 se
910 1195 1002 1235 eas
1036 1191 1343 1247 evocantes,
1375 1197 1493 1249 quae
1520 1190 1645 1236 sunt
1675 1182 1914 1250 ejusdem

329 1271 568 1340 generis,
598 1281 650 1325 et
683 1272 940 1340 subjectis
982 1272 1184 1342 laqueis
1229 1273 1592 1340 implicantes;
1623 1276 1715 1329 sed
1756 1276 1912 1329 etiam

333 1360 578 1415 homines
609 1372 873 1416 venantur
896 1377 991 1417 eos
1018 1364 1105 1430 qui
1138 1374 1259 1417 sunt
1301 1365 1541 1434 ejusdem
1572 1377 1795 1429 naturae.
1826 1368 1915 1421 alii

331 1453 545 1521 quidem
568 1455 632 1507 ad
663 1455 913 1514 exitium.
944 1456 1030 1508 alii
1062 1472 1189 1512 vero
1213 1456 1279 1509 ad
1312 1457 1559 1510 salutem.
1590 1458 1679 1513 Sic
1705 1472 1920 1527 congre

331 1553 439 1613 gatt
468 1543 686 1611 quidem
712 1546 820 1599 cito
851 1549 997 1601 fuere
1028 1548 1111 1601 det
1129 1563 1215 1601 em
1235 1589 1248 1611 ,
1277 1547 1472 1602 deinde
1499 1549 1658 1617 duplo
1680 1558 1733 1603 et
1760 1550 1918 1617 triplo

330 1637 534 1706 plures.
570 1637 673 1691 Eos
712 1646 888 1692 autem
930 1654 1050 1692 cum
1098 1650 1176 1693 tot
1212 1648 1427 1705 essent,
1460 1638 1756 1707 accipiebat
1786 1641 1913 1694 illitd

332 1738 570 1793 antrum;
598 1743 625 1781 a
656 1743 785 1784 sene
811 1732 952 1783 enim
977 1731 1271 1784 didicerant
1296 1730 1566 1800 negligere
1586 1745 1769 1785 curam
1794 1746 1914 1785 co:-

2021 543 2142 595 dem
2173 552 2475 611 surgentem
2506 557 2719 610 canere,
2748 544 2975 599 alterum
3006 558 3131 599 vero
3162 542 3305 597 humi
3350 558 3600 613 procum-

2022 631 2236 687 bentem
2263 633 2510 700 adorare,
2534 642 2588 688 et
2618 634 2667 688 id
2692 650 2720 687 a
2753 651 2908 690 mane
2934 650 3101 705 usque
3137 634 3203 688 ad
3227 634 3599 701 crepusculum

2019 724 2232 776 assidue
2274 724 2558 778 faciebant.
2590 726 2727 779 Ante
2755 741 3000 779 occasum
3029 735 3206 779 autem
3236 725 3390 792 solis,
3414 725 3469 780 in
3496 741 3600 780 an-

2020 821 2104 867 tro
2135 814 2403 883 paululum
2446 817 2803 885 quiescentes,
2833 817 2887 870 lii
2919 816 3132 885 quidem
3180 816 3325 880 hinc,
3356 818 3431 872 illi
3472 831 3601 871 vero

2021 903 2185 969 illinc,
2219 920 2406 958 omnes
2436 920 2560 960 vero
2591 906 2941 977 undequaque
2985 908 3035 961 in
3067 916 3274 961 antrum
3315 907 3604 962 convenie-

2023 994 2181 1062 bant,
2214 1003 2268 1049 et
2315 995 2545 1065 hymnos
2587 997 2917 1067 vespertinas
2959 997 3118 1052 simul
3155 998 3380 1053 Domino
3406 998 3601 1053 offere-

2023 1086 2167 1139 bant.
2194 1087 2358 1157 802
2387 1086 2426 1142 S
2449 1088 2605 1141 debat
2634 1100 2807 1143 autem
2845 1090 2959 1157 ipse
2993 1104 3205 1160 quoque
3241 1103 3401 1145 senex
3430 1105 3596 1143 unum

2020 1177 2250 1246 aliquem
2280 1192 2345 1231 ex
2375 1178 2751 1245 inStgnioribus
2780 1193 3055 1234 assumere
3081 1182 3284 1235 socium
3311 1179 3489 1234 oflieii.

2105 1290 2439 1359 Sequebatr
2484 1301 2660 1346 autem
2708 1309 2829 1347 eum
2882 1293 3212 1362 frequentius
3266 1294 3342 1348 vir
3389 1294 3601 1363 quidam

2017 1384 2214 1453 genere
2243 1384 2453 1453 quidem
2489 1386 2668 1451 Persa,
2703 1387 2868 1441 forma
2910 1401 3085 1441 autem
3114 1389 3353 1453 corporis
3383 1404 3605 1458 magnus

2018 1483 2071 1524 et
2102 1473 2450 1539 admirabilis,
2483 1474 2650 1530 forma
2693 1492 2820 1531 vero
2849 1479 3085 1546 corporis
3118 1479 3284 1545 magis
3315 1479 3604 1532 admirabi-

2020 1562 2122 1615 lem
2156 1564 2464 1631 possidebat
2505 1565 2757 1619 animant.
2804 1567 2923 1621 Erat
2955 1575 3130 1621 autcm
3179 1569 3226 1621 ei
3278 1582 3470 1621 nomen
3518 1568 3607 1623 Ja-

2019 1652 2184 1706 cobus
2223 1653 2359 1725 (ll),
2393 1656 2482 1725 qui
2512 1657 2667 1711 etiam
2720 1665 2843 1726 post
2886 1657 3029 1712 illius
3078 1667 3303 1713 mortem
3357 1659 3406 1711 in
3456 1659 3604 1712 omni

2020 1743 2232 1812 qu‘detn
2282 1745 2479 1800 virtute
2530 1746 2879 1816 resplendttit.
2927 1748 3045 1801 Fuit
3077 1755 3252 1802 autem
3287 1748 3507 1818 ins‘gnis
3550 1757 3606 1803 et

333 1820 480 1888 poris
505 1837 518 1871 =
547 1822 904 1875 vescebantur
928 1832 1106 1876 autem
1136 1822 1235 1891 ipsi
1261 1837 1474 1892 quoque
1495 1822 1739 1876 similiter
1759 1832 1917 1890 atque
1954 1817 1996 1875 Β
2026 1833 2267 1899 illustris,
2304 1850 2409 1888 non
2440 1834 2505 1889 iis
2536 1835 2662 1890 solis
2706 1850 2823 1902 qua:
2853 1836 2964 1891 illic
3002 1842 3175 1900 erant.
3208 1837 3303 1891 sed
3335 1817 3495 1891 etiam
3541 1837 3607 1891 iis

332 1908 653 1977 pardotriba,
689 1910 991 1966 hordeaceo
1020 1926 1158 1979 pane
1186 1914 1297 1966 sale
1333 1914 1569 1966 coodito.
1602 1913 1796 1980 Aliquo
1825 1929 1917 1966 au-

336 2007 440 2053 tem
475 2010 593 2067 post
635 2013 899 2069 tempore,
928 2011 981 2056 et
1010 2004 1155 2059 oleta
1201 2020 1333 2070 spon
1362 2020 1392 2058 e
1436 2006 1708 2058 nascentia
1759 2006 1919 2058 colli-

332 2100 540 2160 gentes,
583 2093 778 2150 dvindc
816 2095 955 2149 dolia
1007 2095 1308 2164 iutplentes,
1347 2107 1397 2151 et
1440 2099 1626 2150 niuriie
1663 2107 1915 2162 quantum

332 2184 461 2237 satis
485 2194 602 2237 erat
630 2184 935 2251 miscentes,
968 2186 1016 2240 id
1053 2187 1319 2241 habebant
1342 2187 1623 2242 obsonium
1653 2188 1740 2256 qui
1778 2202 1914 2255 opus

331 2273 600 2332 habebant
623 2279 917 2332 citratione.
963 2278 1054 2333 His
1085 2294 1260 2334 autem
1294 2280 1528 2334 oleribus
1562 2282 1775 2333 humida
1820 2280 1919 2333 ha-

326 2364 558 2421 bitacula
598 2379 721 2422 sunt
754 2370 984 2426 maxime
1023 2371 1250 2437 i.tiCSlti;
1297 2373 1472 2427 solent
1503 2372 1648 2426 enim
1682 2388 1774 2424 sua
1808 2388 1908 2426 tia-

331 2466 447 2512 tura
490 2460 571 2514 eis
618 2461 931 2531 ingenerare
977 2462 1136 2516 situm
1183 2472 1238 2517 et
1281 2463 1721 2532 pttttelamioncm
1750 2480 1763 2516 :
1795 2477 1914 2516 cum

323 2544 455 2600 huic
481 2563 612 2618 ergo
640 2549 865 2605 obseuio
905 2550 956 2605 id
1003 2550 1287 2606 accidisset
1331 2552 1470 2622 (erat
1513 2553 1655 2606 enim
1705 2561 1913 2605 antrum

324 2642 671 2713 utidiquaquc
696 2646 846 2702 valde
870 2646 1190 2716 ltutnidunt),
1219 2649 1586 2719 suppliearunt
1613 2651 1725 2703 seni
1759 2651 1917 2704 sodi-

325 2733 432 2800 les,
462 2743 523 2789 ut
550 2736 652 2790 sibi
687 2751 901 2803 parvam
932 2739 1163 2809 aliquam
1197 2741 1572 2795 domuuculam
1606 2741 1789 2798 lict-ret
1813 2758 1914 2798 ex-

324 2835 557 2888 struere,
581 2842 699 2893 quze
725 2827 995 2884 sufficeret
1023 2830 1231 2885 obsonii
1273 2830 1415 2884 vasis
1442 2831 1787 2900 accipiendis.
1822 2834 1914 2887 llle

324 2928 507 2970 autem
532 2917 707 2986 primo
725 2918 939 2986 quidem
965 2920 1289 2988 postulatum
1315 2923 1531 2977 minime
1554 2924 1871 2979 admittebat
1895 2940 1910 2980 :

328 3007 545 3063 tandem
576 3021 753 3065 autem
781 3026 1067 3080 persuasus
1095 3013 1147 3083 (a
1173 3028 1366 3082 magno
1392 3014 1535 3068 enim
1570 3015 1734 3070 Paulo
1773 3016 1909 3070 didi-

327 3111 472 3157 eerat
497 3117 604 3157 non
634 3118 874 3172 quierere
897 3120 1015 3173 qua:
1036 3119 1129 3160 sua
1159 3118 1281 3161 sunt
1307 3105 1359 3179 [l
1386 3105 1503 3160 Car.
1536 3106 1678 3175 xm],
1703 3108 1794 3161 sed
1819 3108 1910 3161 ali-

2026 1945 2147 1997 qum
2176 1940 2330 1984 erant
2362 1933 2410 1984 in
2439 1932 2590 2003 Syria
2625 1932 2974 2002 philosophia:
3006 1933 3302 2004 gymnasiis
3348 1946 3442 1986 seu
3491 1947 3606 1985 mo-

2025 2022 2291 2085 nasteriis,
2326 2023 2376 2075 in
2402 2023 2596 2091 quibus
2625 2024 2785 2076 etiam
2814 2023 2974 2077 vitam
3003 2023 3159 2085 (iniit.
3195 2037 3314 2077 cum
3358 2022 3601 2087 vixisset,

2026 2123 2079 2165 ut
2112 2112 2300 2181 fertur,
2333 2124 2548 2169 rentum
2607 2125 2662 2169 et
2707 2125 2935 2185 quatuor
2988 2132 3177 2170 annos.
3215 2117 3261 2169 is
3300 2130 3421 2169 cum
3462 2123 3607 2170 esset

2025 2219 2217 2272 magno
2258 2206 2371 2258 seni
2400 2207 2466 2259 ad
2496 2206 2840 2263 solitudinem
2890 2205 2988 2261 \ia:
3018 2221 3200 2263 eomes
3220 2250 3233 2271 ,
3284 2206 3607 2275 sequebatur

2022 2297 2258 2350 eminus.
2318 2296 2430 2350 Non
2478 2298 2685 2352 sinebat
2722 2299 2863 2353 enim
2912 2299 3167 2369 magistt-r
3211 2313 3331 2353 eum
3389 2297 3606 2367 propius

2022 2402 2149 2442 accc
2170 2388 2297 2451 lere,
2351 2403 2417 2443 ne
2462 2389 2673 2443 occa-io
2698 2389 2995 2444 disserendi
3047 2405 3110 2445 ex
3159 2405 3222 2444 eo
3264 2401 3602 2454 sumeretur;

2018 2494 2202 2532 Seruio
2232 2491 2412 2533 autem
2446 2480 2785 2537 abstraheret
2816 2489 3048 2536 mentem
3084 2496 3112 2535 a
3157 2481 3248 2535 Dei
3279 2480 3607 2549 contempla-

2023 2574 2187 2624 tiotic.
2225 2572 2466 2636 Sequens
2497 2581 2698 2639 autem,
2735 2572 2788 2625 in
2820 2572 2906 2625 via
2938 2572 3070 2627 vidit
3111 2572 3400 2626 draconem
3434 2571 3607 2625 maxi-

2021 2675 2197 2724 mum;
2237 2660 2431 2716 deinde
2484 2678 2604 2716 eum
2654 2663 3072 2731 contemplatus,
3104 2676 3212 2716 nan
3252 2670 3335 2717 est
3387 2659 3602 2730 quidem

2018 2769 2179 2807 ausus
2214 2755 2465 2824 progredi
2500 2772 2514 2806 :
2547 2769 2669 2809 cum
2719 2769 2863 2819 sane
2908 2766 3084 2808 autem
3137 2767 3258 2807 eum
3313 2766 3419 2817 prie
3458 2756 3602 2805 metu

2023 2846 2277 2899 voluisset
2342 2846 2649 2910 declinare,
2705 2860 2890 2899 rursus
2946 2844 3282 2899 conﬁrmavit
3339 2842 3597 2896 animum.

2021 2938 2222 2992 Deinde
2255 2954 2374 2991 cum
2431 2938 2719 2991 inclinatus
2750 2940 3050 3006 accepisset
3097 2936 3326 3003 lapidem
3380 2944 3433 2987 et
3477 2947 3600 2986 eum

2008 3027 2359 3097 projecisset,
2397 3029 2526 3081 vidit
2555 3027 2845 3081 draconem
2895 3026 2946 3078 iti
2992 3024 3180 3081 eodem
3207 3033 3344 3078 statu
3378 3036 3602 3077 manen-

2020 3127 2123 3172 tem
2159 3133 2260 3171 non
2293 3131 2448 3187 posse
2480 3132 2537 3172 se
2566 3117 2785 3171 omniuo
2831 3130 3068 3170 movere.
3097 3114 3230 3170 Cum
3270 3123 3447 3168 autem
3479 3127 3601 3166 eum

327 3192 451 3261 quid
479 3193 777 3250 concedere
798 3204 854 3249 et
881 3210 940 3252 se
965 3197 1372 3252 accommodare
1406 3196 1739 3266 humilibus),
1766 3198 1913 3253 dedit

2020 3207 2371 3263 intellexisset
2394 3222 2516 3264 esse
2547 3219 2838 3270 mortuum,
2858 3207 3181 3262 existimavit
3200 3219 3321 3261 esse
3350 3219 3486 3272 opus
3512 3218 3600 3257 se-

324 3289 540 3359 quidem
587 3291 923 3347 domunculae
964 3292 1183 3347 brevem
1225 3293 1510 3363 quamdam
1554 3302 1611 3347 et
1656 3294 1908 3356 exiguam

327 3393 654 3449 mensuram,
684 3381 818 3437 abiit
839 3390 1014 3437 autem
1045 3384 1228 3451 procul
1261 3383 1327 3437 ab
1357 3392 1531 3450 antro,
1555 3382 1742 3438 solitas
1762 3383 1912 3437 obla-

320 3479 479 3525 turus
506 3470 617 3526 Deo
646 3472 1081 3542 supplicationes.
1106 3473 1304 3528 Solitos
1324 3474 1464 3527 enim
1489 3482 1605 3527 erat
1624 3488 1768 3541 saepe
1790 3473 1910 3541 qui-

328 3560 448 3617 dem
475 3563 855 3634 quinquaginta
884 3564 1077 3630 sta‘lia,
1109 3579 1488 3633 nonnunquam
1529 3574 1706 3618 autem
1747 3565 1906 3618 etiam

326 3652 409 3708 his
438 3655 657 3709 totidem
701 3656 752 3710 in
781 3656 1053 3711 desertum
1087 3656 1453 3723 proficiscens,
1482 3665 1538 3711 et
1566 3670 1626 3711 se
1652 3655 1719 3710 ab
1761 3659 1907 3710 omni

327 3743 556 3798 humana
598 3747 988 3807 consuetudine
1033 3761 1313 3815 separatis,
1343 3755 1398 3801 et
1437 3746 1504 3801 ad
1548 3746 1781 3814 seipsum
1825 3762 1910 3801 re-

327 3834 499 3903 diens,
528 3852 621 3905 per
646 3852 706 3893 se
732 3853 855 3893 cum
881 3838 988 3894 Deo
1008 3838 1262 3909 congredi
1285 3854 1352 3894 ac
1377 3840 1719 3905 conversari,
1743 3850 1796 3895 et
1825 3839 1907 3892 di-

327 3926 505 3982 vinam
538 3929 678 3983 illam
702 3939 753 3985 et
784 3929 1104 3985 ineﬂabiletn
1128 3931 1393 3998 speculari
1436 3931 1906 4000 pulchritudinem.

328 4017 445 4073 Hoc
469 4021 640 4074 otium
670 4036 791 4074 cum
817 4021 1210 4089 sumpsissent,
1240 4022 1328 4088 qui
1359 4030 1414 4075 ut
1444 4021 1511 4075 ab
1552 4022 1643 4075 illo
1667 4036 1794 4076 cura
1820 4036 1911 4076 eo-

327 4127 445 4165 rum
472 4124 768 4179 gereretur,
794 4111 938 4181 digni
968 4122 1122 4167 erant
1152 4111 1347 4175 habiti,
1377 4112 1493 4165 usui
1533 4111 1744 4181 quidem
1773 4113 1911 4180 jtista

330 4205 640 4273 symmetria
679 4206 1120 4273 respondentem,
1163 4205 1257 4260 sed
1301 4207 1556 4273 majorem
1585 4221 1742 4276 quani
1772 4205 1912 4275 jussi

318 4296 579 4363 .fuerant,
634 4310 948 4355 esstruxere
997 4299 1397 4355 domunculam.
1463 4299 1679 4354 Decimo
1733 4311 1911 4355 autem

330 4385 440 4453 die,
474 4389 634 4442 veluti
667 4389 879 4456 quidem
931 4390 1141 4459 Moyses
1183 4405 1431 4444 reversus
1459 4404 1488 4443 a
1521 4400 1722 4454 mente,
1750 4401 1804 4445 et
1847 4391 1915 4444 ab

331 4494 392 4534 ea
420 4496 540 4549 quae
570 4481 747 4536 verbis
776 4481 1026 4551 explicari
1058 4482 1242 4550 nequit
1285 4481 1759 4550 contemplatione,
1790 4496 1911 4535 cum

2015 3301 2098 3354 nis
2119 3311 2345 3355 mortem
2365 3299 2575 3355 bellum.
2595 3298 2855 3354 Confecto
2875 3309 3051 3352 autem
3072 3298 3283 3359 itinere,
3298 3306 3350 3349 et
3377 3297 3603 3363 hymno-

2016 3406 2132 3444 rum
2161 3391 2429 3460 complcto
2458 3390 2658 3455 officio,
2676 3401 2796 3458 post
2820 3404 2959 3449 .uam
2987 3387 3133 3443 venit
3151 3396 3357 3453 tempus
3384 3385 3602 3456 quietis,

2014 3492 2069 3537 et
2097 3482 2295 3536 sedens
2312 3483 2562 3547 senex,ei
2589 3496 2803 3549 quoque
2828 3480 2989 3549 jussit
3016 3490 3069 3533 ut
3097 3493 3291 3546 corpus
3320 3478 3485 3544 quieti
3507 3492 3603 3546 pa-

2016 3590 2237 3645 rumper
2284 3574 2541 3636 traderet,
2573 3574 2800 3641 primum
2847 3572 3061 3640 quidem
3093 3572 3313 3626 sedebat
3361 3572 3551 3625 tacitus
3583 3586 3598 3625 :

2014 3683 2136 3722 cum
2160 3677 2337 3721 autem
2371 3680 2534 3721 senex
2559 3681 2860 3721 sermonem
2884 3666 3167 3733 quemdam
3203 3664 3396 3719 leniter
3426 3661 3603 3717 subri-

2014 3760 2149 3816 dens
2176 3772 2459 3829 aggressus
2485 3767 2589 3820 est,
2621 3759 2831 3825 rogavit
2859 3757 3092 3812 Iacobus
3120 3766 3177 3809 ttt
3206 3758 3254 3809 ei
3278 3755 3515 3822 aperiret
3544 3754 3596 3807 id

2014 3852 2154 3922 quod
2186 3853 2482 3923 ignorabat.
2514 3851 2646 3905 Cum
2687 3853 2732 3904 is
2773 3860 2949 3904 autem
2998 3850 3329 3919 permisisset
3380 3862 3595 3920 rogare,

2020 3944 2159 4007 Vidi,
2194 3945 2380 4011 inquit,
2418 3945 2468 3995 itt
2519 3944 2599 3994 via
2634 3942 2926 3996 maximum
2977 3941 3264 3995 draconem
3300 3941 3595 4007 jacentem,

2016 4046 2071 4091 et
2104 4036 2331 4104 primum
2376 4035 2591 4104 quidem
2627 4035 2798 4100 timui,
2833 4035 2977 4089 illum
3027 4032 3208 4087 vivere
3250 4034 3598 4099 existimans,

2018 4139 2297 4196 postquam
2327 4138 2505 4181 autem
2554 4141 2673 4180 eum
2704 4126 2888 4195 aspexi
2934 4134 3221 4187 mortuum.
3254 4136 3472 4178 securus
3500 4123 3601 4178 iter

2016 4237 2133 4274 sunt
2167 4220 2461 4289 ingressus.
2491 4221 2580 4275 llic
2622 4219 2776 4282 mihi,
2815 4218 3019 4285 inquit,
3052 4236 3084 4270 0
3113 4230 3283 4284 pater,
3327 4218 3446 4282 quis
3476 4231 3597 4270 eum

2018 4312 2323 4368 interfecit?
2351 4313 2433 4368 Tu
2470 4314 2615 4367 enim
2647 4313 3010 4381 praecedebas,
3056 4312 3232 4364 nullus
3259 4322 3437 4364 autem
3465 4308 3603 4362 alius

2020 4406 2121 4459 hac
2166 4406 2444 4474 praeteriit.
2494 4406 2669 4460 Senex
2719 4412 2936 4458 autem:
2974 4404 3162 4465 Ccssa,
3210 4403 3405 4472 inquit,
3438 4401 3507 4456 de
3538 4402 3603 4455 iis

2018 4497 2229 4550 curiose
2247 4494 2577 4566 percontari,
2614 4510 2730 4563 qua:
2763 4495 2826 4546 iis
2847 4494 2935 4562 qui
2961 4492 3306 4547 sciscitantur
3336 4507 3439 4545 non
3483 4506 3605 4560 pos-

318 4572 555 4630 vidisset
593 4576 762 4642 majus
797 4574 990 4628 factum
1018 4588 1175 4643 quam
1208 4573 1416 4628 volebat
1454 4574 1771 4634 aediﬁcium.
1809 4575 1914 4629 νο·
1950 4567 1993 4625 υ
2027 4594 2151 4638 sunt
2198 4585 2358 4638 ullam
2411 4583 2602 4639 :tﬂ'erre
2653 4585 2959 4638 utilitatem.
2993 4583 3186 4637 Vcium
3223 4582 3389 4636 nitiilo
3427 4583 3604 4636 secius

333 4677 475 4725 reor,
506 4665 703 4733 inquit,
735 4681 769 4719 ο
798 4666 916 4728 viri,
954 4680 1018 4718 uc
1046 4663 1174 4718 dum
1203 4674 1412 4718 terrena
1447 4664 1732 4718 dilatumus
1766 4666 1916 4720 habi-

336 4755 530 4819 tacula,
565 4756 865 4809 minttatnus
895 4756 1133 4809 caelestia
1170 4772 1183 4807 :
1217 4755 1361 4823 atqui
1394 4756 1509 4807 lia-c
1549 4754 1761 4823 quidem
1791 4767 1913 4809 sunt

332 4845 399 4898 ad
435 4855 664 4915 tempus,
693 4860 746 4902 et
774 4863 891 4913 qua:
920 4847 1072 4901 nobis
1115 4861 1399 4915 parumper
1428 4847 1768 4911 convenient,
1800 4863 1907 4902 eos

335 4934 486 4989 lestia
518 4949 697 4989 autem
729 4948 849 4990 sunt
878 4945 1100 5001 interna,
1132 4946 1185 4989 et
1213 4952 1331 5004 quin
1361 4935 1563 4988 nullum
1594 4948 1818 5005 possunt
1851 4943 1914 4989 ti-

332 5041 452 5079 nem
484 5040 699 5094 capere.
732 5028 794 5079 l'lt
822 5028 933 5080 hmc
957 5026 1168 5096 quidem
1193 5025 1347 5089 dixit,
1377 5027 1601 5079 chorum
1627 5026 1823 5079 docetis
1852 5043 1913 5081 ea

331 5132 450 5185 quae
470 5126 597 5171 sunt
625 5117 974 5185 perfectiora;
1002 5116 1243 5170 toleravit
1271 5127 1446 5170 tamen
1476 5131 1597 5170 cum
1626 5132 1807 5172 vocem
1833 5134 1917 5170 an-

332 5207 518 5263 diissct
544 5209 892 5274 apostolicam
923 5226 935 5261 :
966 5207 1080 5262 Non
1112 5223 1294 5275 qumro
1320 5209 1459 5278 quod
1492 5209 1620 5262 mihi
1652 5220 1734 5263 est
1764 5212 1913 5272 Utile,

334 5302 426 5355 sed
455 5301 597 5371 quod
631 5302 829 5364 multis,
864 5311 921 5355 ut
964 5311 1245 5355 serventur
1285 5298 1338 5369 (I
1376 5299 1491 5354 Cur.
1524 5307 1598 5370 ι).
1634 5300 1755 5355 Illos
1784 5317 1918 5370 quo-

334 5406 436 5461 que
476 5392 693 5459 docuit,
735 5393 876 5447 intus
914 5390 1128 5461 quidem
1176 5404 1514 5446 communem
1566 5391 1677 5445 Ι)εο
1724 5392 1916 5445 ollerre

336 5482 711 5553 hymnodiam,
745 5493 861 5552 post
902 5498 1147 5536 auroram
1190 5492 1367 5537 autem
1400 5484 1534 5536 duos
1574 5484 1731 5538 simul
1770 5483 1853 5539 exi
1887 5500 1917 5539 e

336 5574 387 5628 in
415 5575 760 5630 solitudinem
789 5592 803 5628 ε
833 5588 882 5628 et
914 5589 1079 5629 unum
1118 5575 1331 5643 quidem
1379 5574 1530 5629 flexis
1574 5575 1801 5644 genibus
1829 5575 1913 5628 of-

338 5667 479 5724 ferre
504 5683 621 5723 eam
665 5684 785 5739 qua:
836 5669 1059 5721 Domino
1090 5668 1311 5721 debetur
1355 5668 1719 5723 adorationem
1739 5709 1756 5736 ,
1786 5670 1918 5722 alle-

340 5775 455 5815 rum
482 5772 609 5816 vero
637 5770 865 5817 stantem
899 5758 1131 5813 Davidic:
1154 5774 1179 5813 s
1209 5759 1441 5830 psalmos
1471 5773 1665 5814 canere
1694 5761 1915 5829 quinde-

2024 4676 2256 4729 ittStabat
2286 4674 2520 4727 Jacnbtts
2568 4674 2925 4737 admirabilis,
2978 4688 3163 4727 verum
3216 4672 3354 4726 scire
3392 4671 3606 4726 deside-

2025 4783 2166 4820 rans.
2193 4767 2265 4823 Se
2288 4783 2364 4820 te:
2401 4775 2577 4820 autem
2617 4766 2705 4820 diu
2756 4765 2969 4834 quidem
3000 4776 3211 4820 tentans
3254 4764 3457 4830 celare,
3493 4778 3601 4818 non

2025 4860 2200 4912 ferens
2217 4870 2394 4911 autem
2419 4859 2649 4911 anticum
2670 4858 2873 4914 diutius
2894 4874 3119 4925 angere:
3145 4857 3273 4929 Ego,
3304 4856 3490 4927 inquit,
3510 4858 3604 4912 tibi

2023 4951 2221 5013 dicam,
2251 4950 2290 5002 ~i
2327 4950 2375 5003 ii
2404 4950 2541 5004 seire
2566 4951 2597 5003 d
2637 4950 2841 5004 sideras
2867 4968 2880 5003 :
2912 4950 3164 5018 principio
3193 4959 3397 5018 autem,
3438 4958 3493 5002 ut
3523 4962 3606 5003 me

2023 5043 2141 5093 vivo
2170 5058 2237 5092 uti
2266 5040 2345 5093 Its
2398 5042 2532 5093 alius
2572 5041 2672 5095 huc
2709 5057 2739 5094 a
2770 5052 2819 5093 te
2850 5041 3101 5095 resei~cat
3143 5041 3285 5110 quod
3314 5038 3603 5095 dicendum

2018 5146 2122 5199 es‘,
2150 5136 2178 5186 li
2201 5150 2259 5187 t-c
2283 5136 2427 5188 enim
2460 5145 2585 5188 sunt
2625 5135 2844 5187 celanda
2866 5176 2878 5191 ,
2911 5149 3028 5202 qum
3058 5134 3122 5187 ad
3148 5133 3506 5202 ariogantiam
3550 5144 3606 5186 et

2020 5227 2211 5279 fastum
2255 5242 2395 5293 saepe
2426 5226 2691 5291 est-itaut;
2727 5226 2819 5279 sed
2855 5227 2897 5279 si
2930 5241 3028 5293 ego
3057 5225 3184 5280 hinc
3212 5240 3520 5291 excessero,
3552 5234 3607 5279 et

2020 5317 2089 5371 ab
2110 5319 2370 5387 ejusmodi
2398 5317 2557 5371 animi
2589 5317 3080 5385 perturbationibus
3126 5318 3277 5373 lucro
3320 5317 3600 5380 liberatus.

2024 5425 2129 5462 non
2164 5420 2282 5462 veto
2330 5410 2618 5477 quominus
2652 5407 2802 5462 dicas
2831 5419 2883 5463 et
2913 5423 3097 5462 narres
3128 5410 3231 5461 vim
3263 5408 3455 5463 divinae
3486 5422 3606 5478 gra-

2024 5501 2131 5554 tiae.
2180 5499 2329 5553 Scias
2363 5511 2514 5565 ergo,
2565 5495 2738 5565 inquit
2774 5510 2998 5565 magnus
3027 5496 3270 5551 Julianus
3292 5538 3305 5560 ,
3338 5496 3478 5565 quod
3520 5511 3606 5549 tne

2022 5593 2125 5647 iter
2163 5589 2551 5661 ingredientem
2584 5590 2671 5642 illa
2720 5587 2915 5642 invasit
2958 5586 3164 5650 bellua,
3198 5601 3364 5655 osque
3398 5587 3604 5652 aperuit

2021 5698 2108 5738 me
2137 5685 2359 5750 cupiens
2380 5680 2484 5735 dev
2522 5695 2669 5743 rare;
2693 5694 2791 5748 ego
2818 5685 2995 5730 autem
3024 5678 3205 5732 Jesum
3228 5675 3521 5744 appellans.
3549 5685 3603 5728 et

2021 5776 2186 5847 digito
2215 5771 2511 5844 tropltieum
2542 5774 2716 5829 crucis
2765 5766 3083 5836 ostendens,
3124 5782 3338 5827 omnem
3387 5764 3603 5834 quidem
