4052 6362
456 309 533 363 2³
1601 311 1689 369 DE.
1729 311 1905 369 Vl’l‘lS
1941 309 2226 369 PATRUH
2264 307 2468 365 LIBER
2509 307 2600 365 rx.
3658 304 3732 361 ﬂ

454 424 677 482 excussi
712 423 966 480 timorem
991 440 1006 479 :
1042 422 1321 494 extemplo
1365 432 1547 481 autem
1578 426 1686 481 vidi
1730 424 1879 481 humi
1904 422 2046 482 ceci-
2072 432 2120 490 Α
2148 426 2389 490 ηςιειίοω,
2420 423 2768 479 monasticam
2796 428 2976 479 autem
3016 429 3072 478 et
3098 418 3310 479 civilem
3332 420 3493 478 simul
3521 428 3731 493 tempe-

453 515 601 574 diase
626 516 899 583 belluam;
927 525 984 572 et
1003 515 1275 572 communi
1317 515 1534 570 laudato
1562 515 1875 581 Servatore,
1920 529 2041 585 per-

450 610 572 664 rexi
602 608 973 666 ulterius.'Sic
1012 608 1165 663 ﬁnita
1214 608 1547 674 narratione,
1600 606 1666 662 ad
1712 615 1927 663 antrum
1956 615 2040 661 est

452 700 747 772 profectus.

525 792 833 865 Aliquando
875 800 1055 847 antem
1083 792 1427 859 adolescens,
1457 792 1623 848 nobili
1667 791 1881 863 quidem
1918 791 2040 846 loco

452 896 634 953 natus,
657 888 751 943 sed
784 886 1020 942 mollite:
1044 887 1325 950 educatus,
1356 885 1616 955 majorem
1648 895 1825 941 autem
1855 894 2038 939 osten-

453 982 593 1036 dens
624 980 1100 1049 promptitudinem
1132 988 1188 1033 et
1214 980 1373 1033 animi
1405 980 1736 1033 alacritatem
1767 993 1926 1047 quam
1959 977 2040 1031 vi-

453 1086 546 1126 res
573 1071 711 1127 ferre
738 1082 986 1143 possent,
1015 1073 1239 1142 supplex
1283 1070 1439 1143 petiit
1463 1086 1493 1123 a
1521 1086 1654 1126 sr-ne
1698 1080 1755 1124 ut
1783 1080 1930 1125 esset
1960 1070 2037 1125 illi

450 1164 553 1217 viae
605 1178 787 1217 eomes
815 1164 961 1218 eunti
999 1166 1049 1217 in
1089 1163 1462 1228 solitudinem,
1494 1177 1599 1216 non
1660 1161 1779 1230 ejus
1824 1162 2037 1231 quidem

447 1270 607 1324 quam
639 1270 828 1309 otrtrres
869 1255 1090 1307 obibant
1135 1255 1396 1322 quotidie,
1447 1252 1544 1308 sed
1602 1252 1952 1323 longissime,
1985 1260 2040 1307 et

446 1361 552 1416 qua
576 1362 717 1415 saepe
738 1356 852 1401 erat
877 1357 1003 1400 octo
1030 1354 1083 1399 et
1114 1345 1302 1400 decem
1334 1346 1531 1399 diebus
1557 1342 2036 1414 peregrinandum.

449 1437 501 1499 ls
521 1447 702 1493 autem
734 1445 848 1491 erat
896 1436 1294 1491 celeberrimus
1342 1435 1430 1491 ille
1476 1435 1741 1492 Asterius.
1774 1432 1909 1492 Cum
1943 1450 2039 1490 au-

446 1534 557 1583 tem
587 1527 802 1582 divinus
841 1542 1008 1581 senex
1064 1527 1380 1597 prohiberet
1422 1526 1699 1595 juvenem,
1730 1534 1785 1580 et
1831 1526 2035 1581 aridam

444 1633 689 1690 aquaque
718 1633 762 1674 c.
787 1625 995 1673 rentem
1028 1617 1233 1673 diceret
1261 1632 1382 1671 esse
1404 1617 1779 1682 solitudinem,
1805 1617 2037 1672 instabat

444 1714 764 1770 adolescens
815 1713 1108 1767 obsecrans
1140 1720 1197 1765 ut
1231 1710 1330 1765 hoe
1361 1711 1408 1765 ei
1442 1709 1638 1764 donum
1690 1710 2032 1769 concederet.

2143 519 2283 573 ravit
2330 518 2614 581 virtutem;
2669 525 2725 571 et
2769 514 2909 570 illius
2956 514 3172 585 (pridem
3223 508 3445 570 sumens
3487 523 3731 569 exactam

2141 609 2525 678 perfectionem
2543 648 2559 671 ,
2586 607 2743 676 hujus
2770 616 2947 661 autem
2979 605 3336 662 teconomiam
3364 619 3427 659 ac
3452 603 3735 673 dispensa-

2140 698 2342 754 tionem
2364 737 2380 761 ,
2434 698 2486 753 in
2535 712 2697 752 unum
2736 696 2915 767 coegit
2940 710 3001 752 ea
3029 710 3150 766 qua
3176 704 3333 752 erant
3374 695 3515 751 inter
3528 710 3590 752 se
3613 694 3729 752 dia-

2133 797 2336 867 juncta.

2209 908 2312 963 Sed
2337 908 2491 977 lmjus
2510 909 2720 964 virtutis
2747 918 2801 965 et
2827 916 3048 963 venator
3074 916 3128 963 et
3153 906 3478 963 exercitator
3505 908 3600 963 fuit
3627 908 3724 965 ille

2137 1004 2403 1065 Asterius,
2429 1004 2518 1073 qni
2546 1004 2721 1073 magni
2751 1003 2891 1058 illius
2919 1006 3065 1058 senis
3088 1011 3237 1058 tanto
3259 1018 3474 1073 semper
3498 1005 3723 1059 teneba-

2141 1104 2226 1149 tur
2267 1110 2472 1159 amore,
2506 1107 2563 1149 ut
2585 1111 2727 1164 saepe
2761 1095 2973 1166 quidem
3006 1096 3089 1150 his
3119 1112 3172 1150 in
3202 1110 3366 1163 anno,
3389 1110 3533 1165 smpe
3554 1098 3723 1151 etiam

2142 1195 2223 1238 ter
2253 1185 2317 1237 ad
2363 1201 2486 1238 eum
2540 1185 2990 1253 proficisceretur.
3026 1184 3255 1240 Veniens
3302 1198 3481 1241 autem
3516 1187 3731 1242 solebat

2142 1278 2348 1331 caricas
2374 1276 2569 1332 afferre
2596 1276 2890 1342 sodalibus,
2920 1278 3263 1333 oneranstria
3283 1278 3368 1334 vel
3396 1289 3625 1348 quatuor
3639 1279 3730 1347 ju-

2139 1380 2340 1423 menta.
2398 1370 2542 1425 Duos
2568 1382 2747 1424 autem
2781 1371 3079 1427 medimnus
3112 1372 3367 1444 colligens
3390 1372 3525 1445 (l5),
3558 1373 3731 1442 utqui

2137 1460 2253 1513 seni
2290 1470 2403 1514 toto
2438 1476 2579 1517 anno
2625 1461 2955 1529 sufﬁcerent,
2992 1463 3042 1518 id
3099 1479 3236 1519 onus
3279 1465 3392 1519 suis
3420 1465 3730 1534 imponebat

2140 1552 2395 1617 humeris,
2420 1566 2479 1606 se
2505 1552 3061 1621 magistrijmncntum
3082 1563 3137 1608 et
3153 1568 3348 1608 vocans
3369 1562 3424 1609 et
3444 1564 3725 1624 ιιι-πειθὼ.

2140 1641 2585 1699 Portabatautem
2617 1644 2669 1698 id
2698 1659 2853 1710 onus,
2874 1662 2978 1699 non
2996 1645 3182 1701 decem
3199 1647 3281 1701 vel
3309 1647 3493 1717 viginti
3517 1648 3728 1714 stadiis,

2139 1735 2232 1790 sed
2286 1746 2491 1805 septem
2520 1737 2729 1792 dierum
2761 1739 2863 1793 iter
2891 1738 3203 1793 conﬁciens.
3229 1737 3360 1793 Cum
3389 1756 3512 1795 eum
3542 1751 3724 1797 autem

444 1801 634 1861 “om
665 1814 843 1897 “me”?
878 1802 1127 1897 Ρτθθίίξίξδ
1170 1800 1335 1897 εδδ-⁵η
1388 1815 1587 1897 sum?
1641 1800 1733 1855 me
1773 1814 1901 1856 ’πο
1947 1815 2037 1897 δέ·
2068 1813 2111 1872 Β
2141 1800 2424 1897 aliquando
2451 1828 2674 1883 vidisset
2703 1844 2867 1885 senex
2901 1830 3157 1885 ferentem
3188 1830 3424 1885 humeris
3459 1833 3725 1887 sarcinam

442 1897 726 1966 quebatur,
757 1894 933 1965 primo
976 1891 1188 1962 quidem
1222 1891 1497 1946 alatrJer.
1535 1889 1666 1945 Cum
1698 1900 1875 1946 autem
1922 1891 2030 1961 pri-

441 2000 563 2040 mus
594 1995 648 2041 et
685 1983 953 2039 secundus
994 1995 1046 2038 et
1077 1982 1270 2038 tertius
1319 1983 1435 2037 dies
1494 1983 1863 2051 praeteriiSset,
1919 1990 1973 2036 et
1998 1995 2029 2035 a

445 2076 619 2133 radiis
646 2077 780 2131 solis
808 2085 1124 2129 exurerezur
1152 2072 1291 2144 (erat
1324 2072 1467 2128 enim
1501 2083 1680 2139 aestas,
1699 2072 1914 2141 vigente
1941 2086 2031 2125 auo

441 2177 553 2225 tem
604 2177 791 2224 aestate
821 2179 905 2223 est
949 2167 1128 2235 utique
1166 2166 1378 2220 flamma
1428 2165 1557 2219 solis
1588 2165 1908 2231 :rdentior),
1939 2163 2029 2218 siti

441 2271 703 2331 perpetuo
735 2260 1030 2315 laborabat.
1065 2260 1132 2313 Et
1186 2260 1418 2328 primum
1462 2256 1681 2325 quidem
1729 2270 1851 2310 cum
1883 2270 2031 2309 moro

444 2356 573 2408 bum
597 2354 811 2423 aperire
842 2351 1096 2421 pudebat,
1122 2348 1379 2405 memoria
1413 2355 1669 2416 reputans
1691 2362 1753 2402 ea
1784 2362 1899 2417 qur
1928 2345 2030 2400 sibi

440 2443 701 2514 prmdicta
737 2442 949 2497 fuerant
981 2456 1009 2495 a
1061 2439 1341 2509 magistro.
1371 2437 1610 2493 Tandem
1652 2446 1829 2491 autem
1858 2436 2029 2489 victus

442 2545 499 2592 et
522 2538 678 2607 plane
706 2534 929 2591 ornriino
948 2533 1231 2596 deliciens,
1262 2529 1435 2585 oravit
1464 2543 1645 2584 senem
1672 2537 1727 2581 ut
1755 2526 1835 2580 sui
1870 2526 2031 2580 mise-

440 2636 676 2683 reretur.
709 2626 760 2681 ls
787 2634 967 2680 autem
998 2638 1120 2677 cum
1152 2638 1270 2693 qua:
1298 2620 1348 2676 ei
1383 2620 2030 2690 praedixeratrevocasset

443 2715 500 2772 in
531 2713 878 2779 memoriam,
902 2714 1068 2783 jussit
1098 2727 1217 2767 eum
1251 2712 1470 2765 reverti.
1501 2712 1635 2764 Cum
1665 2716 1843 2762 autem
1892 2707 2034 2760 dice-

441 2815 529 2863 ret
557 2807 870 2863 adolescens
904 2819 1000 2860 nec
1031 2818 1091 2860 se
1135 2802 1276 2857 scire
1321 2802 1458 2856 viam
1507 2816 1626 2871 quae
1655 2798 1804 2853 ducit
1839 2796 1907 2852 ad
1938 2812 2031 2849 an-

444 2907 618 2963 trum,
638 2910 737 2952 nec
761 2897 807 2951 si
839 2897 1027 2958 sciret,
1081 2896 1159 2948 ire
1204 2907 1395 2962 posse,
1428 2907 1548 2946 eum
1602 2890 1712 2945 sint
1754 2889 1896 2944 vires
1942 2890 2029 2943 siti

440 2999 775 3051 conseruata:
791 3004 813 3055 ',
832 2990 1084 3043 misertus
1114 2986 1277 3039 homo
1298 2982 1508 3038 divinus
1537 2996 1694 3036 casus
1716 2981 2031 3035 adolescen-

448 3083 541 3149 tis,
562 3092 619 3139 et
647 3083 935 3153 ignescens
953 3079 1304 3135 imbecillitati
1331 3075 1594 3145 corporis,
1612 3072 1839 3144 genibus
1870 3072 2030 3127 ﬁexis

441 3173 620 3227 oravit
640 3170 951 3237 Dominum,
981 3178 1035 3223 et
1067 3166 1254 3221 calidis
1288 3165 1538 3234 lacrymis
1567 3164 1739 3217 solum
1766 3164 2024 3235 irrigavit.
2060 3190 2104 3251 ρ

442 3271 503 3319 et
543 3261 680 3315 viam
730 3260 924 3316 salutis
956 3256 1104 3329 periit
1133 3256 1487 3311 adolescenti.
1523 3255 1624 3321 Qui
1679 3265 1854 3309 autem
1903 3254 2033 3309 facit

440 3353 771 3409 voluntatem
800 3367 984 3407 eorum
1016 3349 1106 3419 qui
1136 3349 1309 3418 ipsum
1342 3346 1554 3411 timent,
1582 3356 1635 3399 et
1661 3361 1847 3400 eorum
1870 3361 2033 3400 exau-

439 3446 520 3503 dit
543 3447 863 3510 orationem,
897 3444 1069 3497 stillas
1102 3441 1461 3511 lacrymarnm
1492 3455 1611 3508 qum
1641 3439 1920 3510 pulverem
1951 3451 2032 3495 at-

439 3540 673 3607 tigerant
720 3536 903 3591 elici-it
949 3533 1150 3588 fontem
1181 3546 1463 3601 aquarum,
1493 3540 1548 3585 et
1577 3531 1658 3584 sic
1708 3530 1907 3586 ﬁnento
1949 3547 2033 3587 re-

439 3630 647 3701 pletum
673 3630 1074 3685 adolescentem
1108 3626 1270 3697 jussit
1299 3626 1446 3680 abire
1475 3628 1741 3693 protinus.
1770 3626 1911 3680 Fons
1938 3642 2032 3681 au-

441 3732 559 3780 tem
580 3722 779 3779 mansit
805 3737 972 3793 usque
1001 3724 1052 3775 in
1087 3720 1406 3775 hodiernum
1436 3719 1579 3775 diem
1598 3764 1613 3787 ,
1638 3718 1919 3790 Moysaica:
1945 3718 2031 3774 di-

442 3816 555 3871 vini
609 3831 756 3872 senis
800 3813 1035 3870 orationi
1089 3810 1266 3867 ferens
1319 3811 1703 3866 testimonium.
1752 3810 2031 3877 Quomodo

440 3908 589 3964 enim
636 3908 727 3963 ille
779 3906 931 3972 olim,
974 3920 1092 3960 cum
1148 3903 1386 3958 sterilem
1439 3900 1580 3958 illum
1624 3912 1835 3973 petram
1882 3900 2027 3971 \irga

440 4000 826 4069 percussisset,
858 3994 1038 4049 eﬁ'eiit
1061 4006 1118 4049 ut
1147 3995 1469 4064 produceret
1493 3992 1830 4048 exundantes
1866 4008 2031 4062 aquas

438 4089 751 4155 ﬂuviatiles,
785 4098 835 4141 ut
862 4088 1084 4141 satiaret
1126 4084 1290 4140 multa
1316 4085 1399 4139 iii.
1436 4085 1709 4138 hominum
1744 4086 1906 4139 millia
1940 4086 2029 4139 siti

439 4180 718 4243 coniecta;
761 4181 830 4232 ita
877 4175 965 4230 hic
991 4192 1109 4229 cum
1143 4190 1359 4229 arenam
1393 4173 1539 4229 illim
1569 4173 1929 4227 aridissimam
1958 4174 2033 4228 ir-

440 4271 665 4341 rigasset
693 4267 970 4338 lacryntis,
989 4266 1114 4323 fecit
1132 4276 1187 4320 ut
1207 4265 1421 4321 finitana
1448 4274 1762 4319 emanarent
1790 4264 1989 4320 ﬂuenta
2012 4283 2026 4331 ;

439 4380 546 4419 non
565 4372 621 4417 nt
642 4363 935 4417 multarum
956 4362 1279 4432 rnjriadum,
1296 4360 1390 4414 sed
1414 4373 1464 4413 ιιι
1491 4360 1647 4415 unius
1667 4361 2029 4417 adolescentis

438 4454 659 4511 aﬁ‘crret
702 4456 789 4510 siti
824 4455 1141 4511 remedium.
1175 4456 1219 4509 Α
1261 4452 1441 4508 divina
1482 4454 1624 4508 enim
1654 4455 1821 4525 gratia
1853 4454 2026 4510 anima

432 4545 785 4614 illuminatus,
828 4557 1021 4621 aperte
1076 4547 1317 4617 prmvidit
1372 4548 1603 4601 futuram
1661 4547 2029 4603 adolescentis
2061 4575 2107 4634 υ

434 4639 841 4707 perfectionem.
876 4642 927 4694 ls
948 4639 1090 4694 enim
1120 4638 1305 4692 multis
1347 4649 1469 4707 post
1500 4639 1832 4707 temporibus
1858 4640 2022 4713 803

430 4745 461 4784 a
489 4728 668 4785 divina
701 4739 1023 4800 provocatus
1061 4731 1256 4799 gratia,
1287 4739 1346 4784 ut
1375 4728 1508 4783 alios
1566 4744 1775 4799 queque
1826 4734 2026 4786 multos

430 4823 497 4878 ad
526 4823 768 4880 eamdem
789 4832 1068 4878 exerceret
1097 4822 1415 4893 gratiam,in
1435 4822 1566 4877 locis
1593 4838 1711 4886 quae
1735 4834 1852 4876 Sunt
1874 4824 2019 4877 circa

436 4911 743 4970 Gendarum
776 4912 912 4988 [ΑΙ.,
945 4912 1225 4985 Gidarum]
1255 4915 1360 4982 (est
1386 4923 1563 4967 autem
1597 4914 1643 4969 is
1672 4914 1821 4967 vicus
1853 4915 2023 4969 maxi-

437 5020 557 5059 mus
586 5007 687 5060 sub
736 5003 1046 5072 Antiochia)
1080 5004 1382 5071 palaestram
1423 5004 1534 5058 ﬁxit
1564 5007 1938 5069 monasticam,
1969 5015 2020 5059 et

439 5095 637 5149 multos
667 5094 885 5165 quidem
920 5094 1089 5150 etiam
1119 5094 1250 5148 ulin
1278 5093 1342 5147 ad
1374 5109 1432 5147 se
1449 5093 1611 5148 traxit
1636 5093 1868 5148 athletas
1907 5093 2022 5164 phi-

430 5185 715 5254 l050phizc.

499 5275 880 5331 Traxitantcm
912 5291 1156 5345 magnum
1190 5291 1399 5348 quoque
1442 5276 1691 5331 Acacium
1724 5278 1860 5347 (l2),
1884 5279 2016 5330 insi-

426 5383 586 5437 gnem
620 5370 833 5438 inquam
864 5369 1010 5422 illum
1043 5378 1092 5423 et
1129 5367 1264 5422 fama
1291 5370 1515 5434 clarum,
1547 5368 1636 5438 qui
1672 5367 1767 5421 fuit
1794 5368 2011 5435 quidem

427 5459 675 5530 egregius
705 5458 757 5512 in
787 5459 891 5512 vita
933 5462 1254 5523 monastiea,
1283 5458 1463 5513 emisit
1499 5468 1676 5512 autem
1709 5456 2018 5524 Splendidos

425 5550 637 5607 virtutis
693 5550 888 5613 radios,
923 5560 978 5603 ut
1020 5551 1107 5620 qui
1140 5550 1211 5605 sit
1264 5551 1458 5619 dignus
1486 5550 1698 5602 habitus
1749 5548 1838 5616 qui
1868 5546 2021 5601 ﬁeret

423 5644 685 5715 pontifex,
724 5652 778 5697 et
832 5643 1107 5699 [lcrhoeam
1152 5642 1473 5710 pascendam
1497 5648 1581 5694 est
1613 5641 1853 5694 sortitus.
1887 5637 2018 5692 Cum

426 5735 808 5805 quinquaginta
838 5745 1013 5790 autem
1042 5744 1093 5788 et
1119 5742 1241 5790 octo
1268 5735 1423 5787 annis
1450 5733 1497 5787 ei
1532 5730 1719 5786 fuisset
1743 5746 1867 5785 cura
1892 5745 2015 5801 gre-

429 5829 509 5897 gis
558 5827 782 5897 credita,
813 5843 917 5883 non
949 5827 1160 5895 reliquit
1218 5823 1434 5894 quidem
1494 5822 1719 5878 formam
1750 5821 1875 5878 vita:
1903 5836 2014 5876 rno-

2132 1923 2451 1988 caricarum,
2476 1937 2615 1991 aegre
2648 1922 2844 1988 ferens,
2871 1923 3003 1977 dixit
3029 1923 3141 1977 inec
3172 1940 3275 1978 non
3303 1924 3402 1979 sibi
3425 1939 3547 1981 esse
3567 1927 3726 1982 exiri-

2135 2014 2306 2067 benda
2338 2013 2585 2067 alimenta
2609 2031 2623 2081 ;
2649 2030 2755 2068 non
2786 2029 2908 2070 esse
2928 2015 3068 2070 enim
3090 2015 3293 2084 justum
3317 2025 3373 2070 ut
3395 2017 3485 2072 ille
3506 2019 3722 2086 quidem

2136 2114 2338 2159 tantum
2364 2106 2568 2160 subiret
2608 2106 2867 2171 laborem,
2900 2108 3015 2176 ipse
3037 2122 3162 2163 vero
3185 2108 3409 2163 delicate
3430 2110 3547 2177 ejus
3576 2109 3723 2166 frueo

2135 2208 2279 2252 retur
2323 2197 2626 2252 sudoribus.
2657 2198 2789 2252 Cum
2820 2198 2864 2253 is
2908 2210 3085 2254 autem
3110 2200 3346 2268 jurasset
3373 2214 3432 2254 se
3456 2216 3563 2255 non
3591 2215 3721 2257 esse

2132 2302 2268 2343 unus
2290 2304 2315 2339 a
2343 2290 2453 2343 suis
2483 2289 2720 2365 humeris
2742 2289 3145 2358 depositurum,
3177 2292 3277 2345 nisi
3300 2304 3551 2345 assensus
3580 2301 3726 2348 esset

2131 2392 2317 2445 senex,
2340 2394 2399 2434 se
2424 2379 2565 2435 allati
2591 2379 2697 2435 cibi
2734 2381 2964 2435 futurum
2999 2382 3305 2452 participem
3334 2399 3347 2435 :
3377 2382 3611 2451 Faciam,
3637 2383 3724 2439 in-

2131 2471 2249 2539 quit
2272 2484 2437 2525 senex
2458 2509 2473 2534 ,
2499 2472 2639 2541 quod
2668 2470 2905 2540 jnbetur,
2941 2472 3100 2528 modo
3123 2485 3177 2527 tu
3203 2475 3596 2544 quamprimum
3620 2475 3723 2530 de-

2134 2578 2300 2634 ponas
2341 2564 2654 2619 canistrum.
2683 2565 2814 2619 Nam
2845 2566 2896 2619 in
2920 2568 3019 2620 hoc
3046 2581 3260 2636 quoque
3288 2566 3594 2623 imitabatur
3616 2567 3725 2636 pri-

2132 2671 2278 2712 mum
2310 2657 2797 2727 apostolorum,qui
2819 2672 2941 2712 cum
2962 2658 3219 2713 voluisset
3262 2658 3519 2713 Dominus
3548 2659 3727 2715 lavare

2130 2750 2249 2820 ejus
2273 2751 2456 2820 pedes,
2487 2751 2633 2821 prius
2661 2751 2873 2821 quidem
2898 2752 3132 2822 negavit,
3159 2763 3343 2822 aperte
3369 2753 3643 2809 afﬁrmans
3664 2753 3719 2809 id

2134 2858 2239 2897 non
2264 2856 2390 2896 esse
2407 2840 2993 2914 futururnanmxm).
3018 2842 3302 2911 Postquam
3327 2843 3726 2900 autemandivit

2132 2934 2246 2989 fore
2269 2942 2328 2987 ut
2353 2935 2765 3004 abrumperetur
2794 2951 2820 2988 a
2849 2936 3061 2991 Domini
3088 2937 3467 2992 communione
3488 2936 3587 2993 nisi
3620 2936 3725 2994 hoc

2130 3028 2473 3092 concederet,
2529 3030 2775 3082 mavitut
2800 3040 2993 3097 praeter
3020 3030 3201 3098 pedes,
3216 3046 3403 3085 manus
3433 3045 3646 3101 quoque
3670 3038 3727 3085 et

2133 3129 2293 3190 eaput
2323 3120 2542 3175 lavaret.
2574 3121 2647 3175 ita
2694 3122 2857 3176 etiam
2880 3125 3126 3193 egregius
3156 3122 3391 3177 Joannes
3414 3124 3595 3193 jussus
3620 3123 3727 3176 tio-

2136 3226 2262 3280 gere
2316 3213 2677 3276 Servatnrem,
2709 3211 2854 3280 prius
2903 3213 3115 3283 quidem
3148 3221 3203 3267 et
3248 3228 3397 3267 suam
3435 3214 3721 3269 confessus

2135 3314 2215 3357 est
2246 3303 2582 3368 servitutem,
2612 3314 2670 3358 et
2708 3303 2942 3358 ostendit
2991 3304 3295 3360 Dominum.
3323 3305 3512 3361 Postea
3541 3316 3724 3361 autem

2131 3393 2336 3463 jnssum
2361 3406 2439 3449 est
2469 3405 2777 3458 exsecutus,
2811 3410 2917 3450 non
2946 3410 3005 3450 se
3032 3410 3221 3465 aspere
3249 3412 3464 3467 gerens,
3494 3399 3590 3453 sed
3623 3414 3720 3467 pa-

2133 3499 2261 3538 rens
2294 3484 2538 3539 Domino.
2570 3486 2642 3539 ita
2684 3487 2843 3540 etiam
2879 3486 2964 3539 bic
2987 3502 3198 3557 quoque
3226 3491 3307 3541 vir
3364 3488 3577 3544 divinus
3610 3504 3726 3560 gra-

2134 3574 2361 3630 vabatur
2402 3579 2619 3646 qudem
2651 3578 2757 3632 alio
2802 3580 3080 3634 laborante
3125 3580 3239 3649 ipse
3273 3580 3372 3635 frui
3421 3584 3715 3647 alimento;

2133 3668 2225 3722 sed
2251 3680 2527 3740 postquam
2550 3670 2683 3724 vidit
2716 3670 3142 3726 ardentissimam
3171 3673 3383 3727 clientis
3411 3674 3570 3728 animi
3606 3676 3725 3728 ala-

2133 3761 2402 3823 critatem,
2436 3763 2851 3830 praeposuitsuae
2880 3762 3140 3817 voluntati
3165 3764 3715 3818 illius-ministerium.

2207 3851 2246 3905 F
2249 3861 2365 3907 orte
2392 3862 2570 3907 autem
2601 3854 2793 3922 aliquis
2808 3871 2869 3908 cx
2895 3854 2959 3910 iis
2982 3855 3071 3924 qui
3093 3871 3159 3909 ex
3185 3857 3409 3912 aliorum
3433 3857 3726 3926 reprehen-

2134 3944 2288 3998 sione
2330 3959 2572 4012 magnam
2614 3946 2829 4014 capiunt
2854 3948 3203 4013 voluptatem,
3232 3957 3286 4002 et
3338 3962 3401 4003 ea
3439 3961 3561 4017 qua:
3599 3956 3727 4002 sunt

2136 4038 2357 4093 honesta
2385 4039 2558 4093 solum
2606 4038 2907 4093 didicerunt
2933 4040 3176 4106 irridere,
3205 4038 3401 4094 dixerit
3420 4040 3558 4095 hanc
3588 4055 3716 4095 nar-

2135 4134 2398 4185 rationem
2432 4147 2535 4185 non
2567 4146 2685 4185 esse
2705 4131 2918 4200 dignam
2950 4147 3068 4200 quae
3097 4142 3568 4187 commemOretur.
3603 4132 3716 4203 Ego

2132 4238 2311 4278 autem
2358 4225 2477 4278 aliis
2516 4224 2675 4292 hujus
2701 4223 2798 4277 viri
2850 4223 3119 4278 miraculis
3151 4223 3252 4279 boc
3280 4240 3493 4295 quoque
3523 4225 3715 4293 adjeci,

2134 4334 2244 4373 non
2288 4316 2459 4370 Solum
2502 4331 2817 4387 magnorum
2844 4316 3081 4371 virorum
3109 4317 3293 4372 volens
3322 4317 3374 4372 in
3402 4334 3524 4372 enm
3557 4319 3724 4388 pieta-

2136 4420 2240 4465 tem
2286 4412 2594 4472 ostendere,
2624 4410 2714 4464 sed
2746 4409 2903 4465 etiam
2937 4426 3143 4465 morum
3168 4412 3286 4478 ejus
3309 4414 3630 4469 suavitatem
3657 4422 3716 4470 et

2136 4503 2556 4560 moderationem
2620 4504 2933 4568 declarare,
2989 4504 3302 4561 existimans
3353 4507 3717 4564 conducibile.

2134 4597 2264 4651 Nam
2314 4612 2433 4650 cum
2468 4605 2609 4649 tanta
2640 4604 2785 4650 esset
2837 4605 2893 4649 et
2936 4595 3027 4650 tali
3060 4597 3295 4663 virtute,
3328 4614 3396 4653 ne
3446 4598 3723 4654 levissimo

2131 4689 2343 4758 quidem
2399 4688 2604 4741 honore
2654 4686 2888 4756 seipsum
2919 4686 3136 4758 dignum
3165 4703 3289 4744 esse
3313 4691 3590 4756 censebat,
3623 4691 3721 4747 sed

2129 4797 2252 4837 cum
2295 4781 2586 4850 repellebat
2626 4780 2795 4849 utqui
2827 4780 2893 4832 ad
2924 4795 2983 4835 se
3013 4796 3347 4851 nequaquam
3375 4784 3670 4852 pertineret
3701 4801 3718 4850 ;

2129 4888 2315 4928 rursus
2342 4882 2519 4925 autem
2548 4886 2668 4924 eum
2698 4869 3014 4937 sustinebat,
3034 4879 3093 4926 ut
3112 4874 3202 4942 qui
3226 4888 3319 4928 eos
3334 4873 3422 4944 qui
3454 4872 3722 4934 faciebant

2128 4968 2365 5021 alliceret
2394 4965 2673 5020 beneﬁcio.

2205 5078 2491 5146 Aulugiens
2548 5086 2725 5132 autem
2752 5077 2899 5149 (nam
2930 5085 2986 5132 ut
3033 5074 3121 5147 qui
3155 5075 3407 5130 omnibus
3455 5074 3720 5131 evasisset

2133 5173 2469 5237 manifestus,
2496 5171 2559 5226 ad
2601 5186 2658 5226 se
2715 5170 2962 5225 trahebat
3017 5185 3109 5239 per
3151 5168 3345 5223 famam
3377 5182 3563 5222 eorum
3597 5182 3717 5234 qum

2130 5275 2254 5321 sunt
2285 5266 2419 5320 bona
2468 5274 2523 5320 et
2574 5266 2795 5319 honesta
2847 5262 3138 5333 amatores)
3183 5261 3328 5316 venit
3373 5261 3424 5314 in
3482 5270 3718 5314 montem

2130 5356 2362 5412 Sinmum
2390 5371 2509 5411 cum
2540 5357 2724 5425 paucis
2742 5371 2807 5410 ex
2833 5355 2987 5423 paulu
3013 5352 3364 5407 familiaribus
3396 5368 3411 5405 :
3438 5367 3542 5404 non
3567 5349 3719 5419 oppi-

2128 5449 2255 5503 dum
2308 5448 2655 5518 ingrediens,
2685 5462 2789 5501 uon
2850 5447 3057 5509 vicum,
3089 5442 3183 5497 sed
3230 5442 3331 5495 iter
3380 5456 3475 5510 per
3523 5439 3720 5495 inviam

2129 5540 2304 5594 iniens
2354 5538 2718 5593 solitudinem.
2752 5537 2979 5590 Ferebat
3009 5546 3189 5587 autem
3222 5531 3465 5585 humeris
3490 5532 3719 5585 alimen—

2126 5639 2236 5685 tmn
2270 5645 2480 5698 quoque
2532 5630 2921 5694 necessarium,
2951 5640 3142 5697 panem
3191 5627 3403 5695 inquam
3432 5634 3487 5679 et
3526 5624 3719 5688 salem,

2128 5727 2369 5797 lagenam
2401 5732 2455 5779 et
2479 5723 2728 5794 cyathum
2774 5722 3028 5792 ligneum,
3062 5731 3116 5776 et
3136 5716 3411 5790 spongiam
3446 5716 3572 5771 fune
3600 5716 3719 5769 alli-

2123 5826 2296 5887 gatatu
2318 5832 2332 5882 ;
2358 5826 2408 5870 ut
2440 5816 2483 5872 si
2503 5813 2713 5886 quando
2730 5828 2919 5885 aquam
2940 5812 3272 5870 invenissent
3288 5807 3713 5881 profundiorem,
