4052 6362
274 334 351 390 35
1368 326 1820 392 PHILUTHEUS,
1862 342 1977 384 sive
2019 330 2471 388 THEOPHILES.
3500 335 3573 394 16

273 446 629 508 exhaurit-ent
665 443 882 516 quidem
937 441 1177 512 spongia,
1219 455 1532 510 expressam
1590 452 1768 495 autem
1818 441 1869 493 in
1903 445 1944 500 Α
1977 445 2280 508 venientes,
2302 459 2482 500 sacros
2508 445 2617 500 illic
2633 457 2803 502 coetus
2819 446 3160 503 celebrabant
3185 464 3202 515 ;
3224 465 3366 505 nunc
3390 459 3572 509 autem

277 538 532 612 cyathum
549 537 849 592 ebiberent.
864 533 997 589 Cum
1029 534 1210 604 itaque
1235 533 1335 588 iter
1357 533 1642 588 multorum
1665 533 1874 587 dierum

279 633 676 698 confecissent,
699 632 762 684 ad
782 638 1018 685 montem
1041 640 1281 698 optatum
1307 630 1652 700 perveniunt;
1679 639 1874 685 etcum

277 740 436 782 suum
467 723 752 779 Dominum
779 721 1118 789 adorassent,
1138 721 1248 776 illie
1272 722 1485 792 longum
1520 731 1728 791 tempus
1755 737 1875 790 per-

276 825 443 889 petuo
475 824 876 886 transegerunt,
907 814 1009 868 loci
1034 812 1381 868 solitudinem
1414 823 1466 867 et
1497 814 1687 867 anima:
1723 814 1876 882 quie-

281 916 392 962 tem
421 904 706 960 maximam
727 904 1100 960 existimantes
1135 904 1484 970 voluptatem.
1515 904 1650 955 Cum
1697 913 1872 957 autem

281 996 336 1053 in
384 998 470 1051 illa
523 1007 673 1067 petra
703 996 802 1050 sub
858 1013 959 1064 qua
1007 997 1175 1050 latens
1217 996 1459 1066 Moyses,
1493 997 1871 1064 prophetarum

278 1086 768 1158 princeps,dignus
814 1096 897 1140 est
944 1085 1156 1139 habitus
1184 1087 1274 1155 qui
1309 1088 1471 1139 Deum
1506 1086 1708 1140 videret
1737 1087 1876 1139 sicut

277 1176 457 1232 videri
494 1184 739 1245 poterat,
781 1175 1064 1231 ecclesiam
1105 1175 1506 1242 exstruxisset,
1537 1185 1591 1230 et
1640 1175 1872 1229 divinam

277 1286 433 1326 arant
478 1280 870 1337 consecrasset,
893 1285 1013 1340 quae
1069 1273 1228 1324 etiam
1261 1279 1454 1324 mansu
1506 1285 1674 1338 usque
1699 1270 1750 1323 in
1783 1273 1873 1324 lio.

279 1362 529 1419 diernum
557 1362 720 1428 diem,
755 1363 805 1415 in
835 1376 984 1416 suam
1019 1376 1268 1416 reversus
1298 1372 1380 1416 est
1410 1361 1732 1431 paltrstram.

354 1455 488 1510 Cum
517 1465 696 1508 autem
729 1454 869 1522 ejus,
899 1455 984 1509 eui
1041 1465 1158 1509 erat
1185 1455 1398 1525 quidem
1432 1457 1569 1510 idem
1601 1455 1740 1525 quod
1771 1455 1870 1522 ipsi

283 1561 480 1603 nomen
509 1587 526 1612 ,
569 1545 664 1602 sed
721 1547 869 1615 impii
927 1547 1268 1614 imperatoris
1320 1547 1491 1600 minas
1523 1547 1875 1600 intellexisset

282 1639 426 1710 (pios
446 1638 588 1693 enim
607 1653 666 1692 se
699 1637 936 1692 funditus
965 1637 1292 1706 perditurum
1324 1638 1577 1700 minatus,
1606 1636 1875 1704 profectus

284 1738 406 1784 erat
447 1729 500 1783 in
544 1726 760 1788 Persas.
791 1736 845 1782 et
877 1730 966 1796 qui
1019 1728 1206 1780 eadem
1235 1744 1354 1795 qum
1386 1728 1501 1794 ipse
1549 1727 1870 1792 seruit-haut,

279 1821 700 1875 abominandum
725 1819 873 1872 illum
905 1818 1134 1872 reditum
1157 1817 1424 1872 inhiantes
1447 1818 1872 1887 CXSIICClillJaHl),

279 1924 411 1970 tunc
433 1914 540 1969 Deo
568 1916 866 1968 orationem
899 1927 1092 1983 magno
1123 1909 1299 1965 studio
1330 1911 1698 1964 etveheun'nti
1729 1909 1876 1963 desi-

277 2009 434 2065 deria
464 2007 719 2071 offerens,
751 2015 806 2061 et
830 2006 1078 2062 eamdem
1110 2005 1176 2059 ad
1229 2005 1496 2058 decimum
1538 2020 1704 2072 usque
1733 2004 1874 2056 diem

277 2100 596 2166 extendens,
617 2099 818 2153 audivit
842 2114 1026 2153 vocem
1049 2098 1313 2153 dicentem
1337 2097 1474 2169 (l4),
1491 2099 1875 2152 exsecrandum

278 2191 431 2248 illum
463 2198 518 2246 et
570 2188 792 2244 fetidum
822 2205 1043 2258 porcum
1090 2187 1158 2243 de
1207 2187 1381 2243 medio
1413 2203 1535 2242 esse
1584 2189 1874 2245 sublatum.

283 2282 394 2340 Sed
446 2298 622 2353 neque
679 2294 899 2352 accepto
945 2282 1051 2336 line
1092 2280 1692 2346 orationis,confestim
1742 2282 1877 2336 ﬁniit

280 2377 608 2442 orationem,
637 2375 730 2430 sed
757 2376 978 2429 mutavit
1003 2374 1312 2443 petitionem
1341 2375 1392 2428 iu
1417 2375 1597 2446 hymni
1622 2378 1874 2430 decanta-

280 2466 510 2532 tionem,
532 2467 732 2537 gratias
760 2481 925 2537 agens
953 2465 1227 2521 Servatori
1248 2481 1490 2528 suorum,
1515 2467 1878 2536 clementique

283 2568 343 2615 et
362 2559 564 2630 potenti
595 2557 735 2612 hosti
762 2560 1078 2612 alienorum.
1111 2556 1445 2634 Longissima»
1469 2559 1611 2612 enim
1639 2569 1794 2625 letnpt
1820 2571 1877 2612 re

280 2648 387 2707 fuit
413 2652 652 2708 clemens
673 2663 726 2706 et
752 2651 888 2706 lenis
912 2653 964 2705 in
987 2651 1206 2720 impium
1229 2667 1242 2716 ;
1269 2652 1362 2704 sed
1393 2666 1511 2705 cum
1541 2651 1660 2721 ejus
1683 2652 1874 2706 lenitas

281 2754 336 2800 et
351 2745 604 2815 patientia
617 2746 935 2800 sceleratum
949 2743 1014 2798 ad
1032 2743 1288 2813 majorem
1303 2747 1628 2799 exercuisset
1644 2747 1868 2814 rabiem,

281 2847 587 2910 opportune
640 2839 816 2894 intulit
855 2837 1198 2907 Sttpplitriutn.
1229 2837 1360 2893 Cum
1393 2850 1568 2893 autem
1601 2839 1876 2907 implesset

283 2936 605 3001 orationem,
628 2932 794 3004 804
821 2943 876 2987 et
904 2932 969 2986 ad
1001 2948 1128 2986 suos
1151 2941 1296 2986 esset
1319 2947 1631 2996 cenversus,
1659 2933 1874 3001 planum

282 3021 384 3077 fuit
411 3039 535 3078 eum
564 3037 687 3078 esse
735 3023 858 3077 laeto
887 3033 940 3076 et
987 3023 1272 3092 tranquillo
1307 3024 1521 3088 animo;
1552 3024 1712 3076 animi
1733 3028 1875 3077 enim

283 3117 538 3171 alacritas
558 3115 760 3170 vultum
791 3115 1109 3170 ostendebat
1149 3116 1322 3170 hilare
1346 3133 1399 3169 ιι.
1425 3116 1556 3169 Cum
1581 3127 1760 3169 autem
1785 3117 1876 3182 qui

285 3221 411 3262 cum
458 3222 524 3263 eo
558 3207 915 3261 versabantur
945 3221 1138 3258 novum
1171 3206 1416 3258 admirati
1450 3214 1630 3258 essent
1659 3215 1874 3272 speeta-
1902 3191 1948 3254 C

284 3298 468 3352 culum
519 3297 666 3366 (nam
713 3311 833 3350 cum
886 3311 1100 3363 semper
1139 3294 1278 3348 tristi
1331 3307 1546 3365 aspecm
1584 3295 1874 3362 videretur,

285 3399 418 3444 tunc
445 3387 589 3443 visus
613 3399 694 3443 est
744 3385 1067 3458 subridere),
1099 3398 1152 3442 et
1199 3404 1318 3442 cum
1344 3403 1560 3440 causam
1597 3397 1878 3456 rogassent

285 3481 513 3546 lrtitiaz,
533 3481 773 3536 Prtesens
795 3481 1231 3551 tempus,inquit,
1262 3495 1295 3534 ο
1327 3483 1538 3542 fratres,
1564 3493 1643 3534 est
1666 3479 1876 3550 gaudii;

288 3573 520 3627 cessavit
541 3574 682 3626 enim
713 3571 931 3640 impius,
961 3581 1018 3625 ut
1047 3583 1129 3625 est
1160 3587 1260 3625 vox
1287 3571 1432 3624 Isaia:
1465 3570 1599 3639 (Ira.
1634 3573 1802 3640 xxiv),
1827 3581 1881 3627 et

289 3663 573 3721 audacium
630 3667 962 3735 inceptorum
1021 3666 1239 3720 meritas
1266 3665 1412 3719 dedit
1461 3681 1678 3733 poenas;
1711 3675 1764 3718 et
1791 3665 1879 3733 qui

291 3758 631 3829 tyrannidem
685 3757 924 3812 exercuit
955 3757 1006 3810 in
1041 3758 1205 3812 Deum
1262 3757 1351 3824 qui
1386 3758 1510 3811 fecit
1542 3767 1594 3810 et
1621 3759 1876 3823 serVavit,

292 3852 361 3904 ab
389 3851 507 3918 ejus
548 3851 637 3918 qui
687 3851 830 3904 illius
857 3851 1077 3920 parebat
1124 3852 1350 3919 imperio
1379 3851 1598 3905 dextera
1653 3851 1769 3919 jure
1801 3862 1882 3906 est

291 3956 488 3998 casus.
515 3941 642 3996 Ideo
673 3942 826 3995 latter
853 3957 974 3996 cum
1007 3943 1216 3996 videam
1266 3943 1531 3996 Ecclesias
1571 3959 1688 4011 qum
1722 3944 1788 3996 ab
1817 3960 1881 3998 eo

292 4042 416 4089 sunt
441 4043 758 4104 Oppugnatw
782 4033 1134 4095 exsultantes,
1152 4041 1204 4085 et
1230 4048 1447 4085 cernam
1477 4035 1793 4088 sceleratum
1815 4034 1882 4088 ab

293 4125 357 4182 iis
381 4140 520 4196 quos
547 4126 755 4180 colebat
779 4125 1113 4178 dremunibus
1145 4125 1276 4178 nihil
1305 4126 1486 4179 auxilii
1511 4136 1877 4182 consecutmn.

295 4216 464 4288 llujus
488 4233 617 4289 ergo
643 4219 788 4287 impii
815 4219 977 4273 caulis
1005 4222 1162 4274 talem
1197 4219 1376 4272 habuit
1399 4221 1809 4288 praescieutiam.

369 4333 506 4387 Cum
557 4342 737 4388 autem
772 4333 967 4388 Valens
1002 4335 1249 4404 (l5),qui
1302 4346 1418 4402 post
1478 4335 1623 4388 illum
1679 4336 1882 4404 accepit

296 4424 532 4479 habenas
563 4425 785 4480 Romani
814 4427 1047 4494 imperii,
1075 4427 1257 4480 relicta
1289 4428 1511 4480 veritate
1542 4429 1880 4498 evangelicm

293 4531 411 4571 rum
440 4518 773 4586 dogmatum,
799 4517 1005 4572 erroris
1034 4517 1152 4570 Arii
1178 4521 1475 4584 accepisset
1507 4518 1879 4586 imposturam,

1982 534 2150 603 ripam
2183 535 2414 590 ﬂuminis
2445 536 2712 592 faciebant
2739 539 3054 606 oratorium,
3081 539 3367 609 aliquando
3391 553 3573 600 autem

1979 625 2225 680 bellicum
2270 631 2627 698 gymnasium,
2660 629 2800 700 quod
2857 631 3018 684 situm
3066 639 3150 686 est
3195 644 3320 686 ante
3361 643 3570 701 portam

1980 716 2488 785 Septentrionalem.
2516 719 2628 774 Non
2681 721 3059 788 permittebant
3084 721 3226 777 enim
3256 721 3342 792 qui
3375 723 3569 778 bellum
3611 745 3616 748 ·

1977 811 2256 878 gerebant,
2289 811 2339 863 in
2397 827 2503 862 uno
2536 811 2652 864 loco
2683 811 2798 882 pios
2829 812 3145 868 consistere.
3169 813 3442 868 .Iactaraut
3469 829 3568 868 au-

1979 913 2084 957 tem
2137 904 2335 956 alumni
2369 903 2664 971 mendacii;
2718 916 2773 958 et
2813 920 3079 958 rumorem
3122 905 3173 958 in
3216 904 3303 958 illa
3353 903 3570 960 civitate

1977 1003 2307 1062 Sparserant,
2341 996 2482 1062 quod
2522 1011 2766 1064 magnus,
2805 995 2892 1049 hic
2921 999 3134 1067 inquam
3164 1013 3355 1066 senex,
3382 1014 3569 1054 eorum

1977 1103 2096 1155 qua:
2128 1087 2228 1154 ipsi
2276 1092 2528 1140 tenebant
2560 1087 2830 1157 religionis
2860 1089 3165 1156 dogtuatum
3211 1093 3571 1158 amplectere-

1977 1189 2062 1233 tur
2112 1183 2566 1235 communionem.
2612 1181 2722 1236 lluc
2779 1182 2894 1250 pios
2938 1185 3167 1237 maxime
3206 1187 3471 1253 angebat,
3502 1201 3578 1238 ne-

1978 1274 2115 1328 fama
2163 1274 2407 1328 rudiores
2436 1283 2489 1328 et
2518 1273 2874 1343 simpliciores
2900 1275 3202 1344 decipiens,
3230 1293 3326 1333 eos
3353 1277 3569 1334 haereti-

1977 1383 2161 1422 corum
2193 1369 2490 1435 implicaret
2521 1368 2744 1437 laqueis.

2047 1480 2149 1533 Sed
2179 1479 2347 1535 divini
2378 1495 2426 1534 et
2455 1481 2592 1534 beati
2629 1481 2752 1546 viri,
2775 1481 3061 1535 Flavianus
3093 1491 3148 1536 et
3174 1481 3564 1551 Diodorus,qui

1976 1567 2118 1639 digni
2152 1581 2304 1623 erant
2354 1571 2517 1624 habiti
2567 1582 2622 1624 ut
2679 1582 2862 1626 essent
2909 1573 3160 1637 sacrifici,
3192 1583 3246 1627 et
3277 1585 3570 1642 praeessent

1978 1662 2184 1731 piorum
2237 1663 2454 1732 populo,
2487 1674 2541 1718 et
2592 1665 2892 1732 Apltraates
2918 1667 2956 1729 ¹,
2987 1665 3138 1736 cujus
3193 1682 3286 1735 per
3323 1682 3381 1722 se
3407 1668 3570 1722 vitam

1980 1755 2130 1808 vobis
2152 1754 2196 1808 si
2224 1754 2359 1808 Deus
2386 1756 3016 1824 coneesserit,adjiciam,
3043 1759 3359 1823 persuadent
3379 1772 3572 1826 magno

1907 1822 1952 1880 Β
1982 1845 2055 1898 illi
2089 1847 2308 1913 Acacio,
2335 1845 2488 1915 Cujus
2521 1846 2743 1900 fecimus
2777 1850 3126 1910 mentionem,
3152 1859 3208 1901 ιιι
3234 1851 3334 1902 vite
3365 1849 3572 1917 accipe-

1981 1951 2061 1994 ret
2111 1953 2363 1995 comttetn
2404 1957 2556 1995 suum
2584 1941 2796 2009 quidem
2830 1943 3161 2010 magistrum.
3199 1943 3364 1996 sancti
3390 1954 3569 1997 autem

1976 2032 2123 2088 senis
2151 2035 2500 2102 discipulum,
2555 2035 2820 2102 insignem
2861 2036 3007 2087 illum
3048 2036 3354 2101 Asterium,
3386 2051 3572 2090 curre-

1979 2134 2062 2179 ret
2113 2137 2289 2179 autem
2338 2128 2403 2179 ad
2456 2141 2796 2179 communem
2851 2126 3063 2192 pietatis
3108 2126 3484 2195 splendorem,
3514 2136 3570 2182 et

1978 2219 2300 2285 evangelicae
2357 2217 2615 2272 doctrina:
2666 2217 3117 2280 sustentacultun,
3144 2226 3200 2271 et
3223 2218 3572 2286 persuaderet

1980 2318 2032 2361 ut
2085 2309 2411 2376 relinqueret
2450 2309 2666 2376 quidem
2717 2311 2861 2362 illaut
2917 2309 2971 2362 in
3011 2308 3300 2363 solitudine
3322 2311 3569 2364 versandi

1979 2397 2150 2452 ration
2189 2416 2239 2451 ιιι
2265 2439 2280 2462 ,
2304 2414 2503 2452 veniret
2531 2411 2708 2452 autem
2742 2411 2798 2452 ut
2821 2402 2984 2454 let-ret
3011 2400 3264 2454 auxilium
3290 2409 3366 2456 tot
3396 2401 3564 2456 milli-

1979 2490 2077 2545 bus
2101 2507 2218 2558 qua:
2248 2490 2432 2546 fraude
2461 2494 2771 2559 interibant,
2792 2503 2846 2548 et
2875 2510 2998 2549 rure
3028 2494 3108 2548 Siti
3131 2495 3392 2550 adventus
3419 2497 3571 2550 ﬂam-

1982 2599 2124 2636 mam
2147 2584 2511 2653 exstingueret
2537 2585 2808 2640 Arianatn.
2824 2585 3296 2642 Cucurritdivitrus
3317 2587 3568 2651 Aeacius.

1981 2686 2035 2729 et
2053 2693 2171 2730 smn
2182 2689 2290 2746 pto,
2317 2690 2366 2730 ut
2398 2677 2580 2747 jussus
2601 2689 2736 2742 erat,
2758 2694 2950 2749 magno
2966 2676 3334 2752 Asterio(lti),
3349 2680 3575 2735 accessit

1980 2773 2045 2825 ad
2066 2775 2360 2824 maximum
2396 2775 2571 2826 lumen
2595 2774 2869 2837 ecclesiae;
2901 2783 2954 2827 et
2980 2788 3237 2828 eumeum
3266 2775 3572 2838 salutasset,

1982 2862 2075 2916 Dic
2124 2862 2276 2926 mihi,
2310 2862 2557 2932 iuquit,o
2601 2874 2773 2931 pater,
2800 2877 3029 2930 quanam
3087 2865 3155 2917 de
3208 2878 3368 2918 causa
3400 2873 3570 2918 totum

1983 2953 2120 3008 hunc
2169 2955 2406 3008 laborem
2462 2965 2568 3007 tam
2628 2956 2874 3010 lubenter
2903 2957 3142 3010 toleras?
3165 2957 3294 3010 Cum
3324 2957 3368 3008 is
3396 2967 3574 3009 autem

1981 3043 2351 3110 reSpondisset
2377 3059 2391 3097 :
2421 3046 2484 3097 Et
2523 3059 2768 3112 corpore,
2800 3055 2853 3098 et
2882 3047 3090 3108 anima,
3117 3048 3351 3114 vitaque,
3374 3054 3429 3099 et
3457 3061 3574 3100 om-

1982 3133 2137 3186 nibus
2185 3149 2304 3202 quaa
2353 3134 2417 3186 ad
2457 3135 2619 3188 vitam
2676 3135 2960 3203 pertinent,
2989 3145 3071 3190 est
3101 3135 3230 3190 mihi
3268 3136 3361 3191 Dei
3394 3135 3573 3190 cultus

1984 3225 2286 3295 pretiosior;
2308 3241 2473 3280 conor
2495 3235 2696 3291 autem,
2717 3226 2890 3296 quoad
2920 3226 3038 3296 ejus
3067 3242 3096 3280 a
3123 3241 3209 3280 me
3229 3227 3342 3280 fieri
3372 3236 3569 3296 potest,

1983 3320 2059 3374 illi
2091 3336 2119 3372 a
2147 3320 2307 3374 sorde
2340 3320 2538 3372 nuduu
2569 3320 2764 3374 olferre
2797 3319 3191 3383 ministerium,
3220 3327 3274 3373 et
3312 3321 3359 3374 ei
3387 3333 3576 3387 perpe-

1982 3421 2076 3466 tuo
2099 3411 2340 3481 plut-ere;
2362 3410 2652 3464 Ostendam
2683 3409 2800 3476 tibi,
2823 3410 2996 3480 inquit
3029 3412 3277 3474 Aeacius,
3310 3410 3572 3463 rationem

1985 3517 2080 3572 per
2109 3518 2267 3570 quam
2298 3501 2346 3554 ei
2377 3501 2494 3569 plus
2523 3517 2683 3570 quam
2732 3516 2869 3554 nunc
2899 3504 3137 3566 servies;
3185 3501 3344 3568 idque
3373 3499 3574 3565 dicam,

1985 3608 2091 3646 non
2122 3592 2234 3646 sola
2267 3603 2422 3645 utens
2455 3592 2879 3655 ratiocinatione,
2909 3590 3005 3644 sed
3036 3590 3202 3659 utqui
3232 3592 3300 3642 ab
3331 3587 3451 3657 ejus
3481 3587 3578 3641 do-

1983 3687 2154 3742 ctrina
2179 3686 2478 3740 didicerim.
2509 3689 2643 3739 Cum
2675 3688 2816 3740 enitn
2845 3686 3058 3740 Petrum
3087 3685 3371 3756 aliquando
3391 3697 3578 3754 rugas-

1985 3790 2068 3835 set
2090 3795 2154 3833 an
2178 3796 2298 3834 eum
2327 3780 2444 3847 plus
2465 3795 2620 3847 quam
2644 3779 2730 3832 alii
2750 3788 2980 3845 amaret,
3001 3788 3054 3832 et
3069 3778 3346 3832 didicisset
3365 3777 3413 3830 id
3433 3776 3575 3845 quod

1985 3872 2182 3926 sciebat
2205 3872 2290 3926 vel
2314 3883 2432 3924 ante
2478 3873 2617 3926 Petri
2644 3888 2852 3936 vocem,
2880 3873 2957 3924 'l‘u
2986 3874 3153 3936 enim,
3185 3873 3373 3940 inquit,
3407 3871 3572 3937 nosti,

1989 3965 2231 4031 Domiti»,
2252 3964 2391 4030 quod
2415 3980 2536 4017 amo
2563 3973 2610 4017 te
2634 3963 2814 4032 (Joau.
2833 3965 2975 4030 xxI);
2999 3965 3232 4018 Ostendit
3250 3965 3298 4018 ei
3315 3964 3570 4034 quidnam

1985 4070 2149 4125 agens
2177 4070 2298 4108 eum
2327 4056 2497 4124 magis
2542 4057 2764 4109 coleret.
2791 4055 2845 4109 Si
2873 4056 3040 4121 enim,
3072 4055 3262 4125 inquit,
3288 4071 3437 4108 amas
3469 4069 3577 4119 me,

1985 4162 2146 4216 pasce
2189 4163 2317 4202 oves
2371 4164 2539 4212 meas,
2570 4160 2624 4202 et
2655 4164 2810 4217 pasce
2845 4165 3010 4218 agnos
3039 4166 3206 4203 meos.
3237 4149 3347 4203 lloc
3368 4165 3579 4219 quoque

1988 4238 2104 4300 tibi,
2135 4254 2167 4291 0
2212 4237 2389 4302 Pater,
2420 4249 2503 4292 est
2533 4237 2871 4302 faciendum;
2905 4241 3197 4308 periculum
3226 4241 3367 4295 enim
3401 4251 3485 4295 est
3513 4257 3580 4294 ne

1987 4345 2114 4383 oves
2141 4345 2170 4383 a
2207 4331 2347 4398 lupis
2391 4328 2693 4395 intereant;
2725 4346 2817 4385 eas
2846 4342 3022 4384 autem
3059 4331 3213 4386 valde
3241 4344 3407 4396 amat,
3431 4333 3520 4400 qui
3549 4347 3579 4386 a

1989 4428 2040 4474 te
2090 4419 2243 4473 valde
2287 4431 2514 4474 amatur.
2546 4422 2636 4476 Est
2673 4434 2850 4476 autem
2877 4423 3147 4491 proprium
3179 4426 3469 4477 amantium
3493 4423 3581 4479 illa

1987 4509 2186 4575 facere,
2213 4527 2333 4578 quae
2377 4528 2497 4567 cum
2529 4515 2677 4575 littnt,
2710 4515 2790 4568 eis
2847 4515 2936 4584 qui
2967 4526 3212 4571 amantur
3264 4529 3409 4585 grata
3437 4525 3579 4571 sunt.

293 4617 422 4663 tune
446 4618 630 4664 exorta
675 4618 760 4664 est
799 4609 969 4677 major
993 4610 1223 4676 procella
1265 4609 1522 4663 adversus
1552 4609 1879 4674 Ecclesiant;
1915 4580 1963 4640 ί)
1993 4603 2056 4657 Et
2084 4603 2280 4672 alioqui
2326 4619 2430 4657 non
2465 4621 2681 4672 parvum
2712 4616 2797 4661 est
2826 4609 3152 4676 periculum,
3185 4609 3582 4678 multorumque

292 4716 416 4756 cum
480 4702 866 4770 gubernatores
912 4702 1128 4771 quidem
1186 4701 1417 4768 undzque
1457 4702 1877 4766 expelli-rentur,

295 4790 575 4864 praedones
622 4805 804 4849 autem
852 4795 1064 4861 quidam
1098 4805 1151 4850 et
1184 4795 1366 4849 hostes
1406 4795 1456 4848 in
1488 4810 1674 4848 eorum
1707 4795 1880 4848 locum

291 4883 692 4943 sufficerentur.
716 4885 791 4941 Ne
816 4896 992 4942 autem
1022 4896 1184 4940 tutam
1210 4887 1351 4940 illam
1385 4886 1435 4939 in
1486 4898 1768 4953 ptmsentia
1801 4903 1884 4939 re-

291 4991 544 5032 eenseam
592 4979 931 5047 tragmdiam,
959 4979 1060 5032 alia
1093 4992 1234 5031 nunc
1276 4979 1700 5043 prmtermittatn.
1729 4979 1886 5030 unius

288 5077 473 5122 autem
531 5066 870 5120 solummodo
897 5066 1086 5120 faciam
1135 5067 1497 5131 mentionem,
1529 5066 1668 5134 quod
1702 5083 1780 5133 ap
1807 5077 1887 5121 rte

291 5155 529 5211 ostendit
553 5155 716 5210 divini
743 5155 976 5224 Spiritus
996 5158 1218 5226 gratiam
1238 5159 1287 5210 in
1313 5157 1412 5210 hoc
1431 5169 1560 5210 sene
1583 5158 1882 5211 llorentem.

292 5250 376 5302 Ab
402 5249 736 5304 Antiochena
773 5249 987 5316 quidem
1020 5251 1244 5304 ecclesia
1286 5251 1488 5319 ejectns
1516 5261 1632 5305 erat
1663 5268 1884 5319 magnus

293 5339 702 5407 Meletius,qu:e
729 5356 759 5394 a
793 5340 902 5395 Deo
926 5341 1294 5394 uuiVersorum
1321 5342 1587 5410 pascentia
1615 5342 1661 5396 ei
1681 5343 1883 5397 credita

296 5433 561 5486 fueratza
601 5430 802 5485 divinis
844 5443 1022 5487 autem
1059 5431 1273 5499 templis
1325 5431 1482 5499 ejecti
1525 5430 1880 5486 fueruntcum

293 5523 492 5592 pepnlo
515 5521 606 5591 qui
625 5533 743 5577 erat
763 5523 1002 5588 ejusdem
1025 5539 1144 5576 cum
1164 5523 1241 5576 eis
1258 5522 1560 5586 sententiae,
1583 5525 1884 5593 quicunque

294 5617 348 5671 in
375 5616 578 5670 clerum
600 5615 858 5684 coaptati,
890 5615 1164 5669 Trinitat's
1187 5615 1423 5668 divinam
1450 5631 1607 5669 unam
1638 5618 1887 5671 colebant

295 5713 610 5770 essentiam.
637 5712 705 5768 Et
724 5727 867 5767 nunc
886 5713 1101 5779 quidem
1128 5713 1179 5765 in
1196 5712 1427 5783 aliquem
1446 5729 1663 5782 specum
1687 5715 1885 5767 montis

370 5806 384 5836 '
421 5803 498 5859 De
531 5802 821 5870 Aphraate,
866 5801 1024 5870 infra,
1058 5820 1104 5855 ιτ.
1141 5804 1190 5858 8.
1665 5801 1667 5803 ’

1989 4705 2043 4751 et
2072 4712 2385 4766 magnorqu
2414 4700 2623 4754 illorum
2651 4703 2907 4756 sudorum
2936 4704 3354 4771 detrimentum,
3384 4705 3428 4757 si
3477 4707 3580 4771 pati

1995 4791 2230 4856 potueris
2271 4792 2570 4860 negligere,
2608 4797 2796 4847 tacitus
2827 4797 3125 4863 prmterire,
3155 4798 3430 4848 veritatem
3464 4796 3582 4866 qui-

1991 4879 2114 4934 dem
2165 4883 2402 4948 graviter
2443 4886 2757 4954 oppugnari,
2785 4901 2881 4942 eos
2912 4895 3087 4939 autem
3119 4887 3208 4955 qui
3230 4886 3279 4940 ei
3307 4887 3581 4942 adlnt-rent

1990 4973 2231 5040 εειιιιιιιίς
2291 4977 2354 5026 ad
2407 4990 2499 5029 eos
2542 4986 2720 5032 autem
2775 4978 3048 5031 venandos
3091 4993 3212 5031 esse
3264 4992 3444 5032 escam
3503 4978 3578 5031 tui

1993 5064 2224 5116 nominis
2253 5065 2687 5132 appellationem.
2719 5068 2794 5122 Te
2823 5069 2964 5123 enim
3003 5068 3201 5123 habere
3236 5070 3440 5124 socium
3466 5084 3578 5123 suta

1993 5155 2280 5222 impietatis
2309 5157 2600 5223 gloriantur
2621 5171 2671 5213 et
2697 5159 2900 5228 jamant
2935 5162 3188 5228 praesides
3215 5161 3326 5215 Arii
3371 5161 3575 5215 abomi-

1993 5246 2241 5300 nationis.
2267 5247 2376 5301 llnc
2407 5265 2524 5301 cum
2581 5252 2809 5317 primum
2837 5251 3093 5306 audiisset
3122 5266 3311 5314 senex,
3337 5253 3572 5318 quietem

1988 5337 2202 5408 quidem
2223 5338 2417 5408 jubeus
2443 5341 2618 5394 valere
2644 5341 2710 5393 ad
2739 5351 2968 5409 tempus,
2995 5359 3166 5413 neque
3192 5343 3420 5397 civitatis
3442 5354 3580 5398 stre-

1991 5438 2153 5497 pllllS,
2185 5431 2323 5498 quod
2357 5432 2436 5484 eis
2469 5449 2569 5484 non
2603 5444 2743 5487 esset
2775 5445 3043 5499 assuetus,
3070 5435 3362 5504 refugiens,
3392 5449 3579 5488 accur-

1989 5525 2052 5574 rit
2086 5523 2364 5576 Autiocitia
2392 5543 2443 5577 u.
2469 5523 2509 5578 C
2533 5542 2600 5577 tm
2649 5537 2828 5581 autem
2889 5527 3115 5581 duorum
3150 5533 3227 5581 vel
3278 5527 3436 5580 trium
3461 5527 3573 5581 die.

1992 5631 2107 5671 rum
2168 5617 2268 5670 iter
2314 5615 2632 5672 confecisset
2678 5619 2728 5672 iu
2777 5621 3101 5684 solitudine,
3135 5630 3292 5673 noctu
3326 5616 3471 5670 v:nit
3524 5616 3574 5670 in

1991 5726 2060 5780 qu
2085 5709 2258 5765 »ιίἁιιη
2285 5710 2538 5780 praedium
2562 5731 2574 5767 :
2596 5713 2840 5784 quedam
2865 5723 3040 5767 autem
3065 5713 3214 5767 dives
3236 5711 3549 5764 muliercula
