4052 6362
506 348 572 403 S1
740 298 743 309 ι
1649 350 1733 404 DE
1774 348 1949 403 VITIS
1986 343 2269 401 PATRUM
2313 345 2512 401 LIBER
2553 346 2636 403 IX.
3707 351 3787 406 εις

505 473 627 515 cunt
642 471 856 514 sacrum
880 458 1026 514 illutn
1058 460 1282 517 chorum
1297 462 1552 518 audiisset
1567 464 1768 529 venire,
1788 461 2093 517 cucurritut
2120 460 2165 517 Α
2198 459 2348 514 tinxit
2380 471 2519 514 tutus
2550 460 2778 529 populus
2800 461 3070 516 civitatis:
3102 470 3321 533 eratq'c
3354 462 3601 518 bellicum
3624 477 3786 535 gym-

504 556 805 622 pcrciperrt
834 568 1015 608 eorum
1040 554 1503 623 benedictionem;
1534 567 1587 612 et
1608 557 1671 610 ad
1704 571 1891 611 eorum
1926 556 2089 622 pedes

504 645 803 711 provoluta,
832 645 1050 713 rogabat
1078 659 1132 701 ut
1153 663 1245 702 sua
1268 649 1459 703 domus
1483 655 1625 703 esset
1642 663 1825 703 eorum
1850 647 2091 703 diverso-

507 735 665 789 rium.
710 734 988 791 Concessit
1026 753 1210 802 senex,
1242 739 1400 809 idque
1440 757 1559 795 cum
1616 740 1735 808 plus
1765 755 1924 811 quam
1962 756 2092 810 qua-

506 825 750 897 draginta
796 830 1007 883 annisa
1055 832 1140 883 tali
1193 829 1382 885 fuis~et
1435 832 1743 899 spectaculo
1790 844 2088 901 separatus.

505 918 640 970 Cum
673 928 850 973 autem
882 920 1213 975 admirabilis
1245 923 1329 973 illa
1359 922 1551 976 mulier
1582 931 1723 977 esset
1753 923 1803 976 in
1833 923 2000 977 sacris
2029 923 2093 977 il-

508 1007 577 1062 lis
607 1009 735 1065 viris
779 1010 1133 1065 ministrando
1176 1023 1460 1080 occupata,
1496 1028 1628 1083 puer
1676 1022 1879 1080 septem
1924 1029 2090 1069 annos

509 1109 666 1155 natus
690 1141 705 1165 ,
737 1102 889 1171 cujus
913 1104 1081 1157 solius
1131 1114 1246 1158 erat
1290 1114 1481 1169 mater,
1523 1121 1640 1175 qttre
1676 1107 2089 1174 hospitalitatem

505 1192 657 1247 Sane
684 1202 765 1247 est
785 1197 1051 1261 aemulata,
1085 1205 1223 1249 esset
1249 1206 1426 1250 autem
1446 1213 1725 1267 vesperum
1750 1198 1912 1269 805
1940 1210 1993 1253 et
2016 1209 2092 1253 te-

506 1285 709 1351 nebrm,
745 1286 935 1339 cecidit
965 1288 1013 1339 in
1066 1294 1302 1355 puteum.
1336 1288 1466 1342 Cum
1517 1299 1692 1344 autem
1724 1305 1788 1344 ex
1820 1308 1906 1356 eo,
1932 1301 1986 1344 ut
2011 1301 2093 1345 est

504 1384 947 1440 consentaneum,
980 1387 1202 1430 exortus
1226 1391 1369 1434 esset
1408 1381 1682 1446 tumultus,
1718 1392 1887 1435 mater
1910 1391 2089 1436 autem

504 1468 780 1529 sensisset,
807 1466 957 1535 jubet
986 1466 1198 1536 quidem
1222 1484 1409 1523 omnes
1439 1470 1756 1539 quiescere;
1787 1482 1945 1537 puteo
1999 1486 2086 1524 au-

507 1567 615 1612 tem
667 1558 921 1626 operculo
954 1559 1224 1627 imposito,
1269 1560 1502 1616 instabat
1552 1561 1868 1617 ministerio.
1913 1562 2091 1618 Mensa

506 1661 683 1704 autem
715 1652 843 1704 viris
871 1650 1067 1705 divinis
1087 1653 1347 1720 apposita,
1374 1654 1587 1708 divinus
1633 1670 1795 1710 senex
1821 1653 2070 1724 jussitvo

505 1745 619 1798 cari
665 1759 891 1815 puerum
943 1745 1178 1799 mulieris
1205 1755 1298 1807 ,et
1343 1747 1585 1813 accipere
1643 1744 2092 1801 benedictionem.

502 1835 635 1889 Cum
673 1848 850 1891 autem
880 1836 1214 1890 admirabilis
1238 1837 1431 1891 mulier
1460 1840 1664 1892 diceret
1684 1854 1806 1892 eum
1841 1839 1979 1893 male
2002 1838 2095 1892 ha-

504 1927 652 1994 bere,
685 1928 919 1997 perstitit
946 1930 1133 1995 jubere
1181 1940 1237 1983 ut
1280 1931 1323 1982 is
1353 1929 1660 1984 duceretur.
1692 1929 1975 2000 Postquam
1999 1946 2089 1984 au-

503 2032 612 2075 tern
659 2021 708 2076 ei
737 2021 878 2091 quod
923 2021 1203 2076 accidisset
1249 2021 1564 2092 significavit
1607 2022 1820 2085 mulier,
1850 2036 2090 2078 mensam

503 2112 716 2181 quidem
739 2113 996 2182 relinquit
1026 2128 1212 2179 senex,
1236 2128 1522 2169 accurrens
1550 2127 1727 2170 autem
1756 2115 1821 2168 ad
1853 2127 2087 2184 puteum,

505 2219 626 2259 cum
699 2206 896 2262 auferri
955 2206 1170 2277 quidem
1246 2209 1605 2277 operculum,
1672 2209 1853 2263 atl‘erri
1910 2218 2091 2263 autem

505 2296 679 2352 lucem
743 2298 1029 2368 iussisset,
1082 2300 1226 2354 videt
1298 2316 1519 2368 puerum
1589 2300 1866 2356 sedentem
1933 2317 2095 2372 super

505 2403 657 2458 aqua:
701 2391 1037 2459 superficiem
1066 2402 1157 2456 ,et
1206 2408 1398 2461 aquam
1457 2409 1617 2448 tnanu
1675 2395 1952 2464 pueriliter
1982 2397 2095 2465 pttl-

503 2491 754 2551 samem,
813 2493 868 2539 et
932 2486 1020 2554 qui
1081 2495 1358 2554 reputatns
1414 2486 1584 2541 fuerat
1642 2488 1925 2552 intetitus,
1971 2505 2092 2542 eum

503 2570 685 2628 ludum
735 2583 1043 2643 putantem;
1090 2587 1145 2631 et
1196 2594 1318 2631 cum
1367 2579 1627 2648 quosdam
1676 2579 1830 2633 funes
1876 2580 2090 2649 alligas-

507 2672 630 2718 sent
657 2674 715 2719 et
745 2680 839 2719 eos
862 2667 1225 2732 demisissent,
1254 2684 1478 2738 puerum
1503 2680 1880 2735 extraxerunt;
1906 2679 1961 2724 et
1981 2680 2095 2724 sta-

504 2758 597 2812 tim
624 2760 853 2813 accurrit
882 2775 1014 2828 pner
1044 2760 1109 2814 ad
1160 2762 1326 2831 pedes
1368 2764 1534 2827 senis,
1563 2762 1745 2817 dicens
1783 2777 1842 2817 se
1871 2778 1991 2818 eum
2021 2764 2099 2817 vi-

503 2848 649 2904 disse
666 2852 717 2903 in
741 2852 894 2920 aquis
916 2853 1086 2921 ipsum
1105 2853 1389 2919 ferentem,
1404 2862 1460 2907 et
1475 2867 1542 2907 ne
1559 2864 1893 2924 mergeretur
1918 2854 2098 2922 prohi-

502 2940 739 2997 bentem.
768 2943 913 2999 Hanc
948 2944 1321 3016 hospitalitatis
1352 2948 1652 3003 mercedem
1681 2948 1877 3016 recepit
1907 2948 2100 3003 mulier

503 3049 533 3087 a
560 3035 718 3091 beato
743 3052 891 3094 sene.

579 3128 646 3182 Et
675 3139 733 3183 ut
762 3131 861 3183 alia
886 3130 1289 3200 praetermittam
1319 3148 1439 3203 qua:
1474 3133 1611 3190 facta
1639 3146 1763 3190 sunt
1787 3134 1840 3189 in
1875 3136 2099 3202 itinere,

2200 553 2407 606 nasinm
2443 553 2660 622 plenum
2697 552 2757 607 iis
2787 554 2877 623 qui
2906 553 3323 609 concurrebant.
3358 553 3565 609 Pudore
3599 564 3783 611 autem

2198 645 2572 700 aftieichantur
2619 647 3037 701 calumniatores
3092 656 3143 703 et
3201 648 3463 703 mendacii
3518 648 3780 715 artifices,

2198 736 2321 799 [asto
2354 746 2529 792 autem
2561 747 2613 792 et
2638 741 2924 808 tranquillo
2953 742 3131 794 animo
3162 750 3316 794 erant
3344 741 3543 795 antmni
3587 741 3786 795 verita-

2200 832 2287 887 tis.
2322 832 2396 886 Ex
2432 833 2553 887 hinc
2586 834 2637 887 in
2666 834 2855 887 domos
2887 848 3012 887 suas
3058 834 3340 889 trahebant
3370 834 3549 888 lumen
3585 835 3785 888 verita-

2199 923 2286 989 tis,
2317 923 2352 976 ii
2384 924 2471 993 qui
2514 940 2649 993 opus
2699 925 2964 978 habebant
3002 933 3057 978 ut
3090 933 3428 979 curarentur.
3482 924 3570 978 Vir
3599 934 3782 979 autem

2195 1016 2411 1086 quidatn
2456 1017 2545 1071 cui
2597 1017 2767 1072 fuerat
2801 1018 3071 1073 maximus
3100 1019 3383 1073 mandatus
3416 1018 3781 1087 magistratus,

2196 1106 2419 1175 ejusque
2447 1108 2568 1163 fidei
2597 1109 2915 1163 commissus
2938 1117 3054 1163 erat
3077 1111 3257 1165 clavus
3282 1109 3539 1173 Orientis,
3565 1110 3628 1163 ad
3659 1126 3784 1164 eum

2198 1202 2343 1255 misit
2380 1217 2574 1271 rogans
2604 1213 2660 1257 ιιι
2690 1203 2755 1256 ad
2805 1219 2863 1258 se
2892 1205 3118 1269 veniret,
3163 1212 3219 1259 et
3260 1220 3285 1255 a
3337 1205 3526 1258 morbo
3555 1214 3786 1273 urgente

2198 1290 2466 1349 liberaret.
2498 1296 2586 1350 llle
2626 1312 2757 1349 vero
2804 1297 3031 1352 accessit
3061 1299 3189 1350 nihil
3221 1308 3521 1362 cunctatus,
3553 1308 3607 1351 et
3636 1313 3785 1352 com-

2198 1384 2340 1437 muni
2375 1382 2605 1437 Dotnino
2648 1386 2774 1438 [ιι-ιε
2809 1386 3058 1454 precibus
3097 1394 3265 1439 verbo
3304 1386 3465 1441 solvit
3508 1388 3789 1456 aegritudi-

2200 1488 2342 1540 nem,
2374 1484 2426 1528 et
2453 1475 2615 1541 jussit
2640 1485 2697 1529 ut
2720 1476 2830 1530 Deo
2861 1487 3043 1544 ageret
3070 1477 3291 1544 gratias.

2268 1565 2397 1620 Cum
2431 1568 2542 1622 haec
2574 1578 2627 1623 et
2657 1569 2778 1622 talia
2808 1566 3045 1637 iecisset,
3079 1570 3266 1623 statuit
3296 1569 3553 1637 deinceps
3586 1570 3787 1624 reverti

2197 1658 2261 1711 ad
2292 1674 2401 1712 sua:
2432 1661 2835 1714 exercitationis
2862 1660 3170 1714 monasticte
3200 1661 3493 1731 tugurium.
3518 1662 3651 1714 Cum
3687 1677 3787 1727 per

2198 1748 2393 1820 Cyrum
2427 1752 2561 1824 [Al.,
2594 1752 2884 1823 Gyrrltum,
2919 1754 2995 1807 rel
3038 1753 3326 1825 Cyrrhumj
3354 1764 3529 1807 autem
3570 1756 3669 1808 iter
3700 1753 3783 1807 fa-

2132 1848 2174 1906 Β
2200 1852 2345 1895 ceret
2376 1841 2562 1911 (distat
2618 1854 2796 1898 autem
2832 1847 2943 1897 tunc
2975 1845 3163 1898 civitas
3195 1845 3419 1897 duortttn
3458 1846 3665 1898 dierum
3699 1845 3787 1897 iti-

2196 1927 2327 1987 nere
2356 1932 2758 2005 ahAntiochia),
2789 1935 3004 1987 diverti!
3026 1934 3239 2003 quidem
3267 1934 3317 1987 in
3341 1934 3511 1986 :t'dem
3537 1932 3779 2002 praeclari

2202 2026 2451 2095 martyris
2492 2025 2724 2094 Dionysii
2758 2043 2770 2076 :
2805 2028 2892 2093 qui
2929 2025 2942 2079 i
2969 2025 3036 2079 lic
3058 2037 3233 2078 autem
3258 2040 3386 2078 vero
3418 2024 3508 2078 Dei
3533 2022 3698 2077 enltui
3727 2032 3785 2078 et

2201 2125 2361 2168 rectte
2393 2116 2637 2185 religion‘
2675 2126 2965 2184 praerant,
3005 2116 3387 2170 convenientes
3416 2116 3785 2184 supplicarunt

2201 2217 2256 2258 ut
2302 2206 2402 2259 sibi
2433 2222 2590 2275 opem
2627 2206 2785 2261 ferret
2828 2209 3054 2262 exitium
3107 2208 3387 2276 prmvisum
3424 2210 3787 2275 exspectanti-

2201 2296 2318 2350 bus.
2352 2296 2606 2353 Dicebant
2636 2299 2780 2352 enim
2829 2298 3093 2352 Asterium
3137 2300 3225 2367 qui
3271 2300 3321 2351 in
3353 2298 3640 2367 sophistica
3667 2296 3785 2366 (l7)

2200 2397 2253 2441 et
2276 2385 2410 2441 falsa
2440 2388 2737 2442 disserendi
2768 2397 2881 2442 arte
2915 2388 3085 2442 fuerat
3113 2389 3391 2453 educatus,
3419 2401 3473 2443 et
3504 2405 3563 2443 se
3591 2388 3643 2442 in
3676 2390 3787 2441 ll:l‘-

2202 2482 2489 2536 reticorum
2529 2482 2814 2537 ecclesiam
2853 2482 3134 2550 iniecerat,
3165 2492 3219 2536 et
3247 2483 3549 2552 episcopale
3590 2498 3786 2536 munus

2199 2586 2319 2628 erat
2346 2583 2649 2638 assmutus,
2685 2575 2872 2628 falsum
2897 2576 3095 2630 acriter
3117 2574 3430 2643 defendere,
3462 2586 3515 2631 et
3540 2578 3788 2645 improbo

2202 2664 2276 2718 uti
2308 2665 2533 2719 artificio
2562 2665 2819 2722 adversus
2849 2668 3160 2730 veritatem;
3194 2678 3248 2722 et
3272 2684 3539 2734 veremur,
3574 2670 3785 2739 inquie-

2205 2758 2353 2821 hant,
2378 2772 2446 2811 ne
2485 2756 2731 2811 facundia
2765 2758 2926 2812 veluti
2969 2760 3197 2829 quadam
3228 2774 3348 2813 esca
3381 2760 3568 2814 fal~um
3601 2771 3789 2817 conte-

2200 2863 2353 2916 gens,
2383 2860 2437 2903 et
2467 2865 2634 2904 nexus
2663 2851 3095 2921 syllogismorum
3143 2862 3391 2921 tanquam
3425 2853 3666 2919 quaedam
3701 2869 3789 2907 re-

2203 2943 2272 2995 tia
2318 2946 2633 3009 extendens,
2665 2944 2834 3011 capiat
2883 2946 3079 2999 multos
3125 2960 3189 2999 ex
3226 2945 3677 3013 simplicioribus;
3718 2961 3781 3000 ea

2202 3037 2342 3090 enim
2376 3036 2441 3088 de
2466 3050 2628 3089 causa
2670 3038 2767 3091 fuit
2803 3038 2872 3091 ab
2896 3037 3219 3093 adversariis
3255 3042 3567 3094 accersitus.
3598 3040 3779 3095 Senex

2203 3140 2422 3184 autem:
2458 3128 2661 3195 Estote,
2696 3131 2886 3200 inquit,
2928 3132 3068 3185 bono
3112 3133 3314 3197 animo,
3353 3142 3406 3186 et
3440 3132 3550 3186 Deo
3597 3130 3783 3186 nobis-

507 3230 771 3276 venerum
797 3223 1016 3292 quidem
1039 3224 1417 3290 Antiochiam;
1442 3241 1633 3281 omnes
1653 3237 1831 3282 autem
1854 3228 2095 3297 undique
2124 3226 2171 3290 (ζ
2203 3234 2322 3273 cum
2372 3221 2692 3289 supplicate,
2724 3221 3021 3275 oralionem
3065 3232 3117 3276 et
3158 3221 3403 3291 corporis
3433 3222 3786 3276 afflictioncm

510 3315 931 3380 concurrebant,
983 3315 1077 3369 Dei
1128 3314 1398 3370 hominem
1454 3317 1641 3372 videre
1695 3318 1996 3387 cupientes,
2044 3328 2099 3374 et

504 3404 678 3461 morbi
722 3405 805 3459 sui
850 3405 1170 3460 medicinam
1204 3408 1572 3477 unusquisque
1602 3411 1851 3478 accipere
1890 3407 2099 3464 deside-

511 3510 639 3550 rans
667 3511 681 3549 :
714 3494 991 3551 habitabat
1017 3505 1193 3551 autem
1228 3498 1279 3551 in
1304 3498 1571 3565 speluncis
1597 3515 1716 3568 qua:
1747 3510 1897 3553 erant
1931 3502 1981 3553 in
2007 3500 2097 3554 la-

500 3594 625 3640 tere
652 3586 877 3651 montis;
903 3586 992 3640 ubi
1021 3588 1268 3642 divinum
1298 3604 1511 3658 quoque
1540 3592 1843 3660 apostolum
1875 3590 2096 3645 Paulum

507 3686 562 3731 et
588 3676 857 3733 habitasse
885 3678 1071 3733 dicunt
1104 3691 1157 3734 et
1191 3681 1437 3737 latuisse.
1471 3683 1575 3737 Sed
1605 3684 1786 3737 statim
1814 3693 1871 3737 ut
1898 3683 2099 3738 scirent

507 3784 698 3823 omnes
724 3784 846 3825 eum
877 3785 1000 3826 esse
1023 3771 1319 3838 hominem,
1354 3789 1476 3829 eum
1506 3775 1710 3829 invadit
1743 3776 1909 3830 febris
1938 3776 2099 3832 vehe-

508 3863 869 3918 mentissima.
912 3864 1045 3919 Cum
1097 3875 1273 3921 autem
1324 3868 1526 3924 videret
1576 3886 1800 3939 magnus
1845 3871 2096 3936 Aeacius,

509 3955 907 4011 multitudinem
937 3968 1124 4011 eurum
1161 3962 1248 4028 qui
1297 3961 1452 4015 simul
1481 3970 1638 4016 erant
1676 3964 2009 4033 c0ngregati,
2045 3973 2099 4017 et

507 4060 627 4101 eam
649 4062 771 4115 quae
802 4048 1075 4103 acciderat
1102 4065 1247 4117 αδετις
1289 4053 1457 4106 ferret
1486 4054 1856 4122 aegritudinem
1888 4058 2100 4124 (existi-

511 4141 688 4196 mabat
715 4145 860 4195 enim
905 4141 1020 4195 fore
1051 4152 1105 4196 ut
1135 4145 1168 4196 ii
1198 4148 1285 4211 qui
1328 4158 1687 4199 convenerant
1722 4149 2101 4215 perturbaren-

512 4240 619 4296 tur,
651 4232 695 4286 si
742 4233 840 4287 viri
883 4236 1129 4289 morbum
1163 4237 1537 4303 resciscerent,
1572 4254 1598 4288 ιι
1644 4240 1797 4305 cujus
1840 4255 1999 4292 manu
2042 4255 2102 4294 se

513 4324 832 4377 inventuros
858 4328 1148 4394 sperabant
1175 4327 1520 4398 medicinam)
1550 4344 1563 4382 :
1598 4328 1715 4383 Noli
1746 4332 1865 4399 angi
1897 4332 2098 4396 animo,

510 4415 685 4485 inquit
710 4430 911 4483 senex;
941 4420 984 4472 si
1017 4428 1101 4474 est
1121 4418 1263 4475 enim
1288 4422 1589 4476 necessaria
1613 4425 1835 4486 sanitas,
1861 4437 1977 4476 eam
2002 4433 2103 4477 sta-

511 4509 607 4564 tim
647 4509 797 4564 dabit
826 4510 1104 4567 Dominus.
1132 4512 1325 4568 Statim
1370 4530 1501 4582 ergo
1543 4526 1663 4584 post
1694 4516 1807 4570 hate
1845 4518 2004 4571 verba
2034 4519 2098 4570 ad

2204 3310 2449 3378 precibus
2478 3309 2846 3379 adjungentes.
2886 3310 2975 3364 llis
3010 3310 3171 3365 Deum
3205 3311 3287 3365 sic
3314 3311 3647 3381 rogantibus,
3678 3325 3788 3366 uno

2203 3403 2288 3457 die
2331 3413 2454 3456 ante
2489 3404 2629 3457 diem
2681 3405 2869 3457 festum
2913 3419 2974 3457 ac
3001 3406 3295 3471 celebrem,
3332 3422 3436 3474 quo
3466 3406 3623 3460 verba
3667 3412 3784 3461 erat

2206 3495 2444 3549 facturus
2475 3494 2590 3549 falsi
2622 3496 2875 3550 defensor
2894 3507 2949 3551 et
2978 3496 3145 3550 ltoslis
3168 3499 3427 3560 veritatis,
3457 3499 3501 3552 is
3531 3497 3786 3553 divinitus

2202 3587 2498 3641 immissam
2536 3590 2742 3657 accepit
2774 3590 3003 3658 plagam,
3049 3599 3253 3645 etcum
3306 3606 3412 3645 uno
3451 3600 3659 3646 tanlum
3702 3592 3789 3646 die

2202 3688 2531 3747 mgrotasset,
2558 3682 2782 3734 excessit
2813 3696 2844 3735 e
2869 3681 3030 3746 vivis,
3066 3683 3232 3746 itlant,
3264 3691 3321 3736 ttt
3350 3692 3429 3737 est
3473 3682 3774 3750 probabile,

2202 3787 2386 3826 vocem
2416 3773 2639 3827 audiens
2671 3791 2682 3824 :
2715 3774 2906 3839 Stulte,
2938 3777 3036 3829 hac
3061 3787 3217 3830 nocte
3250 3787 3496 3845 repetunt
3524 3792 3551 3828 a
3582 3787 3632 3831 te
3661 3777 3782 3830 ani-

2202 3879 2346 3918 mam
2372 3873 2515 3919 tuam
2545 3864 2699 3934 (Luc.
2729 3873 2859 3935 xtt):
2890 3884 3007 3935 qua:
3037 3877 3215 3921 autem
3250 3868 3447 3936 parasti
3484 3869 3613 3923 retia
3631 3882 3682 3922 et
3714 3870 3789 3921 la-

2203 3970 2389 4025 queos,
2429 3956 2495 4009 iis
2527 3965 2580 4011 tu
2624 3957 3007 4025 iutplicaheris,
3040 3967 3094 4012 et
3134 3975 3238 4013 non
3273 3958 3381 4012 alii.
3412 3960 3535 4013 ilarc
3576 3960 3789 4013 Balaam

2202 4061 2416 4117 quoque
2454 4048 2789 4113 acciderant,
2832 4051 2925 4119 qui
2975 4050 3091 4118 ipse
3138 4065 3352 4120 quoque
3395 4052 3651 4105 adversus
3696 4051 3792 4110 Dei

2205 4140 2460 4209 populum
2504 4142 2818 4207 accersitus,
2850 4157 2971 4195 cum
3005 4143 3169 4210 impia
3198 4144 3446 4212 qua'dam
3482 4143 3668 4199 Balaztc
3698 4144 3791 4198 ad-

2205 4250 2393 4289 versus
2426 4236 2597 4303 ipsum
2622 4234 3005 4300 consuluisset,
3038 4234 3154 4305 ejus
3186 4235 3328 4289 dedit
3376 4251 3579 4305 punias,
3617 4247 3673 4289 nt
3701 4239 3792 4303 qni

2204 4327 2271 4378 ah
2295 4325 2586 4381 lsrae’itica
2627 4326 2847 4379 dextera
2881 4325 3038 4379 fuerit
3065 4342 3237 4381 cmsus
3265 4326 3451 4397 (Nam.
3483 4325 3655 4390 χχιιι).
3692 4326 3793 4397 Igi-

2206 4426 2290 4472 tur
2320 4418 2405 4472 ltic
2428 4432 2642 4487 quoque
2663 4432 2783 4473 cum
2811 4418 2863 4471 in
2888 4417 2979 4473 Dei
3009 4418 3258 4488 populum
3284 4419 3542 4488 quasdam
3568 4419 3793 4472 callidas

2205 4510 2562 4577 excogitasset
2607 4511 2925 4576 sententias,
2969 4528 3062 4580 per
3111 4513 3273 4567 Deum
3325 4513 3500 4581 populi
3544 4513 3648 4566 vita
3694 4512 3793 4566 fuit

511 4618 701 4671 preces
731 4619 1047 4668 conversus,
1081 4615 1135 4660 et
1166 4598 1222 4657 nt
1255 4609 1349 4660 swl-
1373 4607 1485 4669 bat.
1511 4621 1560 4663 et
1588 4624 1758 4676 genus
1788 4622 1842 4664 et
1871 4610 2098 4665 frontem
2133 4604 2180 4664 υ
2208 4604 2464 4673 privatus.
2513 4602 2658 4657 Hanc
2706 4612 2882 4657 autem
2926 4605 3149 4657 salutem
3178 4603 3346 4674 Cyrus
3393 4614 3476 4658 est
3502 4615 3791 4678 consecuta

511 4695 632 4747 solo
674 4697 990 4760 admovens,
1024 4696 1230 4762 rogatit
1276 4709 1332 4750 ut
1379 4708 1758 4768 assequeretur
1786 4701 2095 4764 sanitatem,

514 4786 560 4840 si
588 4803 653 4841 ex
677 4803 736 4841 ea
768 4790 1003 4842 reditura
1031 4791 1097 4842 sit
1130 4790 1305 4859 aliQna
1333 4791 1535 4845 utilitas
1566 4791 1631 4852 ad
1658 4806 1751 4845 eos
1779 4793 1870 4861 qui
1901 4808 2098 4846 conve-

513 4890 725 4933 nerant.
776 4879 1020 4932 Nondum
1054 4880 1265 4934 finierat
1304 4895 1512 4948 preces,
1551 4890 1606 4935 et
1646 4894 1867 4948 repente
1899 4884 2097 4937 multus

511 4972 676 5026 sudor
701 4974 972 5039 profluens
1002 4974 1257 5026 exstinxit
1288 4972 1552 5026 ﬂammam
1587 4974 1773 5030 febris.

586 5067 718 5120 Cum
742 5068 851 5121 illic
869 5078 1046 5121 autem
1080 5069 1361 5122 lib-~rasset
1391 5071 1586 5121 multos
1616 5086 1643 5120 a
1688 5069 1891 5122 morbis
1920 5068 2097 5123 onmis

512 5159 750 5223 generis,
781 5159 1050 5225 profertns
1082 5169 1163 5213 est
1193 5160 1256 5212 ad
1290 5170 1611 5213 conventum
1641 5161 1876 5229 piorum.
1902 5161 2100 5214 Trans-

512 5259 676 5305 eunte
704 5263 880 5306 autem
912 5269 978 5305 eo
1012 5269 1104 5320 per
1136 5264 1317 5321 portas
1359 5254 1543 5323 regiae,
1579 5253 1853 5309 mendicus
1883 5255 2096 5320 quidam

513 5345 604 5413 qui
651 5345 895 5401 ciunibus
932 5349 1184 5402 utebatur
1235 5363 1328 5415 pro
1378 5349 1621 5415 pedibus,
1668 5357 1721 5402 ct
1766 5362 1861 5413 per
1901 5356 2095 5403 terram

492 5437 850 5503 trahebatur,
874 5455 993 5493 cum
1020 5455 1233 5493 manum
1257 5439 1462 5495 extend
1487 5452 1618 5500 sset,
1645 5451 1696 5493 et
1729 5440 1843 5509 ejus
1876 5443 2094 5510 pallium

513 5529 802 5601 tetigisset,
836 5532 938 5586 fide
979 5532 1194 5601 quidem
1241 5532 1483 5586 morbum
1514 5531 1717 5601 exegit,
1750 5532 1973 5586 exiliens
2002 5549 2102 5587 au-

515 5632 623 5678 tem
654 5622 886 5677 ostendit
916 5638 975 5677 se
1018 5639 1170 5690 mine
1211 5639 1428 5678 Currere
1469 5631 1629 5691 atque
1660 5631 1783 5677 ante
1828 5624 2092 5691 morbum,

517 5716 658 5773 idem
690 5717 892 5771 faciens
922 5718 1061 5782 qunti
1118 5717 1342 5771 claudus
1372 5731 1529 5784 quem
1563 5716 1749 5771 Petrus
1780 5727 1832 5770 et
1863 5716 2099 5773 Joannes

516 5810 839 5865 suscitatunt
883 5811 1021 5878 (Art.
1064 5812 1166 5878 ιιι).
1204 5809 1311 5863 lloc
1355 5824 1476 5863 tum
1526 5806 1724 5863 factum
1758 5822 1921 5878 esset,
1964 5825 2093 5866 con-

2204 4714 2299 4767 per
2320 4696 2480 4767 hujus
2502 4699 2821 4751 orationem.

2276 4790 2400 4843 llaec
2430 4801 2609 4842 autem
2639 4806 2759 4857 qua:
2790 4790 3024 4857 narravi,
3058 4788 3187 4843 mihi
3216 4789 3454 4843 divinum
3485 4797 3669 4857 caput,
3701 4787 3793 4842 ille

2204 4896 2426 4950 magnus
2457 4880 2674 4933 tradidit
2706 4880 2953 4943 Aeacius,
2982 4881 3070 4949 qui
3120 4880 3341 4951 pulchre
3380 4880 3583 4934 sciebat
3607 4878 3791 4932 omnia

2201 4987 2320 5040 qua?
2348 4972 2415 5025 ab
2449 4988 2559 5038 ipso
2583 4969 2718 5024 ficta
2749 4972 2976 5024 fuerant.
3006 4972 3140 5024 Cum
3167 4985 3297 5039 ergo
3325 4971 3473 5023 illinc
3500 4977 3642 5023 esset
3664 4982 3792 5037 pro-

2207 5062 2398 5129 fectus,
2443 5077 2496 5117 et
2526 5064 2590 5116 ad
2619 5079 2746 5116 suos
2775 5063 2990 5116 sodales
3020 5078 3293 5125 reversus,
3328 5070 3382 5114 et
3410 5077 3512 5113 una
3554 5076 3675 5114 cum
3709 5059 3792 5113 eis

2206 5170 2308 5208 non
2339 5170 2500 5221 parvo
2532 5163 2773 5221 tempore
2815 5167 2957 5206 esset
2990 5162 3255 5217 versatus,
3288 5152 3352 5207 ad
3378 5153 3543 5204 vitam
3575 5149 3711 5204 senii
3737 5159 3792 5203 et

2206 5250 2471 5303 molestize
2499 5258 2774 5317 expertem
2809 5246 2967 5301 valde
2996 5257 3241 5315 prompte
3271 5254 3325 5300 et
3350 5244 3603 5298 alacriter
3623 5241 3791 5312 806

2204 5342 2435 5405 transiit,
2464 5354 2517 5395 ut
2550 5342 2638 5410 qui
2669 5341 2720 5393 in
2747 5340 2958 5394 mortali
2989 5349 3176 5392 natura
3203 5335 3489 5390 meditatus
3517 5342 3659 5387 esset
3691 5332 3791 5385 iut-

2205 5432 2601 5503 patihilitatrm,
2635 5441 2979 5499 exsiteCtaret
3014 5439 3193 5483 autem
3225 5427 3468 5496 corporis
3513 5428 3790 5479 immorta-

2206 5526 2427 5580 litatem.
2476 5526 2586 5595 Ego
2634 5532 2810 5577 autem
2860 5524 2944 5577 hic
2982 5522 3050 5576 de
3098 5537 3164 5576 eo
3217 5522 3415 5575 sistens
3460 5519 3786 5578 orationem.

2207 5618 2446 5673 transibo
2476 5618 2539 5670 ad
2564 5618 2723 5670 alium
2752 5632 2766 5669 :
2792 5631 2988 5686 rogans
3016 5624 3230 5669 sanctus
3253 5616 3342 5682 qui
3371 5614 3423 5666 in
3454 5612 3589 5666 hanc
3610 5611 3789 5679 ingre-

2205 5710 2421 5765 diuntur
2452 5711 2834 5773 narrationem,
2860 5722 2954 5776 per
2976 5722 3126 5762 suam
3161 5705 3605 5762 intercessionem
3656 5703 3785 5758 mihi

2206 5818 2495 5874 supernam
2525 5802 2809 5859 conciliare
2826 5802 3284 5859 benevolentiam.
