4052 6362
208 358 298 443 719
1306 353 1740 416 I’HILOTHEUS
1755 394 1771 421 ,
1811 365 1928 407 stvs
1970 351 2418 416 THEOPIIILES.
3422 345 3503 401 '30

858 474 1085 533 CAPUT
1125 473 1210 530 lll.

787 581 1089 622 IABCIANUS
1129 564 1244 636 (18)

304 654 461 711 Illum
490 663 671 712 autem
698 663 942 727 tempore
965 658 1293 712 celebratum
1317 654 1664 717 Marcianum,
1690 663 1817 720 quo-

220 738 394 803 modo
422 761 521 816 pro
555 747 632 802 rei
662 747 918 817 dignitate
960 748 1349 804 admirabimur
1376 745 1684 816 (Tlteodor.,
1719 743 1813 797 lib.

232 857 286 896 tv
339 839 510 907 11531.,
542 840 813 910 cap.26)?
858 841 996 897 Num
1048 839 1300 896 videlicet
1328 856 1453 895 eum
1497 838 1660 893 simul
1689 848 1821 892 con-

230 931 517 1003 iungentes
539 945 661 986 cum
690 931 825 996 Elia,
856 941 909 985 et
932 931 1163 997 Joanne,
1194 940 1250 986 et
1287 928 1575 989 similibus,
1603 928 1691 994 qui
1717 926 1824 981 cir-

233 1023 511 1078 c'umibant
539 1023 593 1077 in
619 1023 795 1078 ovinis
829 1032 882 1078 et
911 1023 1146 1092 caprinis
1172 1021 1423 1091 pellibus,
1464 1032 1708 1088 egentes,
1737 1015 1819 1069 af-

235 1116 391 1179 ﬂicti,
410 1115 610 1183 vexati,
624 1116 816 1185 quibus
828 1114 1025 1187 dignus
1048 1131 1153 1169 non
1169 1123 1288 1168 erat
1304 1112 1531 1169 mundus
1544 1108 1702 1182 (Heb.
1722 1107 1822 1177 xi),

235 1215 487 1262 errantes
520 1206 571 1259 in
602 1206 1004 1273 solitudinibus,
1043 1214 1097 1262 et
1125 1205 1417 1270 montibus,
1450 1214 1505 1258 et
1533 1199 1821 1271 Speluncis,

235 1306 289 1353 et
319 1294 668 1350 foraminibus
700 1296 888 1351 terrae?

317 1386 368 1442 Is
393 1388 540 1443 enim
567 1387 693 1442 olim
718 1389 943 1456 patriam
967 1387 1186 1458 quidem
1214 1387 1399 1442 habuit
1419 1385 1640 1455 Cyrum,
1672 1384 1825 1452 cujus

237 1480 393 1549 prius
422 1496 637 1551 quoque
668 1482 1041 1549 meminimus;
1076 1493 1194 1551 post
1226 1481 1342 1535 haec
1364 1490 1541 1534 autem
1581 1477 1826 1534 solitudi-

237 1563 405 1625 nem:
439 1571 542 1627 hac
573 1582 752 1627 autem
795 1584 846 1627 et
878 1573 965 1627 illa
1003 1573 1212 1638 relicta,
1250 1587 1391 1627 nunc
1418 1572 1578 1626 habet
1604 1573 1824 1626 cmlum.

238 1663 307 1719 Et
338 1665 426 1720 illa
452 1665 669 1735 quidem
700 1680 821 1721 eum
849 1668 1055 1736 genuit,
1083 1666 1203 1721 b't-c
1244 1681 1371 1720 vero
1396 1664 1549 1730 alnit,
1579 1675 1632 1719 et
1660 1666 1827 1718 victo-

232 1772 354 1812 rem
405 1755 617 1821 ell‘ecit,
659 1758 857 1812 ctelum
904 1769 1085 1813 autem
1131 1759 1339 1824 accepit
1377 1766 1436 1812 ιιι
1486 1768 1824 1817 coronatum,

1848 467 1901 527 Δ
1928 483 2025 537 pus
2067 470 2288 526 habe2et
2314 470 2627 531 maximum,
2669 475 2726 523 et
2744 464 2981 520 onminm
3011 464 3092 519 sui
3121 461 3376 533 temporis
3406 463 3504 516 ho—

1921 562 2124 617 minum
2143 572 2285 617 esset
2304 571 2359 616 et
2380 563 2645 617 maximus
2674 569 2730 615 et
2759 558 3171 629 pulcherrimus,
3203 560 3306 611 hoc
3336 569 3503 624 parvo

1920 651 2043 707 cibo
2066 652 2263 706 alebat.
2292 654 2425 708 Cum
2446 661 2622 705 autem
2653 649 3003 719 prieteriisset
3023 647 3349 717 aliquantum
3373 654 3498 700 tem-

1924 745 2091 811 poris,
2119 743 2254 797 duos
2299 745 2514 799 admisit
2546 742 2978 805 centnbernales,
3033 739 3322 794 Eusebium
3351 739 3367 770 ¹
3411 722 3504 807 qni

1923 828 2061 889 sacri
2093 835 2232 889 illius
2265 837 2461 903 tugurii
2493 835 2589 889 fuit
2620 835 2817 897 haeres,
2846 842 2902 887 et
2932 835 3227 901 Agapetmn
3252 828 3390 899 (19),
3412 831 3502 898 qui

1927 926 2024 980 has
2069 925 2214 994 leges
2256 926 2820 997 angelicasuanstulit
2871 927 3180 992 Apameam.
3225 921 3321 975 Est
3355 920 3500 975 enim

1924 1018 2142 1087 quidam
2174 1018 2319 1072 vicus
2350 1021 2611 1073 maximus
2641 1030 2693 1073 et
2719 1017 3186 1086 populosissimus,
3209 1025 3296 1069 est
3318 1022 3495 1067 autem

1924 1126 1972 1166 et
1999 1126 2195 1167 nomen
2226 1112 2456 1166 Nicerte.
2504 1113 2559 1166 In
2591 1126 2657 1166 eo
2684 1125 2813 1179 ergo
2836 1111 3097 1164 construit
3136 1109 3243 1161 dun
3274 1110 3504 1162 maxima

1929 1202 2278 1273 pltilomphia:
2306 1204 2605 1274 gymnasia,
2636 1217 2860 1271 quorum
2884 1217 3056 1255 unum
3087 1200 3303 1269 quidem
3335 1206 3410 1253 est
3437 1197 3508 1252 ab

1925 1296 2042 1363 ejus
2072 1294 2286 1349 nomine
2314 1294 2741 1358 denotninatnm,
2769 1293 2996 1346 altermn
3026 1305 3153 1345 vero
3178 1290 3244 1343 ah
3272 1289 3507 1343 admirao

1929 1388 2024 1443 bili
2052 1388 2331 1453 Simeone,
2363 1388 2454 1455 qni
2480 1386 2862 1455 quinquaginta
2911 1398 3174 1437 annorum
3202 1382 3377 1449 spatio
3415 1396 3507 1436 re-

1929 1479 2074 1533 iulsit
2103 1479 2155 1532 in
2187 1478 2286 1532 hac
2315 1477 2673 1546 philosophia.
2709 1480 2761 1530 In
2792 1475 2873 1528 his
2904 1474 2955 1528 in
2990 1472 3307 1527 hodiernum
3342 1487 3510 1539 usque

1926 1574 2068 1627 dietn
2099 1572 2300 1641 degunt
2345 1573 2465 1640 plus
2489 1576 2662 1640 {quam
2714 1568 3086 1638 quadringenti
3122 1564 3244 1629 viri,
3299 1566 3509 1619 virtutis

1928 1666 2168 1733 athletae,
2200 1675 2251 1720 et
2283 1648 2555 1718 amatores
2606 1662 2874 1728 religionis
2916 1660 3135 1728 verique
3163 1658 3255 1712 Dei
3306 1657 3509 1721 cultus,

1927 1768 1983 1812 et
2010 1756 2099 1827 qui
2129 1758 2243 1811 suis
2267 1760 2464 1812 cm‘um
2492 1763 2746 1809 eueniunt
2786 1752 3079 1807 laboribus.
3126 1750 3294 1817 llujus
3333 1757 3511 1802 autem

235 1856 547 1916 contempta
576 1848 819 1901 claritate
864 1849 1099 1917 generis.
1133 1849 1370 1904 Ducebat
1404 1850 1548 1904 enim
1597 1863 1768 1918 genus
1795 1864 1820 1897 ιι
1856 1857 1902 1916 Β
1931 1850 2235 1919 reipublicae
2263 1848 2600 1914 legislatores
2639 1845 2791 1900 fuere
2836 1848 3104 1913 Agapetus
3129 1850 3185 1897 et
3211 1843 3511 1904 Simeones,

236 1936 481 2007 patriciis
528 1946 583 1992 et
612 1953 641 1991 a
671 1938 960 2005 splendore
988 1942 1155 2008 regio.
1191 1939 1243 1992 In
1277 1940 1378 1993 illis
1402 1940 1543 1994 enim
1575 1938 1821 2000 ﬂorebat,

236 2027 487 2096 corporis
535 2029 715 2094 Specie
761 2036 815 2084 et
860 2030 1228 2099 magnitudine
1273 2038 1488 2098 accepta
1527 2028 1595 2083 ab
1632 2028 1825 2098 opilice

164 2114 173 2119 ’
238 2130 471 2181 naturas,
517 2130 572 2176 et
601 2122 782 2175 animo
816 2122 1014 2193 ingenii
1044 2123 1261 2177 solertia
1309 2132 1522 2177 ornato.
1565 2123 1620 2177 ln
1657 2122 1822 2175 Deum

235 2218 424 2267 autem
454 2223 519 2287 et_
536 2226 601 2266 ea
638 2228 759 2284 qua:
799 2213 865 2267 ad
908 2228 1029 2270 eum
1062 2214 1351 2282 pertinent,
1388 2223 1555 2268 totum
1586 2227 1823 2266 amorem

236 2304 538 2369 transtulit;
580 2314 634 2358 ct
663 2306 914 2359 omnibus
945 2306 1121 2361 valere
1157 2305 1345 2375 jussis,
1380 2305 1682 2360 solitudinis
1724 2318 1819 2358 oc-

235 2405 399 2465 cupat
451 2397 786 2464 umbilicum,
839 2406 895 2453 et
941 2413 1104 2467 parva
1151 2407 1421 2454 exstructa
1474 2396 1824 2463 domuncula,

235 2502 359 2558 qua:
390 2502 459 2542 ne
499 2488 616 2557 ejus
640 2489 859 2556 quidem
898 2492 1107 2559 corpori
1135 2490 1277 2560 justa
1310 2489 1667 2560 respondebat
1691 2504 1815 2556 pro-

237 2578 485 2645 portione
521 2593 642 2633 cum
669 2594 787 2633 eam
819 2580 1049 2650 quodam
1078 2583 1185 2635 alin
1217 2595 1385 2650 parvo
1408 2589 1562 2649 septo
1589 2580 1825 2634 circum-

237 2668 498 2733 sedisset,
533 2670 769 2723 inclnsus
796 2679 912 2724 erat
940 2671 1177 2737 assidue,
1210 2682 1489 2742 separatus-
1514 2670 1727 2740 quidem
1757 2672 1825 2724 ab

238 2760 388 2815 omni
441 2761 673 2817 humana
721 2762 1132 2827 consuetudine,
1180 2762 1454 2819 disserens
1493 2774 1670 2817 autem
1706 2778 1827 2817 cum

240 2854 473 2907 Domino
504 2855 898 2917 universorum.
939 2864 991 2909 et
1018 2855 1230 2910 dulcem
1263 2854 1410 2909 illam
1442 2868 1627 2910 vocem
1666 2868 1830 2908 exan—

240 2942 418 2997 dirus.
453 2943 641 2998 Divina
675 2945 817 2999 enim
868 2959 1091 2998 versans
1121 2946 1354 3015 eloquia,
1385 2960 1447 3001 se
1492 2945 1672 3000 divina
1701 2959 1831 3001 voce

238 3035 347 3090 frui
374 3036 613 3103 putabat.
638 3034 813 3090 Orans
838 3044 1019 3091 autem
1044 3045 1100 3091 et
1124 3038 1547 3106 supplicationes
1571 3036 1828 3103 offerens,

238 3128 358 3195 ipse
386 3127 703 3197 loquebatur
730 3142 850 3181 cum
885 3126 1140 3193 Domino;
1172 3138 1225 3182 et
1254 3143 1375 3182 cum
1426 3143 1639 3195 semper
1669 3129 1831 3180 tantis

1929 1941 2018 2010 qtti
2050 1941 2193 2008 leges
2224 1954 2479 2008 accepere
2508 1954 2537 1992 a
2570 1954 2761 2005 magno
2787 1937 3077 1990 Marciano.
3104 1934 3186 1988 Ah
3219 1934 3307 1986 his
3334 1948 3400 1985 an
3427 1950 3511 1987 ent

1929 2034 2153 2100 plurima
2195 2048 2315 2095 qua:
2366 2032 2600 2099 plantata
2648 2040 2776 2084 sunt
2827 2031 3244 2083 exercitatorum
3297 2026 3509 2079 virtutis

1929 2125 2255 2188 habitacula,
2289 2141 2408 2195 qua:
2439 2125 2652 2190 quidem
2684 2123 2872 2177 iisdem
2922 2122 3128 2191 iegibus
3153 2129 3409 2189 reguntur
3449 2126 3506 2170 et

1930 2218 2211 2283 institutis,
2240 2217 2462 2271 dillicile
2490 2227 2572 2270 est
2620 2229 2959 2269 enumerare.
3006 2213 3273 2266 Caeterum
3325 2209 3511 2262 borum

1929 2312 2167 2364 omnium
2196 2309 2461 2377 plantatnr
2486 2309 2584 2361 luit
2614 2308 2700 2362 ille
2718 2306 2963 2367 divinus;
2995 2303 3085 2373 qtti
3109 2306 3253 2357 enim
3273 2300 3512 2370 pulcher-

1928 2407 2122 2460 rimum
2170 2420 2351 2460 semen
2398 2403 2644 2473 prazbnit,
2677 2402 2720 2455 is
2740 2401 2862 2471 jure
2904 2399 3083 2453 vocari
3108 2396 3280 2465 possit
3325 2402 3513 2449 auctor
3596 2412 3599 2415 ·

1931 2497 2190 2551 bonorum
2215 2510 2337 2564 qua:
2360 2505 2674 2548 nascuntur.

2004 2587 2241 2642 Primum
2266 2601 2417 2656 ergo,
2447 2596 2500 2638 nt
2524 2586 2659 2649 dixi,
2688 2582 2838 2638 solus
2866 2581 3221 2636 voluntarium
3258 2578 3406 2632 illum
3438 2586 3516 2631 te-

1932 2679 2094 2734 nebat
2122 2692 2431 2742 carcerent;
2463 2675 2659 2730 deinde
2699 2691 2820 2729 cum
2873 2687 2971 2727 nos
3002 2675 3138 2726 duos
3187 2670 3515 2732 admisisset,

1932 2786 2039 2826 non
2069 2769 2385 2824 habitabant
2413 2769 2487 2821 illi
2532 2770 2582 2820 in
2611 2769 2800 2822 eadem
2843 2766 3040 2831 domo;
3073 2779 3244 2834 neque
3284 2763 3426 2816 enim
3467 2760 3517 2816 ei

1931 2862 2032 2916 soli
2052 2859 2356 2916 sufﬁciebat
2385 2859 2728 2920 domuncula,
2757 2868 2813 2911 nt
2841 2872 2961 2927 qua:
2983 2866 3127 2911 es~et
3149 2855 3304 2907 valde
3329 2850 3515 2922 parva,

1930 2963 1985 3007 et
2012 2968 2133 3023 qua:
2156 2954 2255 3022 ipsi
2294 2962 2349 3008 et
2394 2962 2554 3007 stanti
2586 2962 2640 3007 et
2685 2949 3016 3005 recmnbenti
3057 2947 3278 3001 multum
3304 2945 3516 2998 afferret

1933 3043 2153 3098 laboris.
2179 3043 2363 3111 Neque
2393 3043 2536 3096 enim
2560 3052 2707 3096 stans
2725 3083 2740 3103 ,
2774 3049 2953 3094 rectus
2975 3048 3122 3093 stare
3147 3047 3375 3107 poterat,
3394 3049 3516 3089 cum

1937 3144 2133 3189 tectum
2162 3142 2322 3201 caput
2368 3143 2422 3189 et
2469 3133 2665 3188 Collum
2719 3140 2991 3200 tangeret;
3040 3145 3210 3199 neque
3253 3130 3516 3183 recubans

238 3219 509 3275 frueretur
535 3218 779 3285 deliciis,
812 3235 934 3274 eum
979 3234 1249 3288 nunquam
1297 3218 1542 3287 capiebat
1588 3217 1822 3270 satietas.
1856 3226 1901 3289 ρ
1939 3234 2147 3295 poterat
2195 3225 2356 3293 pedes
2406 3225 2718 3290 extendere,
2750 3240 2871 3280 cum
2917 3225 3109 3279 (ιηηιηε
3140 3238 3243 3276 ..οη
3292 3222 3518 3277 habere,

239 3313 462 3368 Audivit
489 3314 631 3369 enim
683 3314 919 3367 divinum
968 3314 1228 3384 Spiritum
1256 3328 1350 3383 per
1378 3328 1626 3382 magnum
1661 3312 1829 3366 David

239 3406 559 3477 psallenlem
605 3424 618 3458 :
672 3406 772 3473 Qui
825 3407 1113 3461 meditatur
1143 3410 1196 3463 in
1246 3407 1364 3476 lege
1394 3406 1604 3460 Domini
1647 3405 1735 3461 die
1769 3420 1832 3462 ac

239 3507 427 3562 nocte,
478 3497 579 3551 erit
608 3507 858 3567 tanquam
890 3498 1089 3569 lignum
1123 3501 1261 3568 quod
1296 3500 1592 3567 plantatunt
1625 3508 1709 3553 est,
1746 3511 1831 3553 se-

242 3605 341 3644 cus
370 3589 627 3645 decursus
656 3605 937 3658 aquarum,
965 3591 1106 3659 quod
1132 3590 1364 3645 fructum
1397 3605 1553 3643 suum
1599 3589 1747 3643 dabit
1777 3590 1829 3641 in

243 3691 487 3749 tempore
512 3696 644 3746 suo;
669 3692 722 3736 et
749 3682 930 3737 l'nlium
950 3684 1067 3753 ejus
1088 3700 1191 3737 nun
1216 3683 1412 3737 dulluet
1434 3681 1605 3753 (Psal.
1632 3682 1697 3749 ι).
1727 3681 1831 3735 llos

243 3771 446 3829 fructus
492 3773 841 3841 desiderans,
882 3774 1332 3845 jucundissitnum
1394 3775 1533 3829 hunc
1591 3775 1829 3829 laborent

242 3866 697 3933 amplectebatur;
755 3877 807 3922 et
858 3868 1157 3922 orationem
1212 3866 1428 3937 quidem
1488 3866 1829 3935 psalmodia,

244 3956 596 4022 psalmodiam
623 3967 799 4012 autem
831 3957 1131 4027 excipiebat
1159 3957 1355 4021 oratio,
1386 3968 1439 4011 et
1463 3968 1690 4023 utraque
1714 3972 1834 4011 rur-

244 4064 336 4104 sus
354 4050 655 4105 divinnru'n
679 4052 1008 4121 eloquiorum
1042 4052 1221 4106 lectio.
1245 4051 1409 4105 Cibus
1441 4062 1617 4104 autem
1644 4050 1692 4104 ei
1719 4058 1835 4103 erat

243 4143 392 4198 solus
421 4144 594 4212 panis,
627 4142 775 4212 isque
805 4154 945 4199 certa
978 4145 1316 4212 praebebatur
1346 4156 1617 4195 mensura.
1644 4141 1716 4194 Ea
1742 4156 1837 4194 an-

247 4247 353 4290 tem
407 4246 524 4291 erat
580 4253 853 4304 mensura,
916 4247 971 4289 nt
1024 4251 1124 4291 nec
1172 4249 1339 4302 puero
1400 4235 1612 4302 quidem
1667 4247 1837 4301 nuper

244 4331 514 4385 ablactato
542 4333 673 4384 satis
694 4339 853 4385 esset.
885 4329 1043 4383 Aiunt
1063 4328 1204 4383 enim
1231 4328 1380 4396 panis
1404 4328 1592 4381 libram
1616 4328 1665 4379 in
1699 4339 1834 4392 qua-

247 4431 369 4475 tuor
399 4431 578 4490 partes
606 4422 855 4481 divisam,
889 4430 1119 4489 qualum'
1147 4418 1333 4473 diebus
1366 4415 1529 4471 fuisse
1570 4415 1831 4471 distribu-

247 4525 378 4578 tam,
403 4524 458 4569 et
486 4514 770 4583 unicuique
791 4513 893 4567 diei
911 4513 1217 4567 attributam
1242 4510 1405 4566 fuisse
1421 4521 1626 4580 partem
1649 4523 1832 4563 unam.

1938 3317 2323 3386 longitudinem
2383 3320 2641 3387 aequalem
2692 3318 3008 3385 longitudini
3061 3316 3323 3385 corporis.
3384 3316 3516 3369 Cum

1933 3424 2065 3479 ergo
2091 3411 2171 3465 eis
2202 3411 2538 3478 permisisset
2573 3410 2731 3464 aliam
2759 3419 3059 3473 exstruere,
3087 3408 3247 3476 jussit
3271 3408 3323 3460 in
3343 3421 3404 3460 ea
3430 3409 3521 3459 de.

1933 3517 2060 3571 gere
2088 3519 2101 3555 :
2136 3516 2229 3570 per
2258 3516 2318 3556 se
2349 3512 2525 3556 antem
2559 3502 2788 3571 hymnos
2831 3501 3014 3555 dicere
3042 3508 3096 3553 et
3125 3513 3300 3558 orare,
3334 3506 3389 3549 et
3435 3495 3521 3548 di-

1936 3593 2057 3646 vina
2089 3592 2269 3663 legere
2298 3592 2538 3661 eloquia.
2568 3592 2701 3646 Cum
2731 3602 2908 3645 autem
2937 3598 3214 3658 Opnrterct
3244 3600 3364 3641 esse
3407 3584 3522 3654 pln-

1937 3699 2022 3740 res
2052 3683 2210 3752 hujus
2253 3684 2497 3737 utilitatis
2547 3682 2870 3751 participes,
2913 3682 3019 3733 alin
3070 3679 3377 3732 habitacula
3406 3673 3522 3744 ejus

1930 3780 2081 3845 jussu
2107 3777 2292 3849 procul
2338 3785 2631 3841 exstructo,
2661 3774 2819 3845 jussit
2848 3788 2943 3828 eos
2974 3772 3059 3840 qui
3088 3772 3289 3826 vellent
3336 3771 3386 3821 in
3419 3769 3511 3821 illo

1933 3871 2152 3941 degere.
2188 3870 2385 3924 Eorum
2417 3880 2591 3922 autem
2616 3869 2720 3922 dux
2754 3877 2869 3919 erat
2901 3863 3186 3928 Eusebius,
3215 3861 3305 3930 qui
3338 3859 3518 3929 magni

1937 3961 2186 4017 Marciani
2207 3960 2369 4031 807
2408 3957 2804 4013 transmittebat
2832 3956 3152 4010 doctrinam.
3180 3953 3401 4007 Divinns
3421 3965 3518 4003 au-

1936 4062 2042 4108 tem
2071 4052 2164 4108 ille
2205 4054 2501 4122 Agapetus,
2545 4062 2602 4104 ut
2631 4050 2872 4118 oportuit
2901 4048 3175 4103 institutus
3217 4056 3271 4100 et
3312 4044 3521 4099 exerci-

1938 4156 2099 4212 tatus,
2130 4155 2184 4201 et
2232 4147 2285 4200 in
2320 4146 2419 4199 hac
2449 4156 2565 4200 arte
2594 4144 2847 4198 athletica
2891 4144 3094 4212 Optime
3121 4140 3398 4203 eruditus,
3432 4152 3524 4193 re-

1936 4253 2124 4293 versus
2154 4241 2258 4300 cst,
2287 4247 2344 4291 nt
2366 4238 2495 4303 dixi,
2529 4247 2584 4291 et
2605 4236 2895 4291 seminavit
2920 4236 3127 4289 semina
3149 4246 3314 4302 quam
3343 4230 3525 4287 divina

1938 4330 2027 4385 illa
2055 4332 2231 4385 anima
2274 4338 2576 4397 acceperat.
2615 4329 2798 4382 Evasit
2846 4339 3024 4381 autem
3064 4325 3200 4378 adeo
3246 4324 3428 4377 clarus
3466 4328 3526 4375 et

1939 4422 2174 4487 illustris,
2210 4431 2267 4476 ut
2297 4422 2581 4491 pontiﬁcali
2612 4424 2741 4474 sede
2768 4418 2962 4487 dignus
2990 4418 3058 4470 sit
3103 4416 3336 4477 habitus,
3380 4422 3435 4466 et
3471 4412 3525 4464 ei

1939 4516 2189 4570 mandata
2216 4516 2287 4569 sit
2336 4515 2618 4582 pastoralis
2648 4513 2878 4575 curatio,
2919 4521 2975 4564 et
3001 4510 3119 4577 eius
3151 4508 3274 4562 tidei
3322 4502 3526 4559 credita

244 4608 515 4663 Statuerat
545 4607 688 4661 enim
728 4622 951 4674 vespere
972 4607 1258 4661 comedere
1281 4604 1539 4674 quntidie,
1567 4619 1828 4670 nunquam

1944 4610 2101 4665 fuerit
2133 4623 2263 4663 cura
2295 4608 2503 4676 patrne.
2537 4607 2798 4660 Eusebius
2828 4610 3007 4657 autem
3038 4602 3126 4655 ille
3173 4595 3525 4658 admirabilis,

246 4707 428 4752 autem
460 4699 677 4761 satiari;
711 4697 804 4752 sed
837 4711 1049 4764 semper
1091 4695 1304 4765 quidem
1344 4695 1573 4761 esurire,
1620 4708 1834 4761 semper

245 4804 382 4845 vero
408 4788 588 4853 sitire;
619 4791 829 4858 corpori
863 4800 1040 4843 autem
1074 4803 1135 4842 ea
1186 4789 1443 4843 exhibere
1467 4803 1586 4856 quae
1637 4786 1703 4840 ad
1751 4768 1831 4838 vi-

246 4881 482 4938 vendum
512 4882 804 4936 sufﬁciunt.
839 4881 1059 4937 Dicebat
1079 4880 1219 4935 enim
1246 4880 1389 4950 quod
1418 4879 1507 4948 qui
1535 4889 1649 4945 post
1695 4878 1831 4932 mul-

249 4984 425 5028 torum
441 4972 648 5028 dierum
667 4973 896 5027 inediam
915 4972 1059 5041 capit
1077 4972 1273 5036 cibum,
1329 4973 1380 5025 in
1409 4970 1595 5025 dielms
1616 4969 1831 5039 quidem

250 5065 441 5121 inediae
468 5062 645 5119 oflicia
674 5064 939 5118 dominica
970 5064 1285 5132 exsequitur
1332 5062 1675 5118 imbecillius.
1710 5061 1834 5127 Quo

249 5166 428 5211 autem
458 5153 545 5210 die
594 5169 779 5209 rursus
832 5156 977 5223 capit
1022 5155 1231 5219 cibum,
1276 5157 1448 5224 plura,
1484 5163 1539 5206 ut
1587 5164 1670 5207 εει
1709 5167 1840 5204 cou-

252 5258 610 5315 sentaneum,
659 5247 919 5304 exhibens
955 5290 969 5313 ,
1037 5257 1267 5302 ventretr
1330 5254 1520 5301 onerat
1570 5262 1584 5298 :
1640 5245 1685 5299 is
1741 5258 1838 5297 an-

256 5348 361 5396 tem
410 5348 660 5409 gravatus
712 5339 997 5394 tardiorem
1028 5336 1197 5392 reddit
1227 5350 1459 5391 animam
1492 5338 1559 5389 ad
1608 5334 1836 5403 vigilan-

254 5429 403 5488 dum.
471 5428 689 5485 Dicebat
748 5427 907 5499 igitur
972 5442 1091 5483 esse
1167 5428 1357 5481 melius
1408 5425 1549 5481 vesci
1622 5424 1834 5494 quidem

254 5522 516 5595 quotidie,
542 5535 812 5591 nunquam
835 5529 1014 5575 autem
1044 5526 1356 5587 exspectare
1383 5520 1706 5572 s.ttietatem.
1737 5514 1841 5569 νος

257 5630 375 5670 rum
416 5616 563 5670 enim
591 5611 853 5683 jejunium
885 5621 965 5666 est
1017 5620 1270 5680 perpetua
1320 5608 1634 5678 indigentia.
1692 5606 1839 5662 lianc

260 5706 432 5778 legem
463 5713 722 5777 perpetuo
746 5703 949 5758 ferebat
979 5702 1059 5756 vir
1090 5702 1178 5758 ille
1206 5702 1438 5770 divinus,
1470 5711 1524 5757 et
1549 5714 1670 5756 cunt
1716 5712 1839 5755 cor-

333 5822 353 5854 ⁸
382 5820 458 5878 De
491 5818 744 5884 Eusebio,
775 5816 931 5884 infra,
969 5831 1088 5883 cap.
1119 5818 1173 5871 4.

194 5915 269 5953 “‘4.

1938 4701 2243 4772 congregati
2267 4699 2447 4769 gregis
2475 4700 2777 4769 praelecms,
2794 4708 2847 4751 et
2869 4709 3053 4749 curam
3077 4688 3317 4760 magistri
3343 4701 3527 4741 susce-

1942 4801 2114 4862 perat,
2141 4801 2196 4847 et
2225 4792 2373 4847 solus
2402 4791 2598 4860 dignus
2627 4789 2920 4843 habebatur
2949 4788 3036 4853 qui
3063 4785 3128 4838 ad
3163 4796 3285 4837 euut
3317 4780 3367 4833 in
3390 4788 3529 4833 tem-

1942 4902 2069 4956 pore
2084 4887 2392 4949 Ventitaret,
2422 4893 2477 4939 et
2504 4898 2626 4939 emn
2660 4890 2875 4954 rogaret
2906 4877 3142 4947 mtnquid
3172 4875 3353 4930 vellet.
3380 4871 3515 4926 Cum

1939 4986 2116 5032 autem
2146 4976 2306 5031 vellet
2334 4985 2492 5030 noctu
2525 4975 2706 5030 videre
2746 4971 2872 5041 quid
2902 4979 3115 5041 ageret,
3149 4979 3311 5021 ausus
3337 4979 3367 5019 e
3402 4974 3417 5017 t
3461 4960 3529 5017 ad

1942 5070 2228 5125 fenestram
2278 5069 2297 5138 (
2312 5081 2423 5123 erat
2452 5074 2630 5121 autem
2669 5080 2734 5118 ea
2791 5064 2965 5118 brevis
3009 5060 3335 5125 admodum)
3371 5070 3528 5111 acce-

1940 5162 2097 5227 dere;
2124 5174 2178 5216 et
2206 5176 2328 5215 cum
2358 5176 2416 5215 se
2446 5160 2704 5214 inclinans
2730 5158 3083 5227 respexisset,
3119 5155 3260 5208 videt
3305 5153 3485 5205 lumen
3506 5190 3525 5212 ,

1943 5266 2048 5306 non
2077 5267 2141 5307 ex
2170 5255 2385 5307 lucerna
2413 5266 2586 5322 neque
2608 5250 2751 5320 quod
2774 5258 2919 5305 esset
2951 5262 3108 5302 manu
3133 5244 3355 5306 factum,
3379 5240 3475 5297 sed
3498 5255 3531 5294 a

1945 5342 2056 5399 Deo
2083 5343 2284 5409 datum,
2319 5352 2375 5398 et
2402 5341 2541 5413 qnnd
2569 5356 2798 5410 superna
2840 5340 3008 5411 gratia
3056 5335 3402 5408 prmceptoris
3443 5334 3530 5387 sui

1944 5443 2101 5504 caput
2124 5434 2588 5506 circumfulgebat,
2609 5442 2664 5489 et
2686 5432 2996 5487 divinorum
3020 5432 3356 5499 eloquiorum
3386 5425 3532 5481 Scri-

1948 5535 2115 5596 ptura:
2163 5526 2483 5580 ostendebat
2532 5525 2973 5596 intelligentiam;
3008 5520 3225 5576 tenebat
3271 5518 3415 5573 enim
3470 5517 3533 5568 li-

1945 5617 2122 5687 brum,
2155 5626 2210 5672 et
2242 5617 2436 5671 divinae
2466 5617 2753 5671 voluntatis
2780 5621 3180 5669 sacrosanctum
3227 5607 3534 5678 inquirebat

1948 5713 2277 5770 thesaurum.
2315 5708 2426 5763 lloc
2453 5722 2574 5762 cum
2606 5718 2743 5764 esset
2776 5704 3169 5772 contemplatus
3194 5698 3533 5758 admirabilis

1951 5802 2234 5869 Eusebius,
2267 5799 2466 5870 ingenti
2499 5799 2693 5858 timore
2716 5802 3046 5865 horroreque
3072 5805 3149 5849 est
3186 5795 3437 5850 allectus,
3478 5796 3538 5843 et
