4052 6362
533 358 601 414 δι
1605 399 1608 402 .
1669 352 1755 407 DE
1797 351 1973 406 VITIS
2013 349 2291 405 PATRUM
2334 349 2532 404 LIBER
2573 350 2658 408 IX.
3740 346 3817 401 5‘2

539 469 635 525 Dei
665 468 848 523 minixt
879 468 896 522 ί
924 467 1170 521 diducam
1210 466 1429 521 edoctus
1453 476 1536 521 est
1559 468 1802 536 gratiam,
1849 474 1900 518 et
1930 463 2022 517 Dei
2065 463 2117 516 in
2153 467 2194 520 Α
2229 478 2336 531 [πω
2369 479 2427 518 so
2480 466 2692 529 tulerat,
2729 480 2868 536 mgre
2897 463 3076 520 ferens
3114 462 3273 518 homo
3307 462 3421 528 Dei,
3449 469 3632 534 utpote
3662 462 3813 533 quod

538 575 665 616 Illos
688 574 875 616 servos
901 559 1085 612 didicit
1117 560 1558 613 benevolentiam.

613 652 912 722 Aliquando
946 660 1122 705 autem
1163 666 1282 704 cum
1312 655 1362 704 in
1395 649 1656 705 vestibqu
1686 664 1908 716 magnus
1935 659 2118 704 oraret

541 744 859 809 Marcianus,
912 745 1076 797 draco
1113 745 1326 810 quidam
1359 743 1447 810 qui
1497 753 1799 810 reptaverat
1831 758 1991 810 supra
2027 758 2118 807 pa-

537 836 726 891 rietem
782 851 994 888 versum
1036 835 1100 887 ad
1140 833 1450 896 Orientem,
1501 833 1732 901 desuper
1763 850 1793 886 e
1828 849 1980 886 n-uro
2022 833 2117 884 de-

535 930 735 994 spexit.
758 928 914 980 simul
948 937 1002 980 et
1037 928 1220 994 bians,
1255 937 1309 979 et
1344 926 1667 979 Iturribiliter
1707 938 1938 990 intuens,
1975 934 2030 979 et
2060 943 2117 980 se

537 1023 848 1075 invasurum
904 1024 1225 1086 signiticzins.
1282 1020 1468 1072 I’rocul
1525 1028 1703 1073 autem
1749 1030 1898 1070 stans
1946 1019 2116 1070 Euse-

537 1115 678 1177 bius,
711 1123 764 1166 et
797 1112 922 1166 illttd
959 1111 1280 1166 bozrendum
1315 1112 1675 1179 spectaculum
1707 1111 2114 1179 pertimescens,

534 1215 592 1259 et
641 1206 691 1259 id
739 1208 1052 1276 magistrum
1101 1204 1347 1272 ignorare
1402 1205 1712 1269 suspicans,
1759 1202 1830 1256 illi
1884 1204 2120 1256 ostendit

534 1298 796 1360 clamans.
831 1308 884 1352 et
916 1307 974 1350 ut
1008 1299 1206 1367 lingeret
1244 1313 1457 1363 rogans.
1497 1296 1584 1351 Ille
1616 1304 1790 1348 autem
1824 1311 1944 1351 cum
1996 1313 2116 1348 t'ltm

539 1389 1000 1457 reprehendisset,
1038 1402 1091 1444 et
1125 1390 1372 1443 timorem
1404 1390 1671 1458 expellere
1693 1389 1939 1458 jttssisset
1974 1389 2116 1457 (nam

538 1497 659 1534 eum
705 1497 914 1551 quoque
955 1497 1076 1536 esse
1117 1482 1330 1536 exitiale
1376 1481 1643 1550 vitium),
1697 1481 1862 1550 digito
1902 1480 2118 1549 quidem

536 1571 713 1628 crucis
741 1573 886 1638 prius
927 1573 1188 1640 expressit
1225 1573 1447 1643 ﬁguram
1472 1613 1486 1635 ,
1539 1587 1633 1626 ore
1668 1581 1842 1626 autem
1878 1571 2117 1624 insuffla-

536 1663 634 1725 vit,
671 1673 725 1717 et
756 1674 967 1718 veteres
1007 1663 1241 1717 ostendit
1275 1649 1610 1716 inimicitias.
1664 1662 1760 1716 Ille
1794 1672 1971 1714 autem
2012 1661 2122 1728 spi-

537 1755 640 1809 ritu
675 1756 805 1818 oris,
843 1765 1090 1822 tanquam
1127 1756 1246 1825 igne
1273 1756 1472 1824 aliquo,
1512 1754 1810 1809 exsiccatus
1869 1764 1924 1808 et
1955 1754 2119 1808 veluti

2223 569 2415 623 prtltler
2455 558 2897 612 consuetudinem
2932 557 3118 611 fuisset
3159 556 3275 625 ejus
3312 556 3598 621 adventus,
3646 555 3815 624 jussit

2223 662 2347 699 vera
2400 647 2595 703 dicere.
2646 649 2737 703 Ille
2779 659 2955 702 autem
3012 649 3205 702 timens
3255 657 3308 701 et
3350 647 3812 714 contremiscens,

2219 755 2339 792 cum
2372 757 2475 793 non
2510 752 2683 808 posset
2712 755 2832 793 eum
2859 741 3021 793 latere
3049 740 3138 809 qui
3173 741 3364 808 plenus
3395 748 3507 792 erat
3544 738 3636 792 Dei
3668 755 3799 808 gra-

2221 831 2314 896 tia,
2348 831 2478 884 dixit
2504 843 2554 884 et
2577 832 2697 900 quis
2729 841 2874 886 esset
2898 831 2985 900 qui
3010 831 3365 899 supplicibat,
3399 839 3452 884 et
3472 846 3592 885 eum
3628 832 3807 885 morbi

2220 923 2401 975 docuit
2433 925 2741 992 tragoediam
2766 964 2781 989 ,
2828 933 2881 977 et
2913 923 3145 975 ostendit
3200 921 3492 991 lecythum.
3546 922 3594 975 Is
3623 930 3807 976 autem

2221 1016 2528 1069 succensuit
2561 1015 2774 1083 quidem
2800 1026 2855 1070 ut
2881 1025 2962 1070 est
2983 1027 3400 1069 cousentanemn
3429 1057 3443 1079 ,
3469 1015 3608 1084 quod
3642 1015 3813 1069 nollet

2222 1107 2474 1162 virtutem
2506 1110 2812 1163 ostendere.
2840 1109 3065 1163 Minatus
3098 1118 3274 1162 tamen
3303 1108 3442 1176 quod
3476 1108 3520 1162 si
3553 1108 3667 1161 banc
3689 1123 3812 1161 rur-

2223 1213 2315 1251 sus
2337 1200 2578 1261 auderet,
2611 1208 2664 1253 et
2695 1199 2760 1251 ab
2783 1199 2868 1252 illa
2901 1199 3196 1268 privabitnr
3225 1197 3636 1261 consuetudine,
3669 1207 3724 1251 et
3756 1202 3814 1251 ei

2222 1292 2498 1344 auferetur
2530 1292 2881 1345 ministerium
2916 1292 3070 1362 (erat
3103 1302 3277 1345 autern
3317 1292 3548 1343 maxima
3585 1290 3798 1359 jactura

2225 1384 2286 1435 iis
2312 1385 2397 1450 qui
2425 1391 2684 1451 qumstum
2715 1381 2997 1451 sciebant)
3027 1383 3250 1446 remisit,
3279 1381 3475 1450 jubens
3498 1383 3732 1436 reddere
3754 1383 3803 1435 ei

2222 1474 2310 1543 qui
2340 1473 2578 1530 dederat.
2641 1474 2705 1528 Et
2752 1473 3048 1527 Marcianus
3103 1474 3316 1544 quidem
3374 1475 3488 1528 bzec
3532 1472 3806 1544 jubebat:

2223 1567 2434 1619 daemon
2456 1576 2630 1621 autem
2663 1567 2753 1635 qui
2797 1567 2979 1621 aberat
3024 1568 3125 1620 iter
3151 1576 3380 1636 quatuor
3427 1567 3655 1629 dierum,
3686 1565 3807 1635 ejus

2224 1657 2311 1726 qui
2365 1658 2603 1726 exigebat
2631 1659 3021 1712 vociferaliatur
3074 1658 3361 1722 virtutem,
3414 1666 3468 1711 et
3506 1657 3810 1713 Marcianus

2230 1758 2466 1811 Bcrhzetc
2494 1759 2706 1812 functus
2733 1770 2811 1813 est
2847 1757 3023 1812 officio
3046 1757 3262 1826 judicis,
3299 1757 3615 1826 quibusdam
3650 1755 3806 1810 licto—

540 1857 810 1910 exsectus,
863 1847 1030 1900 instar
1052 1859 1255 1900 exustae
1280 1848 1492 1917 stipula:
1525 1849 1576 1900 in
1608 1851 1802 1901 muttas
1835 1863 2012 1916 partes
2043 1860 2123 1901 est
2162 1845 2199 1901 Β
2229 1850 2374 1904 ribus
2405 1867 2529 1905 usus
2561 1853 2818 1906 adversus
2849 1851 3173 1915 daemonem,
3219 1859 3270 1902 et
3298 1849 3448 1902 illum
3480 1850 3804 1902 sceleratum

539 1939 852 1991 dissolutus.
895 1938 1023 1992 Vide
1043 1953 1168 2007 ergo
1204 1956 1326 1992 ttllttl
1365 1941 1598 1993 imitatus
1630 1948 1712 1994 est
1747 1939 2031 1993 Dominum
2066 1947 2123 1991 ut

539 2043 726 2082 servus
751 2033 1072 2085 benevolus?
1109 2033 1364 2086 Dominus
1397 2035 1558 2096 enitn,
1591 2049 1710 2088 cum
1730 2033 2015 2102 aliquando
2044 2035 2122 2086 fu-

540 2130 677 2174 reret
713 2136 858 2176 mare
885 2123 935 2176 in
963 2125 1210 2192 cymbam
1245 2124 1654 2192 disripulorum,
1689 2141 1784 2179 eos
1832 2136 2007 2179 autem
2047 2128 2122 2177 vi-

539 2211 705 2265 disset
736 2212 924 2266 anxiis
956 2223 1009 2266 et
1046 2216 1406 2282 perturbatos,
1453 2231 1557 2268 non
1590 2216 1734 2282 prius
1767 2216 1931 2269 maris
1961 2215 2119 2269 seda-

542 2301 620 2355 vit
648 2311 1022 2367 tempestatem
1056 2320 1237 2371 quam,
1273 2305 1599 2368 increpando
1631 2304 1942 2373 discipulus.
1978 2322 2125 2359 com-

544 2395 751 2460 pescuit
802 2409 984 2447 eorum
1039 2395 1466 2450 incredulitatem
1508 2396 1527 2465 (
1564 2394 1753 2448 Matth.
1790 2411 1878 2449 vttt
1916 2397 1953 2463 ).
1994 2396 2125 2448 Ilinc

545 2489 736 2543 doctus
768 2489 854 2545 ltic
894 2492 974 2544 vir
1025 2491 1354 2544 admirabilis
1386 2491 1613 2560 primtnn
1646 2491 1849 2559 expulit
1880 2491 2123 2544 timorem

541 2579 811 2646 discipuli,
836 2580 1028 2636 deinde
1058 2582 1138 2635 sic
1173 2583 1403 2636 belluam
1437 2582 1619 2636 affecit
1662 2583 1946 2651 supplicio.
1975 2581 2122 2637 Talis

543 2672 719 2739 mtgui
777 2671 1027 2726 Marciani
1070 2672 1169 2725 fuit
1209 2682 1266 2726 et
1297 2673 1594 2738 sapientia,
1650 2683 1706 2726 et
1747 2674 2123 2727 miraculorum

542 2762 788 2825 eII'ectiu.
821 2776 872 2819 et
907 2766 958 2819 in
987 2765 1150 2819 Deum
1198 2765 1412 2820 fiducia.
1453 2765 1559 2821 Sed
1612 2774 1790 2820 tamen
1827 2780 1948 2820 cum
1984 2775 2126 2819 tanta

547 2858 719 2927 gratia
752 2856 945 2926 dignus
975 2866 1122 2911 esset
1155 2855 1366 2912 habitus
1389 2899 1404 2920 ,
1438 2867 1491 2910 et
1525 2871 1713 2925 magna
1746 2865 1923 2922 posset
1956 2855 2131 2910 facere

546 2949 826 3013 miracula,
873 2949 1119 3006 studebat
1153 2960 1328 3004 tamen
1358 2949 1534 3004 celare
1548 2951 1823 3012 virtutem,
1858 2948 2130 3018 prmdonis

544 3043 755 3098 virtutis
804 3053 1084 3111 suspectas
1169 3043 1374 3097 habens
1433 3042 1742 3102 machinas;
1809 3041 2130 3110 arrogantia:

543 3135 687 3189 enim
729 3133 918 3189 vitium
967 3135 1464 3198 subterscminans,
1503 3134 1683 3187 labore
1722 3133 1977 3187 cnllectos
2019 3131 2129 3186 fru-

2224 1945 2519 2010 expellens,
2553 1957 2605 1999 et
2641 1947 2866 2014 puellam
2901 1945 3152 1997 mundam
3189 1942 3414 1998 reddens
3437 1942 3504 1996 ab
3530 1943 3618 1996 illa
3648 1956 3810 1995 vexa-

2226 2039 2386 2087 tione.
2421 2034 2530 2087 IInc
2553 2045 2726 2087 autem
2760 2046 2946 2087 exacte
2969 2037 3122 2087 scivit
3153 2042 3303 2102 pater
3331 2033 3518 2101 puclla:
3548 2050 3561 2098 ;
3586 2033 3632 2087 ei
3652 2033 3799 2084 enim

2226 2128 2512 2182 revertenti
2565 2143 2684 2182 cum
2717 2145 2878 2197 pauca
2908 2129 3078 2182 stadia
3109 2131 3322 2183 abesset
3345 2127 3414 2182 ab
3440 2129 3589 2191 urbe,
3643 2128 3810 2199 808

2225 2220 2460 2272 occurrit
2487 2218 2701 2286 quidam
2758 2233 2942 2273 servus
2968 2234 2997 2272 a
3041 2221 3252 2272 domina
3283 2219 3334 2272 in
3378 2234 3559 2288 agrum
3589 2218 3806 2272 missus.

2229 2311 2275 2364 Is
2301 2325 2420 2365 cum
2448 2309 2669 2364 vidisset
2701 2311 2977 2364 dominum
3016 2311 3258 2365 miraculi
3290 2310 3410 2364 facti
3451 2310 3629 2366 attulit
3674 2325 3810 2363 nun-

2229 2404 2380 2466 tium,
2429 2408 2661 2470 quatuor
2693 2410 2814 2454 ante
2845 2400 3033 2455 diebus
3061 2402 3244 2454 dicens
3276 2402 3467 2454 factum
3500 2414 3618 2453 esse
3645 2400 3808 2452 mira-

2228 2495 2428 2547 culum.
2484 2492 2678 2546 Diebus
2726 2509 2855 2561 ergo
2913 2494 3234 2562 supputatis,
3285 2503 3338 2547 et
3386 2501 3624 2560 tempore
3665 2504 3813 2545 recte

2227 2585 2554 2649 examinato,
2585 2582 2767 2636 didicit
2816 2583 2938 2636 illud
2986 2583 3151 2636 fuisse
3200 2582 3251 2635 in
3297 2597 3403 2652 quo
3432 2596 3596 2636 senex
3630 2580 3813 2634 attulit

2233 2676 2521 2745 lecytbum.
2583 2674 2708 2727 Mibi
2764 2681 2941 2728 autem
2985 2675 3131 2727 venit
3187 2674 3237 2727 in
3297 2683 3526 2727 mentem
3577 2673 3814 2742 cogitare

2231 2767 2356 2834 quid
2387 2782 2490 2818 non
2518 2765 2730 2818 fecisset
2759 2765 2849 2819 ille
2875 2767 2955 2818 vir
2983 2779 3234 2834 magnus,
3261 2765 3302 2818 si
3337 2765 3591 2818 voluisset
3636 2766 3812 2819 lacere

2233 2860 2513 2914 tuiracula.
2546 2858 2603 2915 Si
2634 2860 2774 2914 enim
2820 2861 2979 2913 etiam
3009 2877 3128 2914 cum
3167 2860 3406 2914 studeret
3442 2861 3618 2915 celare
3647 2875 3809 2930 quam

2234 2961 2518 3020 acceperat
2567 2952 2842 3016 virtutem,
2901 2963 3104 3006 tantum
3147 2954 3381 3007 ostendit
3430 2952 3812 3022 sp'endnrem;

2233 3047 2371 3114 quod
2397 3061 2499 3098 non
2534 3045 2844 3098 miraculum
2870 3043 3087 3099 fecisset
3117 3047 3159 3099 si
3191 3046 3489 3100 voluisset?
3515 3046 3600 3100 Sic
3635 3055 3816 3099 autem

2235 3139 2526 3208 spiritalem
2561 3154 2770 3208 quoque
2811 3154 2960 3192 suam
2992 3139 3308 3207 sapientiam
3342 3154 3445 3192 non
3495 3138 3816 3192 ostendebat

545 3236 665 3280 ctus
696 3235 921 3279 conatur
949 3227 1177 3293 eripere.
1217 3225 1284 3278 Et
1327 3239 1448 3278 cum
1492 3224 1591 3277 sibi
1625 3225 1803 3276 datam
1847 3223 2008 3278 vellet
2039 3238 2129 3278 ce-
2157 3224 2200 3284 C
2235 3231 2507 3284 omnibus.
2537 3231 2714 3300 Itaque
2745 3247 2864 3284 cum
2900 3241 3170 3299 postremo
3201 3242 3318 3301 post
3339 3232 3480 3285 diem
3515 3231 3706 3285 fesmm
3737 3246 3821 3285 sa-

549 3317 660 3373 Iare
678 3320 929 3387 gratiam,
966 3316 1164 3371 imitus
1200 3317 1265 3370 ad
1303 3316 1541 3370 facienda
1578 3317 1826 3370 veniebat
1851 3316 2126 3382 miracula,

548 3425 670 3465 cum
701 3409 817 3480 ejus
859 3417 1002 3464 recte
1049 3408 1308 3462 factorum
1353 3407 1515 3477 jubar
1561 3409 2041 3477 resplendesceret,
2080 3416 2134 3461 et

548 3516 669 3570 quae
691 3501 1059 3556 occultabatur
1091 3503 1339 3554 virtutem
1372 3499 1625 3568 aperiret.

621 3593 924 3659 Quinetiam
966 3591 1252 3659 aliquando
1277 3592 1499 3660 contigit
1534 3601 1590 3645 ut
1619 3592 1721 3645 tale
1762 3591 1889 3662 quid
1940 3595 2132 3646 lieret:

557 3681 648 3736 Vir
670 3682 885 3752 quidam
926 3684 1146 3738 buneSte
1186 3685 1302 3736 loco
1341 3696 1509 3743 natus,
1547 3695 1593 3736 et
1622 3684 1706 3736 cui
1742 3684 2000 3736 militares
2022 3699 2135 3736 ma-

549 3774 805 3843 gistratus
838 3789 983 3842 δίκερε
1015 3774 1223 3828 fuerant
1275 3774 1529 3836 mandati,
1584 3790 1649 3827 ex
1703 3774 1922 3827 lterbma
1967 3776 2136 3842 Syriae

553 3867 683 3920 urbe
716 3882 789 3934 pr-
817 3867 1080 3931 ficisceus,
1115 3882 1238 3922 cum
1280 3867 1394 3935 ejus
1429 3867 1529 3919 filia
1568 3867 1658 3920 diu
1683 3867 2132 3932 debaccbaretur,

553 3969 606 4014 et
639 3975 668 4010 a
704 3961 847 4011 malo
879 3960 1123 4013 dtemnne
1151 3970 1336 4012 vexata
1375 3958 1654 4018 insaniret,
1685 3959 1830 4013 venit
1873 3959 1923 4011 in
1951 3959 2138 4011 solitu-

556 4048 757 4115 dinem,
794 4066 915 4104 cmn
955 4059 1105 4104 esset
1141 4051 1358 4119 quidem
1397 4051 1572 4118 magni
1626 4049 1873 4104 Marciani
1912 4048 2140 4104 familia-

556 4141 654 4206 ris,
678 4151 922 4209 speraret
951 4151 1131 4195 antem
1173 4153 1390 4210 propter
1426 4143 1657 4208 priorem
1695 4143 2137 4198 consuetudinem

557 4247 680 4285 eum
727 4236 1017 4287 convenire
1055 4245 1110 4286 et
1147 4248 1376 4300 rogare:
1411 4247 1505 4300 spe
1558 4244 1737 4287 autem
1798 4234 1976 4300 falsus,
2019 4249 2138 4289 cum

558 4339 664 4378 non
699 4325 748 4377 lio
768 4336 886 4378 eret
911 4326 958 4378 ei
988 4325 1078 4380 Dei
1105 4327 1287 4379 videre
1313 4341 1550 4390 servum,
1575 4336 1727 4396 rogat
1751 4327 2034 4394 quemdam
2063 4343 2144 4382 sc-

558 4432 702 4480 nem,
737 4417 822 4470 cui
868 4417 956 4469 illo
990 4427 1229 4486 tempore
1275 4417 1438 4471 divini
1475 4418 1616 4472 illius
1654 4417 1749 4472 viri
1796 4418 2140 4472 commissum

557 4511 728 4562 luerat
763 4508 1139 4572 ministerium,
1173 4519 1230 4563 ιιι
1274 4525 1498 4578 parvum
1554 4511 1823 4581 Iecytbttm
1873 4513 1993 4565 oleo
2031 4511 2144 4579 ple-

2241 3324 2428 3376 lutaris
2457 3323 2740 3392 passionis,
2793 3336 2845 3377 et
2901 3325 3186 3378 DDIIIIIIICil‘
3221 3325 3649 3389 reettrrectionis,
3702 3341 3822 3394 per-

2239 3413 2471 3468 misisset
2501 3417 2565 3468 iis
2601 3416 2688 3484 qui
2730 3415 2982 3468 volebant
3034 3416 3100 3469 ad
3153 3432 3212 3470 se
3260 3417 3490 3486 ingredi,
3551 3416 3642 3469 illo
3673 3426 3824 3471 certe

2243 3489 2479 3575 tempore
2511 3523 2700 3562 omnes
2723 3509 3005 3563 studebant
3030 3525 3148 3563 eum
3179 3512 3381 3564 vfdere.
3415 3511 3586 3579 Atque
3607 3508 3671 3562 ad
3693 3525 3818 3563 eum

2240 3599 2525 3668 aliquando
2577 3603 2883 3668 congregati
2951 3600 3105 3668 primi
3157 3601 3442 3655 veniebant
3491 3600 3772 3670 pontifices
3806 3645 3820 3667 ,

2244 3691 2534 3747 Flavianus
2563 3693 2651 3747 ille
2684 3709 2927 3762 magnus,
2985 3695 3136 3761 cujus
3178 3693 3298 3749 fidei
3330 3703 3445 3748 erat
3473 3694 3673 3749 credita
3704 3709 3826 3763 pas-

2241 3785 2406 3836 cenda
2445 3782 2756 3847 Antiochia;
2813 3792 2868 3837 et
2914 3783 3128 3837 divinus
3171 3787 3417 3850 Aeacius,
3470 3785 3625 3854 cujus
3679 3787 3827 3853 prius

2242 3892 2450 3944 quoque
2497 3877 2859 3940 meminimus,
2892 3885 2946 3930 et
2998 3877 3260 3931 Eusebius
3291 3876 3658 3930 Chalcidensis
3707 3879 3826 3944 epi-

2243 3985 2456 4039 scopus,
2500 3978 2555 4024 et
2603 3971 2837 4025 Isidorus
2867 3974 2947 4024 cui
2976 3981 3100 4026 tunc
3131 3981 3246 4025 erat
3317 3973 3602 4025 commissa
3650 3977 3829 4040 (.yrus

2243 4064 2610 4132 gubernanda,
2675 4066 2764 4134 qui
2797 4073 2951 4119 crant
2978 4067 3171 4119 virtute
3214 4065 3470 4134 insignes.
3509 4064 3618 4120 Una
3652 4074 3830 4120 autem

2251 4169 2369 4208 cum
2405 4154 2512 4208 illis
2541 4155 2830 4208 eratetiam
2864 4155 3191 4218 Tlteodntus,
3217 4157 3304 4224 qui
3339 4155 3558 4207 tenebat
3581 4154 3821 4206 habenas

2248 4246 2764 4313 IIierapulitanorum
2789 4247 3050 4308 ecclesim,
3083 4247 3259 4299 clarus
3284 4247 3570 4299 monastica
3614 4245 3826 4299 exerci-

2249 4340 2444 4392 talione
2465 4346 2519 4391 et
2547 4339 2977 4391 mansuetudine.
3027 4339 3188 4390 Erant
3218 4348 3395 4392 autem
3427 4338 3662 4392 nonnulli
3693 4352 3831 4406 quo-

2247 4443 2350 4498 que
2375 4445 2437 4483 ex
2464 4429 2888 4499 magistratibus,
2912 4428 3114 4483 incensi
3147 4430 3339 4484 ardore
3373 4430 3516 4483 fidei.
3567 4427 3831 4484 Omnibus

2248 4534 2377 4589 ergo
2407 4534 2527 4574 cum
2588 4520 2803 4574 silentio
2853 4518 3183 4582 sedentibus,
3218 4530 3270 4574 et
3303 4535 3509 4573 sacram
3561 4519 3703 4571 illam
3735 4533 3833 4571 vo-

559 4615 686 4655 num
728 4602 1016 4670 acciperet,
1058 4611 1111 4654 et
1164 4602 1228 4655 ad
1271 4603 1465 4656 ostium
1522 4603 1858 4658 domuncula:
1902 4617 2131 4673 poneret.

2251 4635 2367 4674 cem
2399 4619 2855 4689 exspectantibus,
2882 4619 2995 4684 ipse
3025 4632 3235 4688 quoque
3262 4617 3350 4672 diu
3385 4629 3564 4672 tacens
3585 4615 3830 4681 sedebat,

563 4693 738 4746 Senex
769 4703 947 4746 autem
984 4707 1126 4760 sa-pe
1155 4693 1369 4762 quidem
1395 4709 1452 4748 se
1480 4695 1529 4747 id
1571 4696 1826 4749 facturum
1854 4696 2140 4761 inficiatus,

559 4800 701 4854 saepe
745 4797 922 4838 autem
967 4801 1151 4839 rursus-
1187 4799 1422 4855 rogatus,
1469 4787 1636 4843 victus
1678 4801 1760 4844 est
1793 4807 1821 4843 a
1869 4792 2138 4859 precibus.

559 4874 690 4930 Cum
731 4890 909 4930 autem
947 4877 1226 4946 strepitum
1257 4894 1480 4950 magnus
1517 4883 1777 4936 sensisset
1818 4883 2137 4950 Marcianus,

563 4975 771 5042 rogavit
807 4976 1051 5044 quisnam
1090 4986 1253 5038 esset,
1280 4985 1333 5028 et
1379 4993 1607 5045 quonam
1645 4993 1778 5046 opus
1814 4979 2015 5032 habens
2053 4994 2144 5031 ve-

565 5069 725 5120 niret.
767 5066 816 5121 Is
847 5078 1026 5121 autem
1071 5083 1252 5122 veram
1297 5070 1510 5136 quidem
1547 5070 1756 5123 celabat
1792 5085 2033 5133 causam,
2073 5073 2144 5122 si-

563 5157 802 5213 mulabat
826 5168 1000 5213 autem
1038 5175 1096 5212 se
1133 5161 1345 5215 venis~e
1382 5171 1437 5214 ut
1468 5163 1631 5216 sciret
1656 5178 1778 5216 num
1807 5162 2020 5230 juberet
2052 5163 2150 5215 ali-

559 5251 805 5318 quid;et
837 5250 939 5306 boc
971 5252 1177 5318 dicens,
1224 5254 1478 5309 dimissus
1523 5267 1624 5310 est.
1661 5255 1797 5310 Cum
1831 5267 2010 5312 autem
2045 5257 2148 5311 sub

560 5358 810 5398 auroram
845 5359 1028 5399 rursus
1065 5359 1213 5414 pater
1247 5348 1438 5415 puella:
1489 5359 1732 5412 rogasset
1778 5358 1835 5400 ut
1874 5349 1972 5402 sibi
2018 5349 2144 5402 red-

562 5435 780 5491 deretur
819 5438 1090 5508 Iecytbus,
1151 5439 1238 5493 ille
1291 5441 1484 5494 timens
1519 5441 1756 5508 quidem,
1818 5441 1914 5495 ivit
1968 5452 2147 5496 tamen

563 5544 685 5584 cum
741 5547 897 5601 quam
959 5535 1191 5587 maximo
1263 5535 1429 5602 potuit
1487 5537 1739 5601 silentio,
1791 5547 1842 5590 et
1906 5547 2147 5605 porrecta

569 5640 751 5688 manu.
785 5637 836 5680 et
881 5640 1101 5692 accepto
1135 5628 1346 5694 lecytlto
1379 5630 1627 5697 cupiebat
1663 5629 1708 5682 la
1736 5647 1846 5685 ere.
1885 5632 1930 5683 Is
1968 5640 2147 5684 autern

567 5733 756 5773 rursus
791 5719 1015 5788 rogavit,
1051 5721 1305 5789 quidnam
1345 5721 1529 5773 volens
1579 5723 1804 5776 veniret.
1860 5722 2146 5790 Postquam

567 5821 740 5866 autem
792 5813 1035 5866 eamdem
1075 5812 1202 5868 (LXII
1262 5827 1476 5868 causam
1527 5805 1879 5883 qnam'ctiam
1927 5831 2148 5885 vespere

2254 4711 2432 4779 lingua
2485 4709 2696 4779 quidem
2749 4710 2975 4776 otiosus,
3035 4709 3250 4762 auribus
3295 4717 3473 4762 autem
3530 4718 3833 4778 promptus.

2251 4803 2399 4856 Tunc
2430 4803 2616 4870 aliquis
2669 4818 2732 4856 ex
2776 4803 2840 4855 iis
2873 4802 2961 4872 qui
3004 4802 3284 4868 sedebant,
3335 4802 3421 4870 qui
3461 4812 3575 4855 erat
3602 4802 3648 4854 ei
3681 4802 3834 4855 fami-

2253 4899 2399 4953 liaris
2435 4909 2648 4966 propter
2702 4914 2884 4952 curant
2919 4898 3132 4962 animm,
3179 4909 3231 4951 et
3261 4897 3459 4962 alioqui
3509 4898 3833 4950 auctoritate

2251 5000 2304 5045 et
2325 4991 2575 5060 dignitate
2603 4990 2805 5054 clarus,
2837 4991 3056 5053 Omnes,
3084 4989 3272 5056 inquit,
3301 5005 3330 5041 0
3367 4989 3542 5052 Pater,
3576 4986 3738 5040 divini
3773 4988 3826 5040 Iti

2255 5082 2717 5143 Patres,sitientes
2745 5091 3058 5147 exspectant
3085 5081 3399 5133 suavissima
3431 5089 3532 5133 tua:
3564 5078 3832 5132 doctrina:

2253 5178 2484 5243 fluenta;
2536 5190 2724 5228 omnes
2775 5189 2903 5243 ergo
2935 5184 3228 5242 praesentes
3271 5174 3545 5241 impertias
3579 5172 3840 5235 utilitate,

2254 5284 2350 5322 nec
2380 5268 2596 5321 claudas
2627 5268 2768 5320 rivos
2799 5276 2899 5319 tua:
2925 5266 3313 5320 beneficentize.
3366 5263 3457 5318 Ille
3492 5273 3670 5317 autem
3714 5277 3840 5315 cum

2253 5361 2403 5414 valde
2433 5360 2800 5429 ingemuisset,
2857 5359 3021 5422 Deus,
3058 5359 3261 5426 inquit,
3291 5356 3664 5410 universorum
3700 5371 3839 5420 quo-

2253 5453 2289 5506 ti
2314 5452 2382 5504 lie.
2406 5451 2636 5518 loquitur
2673 5465 2767 5518 per
2794 5461 3093 5510 creaturas,
3130 5460 3183 5501 ct
3222 5463 3314 5514 per
3350 5447 3556 5498 divinas
3595 5444 3841 5507 Scriptu-

2254 5560 2340 5598 ras
2369 5543 2584 5596 di~serit
2613 5553 2666 5596 et
2699 5552 2877 5595 monet
2926 5555 2986 5594 ea
3030 5555 3147 5608 quae
3180 5547 3408 5607 oportet,
3444 5547 3497 5590 et
3528 5534 3734 5589 inducit
3781 5549 3843 5590 ea

2255 5649 2371 5702 que
2397 5641 2521 5685 sunt
2574 5633 2751 5695 utilia;
2785 5640 3053 5698 terretque
3085 5629 3242 5683 minis
3279 5637 3331 5682 et
3362 5629 3675 5679 adhortatur
3715 5640 3841 5694 pro-

2256 5723 2463 5786 missis;
2488 5731 2542 5776 et
2572 5738 2636 5775 ex
2669 5720 2752 5774 his
2784 5719 2981 5772 nullam
3009 5721 3251 5786 capimus
3293 5718 3594 5773 utilitatem.
3629 5716 3799 5782 Quem
3820 5744 3837 5754 -

2255 5817 2539 5870 admodum
2566 5831 2689 5885 ergo
2724 5815 2946 5884 loquens
2966 5812 3223 5882 profuerit
3258 5812 3577 5876 Marcianus,
3609 5811 3699 5879 qui
3728 5824 3836 5864 tau-
