4052 6362
217 342 283 393 '33
1314 337 1769 399 I‘IIILOTIIEUS.
1809 354 1924 395 Slve
1967 343 2406 403 TIIEOPHILES.
3420 347 3493 406 54

218 469 330 512 tam
360 456 639 511 utilitatem
668 455 862 510 amittit
885 469 1006 510 cum
1053 454 1192 518 aliis,
1222 463 1277 508 et
1316 453 1658 510 commodum
1693 468 1797 508 non
1828 456 1878 514 Δ
1907 457 2218 516 batvirtutis
2234 476 2446 530 quoque
2466 462 2693 530 partium
2714 461 3091 531 differentiam,
3110 473 3165 518 et
3201 478 3492 534 quemnam

209 554 328 614 vult
357 565 419 602 ex
449 549 531 604 eis
561 547 793 615 capere?
828 547 959 600 Ilinc
988 546 1184 600 factum
1209 557 1291 601 est
1317 556 1370 600 ut
1403 547 1557 601 multi
1585 546 1801 616 quidem

217 655 500 694 sermones
553 649 896 693 moverentur
953 653 982 691 a
1041 637 1321 704 Patribus,
1381 653 1515 706 quos
1567 638 1806 693 inserere

216 733 513 786 narrationi
563 735 694 785 duxl
736 745 1214 798 supervacaneum.
1273 732 1401 784 Cum
1449 739 1632 785 autem
1685 747 1804 784 sur-

218 823 490 877 rexiSse..t
517 833 573 877 et
593 831 858 885 orassent,
893 831 946 875 et
988 821 1054 875 ad
1099 819 1484 876 conferendum
1516 822 1803 876 sacerdmii

220 911 465 968 ordinem
497 912 697 966 vellent
717 911 765 966 ei
798 927 986 965 manus
1009 911 1304 979 imponere,
1333 927 1518 964 rursus
1547 911 1597 965 ei
1617 927 1806 964 manus

217 1003 516 1057 admovere
555 1012 679 1056 sunt
711 1003 864 1058 veriti
895 1020 908 1067 ;
959 1012 1013 1056 et
1058 1002 1142 1057 hic
1177 1002 1390 1071 quidem
1427 1002 1522 1071 illi,
1565 1005 1652 1058 ille
1683 1019 1806 1057 vero

222 1095 347 1151 huic
371 1095 633 1165 jnbebat;
689 1111 807 1150 cum
836 1110 1025 1152 omnes
1054 1105 1230 1150 autern
1271 1096 1320 1150 id
1364 1097 1524 1151 simul
1566 1111 1810 1150 rCCUSilS'

217 1195 364 1252 scut,
397 1187 687 1242 redierunt.
729 1186 832 1243 Sed
861 1187 1000 1242 enim
1027 1189 1148 1242 volo
1175 1187 1256 1244 his
1299 1203 1510 1257 quoque
1536 1189 1692 1241 aliam
1714 1189 1808 1241 ad-

218 1281 349 1334 dere
379 1281 737 1335 narrationem
760 1322 774 1347 ,
803 1296 908 1352 qua
939 1281 1189 1351 cognosci
1235 1285 1433 1350 poterit
1474 1282 1650 1336 divina
1692 1283 1806 1350 ejus

222 1371 534 1440 prudentia.

293 1464 481 1518 Avitus
501 1463 616 1532 (20)
671 1464 910 1533 quidam,
957 1466 1163 1532 primus
1191 1466 1242 1520 in
1281 1467 1591 1534 solitudine,
1641 1469 1806 1538 gratia

224 1557 534 1608 mouasticre
563 1556 964 1609 exercitationis
998 1558 1198 1612 fixerat
1226 1559 1512 1627 tugurium.
1547 1560 1599 1614 Id
1623 1573 1802 1613 autem

224 1651 393 1720 magis
417 1665 574 1718 quam
597 1649 695 1702 hoc
719 1653 891 1719 vergit
916 1651 981 1705 ad
1000 1651 1454 1720 Septentrionem,
1481 1662 1536 1707 et
1565 1653 1807 1723 aliquau-

224 1750 333 1794 tutn
365 1743 526 1794 situm
560 1742 623 1794 ad
670 1743 968 1806 Orientem,
1021 1753 1225 1811 spectat
1254 1755 1469 1800 ventum
1500 1747 1804 1812 Aparctiam

1908 549 2117 606 cuinam
2149 553 2340 607 cedere
2371 563 2600 621 eporzet,
2629 563 2686 608 et
2715 554 2923 608 cuinam
2967 555 3018 610 in
3053 566 3291 625 tempore
3316 557 3493 612 danda

1908 644 1977 699 sit
1999 644 2242 699 victoria?
2268 645 2486 700 Possum
2510 656 2686 701 autem
2711 646 2852 700 aliud
2869 662 3092 716 quoque
3120 662 3358 712 ..arrarc,
3386 663 3494 717 quo

1908 737 2029 808 ejus
2071 747 2423 807 cognoscatur
2453 740 2504 792 in
2537 739 2728 794 divinis
2759 739 3034 807 perfectio.
3086 741 3163 794 Ad
3195 755 3317 796 eum
3349 742 3492 795 euitn

1910 843 1974 883 ex
2007 831 2170 898 patria
2194 829 2341 884 venit
2363 846 2514 885 soror
2543 845 2663 885 cum
2691 831 2819 896 tilio,
2849 831 3014 900 quiet
3039 832 3119 886 vir
3141 843 3255 886 erat
3282 842 3336 886 et
3351 833 3496 887 urbis

1908 920 2030 992 Cyri
2057 919 2209 976 facile
2241 921 2504 990 princeps,
2535 937 2599 977 ea
2627 938 2744 989 quae
2773 923 2821 978 ei
2849 924 2963 976 usui
2989 930 3143 978 erant
3170 924 3382 979 abunde
3403 924 3462 979 af
3471 955 3489 967 -

1911 1014 2109 1070 ferens.
2136 1017 2183 1068 ls
2212 1026 2387 1071 autem
2411 1032 2647 1070 sororem
2679 1016 2894 1084 quidem
2927 1018 3228 1072 viderenon
3261 1027 3343 1072 est
3375 1033 3496 1086 pas-

1909 1120 2021 1170 sus,
2042 1106 2241 1161 sororis
2263 1117 2441 1162 autem
2459 1106 2675 1160 admisit
2699 1108 2895 1171 lilium;
2921 1115 3037 1162 erat
3049 1108 3191 1162 enim
3211 1107 3263 1163 id
3288 1119 3496 1177 tempus

1909 1199 2183 1256 definitum
2207 1215 2313 1269 quo
2326 1216 2446 1254 eum
2464 1199 2656 1254 licebat
2676 1201 2981 1254 convenire.
3013 1201 3144 1255 Cum
3171 1211 3348 1256 autem
3370 1215 3495 1256 eum

1911 1302 2157 1359 regarent
2181 1293 2448 1357 accip~ret
2481 1308 2598 1361 qua:
2621 1293 2776 1345 allata
2811 1293 3018 1346 fuerant
3047 1307 3063 1346 :
3098 1293 3197 1347 Per
3225 1303 3383 1363 quot,
3413 1293 3496 1347 iu.

1910 1386 2047 1454 quit,
2083 1387 2400 1439 monasteria
2452 1385 2759 1450 transiistis,
2799 1394 2854 1439 et
2878 1401 3118 1454 quaenam
3162 1401 3226 1439 ex
3284 1385 3365 1439 his
3414 1386 3494 1440 eis

1912 1475 2037 1545 ipsis
2067 1477 2432 1545 impertiiStis?
2464 1477 2592 1530 (Συ-ιι
2625 1478 2668 1530 is
2695 1485 2870 1529 autem
2909 1475 3132 1530 dixisset
3155 1492 3212 1529 se
3245 1477 3370 1530 nulli
3402 1476 3496 1531 de-

1913 1571 2058 1625 disse
2076 1587 2091 1625 :
2111 1571 2282 1632 Abite,
2302 1571 2492 1639 inquit,
2510 1586 2630 1623 cum
2651 1571 2716 1622 iis
2734 1586 2850 1633 qua'
2867 1567 3137 1621 attulistis.
3157 1568 3284 1630 Nos,
3303 1567 3497 1634 inquit,

1913 1663 2059 1718 nul'o
2090 1665 2279 1718 horum
2309 1679 2545 1730 egemus,
2572 1679 2668 1716 nec
2717 1663 2760 1716 si
2805 1677 3080 1730 egi-remus
3113 1664 3496 1730 acciperemus;
3535 1659 3538 1661 λ

1913 1755 2169 1810 naturalis
2191 1756 2334 1810 enim
2359 1755 2716 1824 cognationis,
2743 1771 2844 1808 nou
2861 1763 3034 1808 autem
3067 1753 3261 1808 divina!
3283 1754 3495 1824 pietatis

220 1832 309 1898 qtti
341 1841 425 1885 est
452 1832 722 1899 proximus
752 1832 1074 1887 Subsolano.
1107 1832 1154 1887 Is
1185 1849 1376 1904 magno
1399 1835 1668 1890 Marciano
1699 1847 1811 1890 erat
1845 1835 1890 1896 Β
1916 1856 1969 1901 ει
1996 1847 2198 1901 servitii
2229 1862 2408 1900 curam
2439 1858 2709 1916 gul-entes,
2741 1847 2876 1898 banc
2905 1844 3167 1900 exercetis
3200 1845 3250 1897 in
3281 1859 3379 1898 nos
3409 1845 3496 1898 be.

219 1931 275 1978 et
304 1932 544 1992 tempore
600 1933 652 1978 et
683 1924 866 1978 labore
907 1926 1193 1997 antiquior,
1244 1929 1324 1982 vir
1351 1938 1526 1983 autem
1569 1927 1806 1998 philoso-

220 2015 382 2089 phus,
430 2027 484 2071 et
516 2018 566 2071 in
601 2019 706 2072 vita
736 2019 865 2072 dura
907 2028 959 2074 et
987 2034 1175 2088 aspera
1208 2020 1484 2075 educatus.
1520 2021 1566 2075 Is
1587 2036 1707 2075 eum
1740 2021 1807 2075 de

222 2108 321 2161 viri
355 2109 552 2163 virtute
575 2125 692 2177 qua:
722 2110 918 2180 ubique
946 2111 1316 2168 celebrabatur
1348 2114 1630 2179 aitdiiSSet,
1663 2124 1808 2167 ratus

221 2200 330 2252 tale
357 2203 716 2268 spectaculum
759 2218 881 2257 esse
923 2202 1138 2258 silentio
1161 2214 1216 2261 et
1256 2205 1434 2272 quiete
1481 2207 1682 2269 utilius,
1719 2222 1810 2261 ac-

223 2291 391 2345 currit
420 2291 637 2346 studens
683 2293 866 2348 videre
896 2309 1018 2348 eum
1060 2311 1218 2365 quem
1265 2295 1623 2350 desiderabat.
1675 2296 1806 2351 Cum

227 2395 405 2438 autem
437 2383 554 2454 ejus
589 2390 876 2440 adventum
928 2402 1151 2456 magnus
1202 2387 1446 2442 scivisset
1488 2387 1808 2455 Marcianus,

224 2475 364 2528 ostio
403 2483 589 2542 aperto
635 2491 756 2531 eum
799 2476 866 2531 ad
897 2493 955 2534 se
984 2479 1219 2533 admisit.
1269 2480 1581 2534 Admirabili
1629 2491 1808 2535 autern

223 2566 481 2634 praecepit
518 2567 773 2633 Eusebio,
810 2578 866 2623 ut
904 2581 958 2624 et
1009 2572 1254 2640 legumen
1298 2582 1556 2641 coqueret
1585 2585 1638 2626 et
1668 2576 1809 2641 olus,

224 2657 269 2710 si
312 2657 556 2713 haberet.
609 2659 896 2730 Postquam
933 2678 1060 2716 vero
1109 2674 1346 2718 mutuum
1389 2666 1529 2720 inter
1555 2681 1613 2720 se
1640 2667 1810 2721 collo-

229 2747 428 2817 qitcndi
457 2751 770 2818 explessent
797 2752 1148 2818 desiderium,
1201 2764 1254 2807 et
1283 2756 1418 2810 alter
1439 2757 1662 2810 alterius
1705 2756 1810 2811 vir-

225 2850 389 2895 tutem
431 2844 774 2910 didicissent;
809 2861 964 2900 nonae
1000 2847 1159 2900 simul
1188 2857 1503 2915 peregerunt
1534 2848 1810 2915 ofﬁcium;

225 2935 373 2988 venit
401 2945 579 2989 autem
614 2938 876 2992 Eusebius
906 2953 1143 2992 mensam
1187 2937 1391 3002 ferens,
1424 2951 1478 2994 et
1510 2957 1696 3008 panem
1733 2942 1811 2994 ala

224 3023 424 3079 ferens.
454 3025 670 3094 Magnus
709 3039 886 3082 autem
918 3029 1212 3085 Marcianus
1244 3031 1422 3084 divino
1447 3032 1578 3085 dixit
1612 3033 1806 3087 A\‘ito:

223 3113 496 3170 Adesdum
523 3119 764 3172 omnium
798 3119 928 3173 mihi
957 3122 1304 3189 amicissime,
1334 3133 1388 3177 et
1418 3122 1578 3192 hrjus
1611 3139 1810 3178 mensa:

223 3208 396 3263 simus
429 3209 584 3263 simul
617 3211 922 3281 participes.
954 3212 1042 3266 Ille
1069 3229 1216 3276 vero,
1250 3213 1463 3276 Nescio,
1493 3216 1684 3282 inquit,
1729 3231 1811 3270 tne

227 3317 456 3370 unquam
487 3304 664 3356 cibum
696 3305 994 3372 sumpsisse
1017 3319 1138 3359 ante
1160 3320 1458 3374 vesperam,
1479 3321 1617 3375 saepe
1633 3317 1809 3360 autem

222 3395 366 3449 duos
395 3407 448 3449 et
478 3407 581 3450 tres
608 3398 724 3450 dies
767 3397 928 3451 simul
973 3413 1163 3452 maneo
1195 3398 1434 3468 jejunus.
1471 3400 1688 3468 Magnus
1719 3417 1812 3453 au-

225 3499 338 3543 tem
387 3489 698 3554 Marcianus,
734 3490 842 3546 Mea
875 3507 1022 3562 ergo,
1072 3494 1262 3559 inquit,
1318 3509 1478 3547 causa
1510 3493 1666 3547 hodie
1698 3510 1809 3548 tnu-

224 3590 368 3636 tetur
396 3583 726 3637 euusuetudo
755 3584 870 3654 (2|)
905 3605 918 3637 :
954 3601 1074 3639 nam
1105 3601 1224 3639 cum
1259 3587 1357 3638 sitit
1389 3601 1614 3652 corpore
1645 3585 1814 3641 imbe-

224 3675 370 3737 cillo,
416 3691 520 3729 non
567 3692 778 3744 possum
831 3689 1144 3747 exspectare
1184 3694 1480 3747 vesperam.
1530 3679 1810 3747 Postquam

224 3775 400 3819 autem
434 3767 780 3832 becdicens,
830 3784 933 3821 non
987 3769 1248 3836 persuasit
1295 3767 1592 3822 admirabili
1635 3767 1811 3832 Avito,

227 3859 557 3926 ingemuisse
587 3859 780 3912 dicitur
803 3868 854 3913 et
886 3860 1084 3913 dixisse
1113 3877 1125 3912 :
1162 3862 1229 3912 At
1255 3875 1375 3929 ego,
1411 3861 1604 3925 inquit,
1634 3861 1814 3912 animo

225 3964 390 4018 angor
419 3959 475 4003 et
507 3949 662 4004 valde
693 3953 924 4012 crucior,
958 3952 1097 4016 quod
1132 3958 1336 4004 tantum
1373 3951 1606 4003 laborem
1653 3966 1813 4016 cepe-

227 4038 305 4093 rIs
333 4050 391 4092 ιιι
420 4039 588 4092 \irum
622 4041 850 4108 aliquem
885 4041 1212 4096 laboriosum
1242 4043 1452 4096 videres
1485 4051 1538 4094 et
1580 4041 1817 4110 philoso-

228 4132 414 4201 phmn,
447 4149 542 4200 spe
589 4146 764 4188 autem
799 4135 981 4200 falsus,
1037 4150 1331 4201 cauponem
1362 4137 1558 4189 videris
1584 4137 1814 4202 aliquem

229 4227 448 4293 profuse
479 4237 531 4280 et
554 4227 780 4283 delicate
809 4231 1100 4285 viventem.
1131 4230 1262 4283 Cum
1297 4247 1362 4286 ex
1394 4231 1476 4284 his
1503 4239 1678 4284 autem
1704 4246 1818 4284 mo—

228 4315 384 4371 lestia
409 4329 549 4373 esset
574 4319 794 4375 affectus
827 4322 1032 4386 Avitus,
1061 4331 1112 4375 et
1141 4323 1364 4376 dixisset
1391 4337 1450 4376 se
1482 4322 1640 4376 malle
1664 4322 1807 4377 vesci

227 4413 482 4466 earuibus
511 4429 670 4482 quam
722 4414 836 4468 haec
888 4417 1090 4478 audire,
1147 4416 1283 4470 dixit
1332 4432 1554 4484 magnus
1593 4416 1814 4470 llarcia-

232 4517 336 4556 rtus
367 4521 382 4556 :
412 4503 520 4558 Nos
548 4519 782 4574 quoque,
803 4520 836 4559 ο
863 4508 1053 4568 amice,
1107 4507 1350 4560 eamdem
1375 4522 1531 4576 quam
1566 4517 1618 4560 tu
1654 4508 1811 4560 vitam

1913 1939 2270 1992 neliceutiam.
2303 1938 2356 1993 Si
2393 1937 2533 1990 enim
2570 1952 2672 1990 nou
2709 1937 3044 1991 honoraretis
3089 1934 3257 1988 solam
3287 1933 3496 2001 generis

1911 2028 2384 2093 necessitudinem,
2417 2044 2519 2081 uon
2540 2042 2600 2081 ea
2627 2043 2743 2088 qua:
2765 2026 3036 2090 attulistis,
3069 2025 3222 2078 nobis
3240 2022 3366 2077 solis
3397 2023 3497 2076 im-

1914 2119 2253 2188 pertiisselis.
2287 2120 2408 2173 Haec
2447 2119 2650 2182 (livens,
2686 2118 2852 2170 lilium
2901 2116 3102 2170 sororis
3131 2114 3332 2168 dimisit
3370 2129 3496 2170 cum

1912 2225 2119 2275 sorore,
2148 2211 2344 2279 jubeus
2371 2220 2423 2262 ut
2451 2210 2578 2262 nihil
2611 2208 2943 2276 acciperetur
2969 2224 3030 2260 ex
3067 2207 3128 2258 iis
3155 2221 3274 2274 quas
3305 2205 3502 2261 attule-

1913 2309 2052 2354 rant.
2090 2299 2160 2352 lta
2217 2307 2330 2353 erat
2361 2308 2508 2352 extra
2544 2307 2808 2362 naturam,
2848 2306 2902 2351 et
2927 2313 2975 2349 tn
3001 2295 3275 2350 cmlestetn
3305 2299 3502 2363 migra~

1915 2404 1998 2446 rat
2041 2392 2252 2447 vivendi
2285 2390 2566 2445 rationem.
2611 2390 2885 2457 Quodnam
2934 2388 3076 2442 enim
3133 2387 3276 2441 aliud
3320 2386 3501 2442 afferri

1915 2494 2096 2554 potest
2128 2483 2426 2551 exemplum
2474 2483 2728 2552 apertius,
2780 2482 2917 2548 quod
2951 2481 3056 2536 Deo
3101 2493 3243 2535 esset
3283 2477 3503 2548 dignus,

1913 2578 2299 2632 convenienter
2323 2575 2487 2644 ipsius
2504 2574 2596 2628 Dei
2621 2574 2772 2627 voci?
2794 2573 2890 2640 Qui
2923 2588 3026 2625 non
3053 2569 3305 2638 relinquit
3332 2570 3504 2631 enim,

1914 2669 2116 2738 inquit,
2171 2676 2373 2736 patrem
2403 2675 2457 2721 et
2504 2676 2755 2732 matrem,
2785 2676 2838 2719 et
2870 2663 3061 2718 fratres
3089 2671 3143 2717 et
3183 2676 3418 2727 sorores,
3450 2671 3503 2718 et

1913 2773 2134 2814 uxorem
2164 2767 2217 2814 et
2268 2758 2426 2820 filios,
2464 2773 2567 2810 nun
2617 2767 2700 2811 est
2747 2772 2831 2810 me
2862 2757 3052 2825 dignus
3090 2752 3304 2822 (Matth.
3341 2752 3418 2817 ι).
3447 2751 3506 2808 Si

1917 2859 2097 2905 autem
2127 2850 2215 2919 qui
2243 2866 2346 2904 nou
2381 2846 2631 2918 relinquit
2672 2857 2754 2902 est
2785 2847 3062 2914 indignus;
3110 2847 3198 2914 qui
3227 2843 3501 2914 relinquit,

1913 2952 1971 2998 et
1998 2954 2104 2996 tam
2131 2953 2378 2996 accurata
2407 2950 2696 3008 exactaque
2723 2940 2885 2993 utitur
2914 2940 3270 3008 perfer-tione,
3301 2939 3502 2992 clarum

1913 3045 1995 3089 est
2024 3049 2145 3087 eum
2173 3033 2335 3087 fuisse
2361 3033 2758 3095 dignissimum.
2793 3031 2902 3097 Ego
2934 3040 3125 3096 praeter
3158 3031 3272 3082 hmc
3323 3027 3504 3082 adrni-

1917 3141 2004 3180 ror
2035 3139 2244 3193 quoque
2266 3122 2382 3192 i-jus
2418 3123 2469 3176 in
2513 3122 2708 3175 divinis
2746 3121 2977 3174 decretis
3017 3136 3278 3174 summam
3321 3117 3504 3188 perfe—

1917 3218 2167 3274 ctiouem.
2202 3216 2534 3270 Abhorrebat
2563 3215 2704 3269 enim
2743 3214 2850 3266 Arii
2882 3212 2999 3284 ('29)
3028 3214 3307 3276 insaniam,
3331 3231 3450 3283 qua:
3474 3231 3504 3269 a

1919 3318 2184 3378 potestate
2213 3307 2550 3377 imperatoris
2567 3306 2816 3361 arcende'
2841 3314 2960 3358 atnr
2983 3306 3346 3371 illolcrnpore.
3372 3308 3504 3360 Abm

1917 3400 2220 3454 minabatur
2247 3400 2408 3453 etiam
2438 3401 2724 3452 amentiam
2759 3398 3100 3464 Apollinaris.
3138 3397 3374 3452 Fortiter
3411 3417 3504 3449 au-

1919 3500 2025 3546 tem
2053 3499 2109 3544 et
2132 3500 2348 3544 strenue
2376 3488 2684 3542 tlecertabat
2731 3488 2985 3541 adversus
3016 3503 3110 3541 90s
3151 3486 3239 3556 qui
3262 3504 3380 3541 cum
3404 3487 3504 3543 Sa-

1916 3582 2076 3637 bellio
2100 3580 2426 3648 sentiebant,
2458 3591 2672 3647 tresque
2702 3579 3017 3649 Itypostases
3044 3593 3100 3632 se
3123 3597 3132 3626 ι
3157 3594 3416 3644 personas
3449 3580 3503 3634 in

1917 3690 2075 3728 uuam
2130 3675 2409 3740 cogebant.
2448 3672 2610 3726 Valde
2656 3687 2867 3740 quoque
2909 3672 3254 3724 aversabatur
3289 3687 3382 3726 eos
3411 3669 3507 3738 qui

1919 3767 2264 3819 nominantur
2297 3763 2552 3824 Euehitze,
2606 3763 2694 3832 qui
2729 3765 2777 3816 in
2805 3765 2834 3814 h
2858 3763 2982 3816 ιὺὶιιι
3034 3764 3328 3817 ηιοηειειίεο
3360 3763 3506 3817 Iaho-

1918 3868 2034 3910 rant
2068 3857 2257 3910 tnorbo
2286 3855 2718 3909 Mauicbmorum.
2753 3855 2877 3907 Erat
2908 3867 3082 3908 autem
3135 3856 3253 3909 ideo
3294 3856 3509 3911 fervens

1916 3946 2034 4017 ejus
2057 3949 2200 4001 zelus
2233 3963 2328 4016 pro
2359 3947 2590 4001 decretis
2622 3946 3018 4010 ecclesiasticis,
3043 3954 3103 3999 ut
3125 3948 3284 3999 etiant
3313 3947 3507 4001 adver-

1919 4057 2010 4096 sus
2041 4042 2211 4094 virum
2248 4039 2616 4092 admiramlunt
2648 4047 2702 4092 et
2745 4038 2980 4091 divinum
3021 4038 3215 4105 justam
3272 4054 3502 4108 pugnam

1917 4136 2233 4200 susceperit.
2266 4132 2394 4185 Erat
2423 4130 2714 4184 Abraatnes
2745 4130 2958 4198 qnidatn
2988 4145 3150 4183 senex
3179 4129 3230 4183 in
3263 4128 3350 4183 illa
3377 4130 3515 4184 soli-

1919 4226 2122 4292 tudine,
2147 4227 2224 4280 \ir
2265 4225 2414 4280 cauis
2459 4224 2672 4294 quidem
2706 4225 2847 4290 pilis,
2879 4225 2971 4277 sed
3007 4224 3175 4290 magis
3222 4239 3354 4278 cana
3385 4240 3510 4292 pru-

1919 4319 2118 4384 dentia,
2142 4320 2284 4371 omni
2314 4317 2509 4371 \irtute
2539 4317 2736 4383 clarus,
2763 4326 2816 4369 et
2838 4316 3028 4369 uberes
3050 4331 3262 4384 semper
3286 4316 3511 4384 profun-

1919 4411 2056 4465 deus
2087 4409 2347 4480 lacrymas
2373 4407 2821 4476 coruprrnetioni»
2857 4409 2900 4461 Is
2935 4409 2984 4460 iu
3022 4409 3282 4476 principio
3311 4426 3338 4462 a
3367 4425 3502 4478 qua-

1922 4500 2040 4554 darn
2076 4500 2323 4553 inductus
2373 4499 2735 4567 simplicitate,
2765 4499 2991 4566 primum
3025 4498 3224 4552 Pascha
3257 4513 3512 4566 peragere

230 4595 623 4662 persequimur,
653 4605 707 4648 et
732 4595 1104 4660 amplectimur
1126 4598 1369 4652 eamdem
1409 4598 1614 4652 vivendi
1649 4602 1811 4652 ratio-
1846 4568 1895 4627 D
1924 4592 2247 4645 sustinuerat
2274 4587 2388 4657 (Q3)
2420 4603 2439 4641 :
2473 4589 2720 4657 ignorans
2743 4588 2978 4656 quidem,
3013 4597 3067 4640 ut
3090 4597 3169 4641 est
3194 4586 3507 4652 Verisimile,

230 4700 377 4749 neut,
409 4697 460 4739 et
492 4687 654 4756 quieti
708 4688 917 4742 labores
945 4688 1294 4757 praeferimus,
1344 4687 1604 4758 jejunium
1647 4689 1813 4759 magis

233 4776 537 4843 expetiturus
581 4791 741 4846 quam
769 4778 970 4840 cibum,
1019 4793 1248 4846 eumque
1292 4787 1447 4832 nocte
1488 4781 1812 4833 adventante

230 4867 510 4938 capimus;
552 4871 645 4924 sed
694 4871 896 4924 scimus
943 4871 1256 4924 cbaritatem
1287 4886 1410 4926 esse
1436 4871 1641 4940 jejunio
1687 4888 1820 4940 prae-

225 4961 572 5014 stantiorem.
608 4959 896 5016 Charitatis
926 4964 1066 5017 enim
1110 4978 1246 5031 Opus
1271 4980 1298 5016 a
1321 4963 1436 5034 lege
1476 4963 1653 5017 divina
1687 4979 1822 5032 prae-

227 5054 445 5121 cipitur,
474 5051 738 5122 jejunium
769 5065 946 5108 autem
993 5067 1074 5107 est
1106 5056 1380 5124 potestatis
1425 5066 1620 5111 nostra:
1647 5071 1694 5111 et
1729 5071 1819 5109 ar-

228 5145 397 5199 bitrii.
431 5144 653 5213 Oportet
699 5156 875 5200 autem
917 5147 1221 5200 existimare
1270 5147 1477 5202 divinas
1507 5148 1652 5217 leges
1698 5164 1821 5211 esse

231 5251 432 5292 nostris
479 5239 636 5307 longe
663 5240 1084 5307 praestantiores.
1121 5239 1245 5292 Iltec
1270 5255 1394 5294 eum
1421 5240 1561 5294 inter
1591 5257 1649 5296 se
1682 5243 1816 5295 invi-

230 5345 346 5385 cem
395 5330 800 5395 disseruissent,
849 5339 903 5383 et
951 5345 1133 5398 parum
1185 5329 1288 5382 cibi
1330 5331 1707 5398 sumpsissent,
1761 5341 1814 5386 et.

235 5423 402 5476 ficum
435 5421 815 5488 Iautlavisseut,
859 5430 911 5475 et
961 5432 1072 5475 tres
1126 5421 1239 5474 dies
1288 5421 1446 5475 simul
1500 5424 1688 5476 versati
1729 5438 1813 5477 es-

233 5526 371 5577 sent,
408 5530 594 5567 rursus
634 5523 757 5566 sunt
789 5513 1042 5580 separati,
1073 5512 1318 5565 videntes
1346 5527 1404 5567 se
1438 5513 1669 5567 invicem
1710 5514 1818 5582 spi-

235 5609 360 5663 ritu.
393 5607 524 5673 Quis
557 5621 684 5673 ergo
712 5621 814 5659 non
840 5603 1136 5657 admiretur
1167 5602 1323 5673 hujus
1355 5604 1452 5657 viri
1475 5606 1814 5674 sapientiam,

233 5716 393 5771 aqua
451 5699 816 5769 gubernatus,
861 5696 1061 5750 sciebat
1102 5695 1314 5765 quidem
1367 5706 1576 5765 tempus
1602 5694 1813 5765 jejuuii,

233 5795 435 5849 sciebat
493 5802 667 5847 autem
706 5787 870 5860 809
895 5787 1052 5842 etiam
1087 5787 1333 5842 fraterna:
1356 5786 1655 5851 charitatis;
1681 5789 1815 5843 scie-

1921 4699 2039 4753 quze
2071 4682 2135 4735 de
2159 4698 2222 4735 eo
2256 4681 2444 4734 Νεειιω
2474 4697 2502 4732 a
2531 4679 2777 4733 Patribus
2798 4680 3082 4733 constituta
3109 4675 3339 4743 fuerant,
3371 4677 3510 4731 auti-

1921 4791 2038 4844 qum.
2067 4783 2242 4826 autem
2275 4771 2478 4826 servire
2503 4771 2705 4824 malens
2734 4768 3129 4824 consuetudini.
3159 4768 3302 4822 Multi
3327 4779 3511 4823 autem

1923 4865 2012 4919 alti
2047 4862 2362 4918 laborabant
2388 4879 2452 4917 eo
2481 4871 2719 4928 tempore
2748 4861 2932 4916 eadem
2965 4874 3174 4929 quoque
3220 4860 3511 4928 tgnoratio-

1930 4972 2023 5010 nc.
2054 4956 2157 5009 Sed
2187 4971 2407 5024 magnus
2443 4954 2739 5008 Marcianus
2762 4955 2940 5007 multis
2966 4952 3183 5022 quidem
3213 4967 3356 5022 sape
3387 4968 3511 5008 ver-

1924 5058 2006 5114 bis
2029 5073 2180 5124 usus,
2203 5065 2426 5112 conatus
2447 5064 2531 5109 est
2553 5069 2741 5110 senem
2765 5053 3083 5108 Abraamem
3103 5053 3199 5123 (ita
3222 5056 3366 5108 enim
3386 5068 3514 5110 eum

1934 5161 2259 5232 .ppellabant
2287 5159 2376 5232 qui
2404 5160 2462 5214 in
2486 5173 2554 5214 ea
2579 5157 2891 5212 habitabant
2915 5156 3156 5226 regione)
3180 5166 3236 5211 ut
3256 5171 3378 5212 cum
3407 5155 3510 5211 Ec-

1930 5270 2092 5324 clesia
2123 5265 2453 5320 consentiret
2503 5261 2799 5316 traducere.
2828 5259 2960 5314 Cum
2988 5273 3110 5315 eum
3139 5271 3317 5314 autem
3347 5257 3514 5312 vidis-

1927 5384 2007 5428 set
2049 5387 2152 5426 nou
2205 5385 2414 5441 parere,
2445 5375 2630 5436 aperte
2677 5363 2878 5418 destitit
2904 5379 3024 5420 cum
3061 5364 3178 5433 ipso
3200 5360 3506 5416 communi-

1921 5491 2063 5530 care.
2098 5471 2204 5527 Sed
2258 5469 2582 5542 procedente
2612 5477 2869 5534 tempore,
2904 5465 2992 5519 ille
3021 5478 3232 5533 quoque
3257 5463 3340 5516 vir
3366 5460 3510 5515 divi-

1922 5594 2022 5633 nus
2043 5577 2248 5645 al-jccra
2297 5569 2523 5636 macula,
2574 5568 2625 5622 in
2681 5569 2814 5621 festo
2863 5563 3189 5620 celebrando
3228 5562 3512 5623 amplexus

1923 5691 2244 5737 consensum
2303 5670 2587 5733 Ecclesiae,
2637 5684 2762 5724 vere
2809 5667 3045 5736 psallens
3088 5664 3325 5718 cecinit:
3360 5660 3513 5714 Beati

1924 5775 2251 5841 immaculati
2274 5775 2327 5828 in
2358 5773 2442 5828 via
2467 5773 2552 5843 qui
2577 5770 2846 5828 ambulant
2879 5767 2931 5822 in
2949 5767 3066 5837 lege
3099 5763 3306 5819 Domini
3330 5759 3514 5831 (Psot'.
