4052 6362
568 347 638 404 35
1708 348 1795 401 ne
1837 345 2008 401 vms
2046 344 2324 401 enavit
2366 350 2569 407 uasa
2610 349 2697 405 ix.
3779 338 3858 410 se

566 459 775 531 cxmt).
809 460 921 517 Hoc
960 468 1136 517 autem
1172 459 1422 515 effectum
1472 468 1557 515 est
1604 475 1633 514 a
1678 459 1854 529 magni
1903 456 2154 513 Marciani
2182 460 2232 519 Δ
2261 469 2455 519 tetrum
2484 464 2705 520 odorem
2731 464 3019 520 emitteret.
3052 464 3279 522 Volebat
3301 474 3482 522 autem
3516 466 3618 525 hoc
3646 484 3861 542 genere

556 551 829 607 doctrina.

639 645 699 700 Ei
748 645 899 700 multi
929 647 1145 715 qu'detn
1175 645 1373 717 ubique
1401 644 1735 702 :edilicabant
1765 642 2000 699 oratoria
2043 659 2058 701 :
2095 643 2148 698 in

562 735 706 809 Cyro
730 737 966 807 quidem,
995 738 1112 808 ejus
1131 740 1333 793 sororis
1357 739 1492 792 filius
1517 735 1766 810 Alypius;
1798 737 2035 793 Zenobia
2057 753 2146 792 au-

565 836 672 884 tem
699 830 945 899 quaedam
972 832 1026 885 in
1058 831 1339 897 Chalcide,
1381 846 1500 901 qua:
1526 840 1581 886 et
1609 846 1809 902 genere
1839 844 1958 887 erat
1977 833 2145 898 clara,

554 931 617 975 et
642 923 868 993 insignis
897 923 1113 990 virtute,
1141 934 1195 979 et
1245 936 1464 993 magnas
1514 923 1746 979 habebat
1773 926 2007 982 divitias.
2046 923 2145 980 Alii

563 1030 779 1087 quoque
807 1032 911 1072 non
956 1019 1107 1087 pauci
1142 1020 1243 1070 ltoc
1272 1016 1559 1081 faciebant,
1596 1016 1822 1073 victoria
1850 1028 2001 1087 parta
2024 1017 2147 1072 illu-

562 1122 740 1165 strem
775 1110 921 1164 illum
945 1111 1195 1165 athletam
1235 1124 1421 1178 rapere
1448 1111 1858 1164 contendentes.
1888 1112 1997 1165 Hoc
2022 1125 2145 1167 cum

562 1211 749 1258 nosset
774 1202 936 1256 homo
960 1202 1072 1268 Dei,
1096 1201 1633 1271 rogatadmirabilem
1658 1201 1804 1255 illum
1830 1202 2141 1271 Eusebium,

558 1298 705 1351 omni
760 1306 967 1352 terrore
1017 1291 1331 1362 plenumilli
1362 1292 1597 1347 oli'erens
1638 1293 2038 1362 jusjurandum,
2085 1304 2147 1349 ut

551 1404 755 1459 corpus
803 1390 855 1443 in
887 1388 980 1441 illo
1008 1387 1127 1442 loco
1175 1387 1500 1454 deponeret,
1545 1393 1600 1440 et
1649 1400 1808 1440 nemo
1838 1387 2142 1453 sepulcrum

557 1485 898 1554 dignosceret
938 1488 1136 1549 praeter
1175 1478 1314 1533 duos
1340 1478 1427 1547 qui
1459 1478 1616 1533 simul
1648 1476 1962 1532 habitabant
1986 1478 2142 1531 fami-

554 1575 823 1634 liariores.
851 1572 1022 1627 donec
1052 1570 1398 1638 praeteriisset
1419 1584 1641 1640 magnus
1664 1584 1928 1623 annorum
1958 1584 2145 1625 nume.

554 1683 669 1723 rus.
702 1668 815 1724 Hoc
838 1664 1412 1736 autemjnsjurandum
1449 1663 1686 1731 implevit
1723 1664 1888 1718 homo
1933 1664 2019 1719 ille
2049 1664 2144 1718 ad-

547 1761 837 1817 mirabilis.
872 1760 1164 1829 Postquam
1198 1757 1341 1814 enim
1374 1757 1600 1825 insignis
1631 1755 1775 1811 illius
1801 1755 2023 1811 victoris
2046 1771 2143 1810 ve-

2256 554 2493 610 alimentl
2528 556 2784 612 hebetare
2816 560 2897 612 sui
2932 559 3178 625 corporis
3224 560 3604 629 appetitiones,
3633 574 3690 619 et
3717 565 3858 620 efﬁ-

2254 662 2378 703 cere
2409 660 2459 701 ut
2487 648 2659 704 fetore
2689 650 2997 704 nutrimenti
3031 650 3378 707 flaccesceret
3407 652 3677 722 voluptas.
3705 655 3851 712 Cum

2253 749 2429 794 autem
2455 755 2551 809 per
2598 755 2659 797 se
2697 742 2775 796 sic
2816 743 3057 812 degeret,
3086 743 3130 797 si
3159 747 3278 813 quis
3303 760 3368 800 ex
3399 745 3755 804 familiaribus
3776 752 3852 806 ad

2251 847 2371 887 cum
2395 833 2701 899 accederet,
2729 833 3050 903 simpliciter
3085 846 3140 891 et
3170 835 3299 891 citra
3331 837 3625 895 discrimen
3652 857 3813 898 vesce
3841 878 3850 885 ο

2252 927 2408 981 batur
2434 927 2499 982 iis
2521 943 2642 994 quae
2662 930 3085 998 apponebantur.
3118 928 3342 984 Tantam
3372 944 3549 986 autem
3576 932 3843 990 divinitus

2249 1016 2473 1084 gratinn
2520 1029 2827 1086 acceperat,
2860 1028 2917 1072 ut
2945 1021 3140 1072 mulier
3182 1020 3425 1087 quwdam
3474 1024 3845 1090 Antiocltena,

2246 1106 2441 1174 cuique
2471 1118 2524 1161 et
2553 1123 2723 1177 genus
2745 1120 2802 1164 et
2838 1123 2970 1178 Opes
3014 1110 3255 1177 ingentes
3285 1111 3555 1169 faciebant
3583 1116 3843 1181 spiritus,

2248 1199 2312 1250 all
2361 1213 2485 1252 eum
2534 1200 2854 1263 accurre-rit,
2898 1211 2951 1256 et
2980 1200 3030 1256 ei
3064 1201 3378 1271 supplicarit
3410 1212 3467 1257 ut
3489 1219 3644 1273 opem
3678 1207 3848 1261 ferret

2249 1289 2371 1344 ηιίευ
2392 1307 2514 1361 qua:
2540 1294 2879 1347 vexabatura
2906 1295 3149 1349 ilmtttone
3176 1310 3191 1348 :
3223 1293 3277 1349 In
3306 1296 3513 1352 somnis
3547 1300 3716 1364 enim,
3754 1300 3841 1354 in-

2246 1383 2482 1451 quiebat,
2514 1385 2623 1438 vidi
2652 1385 2937 1455 quemdam
2960 1386 3233 1453 jubentem
3259 1395 3319 1440 ttt
3350 1388 3453 1441 huc
3467 1404 3839 1454 accnrrercm,

2247 1484 2301 1527 et
2329 1474 2575 1542 precibus
2607 1476 2844 1544 praesidis
2877 1478 3184 1531 monasterii
3216 1479 3442 1533 salutem
3471 1478 3563 1533 lilii
3587 1495 3843 1550 procura-

2248 1582 2386 1622 retn.
2417 1566 2636 1624 Dicebat
2662 1582 2792 1637 ergo
2820 1568 2865 1623 is
2894 1570 2985 1637 qni
3014 1582 3273 1638 responsa
3299 1569 3484 1635 dabat,
3520 1586 3625 1625 non
3658 1571 3843 1626 solere

2247 1657 2531 1727 przcsidem
2564 1659 2704 1730 loqui
2734 1675 2853 1715 cntn
2878 1661 3214 1717 mulieribus.
3240 1660 3373 1715 Cum
3400 1672 3582 1717 autem
3608 1664 3843 1719 instaret

2247 1749 2461 1815 mulier,
2494 1750 2796 1823 laeryntans
2823 1760 2879 1807 et
2905 1752 3131 1823 ejulans,
3164 1763 3218 1808 et
3245 1756 3483 1824 graviter
3510 1754 3838 1821 vociferans,

553 1854 633 1908 nit
658 1853 799 1915 linis,
824 1862 871 1907 et
898 1853 1098 1905 chorus
1126 1850 1437 1920 angelorum
1468 1862 1675 1902 sacram
1723 1848 1870 1901 illam
1914 1855 1971 1903 et
2003 1848 2143 1903 divi-
2176 1840 2223 1901 Β
2252 1855 2504 1910 egressus
2534 1844 2749 1912 quidem
2781 1855 2867 1899 est
2892 1860 2984 1914 pra
3006 1848 3177 1898 fectus
3230 1846 3576 1914 monasterii;
3623 1846 3842 1903 dicebat

553 1961 675 1999 nam
707 1945 937 1998 animam
972 1942 1037 1996 ad
1068 1942 1318 1996 cmlestes
1368 1940 1644 1995 transtulit
1670 1941 2000 2007 mansiones,
2034 1955 2140 1994 non

542 2036 700 2101 .prius
730 2035 845 2104 ejus
876 2032 1200 2106 signiﬁcavit
1235 2032 1460 2096 obitum,
1492 2031 1667 2085 donec
1693 2047 1813 2085 cum
1843 2030 2051 2086 duobus
2073 2046 2138 2085 ex

551 2126 986 2181 faniiliariorilius
1008 2124 1145 2179 facta
1179 2124 1344 2187 fosSa,
1374 2131 1429 2178 et
1450 2138 1674 2193 corpore
1700 2123 1966 2192 deposito,
1990 2139 2142 2179 como

548 2219 780 2288 planavit
827 2228 984 2273 terra;
1032 2217 1403 2287 superﬁciem;
1451 2225 1504 2271 et
1536 2216 1922 2285 quinquaginta
1975 2217 2135 2270 annis

548 2308 633 2368 vel
664 2311 905 2383 pluribus
918 2310 1138 2380 elapsis,
1162 2323 1282 2363 cum
1309 2307 1727 2362 innumerabiles
1740 2306 2139 2361 concurrissent

546 2416 601 2462 et
624 2422 820 2477 corpus
846 2406 1067 2460 setutati
1097 2410 1300 2467 essent,
1322 2402 1561 2472 ignotum
1582 2400 1781 2455 mansit
1803 2400 2133 2467 sepulcrum.

548 2501 841 2569 Postquam
879 2507 1059 2551 autem
1090 2493 1512 2565 unumquodque
1540 2507 1606 2548 ex
1650 2491 1922 2563 praedictis
1951 2503 2135 2546 orato-

545 2590 661 2655 riis,
689 2606 852 2645 ttnum
876 2590 1087 2659 quidem
1113 2590 1503 2658 apostolorum,
1533 2587 1759 2641 alterum
1782 2601 1911 2639 vero
1935 2594 2135 2657 marty-

538 2693 670 2737 ‘rum
688 2677 893 2749 accepit
927 2680 1203 2749 reliquias,
1230 2693 1419 2733 secure
1440 2676 1698 2747 deinceps
1720 2676 1863 2731 iHins
1881 2677 2131 2732 taberna-

546 2774 655 2828 culi
687 2782 744 2829 et
771 2773 1041 2829 doctrina:
1081 2770 1341 2833 ltarredes,
1390 2786 1510 2824 cum
1549 2770 1761 2824 duobus
1810 2779 1935 2824 ante
1981 2766 2133 2823 annis

541 2880 721 2920 arcam
745 2865 1175 2919 construxissent
1200 2863 1487 2933 lapideam.
1510 2861 1561 2914 in
1586 2876 1647 2915 ea
1682 2870 1976 2929 posuerunt
2014 2874 2136 2929 pre-

542 2957 663 3012 tiosi
687 2956 930 3026 corporis
970 2955 1250 3024 reliquias,
1276 2969 1397 3008 cum
1428 2966 1565 3007 unus
1592 2953 1922 3007 ostendisset
1947 2952 2131 3021 sepul-

540 3065 725 3116 crum;
767 3050 812 3105 is
838 3049 979 3105 enim
1011 3049 1159 3103 solus
1204 3054 1488 3116 supererat
1524 3060 1589 3100 ex
1638 3045 1751 3100 illis
1780 3046 1972 3101 tribus.
1999 3046 2131 3101 Cum

532 3143 689 3198 illius
716 3152 898 3197 autem
924 3140 1113 3197 fuisset
1132 3140 1347 3194 virtutis
1374 3141 1653 3192 muniatur
1674 3137 1950 3193 ‘Eusebins
1972 3137 2134 3191 admi-

2245 1946 2423 1990 antem
2461 1936 2655 1991 mulier
2684 1953 2791 1992 non
2828 1952 2955 1993 esse
3011 1940 3220 2007 ipsum;
3261 1937 3428 1994 fuisse
3461 1949 3640 1994 autem
3670 1940 3839 1995 alium

2243 2030 2347 2086 sibi
2372 2041 2644 2086 ostensum
2670 2032 3151 2097 subrubicundum,
3186 2033 3274 2102 qui
3296 2034 3540 2102 pustulas
3569 2034 3834 2104 quasdam

2243 2121 2479 2177 habebat
2525 2125 2576 2178 in
2626 2125 2801 2194 genis.
2836 2125 2933 2179 libi
2962 2135 3143 2178 autem
3192 2134 3558 2194 cognoverunt
3583 2139 3709 2179 eum
3741 2124 3835 2195 qui

2242 2218 2601 2286 quaare‘batnr,
2634 2230 2749 2272 erat
2804 2228 2980 2272 autem
3014 2218 3058 2272 is
3109 2220 3296 2272 tertius
3341 2217 3684 2284 monasterii,
3723 2235 3832 2274 non

2240 2309 2467 2385 primus,
2494 2323 2615 2363 eum
2660 2324 2972 2379 persuasum
3026 2309 3370 2365 adduxerunt
3398 2310 3463 2361 ad
3495 2310 3781 2364 mulierem
3812 2328 3824 2364 :

2241 2400 2490 2467 protinus
2517 2414 2697 2457 autem
2749 2399 2839 2454 illa
2882 2402 3097 2469 quidem
3146 2400 3361 2469 agnovit
3409 2400 3830 2471 faciem,maltts

2238 2502 2417 2547 autem
2437 2492 2650 2547 daamnn
2674 2496 2975 2550 vociferans
3000 2496 3217 2563 reliquit
3245 2496 3495 2564 puellam.
3531 2496 3655 2550 llmc
3689 2511 3829 2565 prm-

2238 2584 2381 2639 clara
2403 2584 2644 2640 fecerunt
2674 2587 2909 2641 facinora
2940 2590 3117 2656 magni
3151 2588 3402 2643 Marciani
3433 2589 3824 2658 discipulorum

2230 2676 2508 2746 discipuli,
2558 2678 2694 2733 tales
2742 2679 2939 2745 ubique
2996 2679 3206 2748 plantas
3251 2679 3505 2747 plantavit
3556 2678 3827 2749 plantator

2236 2768 2493 2839 optimus.
2547 2769 2659 2838 Ego
2703 2779 2884 2825 autem
2944 2768 3071 2825 huic
3117 2770 3410 2825 narrationi
3441 2786 3628 2825 rursus
3659 2771 3822 2825 linem

2238 2864 2547 2932 imponens,
2582 2880 2712 2933 rogo
2733 2874 2786 2917 υῑ
2829 2879 3010 2934 quasso
3042 2877 3097 2917 ut
3129 2879 3223 2933 per
3256 2864 3444 2918 horum
3468 2864 3706 2919 omnium
3741 2865 3824 2919 in-

2237 2957 2617 3014 tercessionem
2648 2958 2883 3012 divinum
2908 2972 3208 3022 consequar
3229 2956 3509 3011 auxilium.

2854 3048 3083 3103 CAPUT
3125 3048 3208 3102 IV.

2808 3154 3064 3194 essemus
3113 3138 3249 3209 (9.4).

534 3234 749 3299 rabilis,
781 3233 941 3302 longo
990 3241 1231 3301 tempore
1283 3246 1482 3299 carpus
1530 3239 1785 3299 perpetuo
1835 3216 2208 3297 alﬂigebat.C
2308 3234 2503 3301 Quales
2557 3232 2771 3302 quidem
2827 3233 2935 3286 Deo
2990 3231 3248 3285 obtulerit
3296 3228 3501 3285 fructus
3546 3229 3823 3285 desertum
3916 3222 3925 3229 ’

541 3328 674 3384 Nam
699 3342 820 3382 cum
852 3336 1064 3382 centum
1091 3334 1145 3381 et
1171 3324 1354 3393 viginti
1372 3322 1506 3379 ferri
1535 3323 1699 3377 libras
1720 3322 1931 3389 corpori
1962 3321 2130 3377 habe-

549 3419 962 3488 retimpositas,
992 3420 1091 3473 sibi
1121 3432 1333 3487 quoque
1362 3416 1617 3486 impOsuit
1639 3416 1777 3470 alias
1804 3414 1965 3469 divini
1994 3420 2132 3483 Aga-

540 3514 650 3586 peti
668 3512 1078 3585 quinquaginta;
1110 3513 1305 3580 adjecit
1333 3523 1511 3566 autem
1537 3512 1714 3580 magni
1746 3524 1960 3580 quoque
1992 3507 2131 3561 Mar-

542 3607 825 3665 cianialias
839 3607 1140 3677 octoginta;
1168 3606 1593 3661 liabebatamem
1621 3601 2129 3665 oratorium,lacum

532 3701 826 3773 quemdam
848 3699 910 3754 in
935 3714 1039 3769 quo
1081 3697 1227 3753 nulla
1252 3713 1389 3761 aqua
1418 3704 1777 3751 remanserat.
1810 3693 2010 3748 Tribus
2034 3706 2131 3744 au-

541 3804 647 3847 tem
679 3789 833 3844 annis
857 3787 1129 3859 perpetuis
1161 3786 1261 3841 hoc
1301 3786 1460 3843 modo
1486 3789 1652 3841 vitam
1682 3786 1955 3854 transegit.

614 3884 690 3938 Ad
718 3883 831 3938 haec
852 3891 1027 3938 autem
1052 3880 1278 3935 dicenda
1307 3896 1425 3935 sum
1459 3879 1753 3949 digressus,
1787 3894 1907 3933 cum
1936 3880 2126 3938 vellem

538 3974 997 4043 ostendere,quot
1024 3982 1079 4028 et
1111 3983 1429 4043 quantarum
1461 3988 1639 4027 rerum
1671 3982 1819 4028 recte
1849 3983 1903 4028 et
1930 3989 1997 4029 ex
2015 3975 2128 4029 vir-

538 4075 651 4121 tute
678 4073 947 4135 gestarunt
982 4073 1169 4119 auctor
1190 4074 1245 4118 ct
1269 4073 1591 4131 procurator
1620 4065 1785 4134 διο
1811 4064 1971 4119 fuerit
1997 4067 2131 4121 Mar-

537 4158 749 4212 cianus.
796 4156 962 4226 llujus
995 4164 1175 4210 autem
1226 4155 1584 4225 philosophia!
1634 4157 1862 4211 fructum
1917 4174 2128 4230 quoque

530 4250 782 4321 percepit
807 4249 1153 4305 admirandus
1178 4249 1268 4304 ille
1316 4250 1566 4319 Basilius,
1600 4251 1688 4319 qui
1720 4252 1906 4307 multis
1939 4263 2126 4323 postea

536 4341 891 4410 temporibus,
923 4343 1061 4409 apud
1094 4341 1502 4396 Sele-neobelum
1533 4343 1639 4412 (est
1660 4357 1837 4397 autem
1868 4347 1994 4400 urbs
2025 4346 2128 4418 Sy-

543 4432 661 4503 riae)
707 4434 1060 4487 monastic-nm
1109 4433 1379 4487 exstruxit
1433 4432 1812 4501 habitaculum,
1846 4446 1902 4491 et
1949 4438 2125 4494 clarus

534 4522 748 4594 quidem
776 4519 874 4577 fuit
904 4523 954 4578 in
987 4525 1168 4577 multis
1209 4524 1497 4593 generibus
1532 4523 1808 4592 virtutum,
1839 4527 2121 4600 insigniter

2236 3329 2442 3393 sterile,
2461 3342 2653 3395 nempe
2678 3327 2931 3396 pulchros
2962 3334 3018 3379 et
3045 3334 3304 3388 maturos,
3337 3335 3389 3379 et
3422 3326 3469 3379 ei
3498 3326 3587 3393 qni
3616 3325 3823 3390 planta-

2234 3423 2308 3475 vit
2338 3434 2539 3492 gratos,
2588 3429 2643 3476 et
2701 3420 2766 3473 iis
2810 3420 2897 3489 qni
2957 3421 3174 3486 sapiunt
3221 3415 3740 3470 hominibuSrharus
3771 3424 3826 3471 et

2236 3515 2843 3584 maximeexpetentlos,
2864 3512 3198 3567 “Stendimns
3222 3511 3246 3565 ri
3272 3532 3282 3560 ι
3328 3512 3391 3564 iis
3417 3525 3535 3580 qua:
3554 3509 3661 3577 jam
3689 3511 3824 3563 scri-

2238 3617 2340 3677 pta'
2373 3615 2498 3659 sunt
2530 3603 3040 3659 narrmionibnmNe
3071 3602 3189 3672 quis
3215 3612 3391 3655 autem
3416 3600 3686 3654 existimet
3717 3601 3825 3653 vir-

2237 3707 2404 3753 tutem
2430 3710 2554 3750 esse
2582 3696 2699 3749 loco
2731 3692 3191 3761 circumscriptam
3219 3733 3235 3755 ,
3268 3702 3320 3745 et
3346 3691 3514 3745 solam
3565 3689 3826 3744 solitudi-

2237 3805 2361 3845 nem
2408 3803 2530 3843 essc
2576 3797 2754 3857 aptam
2805 3786 2871 3840 ad
2919 3784 3053 3842 tales
3091 3784 3339 3839 ferendos
3379 3783 3661 3848 redditus,
3724 3798 3824 3853 age

2239 3892 2580 3937 transeamus
2611 3881 2865 3946 deinceps
2906 3878 3150 3931 oratione
3178 3876 3242 3930 ad
3293 3886 3493 3931 terram
3526 3889 3643 3947 quas
3674 3874 3825 3930 habi-

2234 3984 2405 4039 tatur,
2424 3983 2479 4029 et
2506 3976 2850 4029 ostendamus
2875 3972 2939 4024 ad
2967 3968 3257 4038 parandam
3284 3969 3674 4039 phil050pltiam
3700 3984 3820 4023 eant

2233 4067 2454 4122 minime
2471 4081 2591 4121 esse
2613 4064 3015 4134 impedimento.

2306 4158 2402 4214 Est
2444 4173 2598 4213 mors
2618 4160 2778 4221 altus,
2810 4157 2896 4226 qui
2924 4154 3217 4211 Antiochia:
3247 4153 3462 4225 quidem
3492 4153 3624 4208 situs
3643 4161 3727 4208 est
3753 4150 3821 4206 ad

2230 4249 2527 4315 Orientem,
2563 4249 2802 4304 llerhoaae
2828 4258 3004 4303 autem
3035 4248 3098 4302 ad
3125 4247 3491 4314 Ucridentein,
3516 4260 3703 4299 omnes
3727 4260 3823 4299 au-

2232 4351 2338 4396 tem
2366 4351 2575 4394 montes
2607 4354 2772 4410 prope
2792 4341 2923 4394 sitos
2946 4347 3187 4407 superat;
3211 4340 3262 4391 in
3287 4353 3497 4392 summo
3528 4346 3705 4390 autem
3726 4352 3820 4390 ca-

2230 4433 2448 4488 cumine
2491 4434 2732 4486 imitatur
2771 4434 2991 4499 tignram
3039 4430 3379 4494 οοηοειὰοιη,
3424 4430 3491 4482 ab
3541 4425 3822 4482 altitudine

2231 4540 2410 4582 autem
2442 4525 3155 4597 accepitdenomiiiationem
3178 4529 3444 4599 ;-zopupr}v
3466 4520 3633 4589 enim,
3663 4521 3713 4575 id
3739 4528 3820 4577 est

527 4626 721 4672 autem
753 4617 932 4672 clarus
986 4616 1038 4671 in
1089 4633 1150 4671 ea
1207 4634 1324 4686 qua:
1382 4618 1491 4673 Deo
1523 4618 1680 4691 longe
1708 4630 1792 4675 est
1822 4626 2123 4692 gratissima
2155 4601 2208 4661 Ῐ)
2236 4627 2513 4688 verticem,
2533 4638 2653 4677 eum
2686 4624 2861 4675 solent
2904 4619 3183 4688 appellare
3205 4618 3421 4673 arcolae.
3450 4617 3587 4671 Olim
3618 4617 3734 4686 ejus
3763 4616 3818 4671 in

526 4708 883 4779 :possessione
922 4708 1223 4776 charitatis,
1248 4719 1315 4763 et
1358 4711 1409 4763 in
1438 4709 1621 4765 divino
1652 4728 1817 4778 opere
1847 4713 2128 4785 hospitali-

522 4799 680 4854 ctatis.
715 4802 881 4868 Quam
912 4801 1107 4855 multos
1130 4814 1311 4855 autem
1336 4803 1419 4856 hic
1449 4818 1661 4873 quoque
1687 4805 1794 4859 Dro
1822 4807 2129 4865 exhibuerit

522 4894 838 4960 operarios,
870 4894 1005 4947 citra
1038 4893 1320 4961 pudorem,
1345 4903 1406 4948 ut
1451 4897 1747 4963 apostolice
1778 4899 1974 4966 dicam,
2000 4918 2125 4958 Ver-

525 4981 665 5036 bum
719 4990 1014 5038 tractantes
1047 4984 1320 5050 veritatis,
1350 4984 1470 5057 quis
1502 4986 1653 5042 facile
1694 4994 2128 5050 enumeraverit?

526 5072 668 5125 ﬁam
720 5082 775 5124 ut
806 5074 939 5127 alios
967 5076 1016 5127 in
1073 5077 1357 5143 praesentia
1404 5081 1807 5143 praetermittam
1830 5124 1843 5148 ,
1869 5086 1955 5154 qui
1998 5095 2126 5141 sunt

520 5163 752 5233 «quidem
780 5163 937 5219 laude
958 5165 1121 5234 digni,
1150 5166 1307 5220 nimis
1336 5178 1511 5223 autem
1546 5172 1804 5240 prolixam
1836 5175 2125 5234 redderent

522 5259 920 5323 narrationem,
966 5257 1123 5327 hujus
1167 5260 1324 5316 unius
1354 5271 1408 5317 et
1442 5262 1609 5319 solius
1656 5267 1972 5321 meminero.
2004 5268 2125 5326 Fuit

523 5351 756 5422 quidam
782 5350 871 5421 qui
901 5352 966 5407 ad
1009 5366 1132 5407 eum
1164 5355 1480 5421 ventitabat,
1521 5371 1644 5411 eum
1671 5367 1851 5412 autem
1882 5363 2122 5429 appella-

522 5446 667 5497 εἰδείη
695 5443 975 5509 Sabinum,
1007 5445 1097 5514 qui
1125 5460 1319 5514 corpus
1353 5450 1685 5516 consumpsit
1730 5450 2004 5507 latioribus
2031 5454 2114 5508 in.

526 5533 982 5607 numerabilibus.
1007 5536 1190 5606 Neque
1216 5542 1361 5592 enim
1388 5543 1556 5607 panis,
1584 5556 1755 5607 neque
1777 5543 1987 5597 obsonii
2022 5546 2120 5600 fuit

517 5630 762 5700 alicujus
790 5631 1057 5701 particeps
1087 5648 1100 5684 :
1125 5630 1278 5686 cibus
1308 5642 1484 5686 autem
1529 5645 1645 5688 erat
1674 5636 1723 5691 ei
1778 5635 1943 5690 farina
1979 5654 2115 5708 aqua

520 5722 852 5779 madefacta.
884 5722 1250 5777 Consuevernt
1296 5734 1474 5778 autem
1503 5726 1547 5779 is
1578 5734 1748 5783 totum
1776 5729 1933 5782 unius
1964 5745 2115 5784 men-

517 5815 606 5870 sis
628 5816 858 5871 miscere
880 5814 1312 5882 nutrimentum,
1353 5826 1410 5871 ut
1452 5818 1610 5873 situm
1663 5821 2031 5885 contraheret,
2064 5834 2117 5878 et

2232 4733 2444 4772 summo
2477 4715 2810 4769 verticeerat
2841 4712 3095 4780 templum
3143 4711 3475 4773 daemonum,
3507 4709 3647 4779 quod
3676 4706 3817 4777 apud

2237 4808 2449 4862 vicinos
2471 4807 2521 4859 in
2553 4821 2745 4876 magno
2773 4815 2887 4858 erat
2920 4803 3123 4857 honore
3154 4820 3165 4855 :
3191 4803 3378 4857 subtus
3402 4810 3581 4856 autem
3603 4801 3668 4854 ad
3710 4800 3821 4855 Mc-

2231 4900 2419 4954 ritliem
2464 4908 2605 4968 patet
2645 4911 2863 4965 campus
2884 4936 2899 4961 ,
2931 4893 3081 4948 sinus
3123 4909 3231 4963 prie
3260 4909 3318 4947 se
3350 4894 3527 4947 ferens
3558 4891 3813 4960 llguram.

2230 4992 2317 5060 qui
2350 5004 2600 5057 utrinque
2622 4997 2901 5043 coercetur
2916 4986 3053 5040 ulnis
3075 5000 3179 5038 non
3200 4985 3485 5039 admodum
3512 4984 3654 5039 altis.
3686 4980 3818 5038 Per-

2236 5084 2405 5135 tinent
2430 5092 2607 5136 autem
2653 5095 2729 5133 em
2755 5093 2920 5148 usque
2960 5076 3026 5129 ad
3073 5077 3209 5131 \iam
3239 5091 3344 5147 qua
3381 5077 3672 5145 equitatur,
3695 5089 3819 5145 quae

2229 5174 2479 5241 utrinque
2509 5188 2537 5225 a
2592 5170 2811 5225 Meridie
2865 5171 2929 5226 ad
2976 5170 3411 5240 Septentrionem
3453 5179 3613 5223 secta:
3658 5177 3817 5230 sunt,

2228 5264 2447 5317 semitas
2493 5264 2838 5331 excipientes.
2884 5264 2937 5317 ln
2976 5277 3043 5316 eo
3091 5271 3268 5315 autvm
3320 5271 3445 5315 sunt
3486 5268 3819 5315 constructa:

2229 5358 2367 5415 villze
2406 5370 2458 5414 et
2502 5374 2709 5429 magna:
2747 5368 2799 5412 et
2858 5373 3062 5426 parvae,
3098 5359 3439 5411 continentes
3471 5355 3534 5410 iis
3564 5355 3651 5426 qui
3692 5362 3820 5410 sunt

2232 5453 2478 5522 utrinque
2504 5450 2793 5505 tnon'ibns.
2828 5450 3049 5515 Pmpter
3072 5450 3210 5518 ipsas
3232 5458 3411 5504 autem
3444 5448 3639 5504 excelsi
3664 5463 3819 5501 mon-

2230 5544 2295 5596 tis
2324 5557 2468 5606 oras,
2498 5551 2581 5595 est
2624 5540 2838 5611 quidam
2892 5543 3044 5595 vicus
3075 5541 3339 5595 maximus
3389 5552 3442 5595 et
3483 5539 3682 5611 populo
3704 5539 3817 5597 fre-

2227 5634 2640 5703 qucnlissimus;
2674 5632 2937 5687 vocabulo
2969 5642 3147 5689 autem
3186 5632 3419 5703 regionis
3448 5647 3570 5688 eum
3622 5640 3817 5688 vocant

2226 5726 2479 5783 Teledam
2507 5724 2623 5795 (25)
2650 5742 2663 5777 :
2698 5723 2749 5778 in
2773 5725 3038 5794 superiori
3064 5736 3241 5782 autem
3267 5735 3420 5797 parte
3451 5725 3642 5781 lateris
3669 5740 3813 5778 tuon-

2227 5827 2292 5878 tis
2322 5830 2405 5876 est
2434 5819 2647 5888 quidam
2672 5817 2838 5875 saltus
2862 5834 2966 5874 non
3013 5819 3302 5878 admodum
3334 5818 3573 5884 acclivis,
3599 5816 3692 5875 sed
3720 5805 3813 5889 qui
