4052 6362
292 314 367 374 37
1394 316 1851 385 PHILOTIIEUS,
1892 333 2010 373 Sl\'l‘.
2051 321 2507 378 TﬂEUPlllLES.
3509 329 3579 382 38

296 436 512 494 modice
532 435 845 500 inclinatur,
873 443 1123 505 spectans
1145 442 1210 488 au
1235 434 1383 489 illum
1405 448 1654 505 campum
1683 445 1737 490 et
1766 450 1889 489 ven-
1922 433 1964 488 A
1994 449 2055 489 es
2090 434 2182 489 Di-i
2215 437 2304 506 qui
2349 446 2399 492 te
2432 438 2558 492 fecit
2605 438 2801 493 ardens
2833 446 3074 506 amator;
3129 438 3324 495 multos
3364 456 3577 515 quoque

295 535 415 583 tum
446 538 747 582 austerum.
769 528 822 580 ln
856 542 919 580 eo
944 527 1297 596 philosophim
1318 527 1650 597 gymnasium
1675 536 1886 581 exstru-

295 619 379 675 xit
424 618 644 689 quidam
696 618 1030 678 Ammianus,
1065 620 1146 674 vir
1181 620 1272 686 qui
1303 636 1422 674 cum
1457 621 1643 675 multis
1672 621 1886 690 quidem

293 711 418 767 aliis
447 712 730 766 virtutibus
781 721 926 766 esset
984 712 1179 777 clarus,
1216 724 1324 767 tum
1362 730 1571 768 summa
1624 714 1885 769 modestia

277 802 759 871 'superabatalios.
793 801 901 854 lloc
926 813 1103 856 autem
1136 804 1265 856 satis
1294 812 1378 856 est
1404 804 1724 871 argumenti.
1757 804 1885 859 Ete-

297 896 408 951 nim
440 910 560 948 cum
614 894 678 948 ad
722 896 1046 959 doctrinam,
1080 911 1187 949 non
1218 896 1391 951 solum
1437 899 1547 950 suis
1585 898 1883 959 sodalibus,

293 988 389 1044 sed
420 989 502 1043 vel
554 989 634 1041 bis
666 987 885 1041 totidem
918 988 1036 1041 aliis
1078 998 1258 1056 posset
1305 989 1589 1054 sufﬁcere,
1625 1004 1767 1058 saepe
1819 991 1884 1044 ad

292 1096 549 1151 magnum
575 1080 893 1135 accurrebal
920 1080 1233 1147 Eusebium,
1268 1097 1464 1152 rogans
1491 1094 1545 1138 et
1573 1086 1884 1154 supplicans

292 1181 356 1226 ut
386 1173 431 1226 is
455 1187 573 1227 esse
597 1173 760 1226 vellet
790 1172 1027 1241 adiutor,
1062 1172 1357 1240 pmdotriha
1400 1185 1452 1229 et
1484 1176 1735 1243 magister
1764 1176 1884 1246 ejus

292 1264 560 1334 palazstrzc
611 1278 768 1332 quam
817 1261 1184 1318 fundaverat:
1225 1264 1413 1320 aberat
1461 1277 1641 1322 autem
1696 1268 1882 1338 viginti

294 1356 533 1422 quinque
570 1354 778 1419 stadiis,
810 1355 864 1409 in
909 1359 1141 1425 quodem
1170 1356 1326 1410 valde
1359 1373 1522 1426 parvo
1547 1359 1879 1427 habitaculo,

294 1456 353 1501 et
377 1446 517 1510 quod
540 1461 637 1501 nec
660 1445 926 1501 fenestras
951 1448 1162 1514 quidem
1188 1447 1438 1518 habebat,
1459 1451 1715 1507 inclusus.
1749 1453 1880 1508 Eum

294 1550 473 1595 autem
515 1541 581 1594 ad
616 1541 751 1595 hanc
781 1540 1030 1595 virtutem
1062 1542 1360 1597 deduxerat
1406 1544 1732 1609 Marcianus,
1766 1547 1882 1616 ejus

289 1635 509 1703 quidem
540 1644 791 1702 patruus,
836 1634 1009 1689 fidelis
1056 1647 1235 1691 autem
1287 1636 1381 1691 Dei
1429 1654 1635 1694 servus.
1677 1640 1882 1696 Sufficit

286 1728 433 1781 enim
485 1727 586 1782 hoc
629 1727 830 1791 dicere,
867 1744 988 1781 eum
1022 1730 1184 1783 etiam
1221 1745 1470 1799 magnum
1504 1733 1743 1804 Moysem
1777 1734 1879 1788 hoc

1995 535 2171 580 tecum
2197 528 2330 581 alios
2358 527 2511 582 efﬁce
2547 537 2846 594 amatores;
2878 529 2978 584 hoc
3004 531 3145 584 enim
3174 544 3253 585 est
3284 531 3436 586 valde
3456 548 3573 601 gra—

1995 627 2105 672 tum
2131 623 2398 673 communi
2421 620 2662 674 Domino.
2693 621 2979 689 Propterea
3006 622 3336 678 Ezechielem
3362 640 3576 695 quoque

1991 711 2278 779 appellavit
2307 714 2726 782 speculatorem,
2763 726 2814 768 et
2847 717 3219 782 peccatoribus
3240 718 3397 784 jussit
3424 723 3578 774 testi-

1992 804 2138 858 ficari
2168 802 2381 873 (Ezech.
2419 808 2519 871 Ill),
2553 816 2604 859 et
2636 806 2823 860 Jonam
2852 808 3011 875 jussit
3043 823 3261 866 currere
3307 796 3575 879 Ninivem,

1990 904 2045 950 et
2073 896 2342 951 nolentem
2376 898 2740 953 transmisitin
2764 900 3184 972 vinculisUmiw
3214 903 3275 972 ι).
3300 906 3432 960 Cum
3461 912 3574 961 Iure

1999 984 2275 1041 diceretet
2308 987 2519 1051 similia,
2549 987 2785 1042 divinum
2809 991 2981 1045 virum
3009 995 3385 1062 mansuefecit,
3409 1007 3461 1052 et
3489 1013 3577 1051 vo-

1993 1076 2226 1132 luntario
2278 1078 2371 1132 illo
2398 1078 2594 1134 elfosso
2623 1095 2860 1147 carcere,
2905 1084 3088 1138 eduxit
3129 1095 3184 1140 ct
3232 1086 3469 1151 abduxit,
3520 1099 3575 1143 et

1987 1185 2205 1226 suorum
2230 1171 2491 1226 sodalium
2509 1174 2555 1226 ei
2586 1160 2769 1228 curaui
2790 1162 3028 1231 tradidit.
3054 1178 3163 1247 Ego
3186 1188 3361 1234 autem
3390 1182 3575 1235 nescio

1994 1272 2171 1318 utrum
2198 1264 2314 1331 phis
2338 1263 2593 1325 admirer,
2621 1265 2850 1334 hujusne
2875 1268 3315 1336 moderationem,
3347 1287 3411 1325 an
3432 1273 3571 1327 illius

1984 1354 2370 1419 obedientiam,
2402 1365 2456 1411 et
2496 1357 2637 1427 quod
2669 1357 2736 1411 ab
2764 1372 2831 1411 eo
2876 1359 2944 1412 sit
2995 1375 3302 1428 persuasus.
3333 1363 3380 1418 Is
3428 1364 3570 1418 enim

1985 1449 2224 1520 fugiebat
2264 1449 2639 1519 principatum,
2672 1460 2729 1505 et
2769 1453 2939 1520 magis
2989 1453 3205 1509 volebat
3252 1471 3373 1512 esse
3402 1473 3464 1512 ex
3506 1456 3573 1513 iis

1984 1540 2071 1609 qui
2101 1544 2376 1607 parebant,
2400 1553 2453 1595 ut
2471 1542 2560 1611 qui
2577 1544 2904 1610 praefecturae
2922 1544 3232 1601 formidaret
3251 1548 3569 1615 periculum;

1982 1642 2037 1688 et
2062 1649 2282 1704 magnus
2311 1634 2573 1690 Eusebius
2615 1640 2962 1691 aversabatur
3002 1640 3218 1706 quidem
3249 1656 3370 1694 cum
3402 1642 3575 1713 pluri:

1986 1725 2086 1779 bus
2113 1726 2595 1789 conversationem,
2619 1728 2781 1783 cessit
2811 1739 2988 1782 tamen
3008 1770 3023 1793 ,
3054 1739 3108 1784 et
3146 1740 3332 1798 captus
3363 1733 3570 1787 retibus

286 1821 608 1888 cognomine
637 1819 915 1873 honoratit
965 1820 1243 1876 Dominus.
1276 1821 1373 1878 llic
1410 1822 1711 1879 Marcianus
1751 1841 1873 1880 cum
1916 1801 1958 1863 Β
1984 1817 2280 1883 Charilaus.
2313 1820 2550 1887 διιεεθβῗῐ
2577 1834 2758 1873 Cum"
2788 1822 2998 1889 ετθείε,
3034 1830 3087 1874 ει
3132 1820 3285 1876 dum
3319 1813 3566 1891 οιιοτυῐηξ

286 1911 533 1964 divinum
581 1920 855 1979 gustasset
884 1926 1149 1977 amorem,
1181 1914 1351 1967 noluit
1379 1914 1524 1969 solus
1558 1915 1659 1970 frui
1691 1915 1876 1983 bonis,

280 2002 381 2058 sed
406 2003 604 2056 multos
653 2004 812 2057 etiam
842 2000 974 2058 fecit
1022 2004 1157 2057 alios
1187 2006 1236 2058 in
1266 2021 1452 2062 amore
1494 2007 1656 2079 811
1677 2012 1875 2065 socios.

288 2091 527 2149 Venatus
556 2104 638 2148 est
665 2107 841 2173 autem
865 2105 917 2149 et
942 2111 1190 2163 magnum
1218 2095 1525 2163 Eusebium,
1551 2107 1604 2151 et
1630 2099 1745 2167 ejus
1772 2096 1877 2152 ira-

283 2196 423 2242 trem
454 2188 541 2258 qui
568 2187 620 2241 in
653 2187 760 2242 vita
794 2203 920 2242 vere
946 2204 1157 2258 quoque
1184 2199 1300 2244 erat
1333 2190 1514 2246 frater.
1541 2191 1654 2245 Non
1687 2193 1872 2248 existi.

283 2279 455 2331 ntavit
483 2276 624 2332 enim
652 2278 841 2332 rationi
870 2292 991 2333 esse
1014 2294 1077 2333 ιο
1104 2288 1433 2335 seutanentn
1460 2291 1515 2334 ut
1546 2297 1638 2335 eos
1661 2284 1874 2351 quidem

284 2370 373 2437 qui
428 2369 496 2424 ad
543 2386 666 2424 eum
698 2371 826 2425 nihil
858 2372 1148 2425 attinebant
1186 2380 1472 2428 venaretur
1499 2374 1565 2428 ad
1596 2376 1872 2437 virtutem,

282 2461 479 2515 fratres
507 2470 685 2514 autem
734 2477 838 2516 non
894 2462 1099 2518 itidem.
1136 2463 1242 2519 llos
1288 2480 1420 2533 ergo
1455 2467 1643 2520 ambos
1669 2483 1789 2523 cum
1821 2470 1872 2522 iu

284 2565 443 2617 parva
492 2550 799 2607 inclusisset
829 2552 1178 2618 domuncula,
1220 2569 1314 2609 ens
1340 2558 1699 2626 evattgeliizatn
1747 2559 1872 2614 vita:

282 2643 513 2699 docebat
545 2648 829 2701 rationem.
864 2646 968 2701 Sed
998 2648 1209 2702 fratrem
1238 2648 1453 2718 quidem
1480 2650 1696 2705 morbus
1726 2653 1874 2706 inva-

283 2735 439 2798 dens,
476 2736 621 2789 illttm
650 2752 864 2791 cursum
900 2739 1215 2807 interrupit;
1251 2740 1496 2795 morbum
1522 2758 1667 2798 mors
1692 2755 1870 2799 autem

283 2835 363 2879 est
388 2837 676 2880 consecuta
705 2844 722 2883 :
752 2844 873 2881 nam
904 2844 1025 2882 cum
1057 2830 1237 2898 paucis
1263 2830 1451 2885 diebus
1479 2832 1702 2888 vixisset
1727 2849 1871 2904 po~t-

283 2933 436 2987 quam
470 2919 614 2973 illinc
637 2931 717 2973 est
742 2922 1147 2988 egressus,vit:e
1173 2920 1331 2975 fiuitm
1372 2926 1600 2993 accepit.
1624 2925 1871 2982 Perman-

281 3016 348 3069 sit
375 3026 551 3071 autem
583 3032 809 3087 magnus
835 3019 1097 3074 Eusebius
1127 3030 1236 3075 toto
1267 3033 1505 3091 tempore
1535 3023 1656 3076 vitm
1677 3022 1868 3089 patrui,

283 3124 451 3179 neque
480 3124 601 3164 cum
636 3112 743 3165 ullo
775 3114 1017 3183 loquens,
1072 3130 1245 3181 neque
1286 3115 1454 3170 lucem
1511 3116 1740 3180 intuens,
1771 3116 1863 3167 sed

1980 1924 2088 1962 non
2119 1910 2302 1964 multis
2342 1911 2519 1964 verbis
2550 1926 2685 1978 opus
2713 1912 2916 1966 habens
2939 1914 3003 1966 ad
3036 1913 3370 1981 docendum;
3412 1917 3567 1971 suffi-

1979 1999 2153 2053 ciebat
2179 2001 2322 2053 enim
2350 2002 2430 2054 vel
2453 2001 2603 2055 solus
2631 2015 2905 2068 aspectus,
2935 2013 2992 2058 ut
3021 2005 3103 2059 vel
3135 2006 3292 2077 longe
3328 2007 3575 2084 tardissi:

1979 2106 2120 2159 mum
2145 2092 2370 2146 celerem
2394 2092 2636 2147 efficeret
2672 2094 2735 2146 ad
2765 2109 2980 2149 cursum
3004 2097 3236 2153 virtutis.
3259 2099 3449 2153 Dicunt
3473 2114 3566 2153 au-

1979 2192 2085 2236 tem
2114 2182 2201 2251 qui
2237 2181 2502 2239 viderunt.
2534 2200 2654 2237 eum
2686 2198 2902 2251 διιιιιιιει·
2932 2185 3179 2242 habuisse
3207 2203 3424 2258 gravem
3450 2189 3565 2244 vul-

1980 2284 2115 2339 ttttn,
2163 2284 2217 2329 et
2246 2276 2332 2343 qui
2368 2286 2574 2343 poterat
2599 2276 2845 2329 timorem
2881 2276 3075 2331 afferre
3102 2280 3486 2345 SpeCIantihus.

2048 2368 2237 2422 Cibum
2269 2377 2444 2421 autem
2476 2368 2588 2429 ipse
2615 2370 2829 2439 quidem
2849 2369 3092 2438 capiebat
3110 2374 3265 2425 tertio
3292 2381 3556 2441 etquarto

1975 2477 2188 2531 quoque
2217 2461 2325 2525 die,
2357 2462 2422 2515 iis
2443 2474 2623 2517 autem
2649 2468 2736 2531 qui
2769 2480 2950 2518 secum
2982 2464 3313 2531 habitabant,
3334 2464 3562 2536 jubebat

1977 2551 2120 2608 vesci
2137 2554 2357 2606 alternis
2374 2553 2579 2608 diebus.
2601 2554 2949 2623 Praecipiebat
2969 2565 3145 2611 autem
3160 2572 3279 2612 cum
3298 2557 3405 2611 Deo
3425 2560 3560 2613 assi-

1975 2645 2080 2699 due
2091 2645 2322 2716 colloqui
2342 2646 2480 2717 ('26),
2500 2655 2554 2701 ct
2569 2647 2772 2701 nullum
2800 2658 3009 2716 tempus
3023 2647 3321 2720 relinquere
3335 2666 3555 2727 vacuum

1973 2735 2042 2790 ab
2070 2736 2170 2791 hac
2191 2736 2523 2803 Operatione,
2554 2736 2648 2791 sed
2672 2736 3031 2792 communiter
3054 2739 3267 2808 quidem
3294 2740 3557 2806 prmfinita

1974 2832 2192 2899 exsequi
2226 2830 2400 2885 officia
2428 2849 2443 2897 ;
2479 2841 2660 2901 partes
2692 2842 2871 2886 autem
2911 2832 3017 2887 diei
3042 2851 3161 2900 qua:
3193 2828 3563 2905 intercedunt,

1974 2936 2409 2992 unumquemque
2430 2936 2526 2990 per
2554 2936 2633 2984 se,
2658 2922 2738 2975 vel
2770 2924 2871 2977 sub
2898 2923 3074 2993 aliqua
3102 2924 3291 2978 umbra
3318 2926 3553 2993 arboris,

1973 3011 2055 3064 vel
2091 3022 2305 3078 propter
2337 3021 2541 3078 petram
2570 3012 2822 3080 aliquam,
2858 3014 2939 3066 vel
2974 3014 3279 3083 ubicunque
3309 3000 3564 3085 quiesce-1

1975 3114 2057 3159 ret
2086 3104 2300 3175 aliquis,
2334 3103 2416 3157 vel
2468 3113 2723 3171 stantem,
2762 3104 2842 3159 vel
2878 3106 3021 3159 humi
3047 3098 3340 3175 jacentem,
3372 3123 3561 3180 rogare

280 3208 533 3267 perpetuo
559 3200 795 3255 inclusus
827 3219 841 3255 τ
873 3210 928 3256 et
957 3215 1072 3269 post
1104 3202 1241 3256 illius
1276 3214 1503 3258 mortem
1540 3204 1675 3260 hanc
1701 3205 1857 3258 vitam
1891 3189 1937 3250 C
1976 3197 2280 3260 Dominum.
2311 3203 2367 3250 cl
2391 3204 2572 3264 pelere
2603 3197 2855 3251 δθῐυιθῖη-
2894 3196 2968 3251 lla
2995 3208 3173 3253 aulem
3208 3216 3559 3270 unamquam-

279 3301 359 3344 est
384 3292 666 3358 ampleXiis
689 3334 706 3358 ,
764 3294 934 3348 donec
963 3292 1295 3349 admirabilis
1337 3296 1427 3350 ille
1479 3295 1793 3352 Ammianus
1816 3297 1862 3350 ei

279 3380 461 3451 multis
486 3381 706 3435 delinito
735 3381 980 3452 precibus
1002 3386 1287 3453 persuasit.
1319 3386 1410 3441 Dic
1431 3388 1574 3443 enim
1603 3387 1752 3450 mihi,
1800 3388 1864 3440 ad

278 3469 425 3523 illum
448 3470 682 3537 (licebat,
722 3487 755 3525 ο
785 3473 1005 3540 optime,
1036 3475 1248 3529 cuinam
1275 3477 1487 3545 placere
1517 3476 1862 3542 existimans,

279 3562 599 3618 laboriosam
630 3565 767 3620 hanc
794 3567 1174 3636 sordidamque
1213 3578 1268 3623 et
1292 3569 1587 3637 squalidam
1616 3570 1777 3623 vitam
1805 3586 1865 3623 es

278 3654 631 3719 persecutus?
657 3655 786 3708 Cum
838 3669 1036 3723 amem,
1067 3667 1125 3712 ιιι
1153 3674 1248 3727 par
1278 3670 1379 3723 est,
1413 3660 1457 3714 is
1487 3661 1671 3729 utique
1701 3659 1864 3715 divis-

278 3752 397 3799 set:
431 3744 543 3799 Deo
592 3748 679 3814 qui
736 3758 818 3802 est
864 3748 1077 3804 virtutis
1125 3752 1405 3819 legislator
1460 3762 1512 3807 et
1563 3755 1861 3824 magister:

277 3833 537 3901 Quoniam
563 3851 691 3906 ergo
718 3853 839 3892 eum
867 3855 1036 3905 amas,
1071 3841 1239 3908 inquit
1279 3842 1613 3911 Ammianus,
1639 3859 1740 3914 ego
1770 3846 1861 3899 tibi

278 3928 493 3981 modum
524 3930 802 3984 ostendam
827 3947 922 4001 per
942 3947 1100 4002 quem
1124 3945 1178 3988 et
1206 3948 1445 3989 amorem
1474 3937 1641 4005 magis
1670 3951 1863 3991 accen-

277 4019 391 4086 des,
422 4031 478 4073 et
522 4020 571 4075 ei
598 4037 755 4090 quem
805 4038 953 4079 amas
984 4025 1206 4079 servies.
1235 4025 1364 4080 Nam
1402 4027 1544 4095 quod
1573 4029 1749 4083 omnis
1776 4038 1864 4083 tua

275 4124 398 4166 cura
428 4120 484 4167 et
505 4112 766 4168 industria
787 4116 836 4169 itt
861 4116 1087 4185 teipsum
1113 4128 1474 4179 convertatur.
1500 4135 1602 4173 non
1626 4119 1861 4189 effugiet,

275 4211 331 4255 ut
358 4205 557 4271 sentio,
582 4206 785 4262 crimen
815 4208 963 4261 nimii
987 4209 1038 4262 in
1063 4220 1113 4262 te
1139 4209 1310 4278 ipsum
1337 4209 1553 4264 amoris.
1588 4210 1694 4267 Lex
1719 4212 1859 4267 enim

274 4294 449 4350 divina
474 4295 627 4366 jubet
655 4300 951 4366 proximum
975 4315 1157 4357 amare
1183 4310 1240 4357 ut
1262 4304 1488 4373 teipsum
1521 4304 1695 4374 (liam.
1716 4306 1854 4375 xui).

274 4386 466 4440 Multos
495 4400 678 4442 autem
703 4405 862 4457 opum
893 4406 1109 4447 sumere
1146 4394 1450 4463 participes,
1499 4396 1599 4451 hoc
1629 4408 1711 4452 est
1739 4413 1862 4467 pro-

275 4478 449 4546 prium
480 4480 594 4534 veri
624 4482 859 4536 muneris
888 4484 1185 4538 charitatis.
1238 4485 1384 4541 lianc
1433 4497 1611 4542 autem
1651 4488 1860 4543 divinus

1969 3305 2072 3356 que
2099 3303 2163 3343 ex
2194 3288 2435 3358 partibus
2466 3287 2710 3358 corporis
2736 3287 2953 3343 edocuit
2976 3289 3249 3356 virtutem,
3284 3299 3342 3347 ut
3364 3293 3450 3347 illa
3478 3295 3556 3347 fa-

1967 3388 2115 3434 ceret
2153 3394 2273 3447 qn:e
2304 3378 2418 3432 sola
2466 3378 2725 3441 permittit
2756 3377 2913 3432 ratio.
2960 3378 3029 3434 Ut
3076 3391 3254 3434 autem
3289 3381 3388 3438 hoc
3427 3384 3555 3451 red-~

1967 3473 2088 3525 dam
2122 3471 2458 3523 manifestum
2486 3470 2757 3535 omnibus,
2791 3471 3118 3526 mentionem
3156 3471 3350 3528 faciam
3388 3475 3550 3530 unius

1966 3546 2101 3631 ejus.
2115 3560 2454 3615 narrationis.

2042 3652 2273 3707 Sedebat
2296 3666 2457 3720 super
2479 3651 2763 3720 quamdam
2790 3659 2994 3721 petram
3025 3652 3139 3722 ipse
3168 3663 3221 3708 et
3244 3656 3556 3713 Ammianus

1967 3746 2058 3802 ille
2084 3745 2508 3810 admirabilis,et
2533 3743 2833 3799 divinorum
2850 3747 3248 3819 evangeliorum
3276 3748 3551 3805 historiam

1967 3837 2101 3891 alter
2129 3838 2341 3905 quidem
2392 3836 2625 3906 legi-bat,
2677 3838 2812 3888 alter
2851 3851 2983 3889 vero
3011 3852 3194 3890 eorum
3231 3854 3349 3907 quae
3398 3848 3555 3895 erant

1966 3929 2273 3983 obscuriora
2306 3925 2603 3994 explicabat
2644 3925 2989 3984 sententiam.
3036 3923 3168 3980 Cum
3214 3937 3397 3982 autem
3424 3929 3543 4000 qui-

1966 4024 2086 4075 dam
2135 4020 2383 4092 agricolae
2436 4018 2487 4073 in
2528 4010 2769 4087 subjecto
2801 4033 2994 4087 campo
3028 4028 3229 4073 terrain
3280 4021 3547 4089 colerent,

1964 4116 2029 4170 ad
2072 4115 2207 4169 hanc
2258 4112 2763 4181 contemplationem
2819 4126 3042 4181 magnus
3082 4122 3282 4167 tractus
3328 4123 3409 4169 est
3444 4114 3553 4170 Ett—

1965 4209 2166 4263 sehius.
2226 4207 2358 4261 Cum
2428 4214 2603 4259 autem
2670 4202 2883 4259 divinus
2952 4205 3266 4259 Ammianus
3331 4205 3553 4275 legisset

1966 4302 2140 4356 locum
2169 4298 2533 4369 evangelicum
2556 4337 2571 4360 ,
2596 4298 2964 4351 sciscitaretur
3003 4308 3181 4352 autem
3220 4300 3551 4368 interpreta-

1967 4397 2164 4449 tionem
2182 4436 2194 4457 ,
2222 4392 2382 4461 jussit
2410 4405 2634 4460 magnus
2667 4389 2928 4444 Eusebius
2969 4398 3028 4442 ut
3056 4399 3327 4457 repeteret
3355 4390 3547 4445 lectio-

1965 4503 2108 4541 niam.
2139 4487 2271 4539 Cum
2302 4487 2347 4539 is
2372 4495 2546 4539 autem
2578 4482 2832 4537 dixisset:
2869 4482 2936 4535 lis
2966 4482 3054 4550 qtti
3112 4494 3262 4535 arant
3292 4474 3429 4538 forte
3455 4483 3554 4536 de-

275 4567 468 4623 Panlus
495 4572 776 4640 appellavit
802 4574 942 4649 legis
974 4576 1360 4641 plenitudinem
1391 4576 1587 4647 (Colat.
1616 4580 1691 4648 v).
1722 4580 1856 4635 Rur-
1888 4570 1940 4630 Ι)
1966 4579 2221 4638 lectatus,
2255 4575 2473 4629 minime
2507 4573 2771 4627 exaudiin
2792 4614 2806 4637 ,
2847 4580 2905 4626 ut
2947 4581 3030 4626 est
3066 4570 3364 4627 verisimile
3394 4590 3405 4623 :
3437 4572 3555 4627 suis
3636 4565 3646 4576 ’

273 4675 361 4715 sus
374 4678 585 4733 quoque
607 4667 826 4719 clamat:
844 4666 980 4721 Tota
1006 4668 1089 4723 lex
1104 4677 1160 4722 et
1175 4670 1446 4738 prophetae
1469 4672 1517 4724 iu
1543 4674 1644 4727 hoc
1657 4688 1863 4729 sermo—

274 4767 342 4817 ne
364 4752 417 4806 in
447 4770 705 4810 summam
730 4758 1060 4825 rediguntur,
1090 4775 1306 4829 nempe,
1335 4761 1532 4832 Diliges
1559 4765 1858 4833 proximum

273 4854 425 4900 tuum
453 4850 591 4904 sicut
614 4851 866 4919 teipsum.
896 4851 1067 4906 Porro
1095 4865 1273 4908 autem
1307 4854 1558 4911 Dominus
1579 4860 1858 4927 quoquein

270 4942 441 4996 sacris
470 4942 773 5013 Evangeliis
804 4945 981 5010 Petro,
1005 4945 1092 5016 qui
1122 4945 1405 5002 confessus
1426 4959 1508 5003 est
1529 4964 1651 5004 eum
1678 4965 1861 5006 amare

271 5034 389 5101 plus
416 5035 537 5088 aliis
558 5075 575 5101 ,
618 5039 876 5105 pra-cepit
908 5052 1126 5106 pascere
1158 5052 1287 5092 oves
1339 5054 1464 5094 suas
1514 5039 1695 5112 (Joau.
1721 5042 1857 5111 xxi).

271 5125 377 5181 Eos
406 5138 586 5183 autem
618 5130 706 5198 qui
739 5129 840 5185 ltoc
870 5146 980 5185 non
1034 5131 1277 5186 fecerunt
1305 5132 1725 5202 reprehendens.
1751 5133 1862 5188 cla-

270 5230 377 5273 mat
402 5236 497 5288 per
521 5222 834 5290 prephetam
862 5241 874 5276 :
900 5220 944 5276 Ο
967 5233 1235 5294 pastores,
1262 5239 1367 5279 non
1390 5227 1596 5295 seipsos
1619 5234 1859 5293 pastores

271 5322 520 5377 pascunt.
558 5329 662 5369 IOD
694 5329 824 5369 oves
855 5312 1067 5383 (Ezech.
1102 5317 1330 5387 xxxiv)?
1359 5318 1422 5371 Et
1464 5318 1583 5373 idco
1611 5332 1856 5389 magnum

269 5417 484 5470 quoque
515 5405 789 5474 Eliamqui
820 5408 956 5461 hanc
992 5408 1153 5461 vitam
1206 5411 1647 5478 tersequebatur,
1697 5409 1858 5478 jussit

270 5493 473 5548 versari
522 5494 574 5549 in
608 5498 790 5553 medio
834 5498 1152 5569 impiorum;
1191 5510 1244 5555 et
1293 5499 1584 5555 secundum
1641 5502 1812 5555 Eliam
1838 5542 1853 5566 ,

269 5594 550 5665 tantOpere
594 5588 924 5644 celebratum
972 5591 1269 5669 Joannem,
1312 5592 1400 5662 qui
1433 5593 1856 5663 amplectebatur

270 5678 635 5746 solitudinem,
660 5684 951 5739 transmisit
981 5685 1046 5739 ad
1081 5684 1222 5753 ripas
1240 5684 1517 5754 Jordanis,
1546 5686 1656 5741 illic
1684 5687 1852 5757 bapti-

270 5784 393 5827 zare
423 5771 615 5838 iubens
642 5782 694 5830 et
738 5774 1050 5842 przcdicare.
1085 5777 1345 5843 Quoniam
1388 5794 1516 5844 ergo
1559 5788 1610 5832 tu
1642 5793 1854 5844 quoque

1966 4672 2223 4739 deinceps
2253 4666 2423 4722 oculis
2465 4666 2632 4734 legem
2666 4664 2791 4718 tulit
2821 4673 2878 4717 ut
2909 4679 3083 4733 neque
3122 4678 3366 4733 campum
3400 4662 3553 4719 illum

1965 4778 2197 4830 unquam
2230 4761 2740 4828 contemplarentur,
2790 4771 2961 4824 neque
3003 4754 3211 4809 caelesti
3256 4752 3555 4821 pulchritu-

1964 4854 2091 4908 dine
2143 4862 2195 4905 et
2226 4851 2377 4905 chori
2407 4860 2675 4903 astrorum
2706 4856 2927 4915 aspectu
2955 4846 3297 4909 fruerentur;
3328 4843 3424 4899 sed
3456 4858 3552 4898 an-

1963 4944 2270 5019 gustissima
2292 4953 2446 4999 utens
2466 4941 2677 5006 semita,
2700 4939 2853 5009 cujus
2875 4953 3181 4992 mensuram
3208 4930 3358 4990 aiunt
3378 4937 3545 4992 fuisse

1966 5039 2120 5089 unius
2152 5035 2344 5104 palmi,
2376 5031 2582 5088 ferente
2609 5030 2672 5084 ad
2703 5031 2998 5084 oratorium
3023 5068 3036 5091 ,
3071 5038 3223 5082 extra
3254 5042 3372 5081 eatn
3400 5025 3553 5082 dein-

1963 5142 2093 5194 ceps
2132 5124 2308 5192 egredi
2341 5139 2444 5176 non
2476 5132 2556 5176 est
2591 5136 2799 5191 passus.
2834 5119 3024 5171 Dicunt
3054 5129 3231 5171 autem
3266 5132 3389 5171 eum
3426 5116 3546 5185 plus

1963 5234 2121 5288 quam
2170 5217 2514 5285 quadraginta
2558 5215 2714 5267 annis
2762 5213 2957 5267 vixisse
3001 5206 3122 5282 post
3169 5212 3303 5265 hanc
3346 5212 3546 5282 legem.

1967 5312 2033 5367 Ut
2063 5318 2240 5365 autem
2269 5323 2389 5362 cum
2421 5307 2583 5359 animi
2617 5304 2697 5357 sui
2724 5302 3016 5371 sententia,
3058 5304 3123 5356 ad
3170 5304 3282 5357 hinc
3321 5317 3543 5373 quoque

1963 5420 2085 5460 eum
2127 5407 2360 5457 traheret
2402 5400 2577 5467 aliqua
2618 5398 2941 5456 necessitas,
2986 5412 3106 5448 cuin
3150 5394 3360 5448 lumbos
3399 5410 3542 5447 zona

1961 5468 2131 5553 ferrea
2169 5497 2437 5564 atligas<et
2461 5535 2474 5556 ,
2515 5501 2567 5545 et
2606 5490 2980 5559 gravissimum
3020 5487 3219 5540 collare
3268 5487 3408 5540 collo
3440 5486 3552 5539 ima

1960 5593 2245 5660 posuisset,
2261 5587 2435 5654 aliquo
2447 5585 2552 5638 alio
2569 5583 2710 5639 ferro
2740 5580 3013 5648 conjunxit
3036 5594 3224 5633 zonam
3248 5578 3434 5632 ciiliari
3456 5578 3551 5645 qui

1961 5676 2535 5746 eratcolloimpositus,
2553 5685 2608 5730 ut
2634 5677 2734 5730 hoc
2759 5670 3247 5734 mudoinclinatus,
3266 5675 3555 5722 conaretur

1958 5777 2124 5842 812
2150 5768 2364 5825 assidue
2396 5767 2449 5822 in
2496 5777 2690 5823 terram
2742 5762 3046 5830 despicere.
3092 5758 3201 5813 llas
3232 5762 3344 5828 ipse
3387 5756 3453 5809 de
3496 5771 3554 5809 si:
