4052 6362
500 356 568 411 59
1658 350 1745 405 DE
1789 347 1964 405 VlTlS
2003 345 2285 405 PATBUM
2328 349 2529 406 LIBER
2570 352 2659 408 IX.

3711 358 3795 417 ιιι

496 470 673 539 exegit
718 480 905 538 poenas
926 509 941 536 ,
985 465 1128 540 quod
1166 464 1290 522 illos
1330 473 1477 520 esset
1514 462 1908 532 con'emplatus
1944 462 2081 530 agri-
2110 461 2161 521 A
2186 473 2310 518 sunt
2334 479 2495 536 super
2516 478 2712 522 terram
2739 466 2963 536 (Colon.
2986 470 3082 541 ιιι).
3113 470 3344 528 Tantum
3364 471 3512 528 enim
3542 472 3781 531 fructum

494 562 666 619 enlas.
695 562 807 618 llnc
837 572 1015 616 autem
1047 570 1101 616 et
1130 560 1283 614 multi
1309 558 1522 628 quidem
1550 556 1637 611 alii
1671 572 1757 612 me
1785 558 2084 612 docuerunt

493 671 563 713 ex
596 655 663 711 iis
691 655 782 726 qui
813 653 962 709 illum
996 660 1281 717 noverunt,
1316 660 1371 705 et
1412 665 1498 705 res
1528 649 1643 718 ejus
1673 649 1880 715 optime
1909 646 2084 702 scive-

493 755 650 812 runt;
680 746 921 801 narravit
949 753 1127 798 autem
1155 757 1317 797 senes
1346 756 1557 811 quoque
1585 755 1813 811 magnus
1835 739 2080 808 Aeacius,

491 840 645 908 cujus
664 839 813 910 prius
834 853 1047 907 quoque
1064 836 1403 890 meminimus
1430 836 1482 889 in
1507 835 1627 888 aliis
1652 832 2079 900 narrationibus;

491 930 632 986 dixit
706 940 886 985 antem
943 943 1003 984 se
1058 942 1180 983 eum
1240 941 1453 996 quoque
1493 924 1781 994 aliquando
1846 924 2077 979 interro-

490 1038 647 1094 gasse
689 1039 813 1078 enm
838 1036 959 1077 eum
1008 1021 1087 1076 sic
1131 1019 1353 1073 vidisset
1402 1020 1758 1083 incurvatum,
1793 1030 2079 1087 quamnam

489 1116 713 1184 capiens
743 1112 1053 1178 utilitatem,
1093 1124 1267 1181 neque
1310 1110 1508 1165 cmlum
1540 1109 1774 1179 patiatur
1815 1100 2077 1177 aSpicere,

489 1222 666 1278 neque
694 1221 940 1273 campum
970 1205 1121 1260 illum
1150 1203 1450 1273 subjectum
1480 1202 1869 1271 contemplari,
1905 1217 2079 1269 neque

490 1313 553 1353 ex
584 1307 805 1367 angusta
839 1297 927 1351 illa
953 1295 1037 1350 via
1065 1295 1277 1361 egredi;
1308 1309 1431 1347 eum
1456 1304 1635 1347 autem
1667 1292 1868 1348 dixis~e
1885 1310 1942 1348 se
1967 1297 2082 1350 lucc

493 1388 673 1443 moliri
725 1388 984 1442 adversus
1027 1385 1248 1454 tnaligni
1292 1383 1552 1439 daemonis
1607 1382 2078 1441 machinationes:

490 1481 621 1536 Nam
650 1496 737 1545 ne,
767 1478 958 1550 inquit,
986 1477 1054 1533 de
1084 1476 1293 1547 magnis
1323 1476 1519 1531 bellum
1546 1488 1719 1545 gerat,
1752 1491 1955 1531 eonans
1983 1493 2080 1532 au-

491 1577 632 1632 ferre
661 1574 1072 1644 temperantiam
1112 1582 1164 1627 et
1187 1570 1471 1639 justitiam,
1499 1580 1552 1625 et
1578 1571 1713 1625 iram
1755 1586 1994 1635 armans,
2026 1581 2079 1626 et

490 1668 829 1736 cupiditatem
873 1664 1195 1733 accendens,
1222 1673 1277 1719 et
1304 1674 1362 1720 ut
1391 1663 1529 1718 fasu
1567 1663 1761 1718 ell‘erar
1804 1675 1859 1719 et
1888 1678 2079 1735 snper-

490 1760 574 1816 bia
628 1760 983 1814 intumescam
1034 1754 1304 1821 efficiens,
1351 1764 1403 1811 et
1444 1769 1777 1825 qnmCunqne
1820 1756 2078 1813 adversus

2186 568 2424 625 coeperat
2466 574 2530 614 ex
2568 560 2806 615 doctrina
2847 564 3023 632 magni
3054 560 3290 629 Eusebii,
3316 572 3376 618 ut
3417 564 3783 638 quadraginta

2184 651 2420 721 quinque
2459 667 2630 708 annos
2658 653 2829 724 egerit
2858 655 2908 709 in
2934 655 3027 710 illo
3056 656 3407 723 monasterio,
3453 657 3658 724 absque
3697 656 3784 713 ira

2185 748 2360 796 autem
2394 751 2449 798 et
2488 745 2933 801 excandescentia
2982 755 3095 801 toto
3135 747 3238 801 hoc
3283 755 3527 816 tempore
3557 747 3781 804 vixerit.

2184 836 2366 907 Neque
2394 843 2536 894 enim
2570 850 2690 909 post
2734 852 3037 913 susceptam
3070 842 3444 913 prafecturam
3486 844 3621 899 vidit
3656 860 3782 900 eum

2182 929 2378 999 aliquis
2402 943 2711 1001 superatum
2742 934 2811 989 ab
2836 934 2935 988 bac
2965 935 3131 989 animi
3157 935 3581 1002 perturbatione,
3616 934 3784 1007 idque

2183 1037 2327 1085 cum,
2360 1031 2417 1077 ut
2443 1033 2525 1078 est
2547 1024 2852 1093 verisimile,
2884 1035 3067 1082 essent
3095 1025 3513 1083 innumerabilia
3542 1043 3663 1098 qua:
3687 1042 3784 1084 co-

2184 1123 2400 1184 gerent.
2426 1114 2651 1171 Centum
2676 1118 2820 1172 enim
2850 1126 2904 1173 et
2930 1119 3312 1191 quinquaginta
3351 1117 3455 1176 viri
3481 1121 3784 1189 pasceban-

2184 1214 2271 1261 tur
2300 1208 2365 1262 ab
2396 1208 2538 1263 illius
2569 1210 2785 1264 dextera
2811 1210 3009 1279 :aliqui
3032 1211 3249 1282 quidem
3275 1226 3489 1268 summa
3518 1221 3573 1269 et
3598 1214 3784 1269 excel-

2185 1298 2312 1353 lenti
2343 1301 2559 1366 virtute,
2592 1310 2647 1355 et
2671 1317 2788 1355 cam
2834 1317 2954 1371 quae
2984 1313 3068 1359 est
3101 1304 3153 1357 in
3203 1304 3345 1359 coelo
3374 1304 3584 1360 vivendi
3616 1305 3787 1359 ratio.

2185 1406 2304 1445 nem
2353 1392 2656 1458 imitantes;
2715 1392 2804 1447 alii
2847 1408 2975 1448 vero
3018 1394 3107 1463 qui
3132 1409 3335 1463 pennas
3380 1403 3505 1450 tunc
3533 1395 3771 1463 primum

2186 1482 2567 1551 producebant,
2599 1496 2652 1539 et
2682 1494 2879 1539 terram
2910 1485 3184 1540 transilire
3214 1493 3270 1540 et
3298 1486 3648 1557 supervolare
3667 1485 3777 1541 do-

2183 1575 2462 1629 cebantur.
2502 1576 2565 1629 Et
2596 1586 2775 1630 tamen
2807 1591 2929 1632 cum
2960 1585 3036 1630 tot
3065 1585 3247 1631 essent
3282 1578 3372 1646 qui
3399 1574 3579 1630 divina
3609 1576 3786 1632 doce-

2185 1667 2400 1734 bantur,
2434 1678 2489 1723 et
2519 1670 2741 1741 aliquid,
2798 1681 2855 1726 ut
2910 1680 2994 1725 est
3050 1669 3368 1735 verisimile,
3412 1669 3787 1740 delinquerent

2187 1760 2386 1830 (neque
2422 1762 2569 1815 enim
2613 1761 2769 1818 facile
2807 1760 2920 1817 fieri
2954 1768 3131 1830 potest
3154 1770 3212 1817 ut
3261 1760 3348 1829 qui
3374 1761 3532 1817 modo
3557 1762 3788 1817 ventitat

490 1869 663 1910 meam
718 1851 1055 1907 machinatur
1097 1849 1353 1911 animam,
1406 1862 1575 1902 conor
1604 1847 1817 1905 hostem
1852 1849 1920 1905 ad
1966 1849 2080 1905 lucc
2112 1848 2157 1910 Β
2184 1860 2329 1905 recte
2379 1865 2438 1906 se
2488 1862 2638 1919 gerat
2674 1852 2729 1906 in
2770 1852 3022 1906 omnibus
3041 1851 3079 1922 ),
3138 1853 3335 1907 mansit
3376 1852 3672 1908 immobilis
3701 1851 3788 1908 vir

489 1965 650 2020 parva
682 1946 960 2002 traducere
1011 1963 1025 2001 :
1080 1946 1132 2000 in
1182 1944 1374 2015 quibus
1420 1945 1584 2000 etiam
1638 1945 1682 1999 si
1715 1945 1923 2008 vicerit,
1975 1959 2081 1997 non

489 2055 739 2110 magnum
770 2038 926 2091 all'ert
954 2034 1371 2102 detrimentum;
1400 2044 1451 2089 et
1483 2036 1526 2090 si
1553 2036 1725 2090 vietus
1749 2034 1930 2100 fuerit,
1957 2048 2083 2088 eva-

488 2133 567 2188 dit
604 2131 772 2201 ntagis
803 2128 1082 2194 ridiculus,
1114 2136 1167 2183 ut
1199 2127 1287 2197 qui
1322 2140 1388 2182 ne
1418 2127 1470 2180 in
1505 2126 1681 2195 parvis
1710 2126 1927 2197 quidem
1953 2141 2082 2195 pos-

490 2224 563 2280 sit
589 2222 821 2279 evadere
850 2219 1110 2289 superior.
1142 2219 1403 2286 Quoniam
1435 2233 1565 2288 ergo
1596 2218 1719 2273 novi
1745 2217 1848 2273 hoc
1879 2217 2082 2273 bellum

488 2317 670 2372 minus
701 2312 1084 2385 periculosum,
1114 2327 1219 2367 non
1253 2311 1407 2366 valde
1430 2309 1570 2365 enim
1597 2310 1783 2366 feritur
1803 2310 1892 2380 qui
1925 2312 1976 2364 in
2000 2309 2085 2364 his

491 2409 672 2464 damni
715 2406 915 2477 aliquid
965 2405 1175 2472 accipit.
1210 2402 1365 2469 Quod
1417 2401 1560 2458 enim
1605 2401 1861 2456 damnum
1888 2410 1967 2455 est
1999 2401 2082 2455 vel

494 2503 675 2558 videre
704 2516 975 2568 campum,
997 2498 1078 2551 vel
1104 2498 1155 2551 in
1170 2498 1366 2551 caelum
1382 2496 1570 2549 oculos
1599 2494 1865 2555 attollere,
1890 2493 1953 2547 ad
1984 2492 2086 2549 hoc

491 2610 578 2650 me
598 2608 770 2665 genus
792 2607 979 2663 pugna:
1004 2591 1285 2654 transtuli;
1320 2589 1371 2642 in
1400 2588 1499 2642 hac
1525 2587 1667 2642 enim
1701 2602 1788 2641 me
1808 2602 1904 2640 nec
1927 2585 2085 2640 ferire

491 2695 672 2757 potest
696 2701 797 2742 nec
828 2684 1129 2753 perimere:
1164 2697 1269 2735 non
1301 2691 1426 2734 sunt
1453 2679 1595 2734 enim
1632 2678 1747 2732 hare
1792 2677 1965 2748 jacula
2003 2677 2082 2731 le-

490 2774 709 2838 thifera,
744 2786 802 2831 ut
830 2789 948 2843 quae
979 2773 1085 2827 illis
1116 2772 1301 2826 ferreis
1350 2782 1569 2826 careant
1616 2770 1839 2825 aculcis.
1873 2768 1999 2823 ll-ec
2026 2783 2086 2841 se

489 2856 765 2924 audivisse
796 2864 933 2920 dixit
962 2877 1185 2931 magnus
1208 2862 1463 2927 Aeacius,
1496 2859 1722 2932 ejusque
1761 2875 1820 2915 se
1849 2862 2083 2914 adm‘ra-

488 2970 601 3015 tum
629 2974 752 3015 esse
772 2958 1110 3028 sapientiam,
1142 2956 1504 3022 virtutemque
1548 2951 1793 3008 bellicam
1825 2961 1877 3006 et
1917 2967 2082 3020 expe-

489 3055 762 3111 rientiam.
808 3051 1164 3119 Quamobrem
1208 3049 1309 3104 hoc
1338 3063 1555 3119 quoque
1604 3047 1855 3102 narrabat
1884 3048 1962 3102 eis
1990 3045 2082 3117 qui

491 3146 618 3200 talia
645 3145 855 3200 discere
883 3141 1199 3212 cupiebant,
1240 3149 1299 3193 nt
1338 3149 1392 3193 et
1414 3138 1737 3193 admirabile
1784 3147 1835 3191 et
1867 3136 2082 3207 d'gnum

497 3234 636 3307 quod
668 3232 954 3289 mandetur
986 3232 1279 3285 memoriae.

570 3328 693 3382 lltec
720 3323 840 3397 ejus
863 3322 1027 3393 gloria
1059 3335 1178 3377 cum
1201 3320 1254 3374 iu
1279 3327 1459 3391 partes
1491 3333 1678 3373 omnes
1698 3318 1939 3386 undique
1963 3330 2087 3383 per-

499 3420 743 3485 vadcrel,
774 3417 841 3472 ad
867 3430 927 3472 se
950 3414 1170 3470 attraxit
1199 3427 1387 3467 omnes
1417 3413 1631 3466 virtutis
1662 3422 1953 3465 amatores.
1986 3409 2090 3464 Ve-

500 3520 695 3567 nerunt
723 3519 899 3564 autem
929 3506 1247 3562 divinissimi
1277 3519 1489 3574 quoque
1518 3502 1751 3574 [Longus
1773 3502 1918 3556 addit
1956 3518 1975 3556 :
1998 3502 2088 3556 Ja-

501 3602 668 3657 cobns
720 3601 877 3655 Persa
924 3604 979 3653 et
1020 3596 1249 3666 Agrippa
1295 3590 1662 3664 successores]
1694 3593 1887 3648 Juliani
1920 3593 2088 3656 senis,

495 3697 651 3761 enim
682 3691 828 3763 prius
854 3690 1114 3760 persecuti
1146 3703 1331 3742 sumus
1360 3686 1745 3745 narrationem,
1786 3687 1874 3755 qui
1901 3684 2089 3754 optimi

500 3790 678 3857 gregis
700 3793 853 3839 erant
885 3781 1141 3853 pra-fecti.
1167 3780 1450 3851 Postquam
1475 3780 1617 3834 enim
1641 3778 1721 3832 vir
1743 3777 1836 3832 ille
1857 3777 2087 3840 divinus,

502 3878 610 3937 line
658 3879 779 3932 vita:
826 3884 1047 3945 accepto
1084 3872 1330 3944 migravit
1378 3873 1443 3926 ad
1473 3872 1635 3927 vitam
1685 3885 1998 3939 supernam,
2022 3869 2087 3922 ad

502 3984 753 4039 magnmn
802 3976 1154 4022 occurrerunt
1200 3964 1518 4029 Eusebium,
1571 3963 1767 4017 melius
1810 3976 1933 4016 esse
1984 3962 2086 4016 rati

501 4079 573 4119 rei
596 4072 645 4117 te
670 4062 780 4133 regi
809 4075 966 4131 quam
989 4073 1177 4130 regere
1205 4070 1255 4111 ct
1288 4071 1535 4126 pratesse.

575 4152 760 4209 Jacobi
811 4160 1021 4213 autem,
1070 4151 1219 4218 cujus
1251 4152 1395 4215 prius
1441 4163 1656 4219 quoque
1698 4146 1812 4217 jam
1847 4148 2088 4214 memini,

500 4260 626 4301 cum
658 4242 965 4301 summatim
996 4240 1114 4311 ejus
1148 4240 1354 4294 ostendi
1398 4240 1674 4303 virtutem,
1717 4254 1855 4293 nunc
1881 4252 2091 4309 quoque

498 4337 724 4393 evidens
745 4342 1118 4407 argumentmn
1151 4332 1432 4387 ostendam
1454 4345 1676 4386 summie
1703 4330 1819 4399 ejus
1848 4330 2081 4397 philoso-

501 4429 670 4500 phia.
701 4426 989 4497 Postquam
1022 4424 1111 4479 ille
1138 4422 1348 4477 divinus
1375 4423 1498 4476 hinc
1520 4421 1786 4476 excedens
1818 4421 2088 4478 Eusebius

411 4561 420 4570 .
496 4521 655 4590 jussit
699 4533 821 4573 eum
879 4531 1108 4585 praeesse
1147 4513 1319 4583 gregi,
1345 4521 1404 4567 et
1446 4527 1701 4567 recusans
1729 4516 2084 4582 curationem,

2187 1942 2274 1997 ille
2315 1941 2533 1997 divinus
2578 1952 2830 2013 tanquam
2875 1943 3253 2014 incorporeus,
3291 1943 3435 1998 nulla
3466 1958 3588 1998 eum
3618 1957 3784 1998 oeca—

2183 2033 2336 2088 sione
2366 2033 2433 2087 ad
2463 2034 2597 2088 iram
2624 2036 2911 2089 excitante.
2946 2035 3057 2089 lloc
3079 2036 3226 2090 enim
3257 2051 3361 2088 non
3390 2036 3562 2091 solum
3591 2036 3791 2104 accepi

2184 2139 2250 2179 ex
2301 2126 2595 2191 auditione,
2630 2125 2723 2180 sed
2753 2128 2913 2181 etiam
2963 2141 3028 2182 et
3058 2125 3417 2197 experientia.
3470 2125 3601 2181 Nam
3644 2140 3776 2181 eum

2185 2216 2474 2285 aliquando
2498 2217 2893 2274 desiderassem
2924 2219 3109 2275 videre
3132 2219 3280 2275 illum
3306 2234 3544 2290 gregem,
3578 2219 3785 2277 accessi

2188 2307 2391 2363 habens
2415 2311 2576 2364 etiam
2619 2310 2754 2364 alios
2781 2311 2957 2365 socios
3002 2311 3468 2382 peregrinationis,
3493 2311 3583 2382 qui
3627 2325 3786 2366 eam-

2186 2397 2307 2454 dem
2331 2413 2490 2469 quam
2517 2415 2617 2471 ego
2640 2402 2801 2455 vitam
2824 2401 3302 2471 amplectebantur.
3322 2400 3462 2458 'l'oto
3484 2416 3613 2473 ergo
3653 2411 3785 2457 term

2190 2506 2318 2561 pore
2348 2490 2700 2547 hebdomadas
2724 2492 2864 2560 apud
2896 2493 3049 2547 illum
3081 2493 3255 2549 virum
3287 2495 3530 2550 divinum
3566 2495 3779 2565 degen-

2192 2595 2293 2649 tes,
2313 2585 2545 2640 vidimus
2564 2586 2681 2657 ejus
2701 2589 2903 2642 vultum
2932 2587 3129 2642 nullam
3144 2591 3390 2658 accipere
3407 2590 3780 2655 mutationem,

2190 2691 2364 2746 neque
2409 2691 2548 2731 nunc
2595 2677 2810 2748 quidem
2858 2676 3128 2734 hilaritate
3164 2678 3411 2741 diﬂundi,
3464 2694 3605 2735 nunc
3648 2691 3784 2734 vero

2190 2770 2407 2824 tristitia
2449 2769 2716 2825 contrahi.
2750 2769 2947 2824 Oculos
2976 2786 3188 2840 quoque
3216 2771 3488 2837 similiter,
3532 2786 3636 2826 non
3677 2770 3783 2826 ali-

2188 2862 2404 2931 quando
2430 2862 2648 2931 quidem
2695 2874 2873 2920 truces
2901 2878 2965 2918 ac
2996 2874 3197 2930 torvos,
3244 2880 3382 2919 nunc
3414 2879 3542 2920 vero
3588 2863 3774 2929 laetos;

2190 2954 2285 3010 sed
2315 2956 2370 3010 in
2400 2954 2592 3010 eodem
2618 2969 2832 3025 semper
2859 2955 3074 3011 honesti
3099 2955 3389 3024 decorique
3432 2966 3619 3011 tenore
3662 2971 3780 3025 per-

2190 3060 2430 3101 manere.
2479 3044 2542 3101 lii
2592 3056 2772 3101 autem
2823 3046 3101 3102 sufficiunt
3141 3046 3205 3100 ad
3240 3045 3571 3117 arguendum
3614 3046 3782 3101 animi

2190 3136 2666 3204 tranquillitatem.
2712 3138 2821 3194 Sed
2874 3138 3168 3193 verisimile
3213 3147 3298 3193 est
3352 3139 3783 3194 existimaturum

2118 3221 2166 3284 C
2196 3231 2499 3300 quempiam
2529 3246 2653 3287 eum
2683 3231 2847 3286 talem
2895 3247 3014 3287 csse
3044 3233 3214 3286 visum
3234 3272 3249 3296 ,
3279 3231 3420 3301 quod
3450 3231 3611 3286 nulla
3658 3247 3784 3290 eum

2195 3335 2433 3377 moveret
2460 3339 2652 3388 causa;
2683 3324 3031 3393 quamobrem
3058 3340 3282 3380 necesse
3311 3325 3485 3380 habeo
3515 3322 3782 3394 ejusmodi

2193 3413 2316 3483 quid
2348 3428 2568 3468 narrare
2595 3413 2736 3479 quod
2765 3412 2984 3479 accidit,
3008 3428 3128 3468 cum
3162 3428 3260 3469 nos
3282 3414 3389 3468 illic
3408 3427 3671 3469 essemus.

2264 3503 2488 3558 Sederat
2534 3503 2673 3571 apud
2726 3518 2825 3557 nos
2853 3504 2934 3557 vir
2961 3503 3049 3557 ille
3092 3503 3308 3559 divinus
3335 3505 3404 3559 de
3437 3503 3780 3572 philosophia

2194 3596 2400 3668 agitans
2440 3596 2697 3658 rationes,
2744 3606 2796 3650 et
2835 3610 3083 3663 quaerens
3124 3596 3175 3649 id
3217 3596 3357 3664 quod
3386 3605 3472 3651 est
3510 3611 3784 3652 summam

2193 3688 2519 3755 evangelicae
2559 3690 2683 3741 vita:
2714 3686 3090 3742 institutionis.
3122 3685 3253 3741 Cum
3284 3696 3463 3743 antem
3516 3687 3785 3742 interces-

2193 3781 2392 3834 sissent
2439 3778 2707 3849 ejusmodi
2754 3795 3049 3845 sermones,
3086 3780 3303 3834 Publius
3339 3779 3555 3850 quidam
3585 3794 3787 3849 genere

2193 3874 2407 3942 quidem
2440 3871 2736 3936 Romanus,
2769 3873 3009 3928 moribus
3034 3884 3213 3927 autem
3241 3872 3355 3942 ipse
3382 3889 3594 3944 quoque
3615 3874 3792 3928 admii

2194 3967 2413 4033 randus,
2440 3978 2490 4021 et
2522 3966 2811 4020 sacerdotii
2838 3966 3038 4019 honore
3055 3965 3330 4033 praeditus,
3355 3975 3407 4019 rt
3430 3965 3576 4020 illius
3595 3965 3788 4036 pratic-

2192 4070 2357 4113 cniric
2394 4060 2660 4119 secundas
2694 4067 2875 4128 partes
2899 4059 3168 4124 obtinens,
3200 4059 3365 4131 813
3394 4059 3460 4113 ad
3493 4073 3592 4113 nos
3634 4059 3789 4114 venit

2192 4150 2453 4204 adversus
2482 4149 2722 4204 divinum
2755 4149 3007 4205 Davidem
3036 4150 3367 4216 vociferans,
3401 4158 3457 4205 et
3497 4165 3790 4205 commune

2192 4240 2447 4293 damnum
2487 4240 2629 4293 illam
2666 4240 2949 4293 nominans
2974 4239 3278 4304 lenitatem;
3309 4249 3365 4295 et
3391 4241 3640 4295 omnibus
3665 4256 3790 4309 per.

2195 4331 2386 4386 niriem
2420 4331 2611 4385 afferre
2642 4330 2828 4385 dicens
2854 4330 2973 4399 ejns
2995 4330 3493 4397 mansuetudinem;
3523 4340 3576 4387 et
3599 4345 3789 4387 amen-

2194 4422 2341 4487 tiam,
2375 4437 2479 4475 noa
2514 4420 2855 4486 modestiam,
2888 4435 3151 4475 summam
3186 4422 3331 4475 illam
3366 4436 3564 4478 vocans
3612 4424 3787 4489 philo-

2193 4513 2459 4582 sophiam.
2494 4512 2584 4568 Ille
2609 4521 2787 4566 autent
2838 4512 3039 4568 habens
3068 4512 3301 4569 animam
3333 4513 3493 4569 veluti
3525 4513 3785 4569 adaman-

499 4627 605 4666 nou
637 4606 903 4679 persuasit
927 4605 1403 4675 cupientibuseum
1428 4604 1561 4658 hanc
1580 4606 2079 4676 cnramsusciperc,
2114 4603 2163 4666 Β
2194 4605 2378 4669 tinam,
2414 4603 2713 4668 accipiebat
2751 4604 2967 4673 quidem
3001 4606 3261 4671 rationes,
3315 4620 3421 4661 non
3448 4605 3786 4677 pungebatur

500 4699 631 4757 abiit
655 4699 722 4755 ad
751 4700 912 4755 alium
943 4712 1181 4769 gregem,
1212 4694 1419 4750 malens
1449 4696 1596 4764 pasci
1633 4712 1791 4765 quam
1828 4712 2080 4765 pascere;

497 4802 554 4848 et
588 4808 711 4847 cum
764 4790 995 4862 plurimo
1022 4799 1262 4858 tempore
1285 4786 1700 4856 supervixisset,
1732 4790 1868 4843 hanc
1921 4788 2083 4844 vitam

494 4884 579 4941 sic
608 4883 763 4940 finiit.

565 4974 800 5046 Suscipit
822 4976 999 5046 itaque
1023 4974 1168 5030 illam
1203 4974 1574 5044 prmfectoram
1607 4972 1863 5043 Agrippa,
1893 4975 1974 5029 vir
1995 4975 2085 5044 qni

492 5078 545 5125 et
578 5068 759 5123 multis
805 5068 924 5121 aliis
971 5079 1195 5122 ornatus
1230 5074 1357 5123 erat
1386 5058 1560 5130 bonis,
1608 5068 1872 5135 principue
1902 5076 2080 5121 autem

489 5160 725 5228 puritate
754 5157 949 5211 anima:
992 5173 1008 5212 :
1042 5172 1135 5226 per
1162 5172 1321 5227 quam
1351 5168 1406 5211 et
1432 5155 1630 5210 divinze
1667 5155 2083 5224 pulchritudinis

487 5252 754 5306 visionem
782 5248 996 5304 assidue
1023 5250 1457 5318 apprehendens,
1484 5259 1537 5303 et
1562 5248 1705 5302 illius
1733 5247 1935 5303 amoris
1961 5249 2084 5319 igne

486 5358 771 5408 accensus,
801 5341 1055 5415 irrigabat
1083 5356 1248 5412 genas
1274 5342 1552 5410 perpetuis
1582 5340 1857 5412 lacrymis.
1880 5341 2011 5397 Cum
2036 5342 2084 5396 is

485 5445 664 5493 autem
697 5436 857 5505 longo
884 5424 1127 5506 tempore
1166 5436 1399 5492 electum
1430 5437 1577 5490 illum
1620 5444 1675 5488 et
1696 5435 1931 5490 divinum
1960 5451 2079 5506 gre-

482 5543 607 5599 gem
641 5537 786 5584 recte
808 5528 1065 5599 pavisset,
1095 5528 1290 5583 deinde
1317 5544 1347 5583 e
1392 5529 1500 5582 vita
1542 5528 1890 5593 excessisset,
1924 5529 2083 5583 Davi-

478 5622 582 5678 des
611 5621 701 5678 ille
727 5621 961 5687 divinus,
984 5622 1140 5692 cujus
1170 5631 1389 5689 aspectu
1416 5622 1543 5674 mihi
1572 5636 1787 5692 quoque
1817 5622 1919 5676 frui
1952 5636 2080 5675 con-

486 5714 632 5784 (igit,
664 5715 901 5785 suscepit
944 5714 1316 5785 prafecturam
1348 5730 1361 5767 :
1406 5714 1488 5768 vir
1531 5714 1618 5783 qui
1650 5728 1835 5768 revera
1857 5756 1871 5778 ,
1905 5728 1966 5768 ex
2000 5713 2077 5767 di-

486 5804 603 5862 vini
626 5806 866 5877 Apostoli
896 5804 1185 5871 sententia,
1219 5806 1630 5861 mortillcaverat
1680 5807 1915 5861 membra
1952 5823 2078 5877 qua:

2193 4706 2371 4748 autem
2400 4693 2470 4748 ab
2500 4694 2567 4749 iis
2597 4709 2713 4764 quae
2737 4708 2830 4747 sua
2856 4702 3047 4750 natu-ra
3071 4696 3251 4749 solent
3281 4711 3552 4766 pungere;
3579 4696 3786 4754 vultum

2195 4789 2374 4857 itaque
2404 4801 2510 4842 non
2542 4786 2789 4855 mutavit,
2824 4802 2999 4857 neque
3029 4803 3333 4843 sermonem
3376 4790 3676 4845 institutum
3697 4789 3788 4846 di-

2194 4882 2357 4946 misit,
2375 4880 2472 4935 sed
2502 4896 2623 4935 cum
2656 4880 2759 4935 leni
2784 4894 2915 4935 voce
2937 4889 2993 4935 et
3020 4879 3199 4934 verbis
3220 4881 3566 4937 sercnitatem
3587 4881 3786 4937 anima:

2194 4972 2636 5043 significantibus,
2677 4972 2828 5027 illum
2856 4987 3046 5028 senem
3078 4971 3304 5039 dimisit,
3335 4986 3532 5043 rogans
3562 4987 3686 5028 eum
3726 4985 3787 5029 ut

2194 5081 2383 5121 eorum
2414 5081 2536 5134 qua:
2563 5067 2722 5121 vellet
2743 5080 2925 5121 curam
2956 5074 3188 5139 gereret.
3218 5066 3329 5133 Ego
3357 5076 3533 5121 autem
3556 5081 3677 5122 cum
3702 5067 3787 5124 his

2195 5159 2282 5229 qui
2312 5159 2377 5212 ad
2405 5172 2502 5212 nos
2528 5168 2791 5213 venerunt
2824 5157 3034 5227 loquor,
3064 5168 3118 5212 ut
3150 5157 3319 5222 vides,
3348 5160 3667 5213 existimans
3691 5176 3786 5215 ne-

2193 5250 2485 5305 cessarium
2524 5263 2651 5305 esse
2697 5249 2798 5304 hoe
2842 5248 3101 5304 ofﬁcium.
3162 5250 3443 5317 Quomodo
3490 5252 3785 5306 ostendent

2194 5345 2314 5412 quis
2340 5343 2534 5397 melius
2563 5342 2725 5397 animi
2761 5343 3075 5397 lenitatem?
3107 5343 3237 5397 Eum
3261 5345 3402 5399 enim
3432 5344 3519 5399 cui
3549 5343 3640 5399 illa
3664 5358 3785 5399 cre-

2194 5437 2302 5491 dita
2331 5442 2449 5491 erat
2492 5434 2822 5507 prtefectum,
2867 5436 3027 5491 talem
3060 5437 3335 5505 accepisse
3383 5437 3778 5492 contumeliam

2192 5529 2260 5582 ab
2308 5543 2373 5583 eo
2419 5530 2506 5599 qui
2559 5527 2776 5583 tenebat
2815 5528 3081 5582 secundas
3141 5540 3349 5595 partes,
3416 5529 3779 5599 praesentibus

2189 5624 2420 5675 maxime
2468 5619 2790 5689 hospitibus,
2832 5631 2889 5675 et
2921 5619 3265 5674 maledictum
3315 5621 3687 5688 audientibus,
3722 5633 3780 5677 et

2186 5713 2383 5767 nullam
2415 5711 2507 5766 ira:
2533 5711 2765 5767 subiisse
2797 5716 3181 5781 tempestatem
3207 5722 3263 5768 et
3294 5713 3778 5782 perturbationem,

2182 5820 2340 5876 quam
2367 5818 2471 5861 non
2506 5803 2683 5875 magni
2706 5811 2759 5861 et
2782 5804 2980 5863 escelsl
3012 5806 3176 5863 animi
3200 5805 3452 5863 virtutem
3476 5816 3700 5876 superat
3724 5815 3776 5863 et
