4052 6362
279 357 348 415 ιι
1340 358 1793 428 PHILOTIIEUS,
1835 374 1950 416 sive
1991 359 2438 417 THEOPHILES.

3462 364 3538 421 42

273 476 680 534 fortitudinem?
710 476 788 533 Ac
816 475 1028 532 divinus
1058 475 1270 546 quidem
1300 477 1587 545 Apostolus
1611 476 1857 531 conside-
1882 476 1933 535 Α
1962 476 2172 542 praesit,
2203 484 2366 529 totum
2414 472 2551 526 hunc
2596 470 2829 527 laborem
2863 471 2966 529 fert
2997 483 3240 544 promptu
3273 483 3326 529 et
3364 476 3531 534 alacri

274 586 400 627 rans
428 570 675 625 humante
705 577 909 624 natura:
937 567 1377 632 imbecillitatem,
1411 583 1527 622 eam
1565 582 1721 637 quam
1750 567 1855 620 fert

275 660 448 729 legem
491 668 676 716 natura
719 662 972 725 metiens,
1022 659 1338 724 lrascimini,
1384 658 1574 727 inquit,
1600 666 1654 712 et
1692 656 1857 712 nolite

277 764 505 821 peccare
542 750 717 822 (Psal.
743 751 851 823 tv);
877 751 956 806 sol
980 765 1086 806 non
1108 751 1316 806 occidat
1339 764 1501 820 super
1524 748 1859 804 iracundiam

193 909 205 919 ,
276 852 514 899 vestram
545 840 761 915 (Ep/tes.
818 844 914 913 tv).
960 842 1092 897 Nam
1138 857 1259 897 cum
1290 844 1381 897 irze
1425 840 1638 910 quidem
1683 847 1861 895 motus

274 944 462 993 nosset
486 949 611 993 esse
641 945 865 1003 naturae,
899 950 1003 990 non
1029 934 1199 990 nostri
1225 933 1449 1004 arbitrii,
1472 933 1639 988 noluit
1660 932 1775 1001 lege
1796 945 1861 986 ea

276 1027 595 1096 decernere,
626 1042 742 1097 quae
771 1034 953 1083 essent
974 1026 1264 1093 laboriosa,
1297 1034 1350 1081 et
1378 1026 1512 1079 forte
1534 1024 1695 1079 etiam
1722 1022 1863 1092 ejus-

278 1119 427 1175 modi
456 1127 520 1175 ut
544 1118 663 1176 fieri
691 1133 797 1174 non
823 1126 1042 1188 possent
1068 1136 1080 1170 :
1110 1118 1206 1173 sed
1233 1117 1399 1173 motui
1446 1128 1646 1172 naturae
1682 1126 1734 1171 et
1770 1119 1863 1171 irae

280 1211 584 1282 tempestati
614 1224 919 1267 mensuram
948 1209 1182 1279 praeﬂuit
1230 1209 1368 1265 diem
1394 1227 1408 1276 ;
1437 1208 1628 1279 jub‘ens
1668 1208 1864 1263 rationi

279 1308 342 1356 ut
365 1314 485 1357 eam
513 1310 837 1370 compescat,
886 1310 939 1356 et
969 1308 1217 1370 tanquam
1287 1302 1437 1354 freno
1487 1301 1763 1368 reprimat,
1812 1307 1868 1355 et

282 1406 392 1448 non
423 1391 687 1449 concedat
714 1394 963 1464 progredi
988 1394 1121 1451 ultra
1151 1395 1430 1451 terminos.
1462 1396 1552 1451 Vir
1582 1407 1758 1453 autem
1782 1397 1869 1453 hic

282 1483 501 1541 divinus
522 1484 662 1540 ultra
686 1485 832 1556 leges
853 1501 973 1556 quae
1005 1488 1126 1542 latae
1155 1497 1280 1543 sunt
1300 1488 1614 1552 decertavrt,
1645 1499 1699 1544 et
1717 1498 1869 1556 septa

285 1574 572 1641 transiliit;
606 1591 709 1633 non
740 1591 911 1648 usque
940 1577 1006 1633 ad
1035 1592 1316 1649 vesperam
1357 1579 1450 1634 irae
1481 1587 1541 1634 ut
1566 1588 1872 1635 moveretur

282 1668 610 1738 concedens,
636 1668 731 1723 sed
757 1683 857 1724 nec
878 1677 938 1724 ut
960 1677 1240 1724 moveatur
1274 1669 1487 1739 quidem
1513 1670 1729 1725 omnino
1755 1684 1873 1738 per-

284 1763 531 1841 mittens.
560 1763 742 1820 Talem
766 1761 1001 1819 fruetum
1030 1763 1239 1832 accepit
1265 1762 1310 1818 is
1337 1778 1402 1817 ex
1436 1762 1613 1833 magni
1654 1763 1870 1819 Eusebii

1960 568 2157 635 animo,
2186 582 2244 621 se
2275 568 2338 623 iis
2367 566 2455 636 qui
2483 567 2596 634 ejus
2622 575 2809 635 parent
2835 568 3055 637 imperio
3083 569 3325 636 praebens
3348 584 3533 625 exem-

1959 660 2073 731 plar
2101 658 2475 730 philosophiae.
2504 658 2659 715 Tales
2689 658 2910 715 victoria
2956 660 3190 730 insignes
3234 660 3538 717 decertatu-

1959 767 2066 819 res,
2090 751 2300 807 divinus
2329 750 2611 814 Eusebius.
2642 756 2833 808 horum
2862 754 3211 809 certaminum
3240 753 3539 824 ptedotriba

1959 854 2014 901 et
2038 856 2372 913 exercuator,
2405 847 2646 901 exhibuit
2691 846 2949 915 Domino;
2977 855 3180 903 etcum
3218 848 3354 903 alios
3396 862 3536 919 quo-

1962 951 2065 1006 que
2107 937 2370 1007 plurimos
2396 938 2532 993 tales
2578 938 2819 1005 fecisset,
2845 952 2939 995 eos
2968 939 3261 995 transmisit
3288 938 3541 997 doctores

1962 1015 2031 1081 ad
2068 1027 2199 1083 alias
2228 1027 2527 1098 palaestras,
2559 1028 2647 1098 qui
2681 1036 2849 1084 totum
2879 1029 3028 1085 illum
3056 1043 3267 1086 sacrum
3296 1040 3540 1088 montem

1964 1116 2159 1172 divinis
2186 1118 2270 1172 his
2300 1117 2462 1185 pratis
2488 1126 2541 1172 et
2565 1132 2779 1174 suavem
2807 1120 3170 1176 emittentibus
3191 1120 3415 1177 odorem
3442 1122 3545 1176 im-

1964 1210 2199 1281 plevere.
2226 1210 2359 1264 Nam
2385 1224 2506 1265 cum
2534 1209 2601 1265 ad
2626 1210 2897 1266 Orientem
2920 1211 2986 1266 ab
3010 1210 3164 1268 initio
3187 1212 3380 1270 fuisset
3404 1213 3547 1270 illius

1968 1302 2361 1360 exercitationis
2391 1304 2699 1360 monasticae
2731 1303 2997 1373 tugurium
3018 1345 3034 1373 ,
3066 1305 3191 1361 licet
3213 1305 3395 1362 videre
3428 1307 3549 1378 ejus

1971 1396 2323 1465 philosophiae
2354 1396 2494 1451 fetus
2516 1395 2582 1450 ad
2605 1394 2946 1451 Occidentem
2972 1404 3026 1451 et
3054 1395 3352 1464 Meridiem,
3386 1401 3553 1454 veluti

1970 1487 2224 1558 quasdam
2280 1487 2464 1542 stellas
2509 1486 2652 1542 circa
2701 1487 2878 1542 lunam
2922 1485 3118 1542 choros
3163 1487 3462 1554 ducentes;
3503 1501 3559 1545 ct

1971 1580 2105 1635 alios
2134 1580 2349 1650 quidem
2378 1580 2583 1645 Graeca,
2618 1579 2749 1634 alios
2780 1593 2909 1635 vero
2938 1579 3052 1648 ejus
3080 1578 3135 1634 in
3163 1595 3266 1650 qua
3305 1582 3557 1637 habitant

1975 1671 2211 1741 regionis
2236 1687 2389 1736 voce,
2423 1671 2699 1726 laudantes
2729 1678 3046 1726 creatorem.
3071 1670 3176 1727 Sed
3202 1672 3345 1727 enim
3375 1672 3427 1728 id
3464 1688 3555 1742 ag-

1974 1762 2186 1832 gredior
2211 1764 2351 1834 quod
2382 1762 2496 1819 ﬂeri
2537 1778 2641 1817 non
2674 1771 2870 1833 potest,
2900 1764 3120 1832 cupiens
3152 1765 3334 1821 omnia
3367 1779 3552 1835 perse-

283 1854 695 1912 consuetudine.
724 1855 843 1911 Vidi
875 1855 1074 1911 multos
1110 1870 1323 1925 quoque
1352 1855 1483 1910 alios
1517 1856 1568 1910 in
1606 1854 1696 1910 illo
1730 1864 1880 1926 tugu-
1910 1846 1957 1906 Β
1986 1855 2073 1926 qui
2101 1871 2219 1926 quae
2243 1870 2272 1909 a
2295 1856 2474 1910 divina
2503 1854 2595 1909 illa
2616 1855 2791 1909 anima
2816 1861 2959 1909 recte
2983 1863 3130 1924 gesta
3159 1855 3331 1912 fuere.

291 1948 397 2015 rio,
430 1948 521 2018 qui
551 1946 716 2018 hujus
744 1947 1097 2018 philosophiae
1142 1955 1410 2003 amatores
1456 1947 1601 2003 fuere
1630 1958 1681 2004 et
1708 1964 1872 2003 aemu-

283 2037 485 2095 latores
530 2039 709 2095 :alios
754 2039 969 2107 quidem
1002 2038 1055 2092 in
1104 2039 1237 2094 ﬂore
1275 2039 1537 2109 corporis,
1570 2040 1705 2093 alios
1746 2055 1873 2096 vero

286 2132 451 2189 etiam
498 2133 552 2188 in
601 2132 863 2203 profunda
913 2140 1204 2189 senectute.
1248 2130 1378 2187 Nam
1422 2148 1539 2188 cum
1573 2132 1690 2202 plus
1717 2149 1873 2203 quam

286 2222 580 2295 nonaginta
608 2222 763 2277 annis
788 2222 1052 2278 vixissent
1076 2222 1341 2289 homines,
1364 2223 1683 2278 laboriosam
1708 2224 1872 2279 vitam

286 2312 575 2369 noluerunt
602 2314 924 2383 relinquere,
961 2313 1055 2368 sed
1081 2314 1317 2385 insignes
1345 2312 1495 2368 fuere
1521 2312 1778 2369 obeuntes
1799 2314 1877 2370 la-

285 2402 455 2460 bores
508 2401 825 2474 juventutis,
881 2411 1038 2459 noctu
1091 2404 1305 2475 quidem
1346 2416 1398 2460 et
1440 2405 1666 2460 interdiu
1708 2405 1876 2461 Deum

286 2497 591 2567 laudantes,
634 2507 689 2553 et
713 2511 863 2552 sacra
888 2498 979 2552 illa
998 2497 1168 2553 ofﬂcia
1193 2506 1508 2570 peragentes
1532 2542 1545 2565 ,
1574 2507 1695 2568 post
1741 2498 1878 2557 duos

287 2599 470 2647 autem
500 2590 618 2646 dies
645 2589 840 2645 vilibus
863 2590 969 2645 illis
996 2591 1127 2647 cibis
1158 2602 1454 2647 vescentes.

362 2682 433 2739 Ut
459 2684 595 2739 alios
631 2691 807 2739 autem
858 2684 1258 2750 practermittam
1297 2685 1387 2753 qui
1429 2698 1532 2738 non
1578 2692 1704 2739 sunt
1751 2683 1877 2753 qui-

290 2774 418 2833 dem
445 2775 590 2848 digni
620 2775 711 2847 qui
753 2775 1033 2844 sileantur,
1066 2775 1158 2832 sed
1198 2777 1278 2831 vel
1321 2777 1550 2831 maxime
1596 2776 1879 2832 laudentur

289 2876 349 2926 et
384 2870 748 2935 celebrentur;
788 2869 883 2924 sed
924 2883 993 2924 ne
1037 2868 1106 2923 sit
1157 2868 1411 2939 prolixior
1461 2884 1616 2937 quam
1668 2882 1762 2938 par
1808 2869 1879 2923 sit

290 2961 549 3027 narratio,
580 2962 633 3017 in
663 2960 842 3017 divino
872 2960 976 3015 isto
1004 2961 1122 3017 loco
1149 2959 1246 3015 fuit
1275 2962 1485 3031 quidam
1506 3002 1522 3029 ,
1551 2977 1671 3017 eum
1700 2971 1878 3017 autem

291 3053 540 3110 abbatem
570 3054 588 3085 ³
618 3052 926 3120 nominant,
960 3053 1051 3122 qui
1082 3067 1149 3108 ex
1191 3051 1513 3108 lsmaelitide
1542 3054 1755 3122 quidem
1789 3068 1880 3106 ra-

294 3143 418 3203 dice
462 3144 814 3218 germinavit,
861 3160 968 3200 non
1022 3146 1115 3199 fuit
1165 3153 1343 3200 autem
1392 3144 1595 3213 ejectus
1645 3160 1673 3197 a
1720 3146 1878 3199 domo

2044 1945 2174 2002 lluic
2204 1960 2328 2015 ergo
2372 1946 2661 2000 narrationi
2711 1944 2830 1999 ﬂuis
2859 1952 2941 1998 est
2989 1945 3364 2015 imponendus,
3395 1956 3449 2003 et
3478 1945 3547 2002 ad

1973 2041 2132 2095 aliam
2163 2039 2519 2097 convertenda
2547 2048 2630 2094 est
2670 2038 2861 2105 oratio,
2896 2046 2951 2093 et
2978 2053 3167 2095 rursus
3194 2047 3277 2095 est
3306 2038 3555 2095 addenda

1975 2148 2093 2203 quae
2133 2131 2278 2187 illinc
2322 2131 2529 2201 capitur
2574 2129 2805 2195 utilitas,
2844 2143 2965 2184 cum
3011 2130 3201 2185 horum
3240 2143 3557 2202 magnorum

1978 2226 2217 2283 virorum
2255 2224 2645 2284 benedictionis
2683 2222 3047 2293 rogaverimus
3085 2232 3144 2281 ut
3180 2223 3348 2282 simus
3393 2224 3558 2295 parti-

1978 2322 2149 2392 cipes.
2600 2387 2630 2392 _
2650 2388 2659 2392 _
2682 2386 2817 2392 ____
2853 2387 2900 2392 __
3054 2308 3055 2311 “

2591 2386 2817 2445 CAPUT
2853 2387 2920 2445 Υ.

2569 2517 2782 2559 PUBLIUS
2825 2500 2960 2574 (28).

2051 2594 2218 2669 ειη
2261 2594 2463 2652 Eodem
2517 2601 2759 2665 tempore
2809 2594 2904 2649 fuit
2953 2594 3166 2665 quidam
3221 2593 3460 2664 Publius,
3504 2596 3561 2653 et

1980 2696 2198 2758 propter
2237 2686 2463 2742 formam
2494 2694 2735 2757 speetatu
2764 2684 2975 2755 dignus,
3007 2693 3064 2741 et
3091 2686 3267 2742 anima
3300 2688 3559 2758 praeditus

1982 2794 2098 2850 quae
2142 2778 2329 2834 forma:
2367 2778 2745 2845 conveniebat,
2775 2778 2856 2832 vel
2889 2779 3061 2847 petius
3106 2793 3224 2833 eam
3266 2779 3560 2835 ostendens

1982 2883 2208 2940 corpore
2243 2870 2409 2939 magis
2447 2868 2835 2923 admirabilem.
2868 2868 2916 2921 Is
2946 2883 3013 2922 ex
3040 2868 3309 2924 senatorio
3344 2870 3563 2937 quidem

1984 2962 2171 3018 ordine
2209 2962 2411 3016 ducens
2463 2959 2761 3028 originem,
2806 2967 2959 3011 natus
3002 2968 3181 3014 autem
3222 2973 3295 3015 ex
3342 2960 3561 3015 civitate

1985 3054 2124 3123 apud
2156 3068 2312 3123 quam
2360 3052 2567 3107 Xerxes
2614 3051 2726 3116 ille,
2757 3051 2907 3119 cujus
2950 3052 3145 3121 ubique
3172 3059 3255 3108 est
3282 3050 3422 3109 fama
3455 3065 3564 3108 tam

1985 3144 2232 3211 celebris,
2262 3145 2316 3198 in
2344 3142 2602 3200 Graeciam
2644 3142 2837 3196 bellum
2867 3156 3077 3211 gerens,
3102 3155 3156 3199 et
3184 3144 3369 3200 volens
3405 3160 3565 3201 eser-

292 3235 547 3303 Abrahte,
576 3245 634 3290 ut
659 3236 703 3290 is
724 3251 752 3290 a
778 3250 883 3306 quo
909 3251 1077 3306 genus
1097 3237 1358 3303 duxerat;
1387 3235 1479 3291 sed
1512 3244 1746 3305 paterna:
1769 3236 1878 3289 hte-
1906 3239 1954 3304 C
1985 3236 2094 3292 citu
2132 3236 2349 3291 ﬂuvium
2396 3234 2716 3303 Euphratem
2766 3236 3148 3303 transmittere,
3179 3237 3390 3291 navium
3432 3252 3565 3293 con-

292 3328 536 3386 reditatis
565 3328 666 3384 fuit
694 3344 815 3384 cum
845 3330 990 3385 lsaac
1036 3330 1327 3399 particeps,
1356 3330 1442 3384 vel
1489 3329 1662 3399 potius
1706 3328 1880 3397 ipsum

293 3422 481 3494 rapuit
509 3437 727 3493 regnum
756 3422 1039 3479 caelorum.
1070 3421 1120 3477 ls
1150 3420 1459 3476 monasticae
1493 3420 1650 3490 hujus
1676 3420 1883 3475 exerci-

298 3514 524 3572 tationis
561 3516 802 3585 protinus
851 3513 1027 3586 attigit
1069 3514 1451 3569 institutionem
1501 3512 1639 3583 apud
1693 3526 1885 3583 quem-

297 3606 423 3664 dam
450 3607 542 3678 qui
571 3615 699 3663 tunc
724 3602 1000 3661 habitabat
1029 3604 1396 3669 solitudinem,
1429 3604 1517 3674 qui
1557 3618 1652 3658 eos
1684 3602 1885 3671 optime

298 3700 625 3759 exercebat':
657 3706 977 3762 eratantem
1008 3698 1058 3753 ei
1084 3712 1275 3754 nomen
1321 3696 1554 3751 Marosas
1588 3693 1727 3766 (9.7).
1759 3693 1889 3749 Post

305 3794 422 3851 haec
467 3802 649 3850 autem
696 3793 787 3849 ille
816 3808 1029 3866 quoque
1070 3791 1189 3846 aliis
1229 3803 1460 3861 prmesse
1502 3787 1785 3854 desistens,
1821 3786 1887 3840 ad

307 3887 450 3946 hunc
469 3903 593 3945 cum
616 3888 807 3944 abbate
831 3887 1037 3960 {Abban
1055 3928 1069 3954 ,
1096 3885 1172 3939 vel
1195 3880 1440 3953 Amman]
1466 3881 1615 3936 venit
1640 3894 1885 3951 gregem;

302 3994 399 4037 nec
423 3993 593 4051 parvo
617 3978 748 4034 vixit
775 3987 1036 4047 tempore,
1064 3976 1155 4031 sed
1183 3989 1303 4030 cum
1337 3973 1591 4042 praeclare
1617 3972 1889 4027 decertas—

301 4081 405 4143 set,
430 4081 489 4128 et
508 4071 734 4141 insignis
755 4070 1033 4133 evasisset,
1060 4066 1289 4123 excessit
1317 4081 1380 4122 ex
1406 4066 1505 4120 hac
1528 4064 1654 4119 vita.
1679 4063 1777 4119 Hic
1807 4078 1894 4118 au-

303 4169 417 4220 tem
441 4163 553 4219 illic
578 4161 791 4232 quidem
814 4162 912 4216 fuit
931 4160 1211 4215 continuos
1234 4158 1449 4228 triginta
1470 4166 1523 4211 et
1545 4162 1666 4210 octo
1688 4168 1856 4209 annos
1877 4170 1890 4206 :

304 4256 377 4314 ita
396 4263 579 4311 autem
603 4254 940 4310 desiderabat
970 4252 1232 4318 laborare,
1258 4260 1314 4304 ut
1343 4255 1433 4321 qui
1466 4248 1623 4303 modo
1654 4234 1897 4301 laborare

304 4349 572 4419 cepisset;
607 4361 731 4408 nam
762 4346 814 4402 in
848 4344 1165 4401 hodiernum
1194 4356 1360 4411 usque
1401 4341 1541 4395 diem
1574 4339 1735 4410 pedes
1761 4352 1899 4392 nun-

307 4454 465 4512 quam
498 4439 631 4495 texit
662 4437 878 4495 calceis.
907 4436 1037 4491 Cum
1070 4446 1151 4489 est
1197 4442 1375 4488 autem
1408 4432 1595 4501 frigus,
1628 4431 1681 4485 in
1712 4427 1896 4484 umbra

308 4532 523 4599 sedens,
558 4532 611 4586 in
654 4540 787 4585 aestu
833 4531 998 4584 solem
1044 4528 1297 4595 suscipit,
1329 4532 1384 4580 et
1412 4534 1663 4593 tanquam
1713 4534 1896 4575 auram

1985 3341 2203 3405 gregata
2243 3332 2605 3396 multitudine,
2648 3330 2833 3385 iisdem
2878 3331 3018 3386 inter
3054 3348 3113 3389 se
3152 3333 3470 3405 conjunctis,
3511 3346 3569 3392 et

1987 3426 2088 3483 hoc
2136 3426 2294 3481 modo
2346 3440 2503 3494 super
2556 3425 2773 3478 fluvium
2817 3432 2976 3493 ponte
3022 3433 3351 3495 constructo,
3389 3428 3565 3483 locum

1989 3520 2243 3592 Zeugma,
2277 3519 2327 3574 id
2368 3529 2448 3574 est
2487 3517 2887 3587 conjuncturam
2931 3518 3248 3587 appellavit,
3282 3529 3336 3575 et
3379 3518 3569 3580 civita-

1987 3621 2097 3670 tem
2125 3629 2186 3669 ex
2220 3628 2281 3668 re
2307 3613 2695 3666 denominavit.
2728 3610 2805 3664 Ex
2855 3624 2915 3664 ea
2964 3620 3137 3678 ortus,
3168 3617 3223 3665 et
3248 3624 3320 3665 ex
3350 3610 3445 3665 tali
3474 3623 3572 3682 ge-

1989 3722 2116 3763 nere
2160 3715 2499 3776 procrcatus,
2532 3704 2697 3758 altum
2731 3704 2904 3758 locum
2934 3709 3187 3772 occupat,
3217 3704 3307 3773 qui
3337 3702 3573 3758 distabat

1991 3800 2057 3856 ab
2086 3801 2217 3854 urbe
2257 3813 2362 3853 non
2404 3800 2522 3865 plus
2561 3811 2719 3865 quam
2768 3795 2980 3864 triginta
3028 3794 3232 3850 stadiis.
3265 3793 3324 3849 In
3352 3808 3419 3849 eo
3447 3808 3574 3848 cum

1991 3891 2271 3960 quamdam
2315 3904 2526 3958 parvam
2581 3886 3362 3954 exstruxissetdomunculam,
3390 3887 3570 3941 omnia

1992 3982 2205 4054 quidem
2236 3982 2472 4037 VCIltlitlll.
2492 3995 2609 4051 quae
2642 3995 2671 4034 a
2700 3990 2847 4048 patre
2873 3987 3181 4051 acceperat;
3212 3979 3451 4047 domum,
3484 3978 3574 4034 in-

1995 4088 2151 4142 quam
2174 4116 2188 4140 ,
2215 4082 2267 4129 et
2298 4074 2679 4143 possessiones,
2713 4080 2765 4127 et
2794 4078 3080 4141 greges,.et
3107 4079 3306 4139 vestes,
3332 4083 3570 4141 vasaque

1997 4174 2246 4235 argentea
2272 4174 2326 4219 et
2354 4179 2517 4228 aenea,
2548 4172 2601 4219 et
2630 4164 2671 4217 si
2711 4162 2837 4233 quid
2865 4170 2981 4218 erat
3018 4178 3139 4217 cum
3177 4162 3263 4218 his
3303 4160 3578 4229 aliud.,Et

2000 4272 2118 4312 cum
2147 4272 2211 4311 ex
2246 4258 2360 4325 lege
2387 4255 2563 4311 divina
2591 4271 2652 4312 ea
2680 4256 2948 4311 divisisset
2971 4255 3032 4310 iis
3056 4254 3247 4326 quibus
3271 4255 3577 4326 oportebat,

2003 4359 2055 4404 ct
2082 4364 2141 4405 se
2171 4350 2237 4402 ab
2266 4349 2409 4403 omni
2452 4363 2579 4403 cura
2627 4357 2838 4403 terrena
2889 4348 3198 4415 liberasset,
3226 4345 3373 4404 illam
3418 4361 3581 4404 uuam

2006 4456 2187 4496 curam
2234 4440 2467 4509 suscepit
2510 4454 2605 4509 pro
2650 4440 2919 4507 omnibus,
2953 4452 3144 4509 nempe
3181 4445 3240 4495 ut
3263 4439 3316 4494 ei
3351 4438 3583 4495 serviret

2004 4533 2094 4602 qui
2125 4548 2245 4589 eum
2276 4540 2591 4598 vocaverat;
2624 4545 2849 4606 eamque
2895 4530 3073 4586 animo
3120 4537 3377 4600 perpetuo
3401 4542 3584 4587 versa-

309 4625 580 4698 Zephyri,
606 4639 724 4695 quae
754 4639 817 4677 ex
845 4637 910 4677 eo
941 4620 1184 4689 procedit
1210 4619 1476 4673 ﬂammam
1507 4614 1732 4685 excipit.
1762 4612 1883 4667 Tott

2006 4623 2123 4690 bat,
2154 4634 2314 4677 noctu
2345 4621 2539 4691 diuque
2566 4621 2916 4677 considerans
2943 4631 2996 4677 et
3024 4627 3365 4691 perscrutans
3392 4634 3586 4691 quem-

313 4730 498 4776 autem
526 4717 628 4773 hoc
671 4726 920 4784 tempore
940 4728 1130 4783 aquam
1165 4722 1349 4783 potare
1398 4724 1505 4764 non
1558 4721 1743 4777 passus
1783 4713 1898 4772 est,

314 4828 427 4870 non
462 4810 554 4864 illa
580 4808 868 4864 comedens
895 4820 1013 4877 qua:
1040 4805 1103 4859 iis
1126 4805 1443 4859 exhibentur
1471 4801 1558 4871 qui
1591 4799 1654 4853 ad
1687 4813 1789 4853 non
1826 4798 1906 4851 bi-

312 4903 555 4962 bendum
587 4916 645 4957 se
674 4907 926 4957 exercent
966 4896 1166 4969 (solent
1194 4896 1334 4949 enim
1367 4893 1400 4946 ii
1432 4893 1505 4945 uti
1553 4890 1686 4944 cibis
1727 4888 1904 4942 humi-

312 4994 618 5065 dioribus),
652 4992 745 5049 sed
797 4992 864 5049 iis
913 4998 1067 5044 utens
1122 4986 1254 5040 cibis
1304 4984 1498 5054 quibus
1545 4983 1655 5036 alii.
1710 4979 1905 5035 Verum

316 5105 490 5163 pauca
537 5088 827 5144 comedens
854 5091 906 5138 cl
936 5096 1053 5153 quae
1100 5081 1339 5135 modicas
1379 5077 1428 5132 ei
1470 5076 1609 5131 vires
1641 5073 1903 5141 aﬂ'erunt,

319 5180 595 5238 existimat
638 5194 795 5233 usum
828 5188 979 5245 aquae
1026 5184 1501 5243 supervacaneum.
1541 5168 1698 5223 Gravi
1729 5175 1907 5221 autem

318 5276 459 5331 {erro
489 5273 701 5329 lumbos
742 5270 1062 5335 succinctus,
1096 5282 1218 5321 raro
1262 5264 1475 5333 quidem
1529 5262 1709 5331 sedet,
1746 5270 1910 5315 noctu

318 5379 525 5435 autem,
555 5377 611 5423 et
639 5364 828 5436 majori
860 5372 1010 5434 parte
1036 5361 1141 5417 diei
1168 5360 1252 5415 vel
1277 5368 1431 5413 stans
1458 5358 1540 5410 vel
1572 5356 1789 5409 ﬂectens
1820 5369 1912 5423 ge~

326 5478 456 5525 nua,
490 5460 649 5519 offert
678 5458 907 5514 Domino
944 5456 1176 5511 ofﬂcium
1224 5450 1576 5522 precationis;
1609 5462 1705 5502 usu
1735 5457 1911 5501 autem

321 5554 601 5611 accubitus
626 5565 684 5607 se
714 5549 935 5606 omnino
969 5547 1219 5618 privavit,
1254 5556 1411 5599 nemo
1440 5542 1579 5598 enim
1613 5540 1665 5594 in
1697 5539 1911 5594 hodier-

322 5664 453 5707 num
478 5661 647 5717 usque
667 5644 808 5702 diem
836 5657 957 5698 eum
984 5640 1114 5697 vidit
1137 5638 1437 5695 cubantem.
1468 5634 1765 5703 Quinetiam
1786 5637 1907 5688 cum‘

327 5749 411 5799 est
437 5738 592 5796 chori
634 5734 968 5794 renuntiatus
1008 5730 1347 5803 coryphaaus,
1377 5735 1433 5784 et
1472 5727 1520 5782 ei
1565 5723 1822 5794 contingit
1852 5731 1909 5778 ut

2006 4711 2291 4766 admodum
2318 4726 2432 4765 eam
2461 4724 2696 4779 augeret.
2725 4711 2799 4765 Ea
2831 4711 2899 4767 de
2926 4725 3086 4767 causa
3111 4709 3164 4766 ei
3190 4708 3343 4766 labor
3366 4723 3585 4768 cresce-

2008 4805 2098 4856 bat
2143 4801 2401 4872 quotidie,
2448 4803 2778 4872 ampliorque
2820 4810 2876 4857 et
2920 4798 3178 4856 intensior
3219 4798 3483 4857 evadebat
3530 4798 3589 4856 in

2009 4894 2141 4957 dies,
2175 4903 2391 4959 eratque
2422 4892 2594 4946 dulcis
2642 4903 2693 4947 et
2742 4891 3013 4961 voluptate
3058 4889 3271 4959 plenus,
3301 4898 3355 4947 et
3399 4893 3589 4962 procul

2009 4989 2281 5058 expellens
2310 4989 2628 5042 satietatem.
2661 4986 2830 5041 Nemo
2859 4985 3002 5041 enim
3043 4998 3165 5039 eum
3193 4999 3426 5056 unquam
3457 4985 3592 5042 vidit

2010 5082 2366 5151 quiescentem
2407 5079 2490 5133 vel
2519 5079 2734 5133 minima
2766 5086 2916 5146 parte
2946 5075 3078 5142 diei,
3112 5076 3208 5132 sed
3234 5075 3588 5147 psalmodiam

2011 5171 2223 5243 quidem
2256 5172 2446 5239 oratio,
2480 5176 2770 5227 orationem
2803 5184 2929 5223 vero
2961 5167 3275 5240 psalmodia,
3306 5177 3592 5240 utrumque

2013 5273 2191 5319 autem
2208 5263 2506 5331 excipiebat
2522 5264 2815 5315 divinorum
2837 5260 3168 5332 eloquiorum
3190 5258 3369 5317 lectio.
3386 5260 3590 5316 Deinde

2014 5370 2143 5411 cura
2185 5355 2449 5425 hospitum
2484 5352 2840 5419 venientium,
2871 5352 3062 5408 deinde
3103 5352 3262 5407 ﬂebat
3299 5350 3494 5421 aliquid
3523 5365 3591 5406 ex

2015 5449 2269 5517 operibus
2314 5444 2649 5500 necessariis.
2683 5443 2735 5497 In
2770 5442 2851 5498 his
2889 5444 3009 5497 vitae
3046 5442 3147 5498 iter
3182 5440 3505 5513 ingrediens,
3534 5448 3596 5497 et

2017 5541 2083 5595 iis
2110 5541 2196 5607 qui
2225 5538 2422 5593 imitari
2454 5535 2701 5590 volebant
2729 5535 3004 5605 exemplar
3031 5533 3238 5588 virtutis
3262 5533 3595 5603 propositus,

2015 5633 2183 5688 veluti
2224 5630 2464 5701 quzedam
2509 5628 2620 5683 avis
2650 5644 2862 5695 canora,
2913 5628 3106 5683 multos
3151 5625 3229 5681 sui
3276 5623 3491 5695 generis
3536 5621 3594 5678 in

2019 5732 2132 5781 inec
2160 5723 2291 5779 retia
2314 5722 2485 5795 coegit
2506 5714 2778 5779 salutaria.
2812 5720 3069 5778 Caeterum
3098 5718 3166 5772 ab
3194 5715 3346 5773 initio
3371 5713 3587 5771 cuidem

414 5858 435 5895 ⁸
456 5857 670 5928 Longus
695 5851 823 5923 legit
850 5850 1055 5915 Abban,
1074 5849 1161 5904 vel
1184 5847 1397 5904 Amman
1415 5885 1431 5919 ,
1452 5852 1513 5904 ut
1538 5843 1609 5904 sit
1637 5840 1908 5921 proprium
1951 5854 2160 5902 nomen.

618 5946 892 6017 Pullos.
921 5945 1202 6021 LXXIV,

3232 5929 3273 6005 2
