4052 6362
521 425 592 483 43
1115 436 1117 438 ’
1651 423 1738 480 DE
1777 423 1952 480 VITIS
1991 421 2267 479 PATRUM
2307 421 2510 478 LIBER
2553 419 2642 477 IX.
3701 419 3774 479 44

520 541 726 597 nullum
769 539 969 594 habere
1005 552 1195 609 passus
1222 547 1305 593 est
1327 538 1418 606 qui
1449 552 1626 593 secum
1667 537 1962 591 habitaret:
1997 539 2090 592 sed
2121 541 2170 601 Α
2199 538 2338 610 quod
2375 538 2485 591 hate
2533 537 2651 590 talia
2693 543 2898 590 mutare
2942 536 3290 592 vehementer
3332 535 3636 605 contendit;
3671 555 3771 598 nec

518 650 705 707 parvas
735 632 1082 690 domunculas
1123 632 1320 686 foribus
1350 631 1548 684 vicinas
1578 629 1866 696 mdilicaus,
1899 646 2087 684 unum-

515 742 776 802 quemque
805 741 870 781 ex
902 723 963 780 iis
995 725 1081 793 qui
1113 723 1500 778 conveniebant
1525 719 1742 787 jubebat
1774 735 1867 788 per
1907 736 1964 774 se
1993 720 2089 776 de-

514 836 682 892 gere:
726 817 1076 872 domunculas
1129 830 1272 885 saepe
1327 815 1562 868 invisens
1615 821 1668 867 ct
1725 823 2083 883 perscrutans,

517 909 750 981 nunquid
783 917 976 978 praeter
1004 921 1156 962 usum
1205 904 1431 959 habeant
1463 905 1774 972 repositum.
1809 907 1968 960 Aiunt
1994 922 2088 959 au-

513 1013 618 1057 tem
673 1015 793 1056 eum
841 1013 1050 1070 quoque
1098 996 1436 1052 accedentem
1468 995 1552 1050 -ad
1604 995 1886 1060 trutinam,
1937 997 2084 1065 panis

511 1111 812 1154 mensuram
839 1085 1118 1160 diligenler
1144 1089 1520 1161 perpendisse;
1543 1099 1596 1144 et
1627 1089 1670 1144 si
1698 1090 1908 1160 quando
1939 1091 2084 1145 iuve-

513 1191 677 1244 nisset
709 1190 824 1257 plus
851 1200 1005 1256 quam
1028 1191 1168 1238 esset
1195 1181 1493 1241 definitum,
1521 1196 1660 1252 aegre
1682 1181 1884 1244 tulisse,
1909 1193 1963 1235 et
1991 1197 2084 1236 eos

509 1282 599 1350 qui
629 1280 726 1333 hoc
753 1275 1013 1332 faciebant
1041 1273 1318 1327 helluones
1347 1269 1661 1341 appellasse.
1689 1271 1914 1325 Jubehat
1942 1269 2081 1326 enim

507 1384 676 1437 neque
701 1366 1057 1434 comedentos,
1091 1379 1258 1432 neque
1289 1362 1531 1417 bibentes
1561 1375 1866 1431 ex5peC'are
1921 1365 2078 1416 satie-

510 1472 702 1521 tatem;
737 1457 830 1513 sed
881 1447 1084 1510 iantum
1125 1468 1316 1523 capere
1356 1463 1608 1521 quantum
1649 1454 1780 1506 satis
1828 1462 1969 1508 es:~et
2015 1452 2080 1506 ad

505 1548 752 1605 tuendam
801 1547 964 1600 vitam
1013 1547 1290 1614 corporis:
1319 1544 1362 1598 si
1402 1545 1616 1614 quando
1653 1554 1828 1598 autem
1867 1545 2082 1598 vidisset

501 1642 659 1696 etiam
689 1617 913 1693 farinam
940 1631 1179 1704 apertam
1208 1637 1430 1700 furfure,
1461 1651 1556 1690 eos
1586 1635 1672 1704 qui
1699 1635 1801 1689 hoc
1832 1634 2082 1690 fecissent

503 1733 794 1803 impetebat
845 1729 1164 1807 maledictis,
1197 1737 1255 1784 ut
1296 1729 1382 1796 qui
1435 1729 1748 1799 Sybariticis
1780 1729 2080 1784 fruer-ntur

501 1808 728 1882 deliciis.
768 1819 935 1878 Porro
981 1831 1157 1876 autem
1203 1831 1362 1874 noctu
1411 1835 1622 1890 quoque
1666 1834 1730 1874 ex
1787 1819 2076 1886 improviso

496 1917 721 1972 veniens
744 1911 810 1968 ad
843 1912 1034 1966 ostium
1066 1910 1502 1980 uniuscujusque,
1537 1911 1579 1965 si
1611 1913 1839 1980 aliquem
1863 1912 2074 1980 quidem
2111 1917 2156 1975 Β
2183 1911 2460 1967 Theodoto
2507 1914 2879 1984 praefecturam
2917 1935 2928 1971 :

496 2005 792 2062 invenisset
816 2003 1118 2074 vigilantem
1144 2011 1198 2056 et
1225 2001 1388 2056 Deum
1418 2001 1721 2054 laudantem
1741 2042 1756 2067 ,
1787 2001 2073 2057 recedebat

496 2101 721 2164 tacitus;
754 2098 795 2152 si
825 2113 981 2168 quem
1013 2105 1188 2150 autem
1218 2095 1473 2148 Sensisset
1499 2093 1880 2160 dormientem,
1914 2110 2071 2148 manu

494 2193 708 2264 quidem
755 2189 992 2258 pulsabat
1035 2189 1260 2253 ostium,
1307 2186 1483 2256 lingua
1528 2197 1702 2241 autem
1736 2185 1785 2240 in
1817 2203 1937 2242 eum
1980 2187 2068 2256 qui

491 2284 701 2355 iacebat
729 2283 1102 2348 invehebatur,
1132 2290 1188 2335 ut
1212 2280 1300 2348 qui
1339 2293 1533 2348 corpus
1573 2277 1693 2349 plus
1723 2293 1881 2349 quam
1911 2293 2068 2348 opor-

492 2386 632 2434 κει-ει
655 2385 888 2432 curaret.

567 2487 700 2542 llinc
725 2487 842 2553 ejus
887 2483 1122 2539 laborem
1155 2497 1274 2538 cum
1319 2483 1744 2537 considerassent
1775 2482 1933 2551 aliqui
1975 2482 2066 2552 qui

489 2588 642 2636 erant
670 2577 906 2649 ejusdem
931 2575 1092 2630 animi
1117 2571 1172 2629 et
1205 2565 1504 2639 sententiae,
1527 2575 1590 2627 ad
1626 2591 1744 2628 cum
1773 2576 2067 2629 retulerunt

490 2678 550 2728 ut
575 2653 822 2724 omnibus
851 2683 1012 2723 unum
1045 2665 1333 2721 aedificaret
1372 2665 1753 2722 habitaculum.
1791 2665 1893 2720 Eos
1923 2672 2062 2721 enim

485 2763 577 2834 qui
606 2775 746 2815 nunc
767 2737 887 2814 sdnt
909 2757 1131 2827 dispersi
1159 2745 1392 2812 exactius
1413 2765 1468 2810 et
1493 2759 1790 2812 accuratius
1817 2757 2063 2814 dixerunt

485 2868 606 2910 esse
633 2835 890 2916 victui-os,
921 2865 1150 2916 eumque
1197 2850 1310 2904 fore
1357 2843 1580 2904 liberum
1611 2866 1639 2904 a
1681 2868 1866 2920 magna
1914 2864 2062 2922 parte

481 2945 882 3004 sollicitudinis.
911 2943 1160 2998 Probavit
1187 2943 1464 2996 consilium
1498 2943 1579 2996 vir
1609 2945 2057 3012 sapientissimus,

481 3049 680 3095 etcum
722 3013 906 3092 omnes
951 3034 1108 3089 simul
1153 3034 1448 3102 coegisset,
1481 3043 1533 3087 et
1579 3049 1768 3104 parvas
1819 3034 1935 3088 illas
1976 3035 2059 3088 di-

480 3130 678 3186 ruisset
710 3109 1075 3204 domuiiculas,
1108 3126 1173 3180 iis
1201 3136 1377 3179 autem
1408 3125 1496 3196 qui
1542 3136 1693 3179 erant
1721 3123 2053 3195 congregati,

480 3237 641 3278 unam
685 3219 1026 3281 aedificasset,
1060 3219 1257 3286 rogavit
1300 3230 1352 3272 ut
1397 3215 1555 3270 simul
1602 3219 1884 3280 viverent,
1918 3225 1972 3270 et
1999 3231 2056 3270 se

2192 631 2228 685 ii
2259 631 2346 699 qui
2400 632 2539 685 illius
2569 646 2870 683 successere
2897 631 3188 697 curationi,
3223 641 3281 686 ut
3308 648 3370 684 ex
3404 631 3658 688 limitibus
3701 635 3770 690 ab

2188 719 2254 780 eo
2283 726 2467 793 positis
2515 723 2709 791 aliquid
2758 734 3092 786 everterent,
3124 726 3176 779 in
3223 727 3454 778 animum
3484 726 3648 799 815
3688 725 3770 780 itt-

2188 813 2420 880 duxcre;
2454 815 2611 885 idque
2635 831 2751 869 cum
2780 831 2881 868 non
2909 815 3012 868 duo
3035 818 3112 868 vel
3147 827 3273 879 tres,
3299 819 3388 870 sed
3423 817 3601 890 plures
3631 817 3769 888 hanc

2187 909 2515 977 susceperint
2569 911 2959 978 pimfecturam.
3011 907 3142 962 Cum
3199 911 3424 976 primum
3478 911 3618 964 enim
3678 911 3765 984 ille

2185 1010 2451 1057 certamen
2476 1001 2777 1070 iuipleSset,
2807 1011 2858 1056 et
2887 1017 2953 1055 ex
2985 1003 3080 1078 hac
3112 1002 3212 1078 vita
3241 1002 3598 1072 excessisset,
3627 1013 3680 1058 et
3711 1005 3764 1058 in

2185 1091 2324 1146 illam
2367 1093 2512 1147 omni
2562 1094 2803 1148 molestia
2851 1109 3072 1148 vacuam
3118 1096 3556 1164 commigrnsset,
3591 1097 3768 1152 Theu-

2186 1188 2368 1237 tecnus
2391 1185 2600 1250 quidem
2624 1186 2821 1240 Graec-te
2845 1187 3057 1257 litigare,
3077 1187 3412 1253 Aphthonius
3432 1203 3560 1242 vero
3585 1189 3760 1258 Sync,

2185 1274 2551 1341 praefecturam
2605 1292 2892 1348 accepere,
2945 1280 3030 1346 qui
3089 1279 3302 1348 utrique
3357 1279 3498 1334 illius
3551 1283 3764 1334 virtutis

2183 1361 2394 1417 fuerunt
2439 1367 2679 1434 quaedam
2710 1367 2957 1421 auimatte
3007 1378 3214 1423 Statuue
3245 1380 3298 1423 et
3335 1370 3404 1424 im
3444 1374 3614 1440 gines.
3652 1372 3756 1425 Ne-

2182 1471 2284 1524 que
2327 1459 2466 1510 enim
2501 1457 2565 1511 iis
2595 1459 2683 1526 qui
2717 1459 2869 1512 simul
2903 1462 3324 1528 conveniebant,
3358 1480 3526 1530 neqtr-
3563 1466 3625 1518 iis
3670 1467 3762 1534 qui

2181 1548 2513 1602 extrinsecus
2560 1551 2911 1605 adveniebant
2958 1564 3336 1607 concesserunt
3377 1556 3562 1609 morti
3618 1557 3760 1610 illius

2181 1636 2346 1691 ullum
2381 1638 2576 1694 habere
2608 1655 2858 1708 sensum,
2893 1651 2946 1695 ut
2976 1644 3066 1710 qui
3107 1645 3245 1698 illius
3278 1646 3396 1700 vitae
3427 1647 3649 1703 instituti
3681 1663 3766 1714 se-

2180 1729 2322 1795 ipsos
2365 1747 2613 1799 expressa
2653 1735 3000 1790 osteiiderent
3042 1738 3350 1793 simulacra.
3385 1739 3488 1795 Sed
3540 1741 3757 1796 divinus

2178 1819 2388 1886 quidem
2423 1823 2757 1877 Tlieotecuus
2795 1840 2916 1879 cum
2957 1841 3060 1880 non
3111 1829 3200 1881 diu
3245 1831 3500 1895 vixisset,
3533 1832 3762 1888 tradidit

2979 1920 3310 1986 Aphthonius
3355 1932 3531 1976 autem
3579 1924 3760 1993 gregis

2177 2017 2359 2056 curam
2390 2021 2603 2072 gerens,
2629 2017 2682 2059 et
2707 2007 2812 2074 jam
2847 2008 2964 2062 latis
2991 2009 3193 2078 legibus
3220 2027 3430 2081 regens,
3457 2016 3760 2082 permansit

2175 2093 2494 2152 diutissime.
2525 2097 2620 2152 Hic
2659 2107 2836 2152 autem
2878 2097 3156 2156 Thodotus
3197 2119 3258 2156 ex
3294 2104 3542 2158 Armenia
3576 2107 3759 2161 oriun-

2174 2186 2294 2252 dus,
2327 2203 2446 2242 cum
2481 2191 2880 2245 exercitationis
2910 2194 3212 2250 monasticm
3241 2196 3388 2251 illum
3417 2199 3635 2254 vidisset
3659 2215 3753 2254 or-

2173 2278 2384 2343 dinem,
2419 2283 2643 2349 primum
2673 2284 2889 2351 quidcnt
2930 2297 3044 2340 erat
3092 2287 3143 2341 in
3183 2304 3406 2344 numero
3449 2304 3632 2344 eorum
3663 2291 3758 2361 qui

2174 2385 2368 2441 magno
2415 2373 2671 2441 parebant
2715 2375 3028 2444 gubernanti
3080 2379 3428 2434 TheoteCtio:
3473 2392 3754 2450 postquam

2171 2471 2376 2527 autem,
2412 2474 2466 2516 nt
2510 2465 2645 2526 dixi,
2681 2467 2768 2520 ille
2811 2469 3024 2536 quidem
3069 2473 3327 2536 excessit,
3362 2472 3472 2539 ipse
3505 2486 3630 2526 vero
3659 2487 3754 2526 ac-

2168 2557 2310 2623 cepit
2340 2558 2730 2628 praefecturam,
2762 2574 2876 2612 eam
2910 2571 2986 2614 tot
3017 2563 3166 2616 bonis
3195 2564 3492 2632 exornavit,
3530 2573 3585 2618 ut
3609 2549 3751 2620 fama

2168 2662 2261 2702 sua
2294 2650 2500 2718 priores
2549 2652 2931 2720 propemodum
2979 2654 3296 2708 obscurarit.
3329 2657 3414 2710 Sic
3449 2656 3591 2710 enim
3622 2671 3746 2710 eum

2167 2739 2405 2814 divinum
2453 2741 2626 2794 affecit
2674 2741 3028 2807 desiderium,
3063 2759 3289 2814 eiitnque
3329 2755 3407 2800 tot
3453 2756 3504 2800 et
3554 2733 3746 2802 talibus

2169 2813 2528 2884 consauciavit
2572 2833 2784 2900 jaculis,
2818 2845 2868 2888 ut
2904 2847 3063 2890 noctu
3095 2848 3148 2890 et
3182 2813 3405 2891 interdiu
3447 2838 3749 2894 effunderet

2166 2921 2427 2991 lacryma‘
2472 2925 2913 2991 compunctionis.
2952 2927 3074 2982 lirat
3121 2939 3295 2983 autem
3327 2931 3550 2998 spiritali
3596 2942 3741 2986 tanta

2167 3013 2354 3082 plenus
2382 3019 2572 3084 gratia,
2608 3024 2666 3070 ut
2700 3032 2764 3072 eo
2796 3020 3010 3088 quidem
3055 3031 3328 3087 precante,
3359 3023 3572 3076 sileri-nt
3623 3023 3746 3092 qui-

2161 3106 2282 3161 dem
2327 3125 2510 3161 omnes
2549 3109 2640 3178 qui
2688 3109 2942 3172 aderant.
2987 3113 3160 3166 solum
3211 3123 3385 3167 autem
3444 3113 3530 3165 illa
3588 3128 3740 3167 sacra

2161 3185 2322 3254 verba
2351 3202 2627 3267 audirent,
2658 3203 2798 3256 illam
2826 3203 3151 3260 auditiOnem
3186 3208 3342 3275 plane
3373 3207 3629 3262 ducentes
3659 3209 3746 3264 bo-

479 3317 708 3373 invicem
742 3313 1021 3368 incitarent
1050 3331 1060 3365 :
1094 3321 1148 3366 et
1188 3312 1272 3365 hic
1315 3311 1528 3380 quidem
1571 3311 1711 3364 illius
1759 3309 2056 3363 imitaretur
2085 3287 2130 3349 C
2163 3305 2284 3344 nam
2319 3303 2694 3359 βτοοδιιοηυιυο
2728 3295 2859 3361 Quis
2890 3298 3029 3350 enim
3065 3297 3249 3352 ruisset
3278 3299 3411 3353 adeo
3440 3299 3741 3354 adamanti-

480 3405 968 3467 mansuetudinem,
999 3403 1086 3458 ille
1110 3418 1238 3455 vero
1269 3401 1726 3456 mansuetudinem
1759 3399 1912 3465 hujus
1940 3399 2055 3455 zelo

481 3499 838 3566 temperaret,
869 3503 923 3550 et
953 3495 1086 3548 alius
1116 3489 1513 3546 communicatis
1543 3492 1763 3560 vigilias,
1793 3489 2058 3556 acciperet

479 3587 660 3660 jejuuii
705 3581 1056 3655 disciplinam.
1088 3583 1176 3640 Sic
1205 3585 1382 3648 enim,
1418 3582 1618 3649 inquit,
1653 3597 1683 3634 a
1716 3581 1868 3635 nobis
1916 3580 2053 3634 invi-

478 3699 594 3738 cem
625 3681 676 3736 id
708 3673 846 3751 quod
879 3683 1028 3735 deest
1060 3687 1352 3740 sumentes,
1385 3676 1827 3746 perfectissimam
1857 3674 2056 3730 efficie-

476 3791 595 3829 mus
619 3757 888 3828 virtutein.
918 3767 1194 3837 Quomodo
1219 3767 1358 3822 enim
1391 3765 1442 3820 in
1471 3765 1598 3820 foris
1626 3765 1895 3820 civitatum
1921 3767 2054 3820 alius

475 3867 684 3939 quidem
726 3863 906 3918 vendit
955 3875 1138 3940 panes,
1171 3859 1306 3913 alius
1337 3874 1462 3912 vero
1494 3857 1672 3922 olera;
1717 3856 1851 3910 alius
1897 3854 2053 3911 habet

476 3971 655 4013 vestes
685 3947 919 4018 venales,
953 3952 1084 4006 alius
1114 3961 1194 4004 est
1231 3949 1406 4018 upifex
1435 3947 1766 4012 ealceorutn;
1801 3963 1831 4001 a
1873 3962 1930 4002 se
1959 3963 2055 4002 au-

474 4060 580 4105 tem
611 4041 833 4102 invicem
866 4029 918 4100 id
946 4047 1051 4112 quo
1077 4057 1212 4112 cpus
1245 4041 1439 4096 habent
1467 4049 1860 4109 comparantes,
1890 4041 2049 4096 vitam

471 4123 632 4212 agunt
677 4121 1076 4207 jucuiidi'oi'erii;
1121 4131 1210 4202 qui
1250 4133 1342 4187 dat
1383 4134 1524 4186 enim
1571 4141 1803 4196 vestem,
1853 4146 1948 4200 pro
1987 4147 2048 4186 ea

469 4229 660 4301 accipit
689 4213 936 4306 calceos,
963 4227 1049 4297 qui
1076 4238 1251 4280 autem
1281 4225 1409 4278 cutit
1437 4225 1574 4290 olus,
1605 4223 1782 4278 vendit
1816 4239 2003 4292 panem
2031 4243 2044 4278 :

471 4327 542 4380 ita
585 4335 683 4378 nos
735 4307 946 4394 opoiftet
993 4319 1217 4373 invicem
1263 4328 1564 4386 permutare
1611 4315 1821 4371 virtutis
1872 4325 2046 4386 partes

465 4391 897 4512 pretiosissimas;
937 4391 1068 4465 ilum
1109 4409 1197 4480 qui
1243 4420 1392 4463 erant
1439 4408 1676 4478 ejusdem
1729 4410 1918 4478 lingua:
1967 4408 2046 4463 sic

723 4503 728 4508 .
799 4491 828 4512 ι.
985 4497 1012 4512 -.
1429 4509 1436 4512 Α
1485 4501 1518 4512 ,.
1883 4501 1913 4512 η

799 4491 828 4516 Ἰ

464 4497 842 4565 exercereritiii-
881 4497 933 4560 et
983 4497 1354 4568 decertarent,
1390 4509 1444 4556 et
1481 4501 1663 4557 Gl‘iBCﬂ
1709 4517 1838 4556 voce
1881 4501 2041 4556 Deum

463 4577 767 4664 laudaréui,
798 4579 952 4666 hujus
979 4596 1099 4648 vita:
1126 4594 1353 4648 instituti
1381 4610 1472 4648 eos
1496 4609 1708 4665 quoque
1733 4598 1872 4664 cepit
1894 4610 2043 4648 auior

2163 3399 2284 3448 nus,
2318 3394 2374 3438 ut
2418 3385 2520 3438 illis
2550 3387 2728 3442 verbis
2761 3397 2864 3441 tam
2896 3387 3103 3444 sincere
3134 3401 3185 3444 et
3217 3406 3470 3461 germane
3497 3393 3740 3459 prolatis,

2162 3493 2267 3532 non
2299 3478 2688 3534 demulcerctur
2729 3484 2926 3548 anima,
2964 3483 3209 3556 illiusque
3250 3486 3500 3543 duritiem
3535 3489 3744 3544 cmodi-

2160 3581 2245 3626 ret
2281 3582 2334 3626 et
2377 3571 2816 3641 inobedientiam,
2849 3587 2902 3632 et
2929 3580 2994 3632 ad
3028 3581 3138 3635 Deo
3165 3582 3508 3648 serviendum
3553 3582 3740 3638 tradu-

2160 3663 2344 3718 ceret?
2372 3664 2503 3720 Cutn
2545 3667 2622 3721 sic
2663 3682 2793 3737 opes
2829 3682 3046 3742 augeret
3076 3673 3335 3742 quotidie,
3365 3683 3419 3728 et
3449 3689 3629 3730 sacros
3660 3689 3742 3730 os-

2159 3755 2403 3810 tenderet
2445 3757 2723 3813 ιιιθειιυτυδ
2771 3761 2964 3815 talibus
3005 3764 3156 3818 bonis
3201 3760 3412 3834 plenos,
3455 3778 3740 3838 postquam

2159 3844 2338 3916 viginti
2369 3847 2602 3916 quinque
2627 3849 2779 3904 annis
2827 3866 3038 3923 gregem
3088 3855 3346 3924 pavisset,
3380 3856 3621 3926 adjectUs
3654 3867 3742 3913 est

2157 3937 2222 3992 ad
2259 3949 2435 4006 patres
2461 3957 2607 4007 suos,
2633 3952 2688 3996 ut
2715 3943 2894 3998 divina
2916 3944 2982 3999 diu
3005 3945 3044 4000 it
3069 3946 3336 4016 Scriptura
3371 3947 3521 4018 (chi.
3546 3950 3656 4020 xv),
3686 3937 3739 4005 in

2164 4031 2301 4086 bona
2328 4033 2550 4090 eductus
2575 4047 2869 4107 senectute,
2905 4041 3109 4094 traditis
3140 4041 3359 4095 habenis
3403 4041 3738 4110 Theatecnn,

2160 4126 2251 4196 qui
2291 4137 2405 4182 erat
2443 4130 2656 4198 quidem
2703 4146 2897 4200 genere
2929 4131 3108 4188 fratris
3151 4134 3308 4201 filius,
3343 4134 3508 4189 frater
3555 4145 3736 4192 autem

2154 4223 2414 4278 moribus.

2225 4315 2338 4370 Jam
2379 4331 2504 4370 vero
2556 4320 2769 4376 divinus
2800 4331 3010 4386 quoque
3053 4318 3390 4386 Aphthonius
3415 4360 3427 4384 ,
3461 4334 3581 4375 cum
3615 4323 3737 4391 plus

2149 4423 2307 4478 quam
2359 4408 2705 4478 quadraginta
2752 4409 2906 4462 annis
2954 4409 3117 4463 choro
3165 4411 3504 4479 pratl‘uisset,
3545 4415 3729 4470 sedem
3779 4479 3784 4482 I

2149 4503 2355 4572 accepit
2387 4503 2740 4572 pontificalem
2771 4517 2784 4555 :
2811 4517 2908 4555 nec
2953 4503 3182 4556 cilicium
3217 4516 3425 4558 mutans
3468 4509 3722 4560 mouasth

2149 4609 2292 4659 cunt,
2323 4609 2420 4649 nec
2451 4595 2682 4647 tunicam
2727 4603 3028 4647 contextam
3060 4610 3125 4648 ex
3160 4595 3380 4662 pellibus
3407 4611 3685 4664 caprarum
3713 4612 3731 4662 ;

462 4691 764 4762 qui‘lingua
794 4673 1076 4766 uit-bantur
1105 4685 1250 4740 illius
1290 4687 1550 4754 regionis;
1583 4698 1636 4742 et
1666 4699 2042 4742 concurrentes
2074 4673 2122 4732 Ῐ)
2150 4685 2338 4742 iisdem
2382 4699 2592 4752 quoque
2637 4684 2768 4737 cibis
2818 4684 3132 4739 vescebatur
3155 4729 3168 4750 ,
3211 4687 3400 4750 quibus
3443 4695 3730 4756 antequam

463 4783 653 4854 aliqui,
688 4767 1050 4858 supplicarunt
1077 4788 1131 4831 ut
1159 4777 1256 4854 ipsi
1285 4793 1496 4848 quoque
1524 4779 1573 4833 in
1606 4794 1792 4832 eorum
1821 4795 2035 4848 gregem

461 4851 889 4946 admitterentui',
918 4888 970 4946 et
1001 4869 1178 4928 essent
1219 4873 1334 4942 ejus
1364 4889 1528 4927 sacra:
1581 4873 1838 4927 doctrina.-
1871 4874 2038 4944 parti-

459 4967 622 5036 cipes.
661 4941 934 5038 Coiicessii
966 4949 1140 5038 autem
1183 4967 1322 5033 quod
1367 4965 1732 5034 postulabant,
1770 4941 1899 5034 legis
1929 4982 2039 5019 me-

459 5073 578 5114 mor
608 5055 888 5142 dominicte
922 5037 1076 5142 quam
1109 5056 1308 5110 sanctis
1352 5058 1468 5110 tulit
1497 5057 1773 5123 apostolis,
1806 5056 1988 5110 dicens
2018 5073 2029 5108 :

457 5149 664 5203 Euntes
695 5127 877 5200 ducere
905 5127 1090 5201 oiiities
1119 5157 1302 5217 gentes
1337 5147 1553 5219 (Matth.
1582 5149 1788 5218 xxviii).
1822 5147 1887 5202 Et
1915 5163 2032 5201 cum

455 5239 600 5311 juxta
634 5238 759 5292 illud
792 5233 1148 5293 habitaculum
1178 5240 1496 5295 aedificasset
1521 5244 1777 5305 alterum,
1807 5255 1898 5294 eos
1925 5239 2038 5309 jus-

456 5330 524 5384 sit
556 5329 666 5384 illic
697 5329 907 5399 degere,
939 5329 1114 5384 divino
1143 5332 1368 5399 quodam
1404 5331 1599 5400 templo
1624 5339 1955 5395 constructo,
1985 5329 2035 5383 in

456 5422 596 5490 quod
627 5421 782 5488 jussit
809 5431 860 5475 et.
910 5421 1006 5476 hos
1035 5433 1092 5476 et’
1134 5424 1254 5476 illos
1294 5425 1602 5486 convenire,
1639 5421 1924 5487 incipiente
1953 5423 2037 5474 die

453 5523 510 5570 et
559 5507 874 5570 desinente:
909 5526 966 5570 ut
995 5517 1326 5586 vespertinus
1371 5527 1421 5570 et
1475 5519 1761 5570 matutinos
1813 5517 2036 5585 hymnos

451 5605 566 5662 Deo
594 5605 750 5662 simul
779 5606 1060 5674 offerrent,
1088 5608 1139 5662 in
1170 5608 1298 5662 duas
1326 5593 1536 5676 quidem
1565 5607 1722 5661 divisi
1755 5618 1950 5674 partes,
1982 5615 2036 5660 et

452 5699 640 5770 singuli
672 5716 762 5755 sua
795 5717 926 5756 voce
959 5712 1189 5762 utentes,
1225 5717 1291 5754 ex
1323 5701 1663 5757 successione
1692 5712 1868 5756 autem
1901 5719 2032 5755 can-
2079 5755 2081 5758 .

450 5793 613 5847 ticum
664 5793 998 5849 emittentes.
1051 5791 1346 5848 Permansit
1393 5805 1570 5848 autem
1616 5794 1669 5848 in
1720 5795 2032 5850 hodiernum

447 5899 616 5946 usque
645 5887 786 5946 diem
836 5888 1002 5947 forma
1034 5887 1150 5954 eius
1192 5887 1452 5952 instituti,
1482 5896 1538 5945 et
1582 5904 1756 5957 neque
1804 5899 2034 5960 tempus,

2150 4777 2303 4831 fierit
2350 4779 2589 4829 antistes.
2615 4776 2751 4842 Quin
2787 4775 2945 4830 etiam
2989 4775 3230 4845 quamvis
3263 4781 3397 4832 hanc
3424 4781 3719 4848 accepisset

2146 4867 2502 4930 curationem,
2530 4865 2694 4918 nihilo
2719 4868 2892 4920 set-ius
2916 4881 3097 4920 curam
3121 4870 3338 4930 gerebat
3369 4870 3508 4922 illius
3529 4873 3729 4940 gregis,

2145 4962 2256 5016 illic
2280 4961 2472 5012 multos
2497 4960 2611 5012 dies
2641 4974 2898 5013 versans:
2923 4969 2976 5013 et
3007 4975 3144 5013 nunc
3167 4959 3376 5028 quidem
3402 4977 3732 5030 componens

2143 5069 2330 5109 eorum
2364 5052 2481 5104 lites
2510 5051 2596 5119 qui
2629 5051 2767 5104 inter
2790 5066 2848 5104 se
2879 5052 3292 5120 depugnabant,
3327 5071 3464 5107 nunc
3493 5072 3620 5109 vero
3648 5057 3728 5110 eis

2142 5147 2429 5200 consulens
2460 5162 2544 5214 qu:
2579 5155 2732 5198 erant
2774 5144 2950 5214 aliqua
2983 5146 3155 5199 affecti
3189 5145 3410 5214 injuria;
3442 5151 3727 5216 aliquando

2142 5251 2320 5307 autem
2363 5234 2633 5289 sodaiihus
2685 5235 2916 5290 divinam
2968 5238 3240 5306 porrigens
3280 5241 3721 5296 admonitioiem.

2143 5330 2394 5384 Faciebat
2421 5341 2593 5383 autem
2638 5332 3054 5399 unumquodque
3088 5333 3298 5399 horum,
3329 5335 3408 5386 v:r|
3437 5336 3698 5388 cuntuiicr

2142 5423 2336 5476 nalium
2371 5423 2580 5477 interim
2615 5439 2812 5492 pannos
2843 5439 3130 5488 consuetis,
3178 5426 3258 5478 vel
3295 5428 3489 5482 lentem
3523 5444 3723 5498 expur-

2140 5529 2293 5583 gatis,
2326 5523 2404 5567 vel
2439 5517 2756 5569 f'ruuwntttm
2787 5517 3029 5580 abluens,
3053 5521 3132 5569 vel
3166 5521 3360 5587 aliquid
3393 5531 3624 5574 tractans
3655 5537 3719 5574 ex

2142 5608 2204 5660 iis
2234 5623 2349 5675 qtne
2380 5616 2501 5661 sunt
2543 5599 2824 5678 ejusmodi.
2860 5607 2990 5660 Cum
3035 5610 3113 5661 sic
3145 5618 3318 5662 autem
3353 5620 3404 5663 ct
3435 5610 3723 5676 pontifica-

2141 5709 2252 5753 tum
2293 5711 2557 5768 ori.assct,
2588 5711 2640 5754 et
2671 5703 2920 5754 virtutem
2952 5703 3206 5766 auxisset,
3236 5703 3300 5756 ad
3330 5701 3565 5758 divinum
3597 5719 3723 5773 por-

2140 5807 2247 5847 tum
2279 5795 2519 5862 pervenit
2549 5808 2669 5847 cum
2697 5792 2807 5847 suis
2834 5793 3107 5868 oneribus.
3603 5788 3605 5790 ’

2209 5885 2274 5941 Et
2304 5885 2429 5954 quid
2457 5901 2591 5956 opus
2613 5897 2694 5942 est
2720 5885 2900 5942 dicere
2921 5884 2988 5940 de
3011 5881 3341 5954 Titeotecno,
3365 5895 3421 5942 et
3449 5885 3538 5960 qui
3565 5873 3723 5954 illum
3813 5951 3834 5960 _
