4052 6362
268 527 351 592 45

1340 523 1798 594 PHILOTHEUS,
1837 539 1952 582 sm:
1992 523 2440 582 ΤιιΕοΡιιιιες.

3475 522 3545 578 46

269 653 488 704 secutus
517 651 602 699 est
632 641 890 708 Gregorio
909 683 922 706 ,
954 655 1178 711 quorum
1224 639 1315 696 ille
1361 641 1573 710 quidem
1607 659 1636 696 a
1665 645 1855 710 juven-
1887 645 1934 702 Α
1967 640 2111 695 ducit
2139 641 2205 695 ad
2227 642 2524 704 castellum,
2552 641 2782 705 Manete,
2808 641 2998 710 inquit,
3023 641 3205 695 statim
3229 641 3378 695 vobis
3404 640 3545 695 dabo

270 745 387 793 tute
417 751 576 789 omne
608 750 774 804 genus
806 735 1018 788 virtutis
1061 733 1296 804 collegit,
1327 742 1381 790 et
1426 751 1546 789 cum
1602 736 1863 806 majorum

272 844 491 888 auorum
516 831 748 883 excessit
773 829 975 897 gloria;
1009 827 1093 882 hic
1118 843 1243 882 vero
1267 828 1440 883 adhuc
1469 828 1520 883 in
1550 829 1864 883 hodiernum

273 921 416 979 diem
465 923 669 978 laborat
719 922 771 975 iu
819 921 1082 992 profundi
1129 933 1446 990 senectute,
1481 922 1702 988 perinde
1731 937 1792 977 ac
1821 919 1866 976 si

272 1025 420 1072 esset
449 1015 502 1069 in
533 1015 742 1069 ﬂorenti
774 1028 950 1068 aitate.
1000 1014 1237 1068 Perstitit
1288 1015 1433 1068 enim
1476 1014 1600 1069 vitis
1631 1015 1863 1070 fructum

273 1116 538 1179 perpetuo
566 1120 848 1172 recusans,
877 1114 930 1158 et
955 1120 1055 1160 nec
1077 1113 1229 1159 aceto
1258 1105 1472 1174 quidem
1495 1104 1580 1158 vel
1605 1107 1721 1159 uvis
1747 1120 1869 1173 pas-

274 1201 351 1269 sis
379 1215 624 1262 vescens.
660 1215 763 1252 non
799 1199 934 1252 lacte
976 1213 1150 1270 neque
1195 1200 1396 1252 recenti
1440 1213 1539 1252 nec
1589 1206 1865 1252 concreto.

276 1293 370 1349 Sic
401 1295 543 1348 enim
575 1295 755 1347 vivere
786 1307 1008 1361 magnus
1037 1292 1316 1346 constituit
1356 1290 1570 1345 Publius
1595 1309 1608 1344 :
1632 1291 1738 1346 olei
1769 1305 1868 1345 au-

275 1391 384 1438 tem
415 1399 567 1439 usum
598 1393 952 1451 agnoscentes
1001 1381 1053 1438 in
1089 1391 1328 1452 tempore
1360 1382 1726 1448 Pentecostes,
1751 1397 1873 1437 rur-

281 1493 376 1531 sus
397 1488 644 1532 recusant
666 1476 784 1546 ejus
803 1492 922 1532 esse
944 1492 1004 1542 pa
1015 1476 1094 1531 rtii
1116 1478 1246 1547 ipes.
1270 1475 1394 1531 llaec
1411 1475 1570 1530 didici
1593 1476 1658 1529 de
1681 1491 1871 1546 magno

277 1568 490 1632 Publio,
515 1585 634 1640 quae
661 1571 851 1639 partim
878 1567 1091 1637 quidem
1110 1567 1283 1622 audita
1307 1567 1510 1636 accepi,
1531 1567 1717 1634 partim
1746 1582 1874 1622 vero

275 1660 351 1717 ab
399 1659 531 1729 ipsis
581 1661 700 1730 ejus
729 1672 862 1728 quos
907 1659 1012 1713 vidi
1039 1657 1330 1727 discipulis.
1364 1657 1414 1711 in
1443 1657 1636 1724 quibus
1682 1657 1873 1723 agnovi

281 1765 700 1823 praeceptorem,
749 1757 804 1806 et
866 1765 959 1821 per
1011 1749 1237 1804 athletas
1290 1748 1454 1804 didici
1505 1748 1872 1818 pmdnlribam.

352 1838 592 1912 luiq’uuiu
622 1841 782 1910 igitur
813 1856 930 1896 esse
961 1841 1272 1904 arbitratus,
1311 1849 1362 1893 et
1396 1838 1631 1894 hominis
1662 1837 1870 1906 mundi,

276 1943 482 1990 tantam
530 1935 814 1990 utilitatem
864 1930 1120 1989 mandare
1173 1933 1410 2004 silentio,
1446 1932 1508 1984 iis
1538 1930 1628 1998 qui
1656 1931 1873 2004 ignora-

1967 731 2130 786 duees
2155 733 2244 801 Qui
2277 733 2560 786 ostendent
2588 733 2728 786 viam
2757 748 2912 801 quam
2946 733 3280 787 desideratis.
3305 741 3478 802 atque
3507 733 3547 787 ii

1970 822 2187 892 quidem
2229 833 2351 876 tunc
2398 823 2648 889 parebant
2689 833 2743 876 et.
2784 823 3146 891 quiescebant.
3200 822 3330 889 Ipsis
3369 835 3548 877 autem

1968 914 2300 980 sedentibus,
2326 929 2520 969 veneie
2545 914 2650 968 duo
2673 917 2872 983 leones,
2899 932 3004 970 non
3033 929 3182 970 (οι-νε
3212 924 3266 969 et
3295 915 3549 970 ferociter

1969 1003 2262 1071 intuentes,
2295 1007 2386 1059 sed
2420 1007 2822 1061 veluti.cuidam
2848 1007 3066 1062 domino
3099 1008 3452 1073 blandientes,
3489 1015 3545 1062 et

1968 1104 2279 1157 servitutem
2310 1102 2690 1171 significantes.
2745 1102 2835 1156 His
2865 1119 3136 1168 annuens,
3162 1102 3322 1174 jussit
3354 1111 3412 1156 ut
3443 1103 3542 1156 ho-

1969 1195 2135 1265 spites
2166 1197 2441 1256 ducerent.
2473 1205 2526 1250 et
2552 1195 2617 1250 ad
2645 1196 2782 1249 viam
2804 1210 2834 1250 a
2858 1211 2956 1263 qua
2980 1197 3295 1252 abet-raram
3325 1197 3555 1251 reduce-

1971 1297 2109 1344 rent.
2142 1288 2310 1344 Nemo
2331 1299 2506 1343 autem
2537 1289 2807 1344 existimet
2831 1288 3121 1342 fabulosam
3144 1303 3265 1344 esse
3291 1287 3552 1343 narratio-

1972 1395 2119 1446 nem,
2138 1396 2257 1435 cum
2290 1395 2602 1435 comnnmes
2630 1380 2871 1434 veritatis
2894 1379 3072 1435 hostes
3103 1379 3294 1435 habeat
3322 1380 3558 1436 ferentes

1973 1471 2183 1526 veritati
2206 1474 2592 1535 testimonium;
2623 1470 2724 1538 ipsi
2749 1471 2890 1524 enim
2911 1471 3182 1526 consecuti
3214 1471 3552 1536 beneficium,

1976 1563 2079 1618 hoc
2111 1573 2367 1634 perpetuo
2394 1563 2732 1628 cet-inerunt;
2783 1561 2989 1630 hocque
3037 1561 3164 1616 mihi
3200 1560 3286 1614 hic
3337 1576 3558 1630 magnus

1977 1658 2211 1710 narravit
2239 1654 2473 1710 Iacobus
2498 1699 2510 1721 ,
2545 1653 2728 1709 dicens
2756 1665 2814 1709 se
2841 1653 3086 1720 aﬂ'uisse,
3121 1667 3241 1708 cum
3273 1653 3374 1708 hoc
3401 1653 3558 1708 beato

1977 1749 2178 1805 Maroni
2231 1757 2510 1803 narrarent
2564 1747 2899 1801 miraculum.
2933 1748 3030 1814 Qui
3080 1762 3210 1816 ergo
3247 1763 3350 1800 non
3394 1749 3565 1802 credit

1977 1840 2176 1896 ludatis
2216 1841 2284 1896 de
2312 1841 2738 1896 Christianorum
2789 1837 3058 1895 miraCulis
3090 1840 3381 1895 ferentibus
3413 1841 3564 1894 testi-

1983 1932 2242 1995 monium,
2274 1931 2542 1998 quametio
2573 1947 2676 1986 non
2710 1933 2900 1986 merito
2939 1933 3213 1986 vocabitur
3255 1931 3453 1988 Iudaeis
3485 1934 3566 1988 itt-

277 2029 413 2084 bant
443 2029 694 2097 proposui
729 2027 1112 2094 narrationem,
1139 2036 1194 2082 ut
1225 2038 1279 2080 et
1309 2027 1406 2094 ipsi
1437 2025 1718 2080 utilitatem
1746 2024 1872 2080 hinc
1901 2019 1950 2079 B
1977 2021 2219 2078 fidelior?
2249 2023 2510 2091 siquidem
2556 2022 2630 2077 illi
2657 2066 2671 2090 ,
2721 2024 2931 2078 etiamsi
2981 2025 3033 2078 in
3080 2039 3175 2079 nos
3215 2027 3326 2079 sint
3372 2024 3565 2080 infesto

281 2122 551 2191 accipiant
580 2135 894 2190 procurans,
927 2131 978 2176 et
1009 2122 1282 2175 memoriae
1307 2119 1429 2173 hine
1452 2120 1578 2174 mihi
1603 2129 1868 2189 quaestum

277 2225 498 2280 parans.
532 2212 720 2266 Audivi
746 2213 889 2267 enim
916 2211 1193 2265 Dominum
1224 2211 1490 2265 dicentem
1519 2227 1534 2265 :
1559 2209 1870 2280 Quicunque

281 2315 375 2358 me
419 2303 755 2356 conﬁtebitur
784 2318 964 2357 coram
1010 2303 1346 2368 hominibus,
1376 2317 1476 2372 ego
1507 2317 1718 2372 quoque
1749 2317 1873 2358 eum

281 2392 582 2450 confitebor
611 2409 786 2448 coram
827 2393 985 2449 Patre
1017 2408 1133 2448 meo
1163 2396 1252 2464 qui
1280 2407 1358 2448 est
1392 2395 1444 2448 in
1472 2395 1628 2449 caelis
1657 2393 1874 2460 (Matth.

280 2486 378 2556 x);
409 2498 460 2540 et
495 2487 649 2552 plane
678 2487 788 2540 scio
813 2489 951 2552 quod
985 2487 1030 2542 si
1057 2503 1241 2542 eorum
1277 2488 1588 2541 memoriam
1623 2489 1797 2541 fecero
1821 2486 1876 2540 in

281 2577 614 2644 hominibus,
649 2580 884 2635 futurum
915 2581 984 2636 sit
1009 2590 1064 2636 ut
1092 2580 1128 2636 ii
1159 2596 1370 2652 quoque
1400 2582 1503 2636 mei
1533 2580 1878 2636 meminerint

227 2667 234 2672 ”
283 2665 427 2740 apud
458 2669 626 2725 Deum
661 2670 1054 2725 universorum.

908 2779 1133 2836 CAPUT
1174 2781 1261 2836 Vl.

743 2888 1000 2928 δίποδες
1041 2889 1252 2929 raiscus
1293 2874 1426 2944 (29).

362 2963 669 3020 Simeonem
701 2976 876 3018 autem
908 2981 1090 3020 senem
1120 2969 1164 3020 si
1197 2967 1316 3034 quis
1345 2967 1413 3020 de
1445 2966 1702 3021 industria
1731 2979 1872 3034 pm-

290 3058 576 3114 termiseiit
610 3059 625 3126 (
655 3058 931 3117 1‘Iteodor..
965 3059 1054 3112 lib.
1103 3073 1155 3111 ιν
1190 3057 1352 3120 Hist.,
1400 3074 1446 3112 c.
1469 3056 1542 3112 26
1566 3060 1610 3125 ),
1641 3067 1694 3112 et
1741 3056 1883 3112 illius

289 3147 645 3222 philosophiae
695 3167 848 3220 manu
875 3152 1011 3214 riam
1065 3150 1337 3204 mandarit
1367 3150 1643 3212 oblivioni,
1675 3147 1884 3217 injuria;

289 3253 347 3301 et
375 3243 589 3299 invidiae
618 3253 812 3298 merito
840 3244 1081 3298 accusari
1115 3246 1330 3314 poterit,
1356 3254 1410 3296 ut
1439 3244 1527 3311 qui
1561 3256 1736 3310 neque
1750 3241 1882 3296 velit

290 3335 513 3392 laudare
542 3352 604 3391 ea
635 3351 754 3406 qua:
781 3323 907 3390 sunt
951 3335 1108 3390 laude
1136 3335 1315 3405 digna,
1352 3349 1452 3390 nec
1480 3335 1544 3389 iis
1573 3336 1662 3404 qui
1693 3334 1882 3387 volunt

1979 2113 2179 2177 animo,
2225 2112 2507 2167 vincuntur
2547 2125 2719 2168 tamen
2743 2159 2755 2181 ,
2785 2125 2838 2168 et
2866 2114 3062 2170 cedunt
3095 2116 3257 2172 radiis
3287 2115 3566 2172 veritatis:

1981 2205 2034 2259 bi
2063 2218 2242 2260 autem
2284 2221 2403 2260 cum
2452 2205 2823 2261 existimentur
2864 2207 3144 2272 benevoli,
3175 2218 3230 2262 et
3257 2208 3378 2264 fidei
3409 2209 3566 2275 socii,

1981 2311 2054 2351 ne
2087 2296 2314 2351 inimicis
2341 2296 2554 2366 quidem
2584 2298 2808 2353 credunt
2829 2300 3078 2354 virtutem
3105 2301 3289 2369 gratia:
3321 2301 3567 2356 testanti-

1982 2387 2100 2442 bus.
2153 2389 2284 2442 Cum
2316 2401 2490 2443 autem
2538 2389 2620 2442 vir
2661 2389 2748 2444 ille
2793 2390 3004 2445 divinus
3054 2391 3252 2446 talibus
3301 2392 3569 2448 miraculis

1985 2479 2245 2535 evasisset
2293 2481 2538 2551 insignis,
2575 2490 2629 2535 et
2675 2481 2869 2536 multos
2920 2484 3226 2538 attraxisset
3264 2498 3330 2538 ex
3379 2484 3572 2539 vicinis

1981 2573 2224 2628 barbaris
2262 2574 2425 2644 (illam
2473 2585 2650 2629 autem
2699 2575 2940 2630 habitant
2983 2576 3320 2631 solitudinem
3365 2577 3456 2645 qui
3501 2577 3572 2632 de

1986 2665 2212 2722 lsmaele
2253 2668 2464 2738 generis
2502 2677 2720 2724 auctore
2761 2670 3106 2739 gloriantur).
3138 2671 3333 2740 quietis
3359 2687 3568 2737 atnans,

1982 2774 2205 2816 necesse
2225 2758 2410 2814 habuit
2429 2760 2737 2830 speluncam
2761 2762 3088 2832 relinquere.
3113 2763 3176 2816 Et
3199 2778 3319 2818 cum
3345 2763 3571 2818 multum

1985 2854 2086 2908 vite
2112 2853 2454 2915 confecisset,
2485 2855 2729 2923 pervenit
2749 2856 2812 2914 ad
2838 2865 3070 2910 montem
3098 2857 3186 2924 qui
3218 2857 3454 2911 Amanos
3485 2857 3570 2910 di-

1985 2949 2154 3010 citur;
2185 2947 2342 3018 idque
2370 2948 2510 3015 quod
2541 2949 2669 3002 olim
2702 2957 2818 3004 erat
2848 2950 3100 3004 refertum
3142 2949 3347 3004 insania
3379 2952 3574 3004 multo-

1985 3054 2108 3093 rum
2139 3039 2359 3093 deorum
2392 3040 2590 3100 cultus,
2621 3041 2802 3094 multis
2821 3039 2998 3110 iisque
3035 3043 3214 3096 “cunnis
3242 3043 3454 3110 generis
3479 3058 3573 3098 ex-

1988 3127 2154 3184 coluit
2203 3128 2493 3195 miraculis,
2525 3131 2883 3201 pietatemque
2925 3146 2987 3190 ac
3037 3146 3218 3188 veram
3259 3133 3571 3204 religionem

1991 3239 2108 3289 quae
2141 3223 2356 3277 nuncin
2393 3237 2458 3276 eo
2487 3232 2768 3278 exercetur
2800 3223 3074 3292 plantavit.

2061 3315 2166 3370 Sed
2198 3315 2380 3371 omnia
2402 3315 2614 3384 quidem
2639 3332 2858 3372 narrare
2880 3318 3033 3372 valde
3054 3327 3200 3372 esset
3224 3317 3574 3386 laboriosum,

291 3427 469 3498 iuvari
496 3441 557 3482 ea
585 3434 853 3498 proponat
876 3442 992 3496 qua:
1011 3437 1136 3482 sunt
1164 3427 1393 3482 maxime
1419 3427 1738 3495 expetenda.
1771 3425 1883 3493 Ego

1991 3417 2047 3462 et
2093 3407 2327 3463 fortasse
2377 3409 2428 3464 id
2458 3424 2488 3463 a
2519 3425 2604 3464 me
2655 3411 2899 3479 prastari
2947 3412 3166 3468 minime
3213 3425 3414 3480 posset.
3445 3415 3577 3470 Cum

293 3527 476 3572 autem
511 3534 612 3572 non
665 3532 732 3574 ne
774 3531 994 3572 accuser
1025 3527 1306 3580 metuens,
1338 3516 1435 3571 sed
1486 3517 1728 3572 laudibus
1763 3531 1886 3573 eum

294 3609 547 3680 prosequi
585 3609 827 3678 cupiens,
857 3608 1087 3663 narrabo
1116 3609 1236 3676 ejus
1266 3609 1388 3662 vita:
1419 3607 1739 3662 institutum.

371 3697 419 3753 ls
450 3700 593 3753 enim
643 3699 952 3768 longissimo
983 3709 1224 3766 tempore
1267 3705 1528 3768 perpetuo
1561 3702 1726 3754 vitam
1775 3713 1891 3754 am-

295 3787 488 3862 plexus
520 3800 603 3844 est
627 3790 946 3858 solitariam,
978 3803 1030 3846 et
1083 3791 1134 3845 in
1177 3806 1336 3861 parva
1364 3792 1591 3861 quadam
1635 3791 1889 3859 spelunca

301 3883 463 3938 vitam
510 3896 696 3949 agens,
730 3883 871 3937 nulla
911 3882 1138 3936 humana
1189 3881 1466 3937 fruebatur
1509 3882 1707 3946 anima,
1737 3882 1888 3937 solus

301 3972 445 4027 enim
477 3975 662 4028 vivere
701 3982 996 4036 statuerat;
1046 3972 1140 4027 sed
1187 3987 1306 4026 cum
1358 3972 1468 4026 Deo
1517 3975 1887 4026 universorum

295 4062 618 4136 loquebatur
669 4066 927 4130 assidue,
960 4065 1157 4120 herbas
1209 4075 1387 4119 autem
1435 4066 1742 4120 esculentos
1787 4063 1889 4118 sibi

297 4155 518 4226 parabat
547 4155 748 4218 cibum,
781 4171 841 4209 ea
873 4156 924 4210 in
957 4171 1017 4210 re
1045 4153 1163 4226 ejus
1195 4155 1345 4210 labor
1366 4157 1798 4212 consumebatur.
1843 4157 1889 4211 A

297 4245 506 4316 superis
533 4254 713 4300 autem
745 4255 850 4300 tatu
881 4251 1094 4315 copiosa
1120 4256 1348 4304 donatus
1368 4249 1699 4317 eratgratia,
1729 4259 1786 4303 ut
1807 4249 1891 4305 vel

297 4335 602 4392 fortissimis
639 4347 694 4392 et
735 4339 1105 4394 audari~simis
1140 4343 1428 4408 imperaret
1463 4342 1673 4398 bestiis.
1724 4343 1886 4413 quue

297 4429 404 4482 'non
453 4429 584 4482 SOIls
637 4429 756 4497 piis,
785 4429 878 4484 sed
929 4431 1091 4486 etiam
1143 4433 1431 4488 incredulis
1476 4433 1675 4489 Judaais
1723 4437 1893 4490 evasit

303 4517 672 4576 manifestum.
703 4520 833 4574 Nam
868 4539 988 4576 cum
1024 4532 1240 4594 propter
1267 4525 1483 4592 aliquod
1515 4541 1702 4578 eorum
1733 4541 1894 4595 nego-

299 4609 430 4668 tium
461 4627 682 4680 peregre
713 4614 1146 4678 proﬁcisceretur
1176 4615 1240 4668 ad
1267 4615 1483 4684 aliquod
1511 4617 1676 4688 διε
1699 4619 1894 4671 castel-

297 4701 410 4759 lum
443 4703 586 4772 quod
619 4703 780 4758 situm
810 4713 925 4760 erat
953 4718 1100 4761 extra
1132 4722 1250 4762 eam
1281 4723 1400 4776 qua:
1426 4724 1453 4761 a
1483 4711 1650 4763 nostri
1678 4709 1888 4779 imperii

301 4888 401 4942 ber
431 4887 720 4944 vehemens
750 4903 803 4944 et
839 4891 1130 4968 ingruisset
1159 4904 1470 4962 tempestas,
1501 4909 1530 4948 a
1561 4897 1642 4947 via
1673 4897 1891 4966 quidem

301 4983 643 5048 aberrarunt,
674 4981 845 5052 utqui
879 4985 1148 5038 anteriora
1181 4987 1362 5040 videre
1394 5001 1500 5040 non
1530 4999 1745 5054 possent
1772 5007 1785 5041 :
1810 5004 1894 5045 ero

301 5071 500 5128 rabitut
544 5085 720 5128 autem
778 5091 870 5138 per
914 5077 1279 5145 solitudinem,
1313 5094 1409 5132 nec
1439 5080 1643 5145 vicum,
1673 5095 1770 5134 nec
1799 5097 1896 5135 an-

303 5171 468 5234 trum,
495 5181 593 5219 nec
621 5166 879 5220 viatorem
911 5165 1142 5238 aliquem
1176 5169 1526 5225 invenientes.
1551 5173 1684 5226 Cum
1712 5181 1891 5228 autem

303 5253 356 5309 in
389 5257 568 5310 medio
611 5259 920 5313 continente
972 5276 1076 5314 non
1126 5276 1281 5316 secus
1331 5263 1486 5317 undis
1526 5261 1892 5333 jactarentur,

305 5361 464 5416 quam
497 5347 530 5402 ii
564 5348 654 5418 qui
685 5351 936 5417 navigant
966 5351 1015 5406 in
1058 5335 1573 5420 mediisliuctibus,
1606 5355 1769 5410 divini
1813 5357 1892 5414 Si-

306 5437 515 5492 meonis
537 5449 771 5503 antrum,
801 5443 963 5498 veluti
991 5447 1274 5512 quemdam
1305 5454 1535 5514 portum,
1557 5447 1895 5505 animadver-

309 5536 445 5594 tere,
479 5530 868 5601 sordidumqitc
898 5544 951 5588 et
975 5535 1280 5604 Squilidum
1316 5536 1584 5594 hominem
1613 5556 1893 5612 aspexere,

306 5627 364 5676 et
390 5623 676 5690 quemdam
725 5626 977 5694 exiguum
1029 5641 1090 5681 ex
1127 5628 1263 5695 pelle
1310 5631 1529 5699 caprina
1579 5642 1894 5688 contextum

311 5726 547 5783 pannum
572 5713 857 5770 habentem
892 5731 1052 5786 super
1085 5719 1353 5774 humeros.
1391 5717 1483 5775 Ille
1517 5732 1692 5776 autem
1738 5725 1895 5779 simul

309 5817 374 5859 ac
402 5806 555 5870 vidit,
586 5821 680 5862 eos
710 5807 957 5863 salutavit
990 5811 1128 5881 (erat
1155 5810 1296 5866 enim
1327 5812 1575 5883 alfabilis)
1604 5825 1654 5869 et
1687 5831 1779 5871 cos
1815 5831 1902 5869 ro-

309 5901 461 5971 gavit
505 5917 724 5958 causam
774 5899 1056 5959 adventu».
1091 5905 1376 5977 Postquam
1408 5919 1584 5962 autem
1617 5917 1904 5963 narrarunt

312 5993 457 6069 Quod
481 6003 758 6066 evenerat,
790 6003 846 6077 et
872 6007 1128 6078 rogarunt
1161 6009 1219 6079 ut
1244 6013 1339 6060 eos
1368 5999 1764 6088 doceretviaiu
1781 6015 1904 6085 quae

1993 3500 2170 3568 itaque
2201 3502 2356 3556 unius
2404 3503 2732 3557 mentionem
2768 3503 2947 3558 fecero
2970 3545 2986 3570 ,
3019 3513 3073 3560 et
3099 3504 3264 3558 veluti
3292 3505 3578 3574 quamdam

1991 3592 2218 3648 formam
2250 3595 2725 3664 characteremque
2753 3595 3035 3666 apoStolici
3067 3605 3120 3650 et
3151 3598 3446 3665 prophetici
3479 3601 3579 3654 mi-

1993 3686 2160 3741 raculi
2193 3685 2446 3756 adjecero
2466 3729 2479 3752 ,
2517 3687 2815 3758 relinquam
2837 3688 3102 3756 deinceps
3129 3690 3467 3758 cogitandum
3499 3691 3579 3748 le-

1992 3777 2230 3856 ctoribus
2261 3775 2540 3846 cujusuam
2583 3779 2770 3846 gratiae
2799 3779 3046 3834 virtutem
3073 3783 3358 3849 acceperit.

2064 3877 2246 3935 Estas
2276 3887 2412 3942 erat,
2441 3887 2498 3933 et
2535 3881 2750 3945 messis,
2785 3889 2838 3934 et
2896 3879 3204 3935 ferebantur
3241 3882 3491 3950 manipuli
3527 3883 3580 3940 in

1993 3983 2172 4027 areas.
2223 3971 2317 4024 Vir
2357 3981 2534 4024 autem
2581 3971 2836 4040 quidam,
2867 3971 2958 4042 qui
3007 3987 3112 4028 non
3165 3987 3278 4030 erat
3330 3979 3439 4031 suis
3490 3976 3576 4046 ju-

1993 4070 2112 4130 stus
2170 4064 2438 4117 contentis
2483 4062 2660 4134 [‘Flcg.
2714 4061 2879 4133 iustis
2929 4065 3232 4139 contentus]
3286 4067 3581 4132 laboribus.

1995 4154 2088 4207 sed
2156 4155 2324 4208 aliena
2391 4155 2837 4219 concupiscebat,
2905 4157 3131 4224 proximi
3190 4160 3402 4227 quidem
3478 4159 3580 4214 ali-

1995 4254 2126 4314 quot
2177 4247 2464 4302 sustulerat
2520 4249 2838 4314 manipulos,
2901 4263 2994 4313 per
3037 4249 3152 4304 haec
3200 4258 3375 4305 autem
3415 4266 3582 4305 cona-

1996 4339 2153 4394 batur
2205 4354 2357 4394 suum
2406 4353 2604 4408 augere
2659 4341 3088 4396 cumulumzsed
3137 4343 3316 4396 statim
3366 4345 3416 4396 in
3463 4343 3584 4410 ejus

1998 4432 2196 4487 furtum
2227 4431 2405 4486 divina
2460 4432 2560 4485 lata
2593 4442 2672 4486 est
2716 4432 3230 4500 sententia;cecidit
3277 4433 3496 4497 fulmen,
3525 4443 3585 4489 et

1999 4533 2189 4578 exusta
2221 4531 2305 4578 est
2352 4537 2498 4576 area.
2545 4523 2707 4578 Miser
2747 4531 2925 4578 autem
2973 4525 3062 4579 ille
3092 4526 3156 4578 ad
3191 4526 3283 4580 Dei
3317 4526 3586 4582 hominem

1999 4616 2245 4678 accessit,
2272 4614 2359 4682 qui
2391 4629 2495 4667 non
2530 4615 2710 4681 procul
2733 4629 2761 4666 a
2783 4615 2898 4669 vico
2921 4615 3119 4670 ﬁxerat
3147 4617 3581 4681 tabernaculum;

2000 4717 2054 4762 et
2083 4723 2203 4776 qua:
2235 4707 2335 4761 sibi
2367 4705 2582 4776 quidem
2614 4709 2902 4770 acciderat,
2929 4710 3178 4762 narrabat
3201 4709 3584 4779 calamitatem,

273 4791 608 4871 .houinibos
632 4797 898 4852 habitatur
925 4801 1218 4871 regionem.
1243 4815 1394 4856 ortus
1419 4810 1597 4856 autem
1622 4814 1764 4858 esset
1795 4806 1892 4859 im-
1925 4787 1974 4847 D
1999 4799 2193 4854 furtum
2216 4807 2394 4852 autem
2418 4797 2597 4852 celare
2621 4801 2932 4853 conabatur.
2955 4799 3234 4866 Postquam
3259 4807 3435 4852 autem
3461 4815 3586 4854 vera

1997 4892 2177 4948 dicere
2191 4892 2396 4960 jussus,
2422 4901 2503 4945 est
2528 4891 2730 4945 furtum
2751 4890 3031 4946 confessus
3053 4890 3247 4959 (coegit
3268 4890 3408 4944 enim
3427 4905 3586 4945 casus

2001 4990 2082 5044 vel
2110 4988 2344 5055 seipsum
2388 4990 2695 5058 accusare),
2725 4986 2884 5057 jus~it
2915 4987 2998 5039 vir
3027 4985 3112 5038 ille
3141 4986 3354 5040 divinus
3386 4998 3440 5041 ut
3468 5004 3590 5041 cor-

1999 5080 2225 5150 rigendo
2257 5079 2502 5148 injuriam
2533 5079 2734 5135 faceret
2764 5089 2819 5133 ut
2844 5078 3159 5132 liberaretur
3187 5094 3215 5132 a
3243 5094 3417 5148 ptem.
3454 5080 3587 5135 Nam

1999 5174 2045 5228 si
2079 5183 2154 5236 tu,
2183 5173 2375 5243 inquit,
2407 5173 2530 5228 illos
2571 5171 2802 5228 solveris
2847 5173 3148 5240 manipulos
3169 5212 3183 5237 ,
3215 5175 3586 5242 exstinguetur

2005 5264 2096 5320 ille
2118 5268 2250 5334 ignis
2271 5264 2544 5320 immissus
2563 5263 2844 5329 divinitus;
2867 5261 3056 5320 licebat
3079 5280 3207 5338 ergo
3233 5251 3411 5321 videre
3438 5265 3590 5320 illum

2004 5359 2219 5427 quidem
2268 5367 2595 5422 currentem,
2626 5365 2683 5411 et
2724 5356 2900 5424 spicas
2947 5357 3091 5413 furto
3120 5368 3394 5426 surreptas
3422 5359 3470 5412 ei
3503 5358 3592 5415 cui

2005 5451 2139 5506 facta
2171 5451 2342 5506 luerat
2369 5450 2564 5520 injuria
2593 5447 2928 5516 offerentem,
2960 5466 3140 5522 pyram
3173 5463 3349 5508 autem
3382 5451 3590 5520 absque

2003 5559 2137 5612 aqua
2187 5544 2539 5608 exstinctam,
2569 5542 2732 5597 divini
2782 5543 2929 5598 senis
2974 5545 3216 5598 oratione
3248 5557 3295 5599 et
3330 5545 3588 5598 interces-

2006 5639 2178 5693 sione.
2214 5639 2322 5692 Hoc
2358 5651 2461 5690 non
2503 5637 2706 5691 incolas
2738 5639 2910 5692 solum
2960 5638 3195 5706 implevit
3238 5651 3463 5704 terrore,
3493 5640 3590 5696 sed

2003 5729 2160 5784 etiam
2191 5739 2352 5783 totam
2375 5729 2667 5796 civitatem,
2689 5730 3024 5785 Antiochiam
3049 5732 3260 5800 inqu.un
3284 5733 3420 5802 (erat
3442 5733 3590 5789 enim

2005 5820 2056 5874 in
2087 5821 2206 5890 ejus
2235 5821 2436 5876 ditione
2465 5825 2568 5878 hoc
2596 5822 2878 5892 przedium)
2908 5823 3081 5892 coegit
3112 5822 3236 5877 illuc
3263 5839 3501 5884 currere.
3535 5833 3594 5881 et

2007 5929 2167 5966 unum
2187 5912 2400 5983 quidem
2417 5923 2600 5985 petere
2619 5921 2676 5968 ut
2691 5913 3009 5969 liberaretur
3026 5929 3055 5965 a
3073 5913 3221 5969 rabie
3236 5915 3595 5981 daemoniaca.

1927 6086 1929 6089 ι
2003 6002 2166 6064 alium
2193 6019 2324 6067 vero
2351 6013 2414 6088 ut
2435 6005 2739 6089 quiesceret
2778 6001 2970 6073 febris,
2998 6002 3164 6064 alium
3192 6012 3374 6066 autem
3402 6013 3462 6066 ut
3485 6007 3592 6070 ali-
