4052 6362
570 354 641 420 47
1706 372 1793 428 DE
1836 371 2009 431 VITIS
2048 372 2326 432 PATRUM
2367 375 2568 433 LIBER
2610 377 2698 435 IX.
3780 392 3855 451 .18

573 472 732 548 cujus
757 487 826 533 ex
847 474 929 539 eis
957 489 1074 550 quae
1101 491 1224 537 eum
1255 477 1568 539 cruciabant
1611 492 2027 555 consequeretur
2070 500 2160 543 re~
2188 487 2237 552 Α
2265 502 2466 560 angore
2495 498 2549 546 et
2577 498 2720 546 metu
2747 490 3084 561 cecidissent,
3109 493 3344 554 sentiens
3374 498 3419 555 is
3445 501 3531 573 qui
3556 501 3772 573 jacebat
3798 510 3851 563 in

575 568 832 626 medium.
855 568 948 628 ille
969 584 1118 645 vero,
1136 571 1203 631 iis
1226 574 1315 644 qui
1342 573 1720 644 inhabitabant,
1746 576 1932 649 gratia:
1958 576 2158 636 ﬂuenta

571 664 786 723 abunde
811 666 1206 738 suppeditabat.

646 757 756 818 Sed
783 775 969 818 rursus
996 776 1183 819 amans
1206 762 1420 833 quietis,
1448 762 1513 819 ad
1535 771 1771 822 montem
1801 763 2037 823 Sinzeum
2058 780 2154 824 vo-

570 850 672 911 luit
716 857 1017 925 pervenire.
1055 856 1186 913 Cum
1216 866 1393 914 autem
1438 858 1491 913 id
1531 860 1823 917 scivissent
1860 862 2012 919 multi
2053 863 2154 920 viri

570 946 782 1017 Optimi,
805 957 861 1004 et
881 949 970 1020 qui
998 949 1239 1006 eamdem
1262 938 1716 1021 persequebantur
1740 952 2153 1025 philosophiam,

570 1037 733 1096 simul
762 1050 1112 1097 accurrerunt
1152 1040 1426 1111 cupientes
1451 1057 1573 1099 esse
1604 1044 1735 1099 socii
1764 1044 1880 1113 ejus
1912 1046 2153 1115 peregri-

571 1130 829 1187 nationis.
873 1134 1004 1188 Cum
1036 1140 1213 1189 autem
1257 1133 1359 1188 iter
1388 1134 1676 1189 multorum
1717 1136 1926 1191 dierum
1967 1135 2153 1193 confe-

570 1225 792 1293 cissent,
823 1235 1102 1297 postquam
1128 1227 1182 1282 in
1206 1226 1588 1283 Sodomiticam
1615 1238 1885 1285 venerunt
1905 1228 2154 1287 solitudi-

569 1334 718 1386 nem,
740 1318 922 1375 vident
948 1318 1159 1375 eminus
1195 1319 1299 1374 viri
1341 1334 1532 1375 manus
1561 1334 1679 1391 quae
1705 1337 1768 1376 ex
1800 1321 2066 1392 profundo
2096 1322 2142 1382 il

568 1411 730 1467 altum
758 1409 1215 1482 expandebantur.
1250 1411 1313 1465 Et
1346 1410 1574 1479 primum
1623 1411 1837 1481 quidem
1870 1412 2150 1469 existima-
2194 1428 2197 1429 '

565 1503 696 1558 bant
738 1517 859 1559 esse
899 1500 1142 1558 fraudem
1192 1500 1483 1568 daemonis;
1531 1516 1651 1557 cum
1701 1513 1877 1559 autem
1944 1503 2151 1576 majore

567 1595 729 1652 animi
759 1596 937 1652 studio
965 1596 1168 1667 precati
1194 1604 1393 1665 essent,
1422 1604 1476 1652 et
1504 1596 1689 1653 eadem
1718 1599 1997 1666 vidissent,
2027 1614 2152 1669 pro-

565 1688 690 1745 fecti
722 1697 847 1745 sunt
876 1688 945 1744 ad
983 1687 1137 1743 illum
1163 1686 1366 1756 locum,
1398 1695 1452 1743 et
1479 1687 1665 1743 vident
1688 1688 1902 1759 quidem
1932 1704 2149 1761 parvam

563 1778 765 1836 fossam
790 1820 807 1846 ,
830 1779 1044 1850 qualem
1074 1778 1249 1834 solent
1279 1779 1465 1848 vulpes
1495 1778 1694 1847 facere,
1724 1795 1845 1836 eum
1877 1797 1996 1852 qua:
2024 1783 2149 1838 sub-

2264 592 2487 637 caverna
2518 624 2531 650 ,
2562 582 2817 650 surrexit,
2847 592 2902 639 et
2949 587 3091 642 leoni
3138 589 3354 659 annuit,
3382 599 3442 647 ut
3481 596 3734 653 transiret
3783 601 3853 656 ad

2261 671 2419 728 aliam
2446 682 2675 744 partem.
2706 675 2756 730 Is
2782 684 2958 732 autem
3005 678 3189 734 statim
3237 682 3442 752 paruit,
3472 692 3528 741 et
3557 688 3716 756 venit,
3748 690 3854 748 bo-

2261 772 2399 822 trum
2429 767 2657 824 efferens
2687 767 3042 842 dactylorum.
3097 772 3302 832 Deinde
3344 790 3531 834 rursus
3558 780 3692 837 abiit
3720 798 3848 840 cum

2257 857 2361 914 sibi
2405 859 2590 919 fuisset
2619 864 2962 933 permissum,
2992 874 3045 921 et
3086 867 3273 936 procul
3300 884 3330 924 a
3358 869 3489 927 viris
3518 871 3851 933 decumbens

2256 953 2565 1011 obdormiit.
2593 958 2727 1013 Cum
2758 973 2889 1029 ergo
2927 960 3169 1032 dactylos
3197 962 3464 1021 divisisset
3494 967 3763 1037 omnibus,
3795 980 3853 1026 et

2254 1061 2440 1103 eorum
2498 1050 2747 1120 precibus
2802 1059 2858 1107 et
2905 1052 3212 1121 psalmodiae
3258 1057 3746 1125 communicasset,
3795 1070 3854 1117 et

2258 1151 2379 1213 post
2410 1143 2568 1198 finem
2606 1143 2852 1199 matutini
2881 1145 3041 1201 officii
3072 1148 3380 1219 salutasset,
3401 1164 3495 1208 eos
3521 1152 3855 1226 dimisit‘no-

2254 1234 2417 1291 vitate
2447 1236 2732 1304 spectaculi
2764 1236 3108 1307 stupefactos.

2323 1327 2375 1381 Si
2402 1327 2520 1397 quis
2550 1337 2731 1384 autem
2761 1345 2868 1386 non
2901 1328 3065 1388 habet
3089 1331 3248 1390 fidem
3278 1333 3343 1392 iis
3371 1350 3492 1407 qum
3520 1336 3662 1394 dicta
3692 1349 3847 1409 sunt,

2254 1421 2569 1477 recordetur
2612 1424 2736 1479 vita:
2786 1424 3008 1497 insignis
3039 1429 3191 1497 Elite,
3237 1438 3291 1485 et
3333 1444 3617 1491 corvorum
3654 1438 3847 1492 minis-

2254 1511 2389 1577 terii,
2416 1514 2502 1581 qui
2534 1528 2690 1570 mane
2712 1516 2927 1585 quidem
2950 1532 3166 1591 panem,
3196 1536 3422 1593 vespere
3448 1535 3621 1582 autem
3646 1527 3696 1584 ei
3722 1542 3847 1585 car-

2254 1616 2372 1657 nem
2396 1614 2656 1675 perpetuo
2672 1606 2997 1677 efferebant;
3025 1612 3402 1670 universorum
3424 1618 3567 1673 enim
3597 1618 3844 1687 eiecturi

2252 1703 2335 1749 est
2364 1695 2521 1753 facile
2547 1707 2603 1753 ut
2629 1698 2744 1757 suis
2770 1702 3137 1772 provideatur,
3170 1720 3384 1764 omnem
3406 1710 3544 1766 viam
3574 1709 3843 1770 invenire.

2253 1784 2343 1840 Sic
2384 1786 2572 1843 Jonam
2604 1789 2658 1845 in
2697 1799 2884 1849 ventre
2929 1795 3033 1851 ceti
3060 1796 3220 1853 trium
3265 1798 3471 1857 dierum
3502 1813 3557 1858 et
3599 1806 3844 1862 noctium

564 1884 691 1933 eant
722 1876 888 1932 lustra
916 1875 1324 1941 machinantur;
1348 1874 1552 1930 nullum
1584 1883 1761 1932 autem
1789 1875 1867 1931 illi
1897 1876 2149 1934 videbant
2178 1890 2226 1950 Β
2255 1878 2426 1947 spatio
2473 1885 2843 1954 conservavit,
2885 1893 2942 1942 et
2978 1887 3158 1945 effecit
3202 1900 3263 1947 ut
3290 1890 3479 1950 leones
3508 1895 3562 1949 in
3590 1895 3708 1953 lacu
3734 1899 3845 1955 Da-

561 1968 673 2024 illic
696 1981 977 2040 apparere.
1018 1965 1152 2023 Nam
1185 1980 1307 2020 eum
1352 1966 1615 2022 sensisset
1652 1966 1846 2037 pedum
1895 1969 2150 2038 strepitus

562 2062 652 2131 qui
682 2074 872 2115 manus
903 2058 1133 2115 habebat
1161 2062 1442 2128 extensas‘,
1492 2074 1551 2116 se
1580 2060 1721 2115 intra
1750 2075 2032 2117 cavernam
2060 2077 2150 2117 oc-

564 2151 882 2211 cultaverat.
916 2150 1016 2205 Diu
1043 2162 1222 2206 autem
1254 2158 1490 2206 moratus
1534 2156 1723 2219 senex,
1750 2153 1904 2209 valde
1941 2153 2150 2224 rogavit

567 2251 624 2298 ut
645 2258 704 2299 se
728 2242 805 2298 illi
831 2242 1139 2300 ostenderet
1169 2241 1214 2297 si
1246 2242 1530 2299 humanam
1572 2242 1767 2301 habeat
1794 2254 2061 2314 naturam,
2094 2255 2151 2302 et
2200 2248 2203 2251 ’

564 2348 671 2388 non
700 2333 770 2388 sit
798 2334 1059 2404 impostor
1084 2333 1271 2402 aliquis
1293 2333 1527 2404 daemon,
1550 2334 1640 2406 qui
1662 2350 1720 2392 se
1746 2336 1798 2391 in
1823 2336 1918 2391 has
1944 2337 2148 2393 formas

561 2431 815 2481 verteret.
867 2424 1079 2480 Etenim
1128 2438 1226 2480 nos
1273 2438 1506 2495 quoque,
1534 2423 1729 2496 inquit,
1760 2437 2146 2497 persequentes

560 2516 723 2570 vitam
745 2517 1063 2573 monasticae
1091 2517 1511 2585 exercitationis,
1542 2526 1599 2573 et
1624 2520 1854 2589 quietem
1879 2531 2143 2589 amantes,

560 2621 804 2663 erramus
826 2609 988 2681 817
1019 2622 1116 2679 per
1147 2610 1285 2664 hanc
1329 2608 1697 2678 solitudinem,
1729 2611 1782 2665 in
1813 2620 1995 2668 monte
2020 2611 2146 2670 Sina

560 2700 834 2769 cupientes
883 2701 1109 2759 adorare
1148 2701 1315 2757 Deum
1358 2703 1757 2772 universorum,
1788 2704 1842 2760 in
1882 2720 1988 2771 quo
2020 2721 2143 2764 cum

558 2793 731 2864 Moysi
768 2809 925 2851 servo
963 2809 1059 2852 suo
1101 2797 1475 2867 apparuisset,
1506 2795 1652 2852 dedit
1683 2798 1861 2869 legum
1890 2799 2144 2869 tabulas;

558 2898 666 2941 non
695 2884 837 2954 quod
866 2885 1234 2943 existimemus
1260 2885 1431 2967 Deum
1478 2901 1601 2944 esse
1640 2887 1761 2946 loco
1807 2890 2148 2948 circumscri-

558 2992 745 3053 ptum;
774 2984 1021 3041 audimus
1066 2987 1208 3041 enim
1240 3001 1364 3043 eum
1393 2985 1659 3043 dicentem
1687 3003 1700 3041 :
1724 2986 1929 3043 Caelum
1958 2995 2016 3045 et
2041 2997 2147 3045 ter-

555 3088 671 3128 ram
715 3090 815 3145 ego
862 3075 1079 3146 impleo,
1112 3076 1284 3148 inquit
1328 3072 1587 3133 Daminus
1619 3075 1834 3148 (Jerem.
1860 3079 2059 3153 xxut);
2091 3089 2147 3137 et

558 3164 701 3233 quod
728 3168 998 3221 contineat
1029 3174 1188 3222 terrae
1216 3168 1474 3224 ambitum
1498 3206 1516 3236 ,
1544 3176 1601 3224 et
1627 3184 1721 3226 eos
1760 3172 1846 3241 qui
1876 3173 1931 3228 in
1960 3188 2024 3230 ea
2050 3173 2145 3230 ha-

2253 1971 2449 2026 nielem
2473 1971 2868 2045 obstupuerint,
2894 1986 2951 2035 et
2977 1987 3035 2034 ut
3056 1980 3197 2053 ignis
3228 1983 3495 2041 inanimus
3525 1997 3845 2057 operaretur

2254 2067 2508 2128 tanquam
2537 2062 2746 2119 ratione
2790 2066 3063 2137 praeditus,
3098 2078 3153 2125 et
3194 2085 3290 2127 eos
3322 2073 3536 2143 quidem
3560 2079 3649 2147 qui
3681 2090 3845 2137 erant

2255 2150 2400 2207 intus
2436 2152 2788 2221 illuminaret,
2824 2172 2919 2214 eos
2946 2169 3123 2217 autem
3151 2164 3241 2232 qui
3271 2174 3425 2222 erant
3452 2166 3583 2225 foris
3631 2179 3842 2229 ureret.

2251 2240 2359 2298 Sed
2414 2243 2555 2299 enim
2585 2260 2699 2301 rem
2747 2248 2884 2305 facio
2922 2266 3405 2325 supervacaneam,
3444 2260 3538 2330 qui
3590 2263 3658 2318 ad
3712 2278 3841 2335 pro-

2253 2336 2478 2392 bandam
2523 2336 2618 2395 Dei
2667 2343 2960 2410 potentiam
3011 2358 3321 2417 argumenta
3372 2351 3563 2409 affero.

2321 2426 2608 2497 Postquam
2636 2443 2765 2501 ergo
2796 2436 3040 2502 pervenit
3068 2439 3119 2492 in
3152 2424 3388 2496 mentem
3434 2457 3593 2513 quem
3623 2445 3837 2505 deside-

2251 2516 2425 2583 rabat,
2452 2518 2600 2573 aiunt
2624 2534 2807 2577 senem
2832 2523 2981 2580 illum
3002 2525 3394 2599 admirabilem,
3426 2534 3481 2590 in
3510 2535 3603 2592 illo
3629 2536 3748 2595 loco
3776 2541 3839 2598 in

2251 2624 2358 2679 quo
2385 2610 2594 2683 Moyses
2608 2613 2812 2705 dignus
2838 2627 2921 2675 est
2941 2619 3155 2678 habitus
3171 2625 3258 2694 qui
3280 2624 3448 2683 Deum
3464 2628 3666 2688 videret
3679 2632 3843 2705 (vidit

2250 2710 2426 2757 autem
2455 2712 2513 2759 ut
2533 2703 2700 2760 videri
2726 2710 2899 2779 potuit
2925 2710 2993 2765 ab
3019 2712 3247 2770 humana
3278 2719 3512 2789 natura),
3542 2703 3714 2792 genua
3735 2722 3839 2781 ﬂe-

2249 2796 2416 2863 xisse,
2447 2807 2502 2854 et
2543 2813 2647 2855 non
2678 2800 2824 2871 prius
2849 2808 3149 2865 surrexisse
3190 2826 3348 2881 quam
3377 2828 3566 2872 vocem
3591 2816 3833 2876 divinam

2248 2890 2533 2962 audiverit,
2556 2908 2674 2963 quae
2696 2893 2771 2949 illi
2791 2896 3124 2966 signiﬁcabat
3146 2902 3354 2961 Domini
3376 2907 3832 2969 benevolentiam.

2248 2980 2508 3047 Quoniam
2530 2992 2709 3040 autem
2731 2995 2841 3041 tota
2865 2997 3105 3047 vertente
3128 2992 3551 3054 hebdomadaita
3572 3011 3837 3072 perpetuo

2251 3069 2425 3126 fuerat
2451 3072 2757 3141 inclinatus,
2786 3085 2841 3131 et
2868 3093 2935 3134 ne
2963 3080 3241 3139 minimum
3273 3086 3487 3156 quidem
3514 3069 3617 3147 cibi
3647 3069 3837 3166 sump-

2248 3175 2410 3233 serat,
2437 3166 2599 3237 jussit
2625 3184 2729 3225 vox
2750 3185 2871 3242 quae
2895 3173 2965 3230 ad
2992 3188 3115 3231 eum
3143 3176 3279 3235 facta
3304 3188 3389 3236 est
3414 3191 3472 3238 ut
3508 3198 3572 3240 ea
3591 3195 3839 3246 sumeret

558 3257 732 3313 bitant
754 3268 1003 3327 tanquam
1025 3258 1261 3317 locustas
1283 3277 1299 3315 :
1325 3262 1423 3318 sed
1443 3262 1691 3332 quoniam
1717 3264 1753 3318 ii
1775 3266 1865 3335 qui
1890 3266 2143 3325 ardenter

2252 3272 2367 3328 quae
2396 3268 2550 3314 erant
2580 3262 2845 3331 apposita,
2875 3272 2931 3321 et
2968 3276 3216 3339 prompto
3242 3278 3298 3328 et
3338 3272 3503 3329 alacri
3534 3277 3713 3336 animo
3739 3294 3838 3339 co-

558 3360 761 3419 amant,
790 3365 900 3409 non
927 3352 1100 3410 solum
1145 3367 1240 3410 eos
1268 3354 1359 3425 qui
1401 3363 1649 3411 amantur
1689 3357 2019 3426 desiderant,
2047 3362 2142 3416 sed

557 3442 719 3498 etiam
756 3443 861 3499 illis
902 3444 1019 3501 loca
1058 3453 1209 3516 grata
1238 3453 1365 3502 sunt
1406 3453 1461 3503 et
1491 3446 1749 3518 jucunda,
1781 3448 1835 3503 in
1863 3449 2066 3519 ,quibus
2106 3452 2143 3506 ii

558 3533 711 3594 fuere
740 3545 1051 3608 praesentes,
1082 3547 1138 3595 et
1181 3538 1234 3594 in
1278 3538 1473 3608 quibus
1521 3540 1715 3595 versati
1758 3549 1905 3598 sunt.
1938 3540 2061 3597 Haec
2090 3551 2145 3599 et

556 3624 750 3681 similia
797 3640 919 3681 eum
964 3624 1166 3681 diceret
1192 3638 1393 3695 senex,
1426 3640 1494 3682 ex
1533 3640 1760 3682 caverna
1806 3642 1865 3682 se
1910 3629 2145 3686 ostendit

557 3716 720 3774 homo
750 3716 841 3788 qui
869 3719 920 3774 in
946 3731 1009 3775 ea
1031 3717 1397 3775 delitescebat.
1431 3719 1560 3775 Erat
1587 3727 1763 3775 autem
1788 3729 2007 3791 aspectu
2029 3722 2145 3792 qui-

524 3797 678 3864 ‘dem
708 3810 954 3879 agrestis,
981 3822 1132 3864 coma
1159 3808 1424 3879 squalida,
1453 3808 1592 3866 facie
1635 3820 1937 3881 corrugata,
1972 3813 2143 3869 exsic-

556 3898 691 3954 catis
706 3898 931 3968 etplane
946 3898 1309 3970 exsanguibus
1327 3900 1577 3956 omnibus
1597 3901 1855 3959 membris
1875 3903 2140 3973 corporis.

559 3994 689 4046 Erat
728 4001 905 4047 autem
951 3991 1541 4061 sordidis'quibttsdam
1594 3995 1784 4063 pannis
1811 3994 2046 4063 indutus,
2075 4011 2143 4053 ex

558 4080 794 4137 consutis
825 4081 1117 4151 palmarum
1149 4082 1498 4152 germinibus.
1527 4082 1662 4139 Cum
1691 4094 1872 4140 autem
1910 4088 2143 4142 salutas-

556 4184 661 4242 set,
691 4183 746 4231 et
773 4175 916 4245 pacis
940 4174 1165 4230 verbum
1187 4173 1446 4244 dedisset,
1469 4176 1677 4248 rogavit
1703 4178 1919 4248 quinam
1942 4188 2141 4247 essent,

555 4275 613 4324 et
643 4267 784 4323 unde
814 4268 1059 4324 venirent
1085 4310 1101 4337 ,
1136 4277 1189 4325 et
1231 4283 1337 4339 quo
1381 4269 1614 4325 abirent.
1665 4271 1757 4327 Ille
1784 4281 1963 4328 autem
1993 4283 2048 4328 et
2078 4273 2143 4328 ad

558 4367 805 4431 rogatum
851 4362 1151 4431 reSpondit,
1187 4371 1242 4418 et
1267 4361 1497 4417 vicissim
1525 4364 1731 4433 rogavit
1761 4367 2025 4422 undenam
2057 4383 2146 4424 ve-

556 4452 745 4518 nisset,
778 4459 834 4507 et
879 4466 974 4507 cur
1022 4452 1163 4509 hanc
1209 4454 1370 4508 vitam
1417 4454 1720 4524 delegisset.
1754 4456 1920 4524 ldem,
1951 4458 2142 4529 inquit,

555 4558 645 4599 me
691 4558 905 4615 quoque
952 4552 1190 4615 coeperat
1227 4543 1551 4600 desiderium
1597 4560 1663 4601 eo
1694 4548 1853 4603 eundi
1901 4564 2006 4619 quo
2047 4567 2144 4608 vos

2247 3350 2508 3406 mederet.
2553 3348 2686 3408 Cum
2733 3365 2910 3412 autem
2958 3373 3173 3416 manum
3227 3366 3579 3437 extendisset,
3622 3378 3678 3426 et
3725 3372 3835 3429 tria

2247 3442 2383 3495 mala
2442 3442 2765 3516 invenisset,
2815 3456 2869 3502 et
2921 3464 2983 3506 ea
3021 3453 3361 3526 comedisset,
3401 3468 3456 3513 ut
3482 3448 3717 3531 jusSerat
3739 3467 3839 3537 qui

2248 3533 2491 3602 dederat,
2522 3545 2578 3593 et
2601 3538 2650 3593 ei
2692 3539 2862 3609 plenae
2890 3545 3148 3601 restitutae
3185 3558 3309 3604 sunt
3344 3552 3509 3622 vires,
3545 3564 3600 3610 et
3642 3533 3835 3628 alacri,

2247 3634 2304 3678 ut
2334 3640 2431 3694 par
2458 3637 2593 3696 erat,
2621 3631 2801 3688 animo
2829 3648 2922 3690 eos
2949 3636 3039 3706 qui
3067 3652 3186 3695 cum
3224 3655 3291 3697 eo
3311 3646 3664 3704 versabantur
3687 3651 3841 3708 salu;

2248 3718 2399 3772 tavit.
2453 3709 2630 3776 Laetus
2675 3739 2804 3795 ergo
2852 3734 2907 3783 et
2936 3726 3120 3786 hilaris
3146 3746 3398 3792 reversus
3436 3746 3539 3805 est,
3574 3749 3632 3797 ut
3660 3744 3748 3814 qui
3773 3752 3841 3802 et

2246 3821 2436 3863 vocem
2475 3809 2707 3868 divinam
2757 3817 3086 3888 exaudierat,
3116 3830 3171 3879 et
3212 3838 3399 3883 rursus
3419 3809 3728 3889 comederat
3753 3833 3837 3890 ci-

2248 3898 2373 3954 bum
2398 3916 2428 3956 a
2463 3902 2570 3960 Deo
2597 3904 2801 3963 datum.

2317 3991 2586 4051 Reversus
2629 4006 2833 4067 autem,
2863 3998 2971 4056 duo
3007 4001 3360 4077 philosophiae
3390 4012 3652 4067 exstruxit
3678 4029 3839 4085 gym-

2248 4086 2397 4141 nasia
2422 4105 2433 4139 :
2463 4103 2626 4143 unum
2657 4091 2873 4160 quidem
2903 4093 2956 4148 in
2979 4096 3178 4153 vertice
3203 4100 3419 4168 montis,
3450 4105 3516 4159 de
3546 4120 3651 4175 quo
3679 4107 3837 4177 prius

2246 4174 2508 4247 diximus;
2539 4180 2759 4237 alterum
2789 4193 2967 4241 autem
2997 4186 3152 4259 infra,
3179 4201 3400 4260 propter
3430 4195 3573 4264 ipsas
3594 4174 3719 4253 oras
3748 4199 3837 4256 la-

2249 4271 2378 4327 teris
2405 4274 2622 4330 montis.
2653 4275 2784 4330 Cum
2808 4276 2861 4331 in
2894 4286 3119 4351 utroque
3150 4292 3329 4340 autem
3354 4286 3585 4346 athletas
3613 4290 3833 4349 virtutis

2248 4374 2645 4433 congregasset,
2699 4367 2885 4423 horum
2926 4380 2981 4425 et
3010 4373 3223 4431 illorum
3262 4380 3584 4436 exercitator
3630 4382 3732 4439 fuit
3777 4392 3839 4441 et

2250 4456 2592 4525 prmdvotriba.
2626 4460 2690 4515 Et
2717 4461 3011 4519 adversarii
3034 4466 3235 4525 docens
3264 4469 3514 4542 insultus,
3540 4483 3594 4531 et
3620 4491 3834 4547 ageno—

2250 4545 2412 4603 thetze
2442 4549 2759 4618 promittens
2784 4553 3231 4627 benevolentiam,
3261 4569 3317 4617 et
3337 4562 3480 4621 bono
3501 4545 3702 4635 animo,
3721 4584 3839 4628 non

556 4649 702 4691 nunc
750 4635 838 4691 itis
865 4653 879 4689 :
904 4635 1064 4707 hujus
1109 4644 1288 4692 autem
1328 4637 1447 4693 vitae
1499 4639 1701 4693 socium
1746 4655 2141 4713 assumpseram
2168 4667 2223 4729 ι)
2247 4649 2425 4695 autem
2449 4641 2704 4713 degeneri
2727 4652 2781 4699 et
2800 4647 2990 4715 pusillo
3018 4662 3141 4706 esse
3164 4651 3377 4721 jubens,
3407 4665 3460 4711 et
3480 4656 3535 4713 in
3560 4672 3685 4716 suos
3716 4663 3838 4731 qui-

554 4726 838 4797 quemdam
887 4742 1070 4783 meum
1117 4726 1456 4793 familiarem,
1485 4736 1539 4783 et
1588 4730 1679 4799 qui
1731 4739 1845 4786 erat
1898 4732 2137 4803 ejusdem

555 4818 719 4874 animi
748 4826 803 4874 et
828 4819 1129 4886 sententiae,
1160 4826 1210 4872 et
1236 4818 1323 4873 cui
1350 4826 1465 4873 erat
1495 4818 1637 4877 idem
1665 4822 1753 4889 qui
1781 4823 1913 4878 mihi
1943 4838 2137 4896 sc0pus

554 4919 610 4968 et
638 4911 961 4967 institutum.
1012 4911 1378 4981 Adegeramus
1406 4921 1582 4967 autem
1612 4928 1713 4967 nos
1740 4914 1963 4971 invicem
1990 4917 2138 4987 jure-

551 5004 805 5076 jurando,
847 5020 917 5061 ne
945 5012 1120 5061 morte
1155 5002 1369 5073 quidem
1418 5012 1655 5061 nostram
1698 5007 1980 5079 sejungere
2009 5025 2135 5066 con-

553 5096 912 5154 suetudinem.
946 5097 1153 5153 Accidit
1181 5111 1308 5167 ergo
1337 5106 1393 5152 ut
1422 5099 1467 5153 is
1499 5099 1709 5169 quidem
1736 5101 1787 5156 in
1822 5105 2134 5174 peregrina-

555 5194 701 5247 tione
730 5191 851 5245 vitaa
875 5190 1033 5246 finem
1052 5189 1138 5245 hic
1154 5189 1436 5261 acciperet.
1463 5191 1576 5261 Ego
1597 5202 1769 5249 autem
1789 5194 2137 5265 jurejurando

554 5277 827 5351 astrictus,
864 5292 917 5339 et
948 5281 1146 5338 fossam
1190 5282 1292 5340 feci
1328 5294 1386 5340 ut
1416 5286 1592 5356 potui,
1624 5296 1678 5341 et
1715 5302 1907 5358 corpus
1946 5290 2137 5347 tradidi

557 5376 842 5449 sepultura:
882 5395 896 5431 :
933 5386 1150 5447 propter
1194 5377 1297 5433 hoc
1338 5392 1469 5434 vero
1513 5380 1897 5437 monimentum
1942 5383 2136 5440 efiosso

554 5472 687 5529 mihi
716 5471 884 5529 altero
910 5471 1181 5543 sepulcro,
1204 5471 1326 5527 vitae
1352 5472 1512 5528 ﬁnem
1542 5472 1628 5527 hic
1657 5483 1931 5544 exspecto,
1950 5486 2001 5533 et
2032 5477 2137 5535 Do-

555 5564 699 5620 mino
718 5572 1028 5621 consuetum
1058 5563 1225 5620 offero
1245 5562 1502 5620 officium.
1528 5562 1730 5620 Veseor
1748 5571 1928 5623 autem
1949 5568 2136 5642 daety-
2216 5598 2219 5609 ι

552 5655 640 5723 lis,
673 5671 807 5728 quos
836 5656 902 5711 ad
932 5671 1019 5713 me
1049 5656 1242 5712 afferre
1269 5655 1336 5711 ab
1369 5669 1433 5710 eo
1464 5654 1554 5724 qui
1588 5668 1766 5710 curam
1795 5658 1934 5725 gerit
1954 5658 2134 5730 jussus

550 5756 635 5802 est
662 5746 875 5817 quidam
902 5744 1089 5803 frater.
1135 5745 1258 5800 llaec
1285 5759 1405 5800 cum
1437 5746 1514 5800 sic
1540 5744 1863 5815 dicerentur,
1895 5750 1978 5806 leo
2007 5768 2131 5821 pro-

553 5837 639 5903 cul
662 5838 930 5911 apparuit.
960 5835 1092 5894 Cum
1122 5844 1298 5893 autem
1324 5835 1360 5893 ii
1382 5838 1472 5910 qui
1500 5846 1796 5895 erantcum
1818 5853 1949 5901 sene
1969 5846 2131 5905 animi

2244 4731 2366 4787 dem
2401 4735 2789 4805 moderatione,
2818 4739 2870 4795 in
2921 4742 3130 4799 hostem
3161 4752 3340 4803 autem
3366 4750 3531 4806 animi
3560 4755 3835 4823 magnitu-

2243 4825 2369 4881 dine
2399 4826 2472 4881 uti
2496 4830 2831 4900 praecipiens,
2865 4833 2979 4890 haec
3002 4835 3221 4906 docens,
3247 4841 3325 4897 sic
3353 4842 3559 4912 vivens,
3589 4844 3706 4902 haec
3728 4847 3833 4904 mi-

2243 4921 2423 4975 racula
2446 4921 2667 4993 faciens,
2689 4934 2742 4981 et
2767 4927 3105 4997 Splendorem
3122 4935 3300 4991 omnis
3320 4939 3535 5005 generis
3556 4938 3829 5010 emittens,

2242 5012 2528 5073 laboriosae
2556 5018 2712 5091 hujus
2738 5022 2860 5078 vita:
2890 5023 3051 5081 finem
3078 5029 3238 5099 cepit,
3271 5037 3327 5086 et
3352 5034 3599 5105 migravit
3626 5038 3681 5091 in
3710 5051 3835 5095 eam

2245 5122 2363 5177 qua:
2390 5119 2473 5165 est
2517 5112 2687 5183 senii,
2733 5122 2787 5170 et
2836 5116 3097 5174 molestiae
3146 5134 3372 5192 expers,
3424 5126 3607 5182 relicta
3656 5130 3833 5200 gloria

2239 5213 2360 5269 quae
2395 5204 2666 5276 exetingui
2690 5220 2798 5261 non
2828 5216 3025 5277 potest,
3054 5220 3108 5267 et
3128 5216 3386 5272 memoria
3410 5230 3529 5288 qua:
3556 5230 3742 5277 manet
3769 5223 3827 5279 in

2240 5305 2555 5366 perpetuum
2601 5298 2767 5369 Hujus
2787 5301 3238 5376 benedictionem,
3260 5322 3382 5364 cum
3411 5311 3456 5365 is
3480 5311 3656 5369 adhuc
3677 5324 3829 5373 esset

2239 5397 2536 5457 Superstes,
2588 5389 2767 5463 beata,
2820 5401 2982 5465 atque
3029 5397 3164 5454 adeo
3194 5407 3276 5455 ter
3302 5400 3480 5470 beata,
3513 5413 3685 5461 mater
3707 5422 3829 5465 mea

2240 5488 2323 5536 est
2349 5491 2657 5555 consecuta,
2683 5492 2739 5542 et
2759 5499 2903 5557 saepe
2933 5488 3064 5544 mihi
3093 5491 3261 5548 multa
3290 5493 3359 5551 de
3385 5508 3453 5551 eo
3477 5500 3735 5554 narravit.

2314 5571 2425 5643 Ego
2444 5581 2622 5631 autem
2645 5591 2787 5632 nunc
2804 5591 2900 5634 oro
2926 5588 2980 5635 ut
3002 5595 3159 5651 quam
3183 5582 3312 5640 dare
3336 5595 3529 5655 potest,
3555 5589 3672 5658 ejus
3698 5605 3828 5648 con—

2243 5680 2435 5739 sequar
2480 5671 2949 5742 intercessionem;
2988 5687 3044 5733 et
3086 5679 3198 5735 scio
3237 5695 3324 5739 me
3361 5692 3823 5741 consecuturum:

2241 5762 2461 5817 omnino
2488 5764 2627 5821 enim
2656 5765 2805 5825 dabit
2832 5769 3165 5845 petitionem,
3188 5773 3404 5859 imitans
3434 5775 3648 5836 Domini
3670 5778 3800 5837 beni

2239 5855 2519 5929 gnitatem.
2863 5921 2906 5937 η
2983 5908 3014 5955 ,ἶ
3056 5948 3065 5956 .
3104 5876 3195 5952 μ’

3659 5990 3669 5999 .
3700 5991 3741 5997 .-
3766 5980 3857 6021 Ἄγε
