4052 6362
220 374 302 439 se
1294 373 1750 444 PHILOTHEUS,
1791 388 1905 434 sive
1945 373 2391 469 'runormws.
2998 464 3001 469 ι
3426 384 3495 447 so
3534 356 3539 363 ’

840 490 1065 553 CAPUT
1107 492 1218 550 νη.

796 602 1090 643 ρΑιιΑυιυε
1131 585 1266 660 (50).

304 684 404 755 Qui
427 692 607 742 autem
628 683 916 740 multorum
942 697 1193 739 sermone
1216 683 1515 739 celebratus
1541 690 1622 737 est
1644 680 1816 736 Palla-

221 774 355 833 dius
375 774 691 848 (Theodon,
724 774 813 829 lib.
841 789 893 829 tv
927 773 1091 841 Hist,
1122 791 1235 845 cap.
1271 771 1385 845 26),
1414 782 1468 829 et
1498 782 1737 841 tempore
1762 770 1815 828 ei

225 865 333 922 fuit
360 867 527 938 818
555 865 801 935 aequalis,
830 873 883 922 et
926 865 1165 921 moribus
1209 865 1420 931 similis,
1470 871 1736 933 notusque
1762 872 1818 919 et

226 959 533 1016 familiaris.
568 958 650 1016 Ad
678 974 737 1015 se
760 958 927 1025 enim,
952 966 1009 1012 ut
1028 958 1199 1027 aiunt,
1223 958 1448 1015 invicem
1473 959 1815 1028 ventilantes,

223 1067 298 1110 ex
326 1067 386 1108 se
428 1052 655 1108 invicem
685 1051 964 1121 capiebant
1003 1051 1319 1117 utilitatem,
1373 1065 1434 1107 se
1479 1061 1663 1105 mutuo
1692 1064 1817 1121 pro-

226 1156 514 1215 vocantes,
546 1159 599 1203 et
623 1147 691 1203 ad
716 1147 887 1203 zelum
921 1146 1017 1203 Dei
1037 1146 1342 1204 incitantes.
1370 1147 1610 1205 Inclusus
1639 1147 1818 1203 autetri

224 1235 424 1292 eratin
451 1234 680 1305 quadam
702 1235 1047 1304 domuncula,
1080 1251 1197 1305 quae
1219 1245 1338 1293 erat
1367 1237 1670 1307 propinqua
1697 1237 1818 1293 vico

222 1326 472 1382 maximo
498 1334 554 1383 et
601 1327 797 1396 popqu
826 1328 980 1399 longe
1008 1328 1445 1399 frequentissimo
1475 1345 1488 1383 :
1524 1338 1610 1386 est
1638 1334 1819 1385 autem

225 1417 280 1474 ei
324 1431 516 1474 nomen
573 1417 769 1474 lemme
811 1417 1024 1491 [Long.,
1073 1418 1280 1492 lmme].
1330 1422 1407 1476 Ac
1462 1422 1530 1479 de
1578 1422 1819 1478 maxima

226 1509 459 1581 quidem
480 1508 581 1564 viri
612 1523 642 1564 a
673 1510 794 1566 cibo
828 1510 1148 1567 abstinentia
1176 1526 1270 1568 seu
1307 1512 1511 1583 jejunio
1538 1522 1593 1569 et
1620 1513 1818 1581 inedia,

226 1598 542 1670 vigiliaque,
567 1605 621 1655 et
643 1601 883 1656 oratione
910 1610 1185 1671 perpetua,
1218 1603 1398 1660 dicere
1426 1605 1673 1661 existimo
1702 1618 1822 1661 esse

228 1705 714 1761 supervacaneum.
743 1691 800 1747 ln
831 1692 914 1748 his
944 1695 1087 1749 enim
1118 1695 1258 1750 idem
1289 1695 1449 1751 traxit
1468 1696 1651 1766 jugum
1677 1696 1819 1766 quod

223 1782 422 1841 beatus
446 1783 688 1839 Sitneon.
717 1783 1032 1843 Miraculum
1058 1796 1236 1842 autem
1258 1789 1474 1858 quodin
1501 1789 1817 1846 hodiernum

1838 495 1894 557 Δ
1918 497 2200 569 mirabilis,
2230 466 2319 570 qui
2346 499 2621 558 aedificavit
2649 502 2864 575 quidem
2894 503 2946 561 id
2971 464 3113 577 quod
3141 512 3360 562 vocatur
3390 508 3491 564 Pa-

1919 599 2186 658 ratomon,
2236 593 2449 648 virtutis
2478 603 2652 651 autem
2702 597 3014 668 splendores
3043 599 3096 655 in
3123 614 3337 656 omnem
3376 615 3494 672 par-

1919 688 2024 737 tem
2065 684 2262 742 emisit.
2294 684 2462 752 Quam
2494 687 2635 743 clara
2665 696 2845 746 autem
2889 689 3050 747 fuerit
3076 689 3192 763 ejus
3230 690 3358 762 vita,
3391 698 3497 748 tes.

1918 781 2096 830 tantur
2127 791 2245 846 qua:
2268 787 2385 848 post
2415 778 2532 850 ejus
2552 792 2781 838 mortem
2814 782 2944 838 [lunt
2964 783 3241 839 miracula.
3272 780 3351 839 Ex
3380 786 3497 854 ejus

1918 865 2162 936 sepulcro
2202 868 2255 923 in
2280 863 2599 926 hodiernum
2644 887 2812 943 usque
2834 872 2974 930 diem
3005 877 3297 931 scaturiuut
3323 879 3499 931 omnis

1917 959 2131 1027 generis
2155 958 2463 1016 morborum
2496 963 2819 1019 curationes.
2864 962 3034 1035 Hujus
3055 973 3232 1020 autem
3264 975 3386 1020 sunt
3415 967 3496 1019 lo-

1918 1048 2158 1117 cupletes
2185 1056 2371 1117 testes,
2394 1050 2483 1122 qui
2516 1067 2607 1108 eas
2636 1054 2846 1110 abunde
2873 1054 3018 1111 illiue
3041 1070 3135 1126 per
3174 1056 3332 1113 iidem
3363 1058 3494 1111 hau-

1918 1138 2084 1196 riunt.
2118 1139 2245 1196 Mihi
2275 1150 2454 1199 autem
2492 1158 2703 1214 quoque
2732 1144 2889 1201 detur
2932 1148 3185 1216 consequi
3223 1148 3487 1217 auxilium,

1920 1229 2011 1300 qui
2031 1243 2216 1287 eorum
2246 1233 2503 1290 memoria
2536 1234 2770 1304 linguam
2800 1236 3144 1295 sanctiﬁcavi.

2498 1322 2726 1380 CAPUT
2768 1324 2902 1381 VIII.

2474 1430 2781 1472 arunssrss
2808 1417 2945 1490 (52).

1991 1501 2157 1569 Quod
2191 1517 2292 1559 una
2322 1503 2393 1559 sit
2420 1506 2655 1561 omnium
2685 1507 2959 1563 hominum
2990 1517 3198 1576 natura,
3230 1518 3285 1565 et
3328 1511 3493 1580 philo.

1920 1595 2138 1665 sOphari
2170 1597 2239 1651 sit
2282 1598 2433 1653 facile
2462 1598 2782 1669 volentibus,
2824 1601 2937 1657 sive
2982 1602 3093 1657 sint
3139 1600 3347 1669 Graeci,
3389 1605 3504 1659 sive

1920 1688 2151 1755 barbari,
2182 1706 2246 1744 ex
2279 1692 2456 1747 multis
2477 1708 2687 1763 quoque
2710 1694 2830 1750 aliis
2864 1696 3001 1751 scire
3025 1705 3108 1752 est
3136 1699 3188 1752 in
3214 1706 3458 1768 promptu
3486 1718 3499 1752 :

1926 1781 1994 1836 ad
2033 1782 2135 1838 hoc
2160 1794 2334 1840 autem
2364 1796 2550 1854 aperte
2579 1788 2965 1844 ostendendum
3015 1788 3213 1846 sufﬁcit
3238 1791 3325 1848 vel
3354 1792 3503 1850 solus

222 1889 401 1946 usque
422 1876 563 1932 diem
585 1877 923 1945 decantatur,
949 1880 1016 1935 ab
1045 1879 1185 1936 illius
1211 1890 1389 1938 autem
1415 1897 1546 1937 voce
1574 1891 1628 1938 et
1656 1898 1817 1939 manu

1925 1871 2220 1943 Apltraates
2249 1872 2551 1947 (Theodor.,
2586 1877 2677 1932 lib.
2709 1893 2762 1933 tv
2790 1878 2955 1949 Hisl.,
2989 1896 3103 1950 cap.
3136 1881 3251 1952 24).
3284 1881 3333 1939 ls
3357 1884 3502 1940 enim

222 1968 431 2023 factum
481 1979 597 2036 est,
644 1970 945 2027 existimavi
994 1973 1041 2029 si
1095 1988 1377 2032 narrarem
1428 1973 1692 2032 facturum
1728 1991 1817 2034 me

221 2073 408 2132 opera:
431 2062 701 2132 pretium..

300 2154 358 2210 in
402 2156 661 2259 praedicto
684 2156 804 2212 vico
852 2158 911 2212 ﬁt
938 2158 1318 2217 celeberrimus
1364 2171 1684 2230 conventus,
1712 2165 1804 2235 qui

222 2247 465 2318 undiqtie
496 2248 717 2304 attrahit
745 2259 1092 2318 mercatores,
1136 2260 1190 2307 et
1220 2253 1472 2323 majorem
1516 2255 1816 2313 multitudi-

221 2355 352 2400 nem
384 2357 539 2412 quam
568 2358 689 2413 quae
718 2345 885 2413 possit
917 2346 1211 2401 numerari.
1258 2347 1314 2403 ln
1341 2362 1405 2403 eo
1435 2350 1647 2417 quidam
1679 2365 1818 2407 mer-

221 2440 400 2498 cator,
425 2431 490 2488 iis
510 2447 628 2503 quae
646 2434 893 2491 attulerat
914 2435 1161 2502 venditis,
1188 2444 1241 2492 et
1262 2450 1394 2493 auro
1418 2449 1623 2507 coacto,
1656 2451 1817 2497 noctu

223 2523 442 2580 volebat
469 2524 740 2581 recedere.
789 2524 1014 2592 Quidam
1063 2533 1239 2582 autem
1272 2528 1559 2597 homicida,
1605 2532 1693 2601 qui
1724 2547 1819 2587 au-

226 2632 348 2673 rum
380 2617 488 2673 illic
530 2618 816 2675 collectum
862 2629 1162 2691 aspexerat,
1195 2633 1360 2679 oestro
1396 2627 1625 2695 quodam
1657 2635 1711 2683 et
1737 2628 1820 2683 fu-

227 2726 359 2768 rore
396 2710 657 2782 percitus,
710 2728 954 2771 somnum
985 2714 1200 2785 quidem
1229 2731 1259 2771 a
1289 2716 1423 2773 ciliis
1450 2717 1672 2787 depulit,
1724 2720 1821 2776 ob-

228 2801 482 2859 servabat
525 2813 702 2859 autem
749 2805 963 2874 quando
1007 2805 1090 2861 vir
1135 2806 1221 2865 ille
1270 2818 1413 2864 esset
1458 2809 1814 2879 profecturus.

229 2891 360 2950 Post
385 2893 513 2964 galli
543 2904 719 2950 autem
751 2905 987 2964 cantum,
1011 2896 1097 2952 ille
1117 2898 1327 2966 quidem
1348 2898 1527 2956 abibat
1546 2915 1769 2957 securus
1796 2919 1811 2958 :

230 2982 320 3040 hic
334 2992 514 3041 autem
537 2985 893 3054 praeveniens,
907 3001 1025 3045 cum
1045 2987 1325 3056 quemdam
1348 2989 1521 3045 locum
1544 3001 1722 3061 aptum
1739 2992 1819 3047 in-

232 3076 387 3130 sidiis
416 3086 755 3147 occupasset,
789 3084 1009 3147 repente
1048 3078 1289 3148 adortus,
1322 3095 1442 3136 eum
1476 3089 1530 3137 et
1558 3082 1819 3152 percussit

232 3176 290 3223 et
308 3167 508 3223 caedem
552 3169 695 3227 fecit.
737 3168 1077 3225 Exsecrando
1110 3182 1289 3227 autem
1339 3173 1561 3230 facinori
1596 3175 1817 3246 impium

1922 1963 1975 2019 itt
2006 1963 2204 2034 Persis,
2236 1967 2325 2038 qui
2353 1979 2475 2024 sunt
2497 1969 2851 2039 injustissimi,
2880 1981 2933 2027 et
2964 1982 3119 2029 natus
3149 1981 3205 2030 et
3226 1974 3503 2043 educatus,

1922 2064 1977 2112 et
2001 2065 2152 2112 ortus
2179 2072 2249 2115 ex
2283 2060 2475 2115 talibus
2504 2061 2816 2131 parentibus
2837 2106 2852 2130 ,
2898 2071 2954 2120 et
2983 2063 3037 2119 in
3086 2079 3271 2121 eorum
3299 2066 3503 2138 legibus

1923 2145 2217 2216 institutus,
2270 2148 2338 2204 ad
2387 2160 2583 2206 tantam
2615 2154 2862 2223 pervenit
2889 2153 3159 2224 virtutem,
3191 2166 3251 2212 ut
3294 2173 3388 2214 eos
3415 2161 3507 2229 qui

1922 2253 1996 2295 ex.
2022 2238 2123 2308 piis
2153 2239 2262 2295 nati
2291 2239 2537 2308 fuerant,
2587 2252 2641 2299 et
2682 2244 2821 2314 piam
2850 2244 3143 2302 doctrinam
3181 2248 3248 2303 ab
3286 2249 3506 2307 ineunte

1922 2338 2080 2386 aetate
2108 2339 2443 2402 acceperant,
2489 2332 2872 2391 obscuraverit.
2924 2335 3160 2392 Primum
3188 2340 3328 2395 enint
3376 2355 3508 2397 con-

1923 2431 2128 2494 tempto
2148 2438 2344 2494 genere
2369 2425 2508 2495 (erat
2531 2435 2706 2481 autem
2749 2427 2799 2482 id
2828 2428 3030 2485 clarum
3061 2438 3116 2486 et
3145 2430 3376 2502 illustre)
3408 2446 3502 2488 ac-

1924 2516 2093 2570 cttrrit
2118 2514 2182 2570 ad
2213 2515 2495 2573 Dominum
2518 2516 2868 2586 adorandum,
2912 2520 3141 2590 majores
3172 2536 3297 2579 suos
3326 2524 3505 2580 imita-

1926 2614 2012 2661 tur
2040 2620 2241 2676 magos,
2284 2607 2480 2664 deinde
2507 2609 2589 2664 sui
2632 2610 2843 2679 generis
2872 2610 3146 2669 hominum
3175 2613 3504 2685 impietatem

1924 2696 2283 2766 abominatus,
2315 2714 2426 2755 suae
2454 2700 2685 2770 praetulit
2706 2703 2933 2759 alienam
2965 2706 3259 2775 regionem.
3290 2706 3503 2764 Etcum

1926 2789 2159 2845 venisset
2189 2790 2442 2849 Edessam
2475 2793 2581 2863 (est
2605 2804 2779 2851 autem
2822 2797 3011 2853 civitas
3052 2798 3285 2856 maxima
3312 2810 3366 2858 et
3412 2818 3506 2873 po-

1926 2880 2055 2949 pqu
2077 2878 2535 2952 frequentissima,
2576 2894 2631 2939 et
2669 2902 2786 2954 quae
2813 2888 3009 2957 pietate
3037 2889 3317 2960 insigniter
3341 2907 3503 2949 exor-

1925 2973 2129 3045 natur),
2162 2990 2281 3030 cum
2311 2984 2459 3031 extra
2483 2976 2602 3045 ejus
2632 2979 2863 3034 ambitus
2889 2980 3185 3036 invenisset
3205 2981 3504 3040 domuncu-

1928 3066 2054 3133 lam,
2082 3075 2133 3121 et
2171 3081 2229 3122 se
2257 3067 2310 3122 in
2333 3082 2395 3122 ea
2425 3068 2748 3139 inclusisset,
2780 3084 2893 3125 suae
2932 3085 3114 3126 curam
3145 3073 3363 3141 gerebat
3388 3076 3507 3132 ani-

1927 3171 2048 3224 mae,
2077 3151 2236 3214 veluti
2263 3160 2478 3229 quidam
2507 3161 2741 3231 optimus
2769 3162 3017 3232 agricola,
3045 3164 3294 3221 vitiorum
3324 3168 3507 3237 spinas

233 3276 448 3333 quoque
494 3262 636 3317 aliud
664 3262 861 3319 factum
891 3264 1104 3336 adjicit;
1132 3282 1258 3321 nam
1286 3282 1406 3324 cum
1434 3282 1621 3325 aurum
1648 3270 1821 3340 cepis-

1928 3250 2244 3306 exscindens
2271 3252 2549 3318 radicitus,
2579 3261 2631 3310 et
2658 3252 2888 3310 divinam
2910 3266 3211 3328 expurgans
3244 3267 3505 3329 segetem,

233 3363 344 3419 set,
372 3363 640 3411 mortuum
680 3356 808 3412 illud
831 3372 1027 3428 corpus
1057 3360 1281 3430 projecit
1309 3362 1375 3415 ad
1402 3361 1596 3419 ostium
1646 3362 1822 3419 Palla-

234 3445 331 3500 dii.
363 3446 495 3501 Cum
515 3456 693 3503 autem
721 3448 836 3505 dies
865 3450 1122 3517 venisset,
1145 3460 1199 3506 et
1221 3451 1359 3506 fama
1388 3454 1737 3523 pervasisset,
1767 3464 1823 3511 et

237 3547 384 3594 totus
414 3540 685 3596 hominum
717 3551 1014 3598 conventus
1053 3544 1122 3599 de
1164 3558 1232 3600 eo
1271 3546 1413 3614 quod
1466 3545 1663 3601 factum
1708 3555 1824 3602 erat

238 3631 438 3699 passim
486 3630 817 3702 loqueretur,
852 3643 1243 3690 concurrerunt
1270 3651 1479 3705 omnes,
1521 3646 1577 3692 et
1603 3638 1823 3695 effracto

241 3726 402 3791 ostio,
432 3726 593 3781 caedis
620 3728 773 3783 facta:
808 3744 1019 3796 poenam
1049 3731 1264 3802 exigere
1290 3730 1544 3785 volebant
1582 3745 1613 3785 a
1642 3730 1821 3786 divino

237 3812 483 3869 Palladio
512 3834 525 3870 :
558 3832 693 3873 unus
719 3827 896 3875 autem
924 3834 986 3875 ex
1026 3820 1090 3874 iis
1119 3822 1207 3890 qui
1241 3820 1340 3875 hoc
1381 3820 1663 3889 faciebant,
1706 3832 1823 3879 erat

240 3905 284 3963 is
312 3908 401 3976 qui
432 3923 528 3964 sua
571 3926 731 3966 manu
756 3912 956 3968 cmdem
990 3913 1207 3969 fecerat.
1262 3914 1391 3970 Cum
1422 3929 1551 3986 ergo
1579 3914 1661 3969 vir
1692 3914 1827 3970 divi-

240 4017 343 4058 nus
379 4004 848 4075 circumsideretur
877 4024 907 4064 a
940 4016 1083 4065 tanta
1128 4010 1483 4077 multitudine,
1516 4009 1712 4065 coelum
1741 4011 1823 4064 in-

240 4097 413 4160 tuens,
448 4100 504 4149 et
531 4105 709 4152 mente
726 4096 920 4153 cmlum
948 4113 1230 4169 superans,
1264 4098 1574 4168 supplicavit
1596 4099 1823 4154 Domino
1886 4166 1890 4170 _

241 4195 299 4241 ut
324 4188 608 4245 calumniae
640 4191 972 4247 mendacium
1005 4192 1295 4258 refelleret,
1327 4200 1380 4248 et
1404 4193 1678 4248 veritatem
1705 4207 1825 4263 quae

241 4279 443 4336 latebat
490 4283 817 4340 ostenderet.
844 4285 978 4341 Cum
1009 4285 1086 4342 sic
1116 4294 1345 4353 orasset,
1376 4293 1430 4340 et
1468 4285 1691 4354 jacentis
1713 4301 1827 4341 ma-

244 4388 370 4427 num
423 4373 818 4445 prehendisset,
864 4375 977 4441 Dic,
1019 4375 1208 4447 inquit,
1254 4391 1287 4431 ο
1329 4375 1658 4443 adolescens,
1710 4376 1829 4446 quis

242 4462 382 4519 hanc
413 4464 509 4521 tibi
551 4467 752 4537 plagam
794 4468 1078 4525 intulerit:
1112 4469 1333 4525 ostende
1370 4470 1494 4541 quis
1538 4470 1639 4525 hoc
1667 4483 1826 4526 exse-

242 4554 502 4611 crandum
546 4555 751 4614 facinus
777 4560 1076 4625 admiserit,
1107 4569 1164 4616 et
1188 4561 1353 4617 libera
1385 4562 1722 4618 innocentem
1754 4563 1822 4619 ab

1923 3352 1978 3399 et
2005 3353 2243 3400 maturos
2274 3345 2551 3417 Evangelii
2584 3345 2787 3403 fructus
2816 3347 3048 3405 olferens
3072 3350 3318 3406 Domino.
3350 3349 3506 3410 Illinc

1924 3437 2070 3493 venit
2108 3438 2468 3507 Antiochiam,
2500 3455 2619 3510 quae
2644 3440 2713 3496 ab
2735 3440 2984 3499 haeretica
3009 3444 3239 3513 procella
3267 3444 3505 3514 graviter

1927 3530 2423 3599 circutnsidebatur,
2448 3533 2535 3587 ubi
2564 3548 2685 3588 cum
2709 3542 2833 3590 ante
2861 3535 3131 3591 civitatem
3161 3536 3212 3590 in
3236 3537 3502 3605 quoddam

1924 3620 2272 3691 philosophiae
2297 3623 2627 3693 gymnasium
2658 3624 2981 3693 divertisset,
3010 3634 3065 3682 et
3086 3625 3284 3682 Graecae
3309 3627 3505 3699 lingua:

1924 3729 2091 3785 pauca
2124 3716 2287 3772 verba
2312 3716 2607 3783 didicisset,
2638 3718 2705 3774 ad
2731 3719 2939 3775 divinos
2967 3720 3180 3791 quidem
3221 3734 3503 3779 sermones

1926 3806 2215 3863 audiendos
2246 3809 2402 3863 traxit
2426 3809 2687 3879 plurimos
2718 3828 2733 3866 :
2760 3818 2919 3867 utens
2948 3818 3124 3867 autem
3156 3810 3331 3881 lingua
3373 3812 3502 3869 bar-

1926 3898 2075 3955 barie
2096 3901 2396 3969 commisut,
2416 3901 2552 3957 fetus
2572 3900 2874 3971 proferebat
2903 3901 3099 3973 ingenii
3123 3911 3179 3959 et
3205 3902 3504 3973 intelligen-

1928 3991 2039 4060 tite,
2087 4006 2151 4047 ex
2179 3993 2344 4062 gratia
2384 3991 2550 4047 divini
2583 3993 2810 4062 Spiritus
2835 3994 3105 4064 accipiens
3144 3996 3258 4051 haec
3280 3997 3507 4056 ﬂuenta.

1926 4084 2058 4150 Quis
2088 4084 2228 4139 enim
2259 4098 2325 4139 ex
2357 4084 2422 4140 iis
2459 4085 2553 4154 qui
2596 4084 2994 4156 suam-iactant
3036 4082 3429 4159 eloquentiam,
3450 4097 3510 4148 et

1928 4176 2207 4244 supercilia
2235 4175 2611 4232 contrahentes
2637 4178 2776 4233 elate
2803 4178 3089 4250 loquuntur
3110 4187 3166 4236 et
3195 4182 3503 4253 magnifice,

1929 4278 1982 4322 et
2012 4276 2227 4338 propter
2268 4267 2696 4340 syllogismorum
2741 4269 2960 4341 laqueos
2981 4270 3289 4343 juveniliter
3325 4274 3509 4331 exsul-u-

1932 4370 2068 4429 taut,
2098 4361 2358 4417 inerudita
2399 4361 2484 4416 illa
2527 4370 2581 4417 et
2618 4362 2845 4419 barbara
2873 4377 3011 4420 voce
3033 4366 3134 4421 fuit
3154 4381 3385 4438 unquam
3414 4381 3509 4429 su-

1930 4454 2144 4526 periori
2192 4453 2706 4509 Ratiocinationibus
2759 4457 2926 4528 819
2958 4457 3102 4513 enim
3146 4458 3509 4514 ratiocinatio-

1931 4562 2051 4616 nes,
2077 4557 2128 4602 et
2150 4546 2346 4602 divinis
2367 4547 2589 4616 eloquiis
2608 4547 3047 4619 philosophorum
3068 4549 3317 4605 vincebat
3337 4546 3507 4604 ratio-

243 4647 346 4705 hac
371 4649 617 4719 improba
639 4651 924 4708 calumnia.
956 4654 1267 4711 Sermonem
1295 4663 1472 4710 autem
1503 4668 1681 4710 sermo
1709 4656 1823 4724 qui-

1930 4657 2047 4711 nes,
2080 4657 2199 4698 cum
2250 4656 2442 4713 magno
2472 4640 2637 4696 Paulo
2664 4642 2921 4711 clamans,
2952 4643 3053 4700 etsi
3084 4641 3360 4712 imperitus
3386 4656 3509 4698 ser-

241 4739 365 4796 dem
394 4750 478 4797 est
503 4753 843 4801 consecutus.
885 4746 1113 4801 Dextera
1152 4754 1327 4802 autem
1359 4746 1522 4802 homo
1550 4746 1709 4802 etiam
1740 4760 1826 4801 se-

240 4830 399 4897 dens,
446 4831 908 4904 circumspiciebat
954 4836 1166 4906 quidem
1199 4850 1293 4892 eos
1338 4837 1428 4904 qui
1479 4836 1825 4904 accedebant,

240 4924 411 4996 digito
430 4935 609 4985 autem
635 4929 953 4986 ostendebat
973 4929 1291 4985 homicidam
1310 4929 1450 5000 (51).
1475 4928 1687 4987 Clamor
1701 4929 1829 4985 sub-

239 5017 377 5072 latus
417 5026 502 5073 est
521 5019 590 5075 ab
631 5020 899 5087 omnibus,
947 5030 1004 5078 et
1039 5021 1350 5078 miraculum
1381 5021 1742 5093 stupentibus,
1770 5031 1829 5079 et

243 5109 573 5166 calumniam
617 5127 737 5183 quae
783 5113 954 5169 fuerat
1005 5113 1260 5170 intentata
1304 5113 1640 5170 dedentibus.
1693 5113 1824 5170 Cum

248 5209 430 5257 autem
455 5202 605 5259 illum
634 5205 953 5262 sceleratum
998 5206 1291 5271 exuissent,
1334 5213 1389 5261 et
1412 5206 1644 5278 gladium
1674 5206 1830 5261 inve-

251 5303 447 5349 nerunt
497 5293 672 5350 adhuc
716 5303 997 5351 cruentum
1039 5294 1320 5366 sanguine,
1372 5304 1426 5351 et
1472 5310 1658 5351 aurum
1705 5295 1833 5352 illud

249 5385 390 5453 quod
434 5385 597 5442 caedis
646 5401 862 5443 causam
908 5388 1151 5444 dederat.
1203 5386 1418 5442 Divinus
1475 5398 1653 5443 autem
1707 5389 1831 5444 Pal-

250 5475 419 5531 ladius
457 5492 579 5533 cum
620 5480 767 5549 prius
815 5479 1005 5536 fuisset
1042 5479 1399 5547 admirabilis,
1453 5479 1577 5535 hinc
1636 5480 1832 5537 merito

249 5570 420 5625 evasit
478 5571 635 5641 longe
696 5571 1080 5628 admirabilior.
1148 5572 1458 5630 Sulliciebat
1520 5574 1661 5628 enim
1729 5572 1831 5628 mi-

252 5662 490 5716 raculum
544 5662 612 5717 ad
670 5663 771 5719 viri
838 5664 1225 5721 ostendendam
1289 5664 1432 5736 apud
1477 5665 1641 5722 Deum
1692 5664 1829 5721 (idu-

251 5766 408 5809 erant.

321 5848 398 5930 Ex
428 5850 624 5927 eodem
652 5858 831 5923 autem,
857 5848 1043 5925 ordine
1088 5848 1188 5921 fuit
1226 5850 1385 5923 etiam
1416 5851 1707 5924 Alimentus
1736 5850 1831 5923 ad.

1932 4749 2111 4801 mone,
2152 4749 2257 4788 non
2306 4742 2483 4790 tamen
2529 4734 2748 4789 scientia
2779 4734 2866 4807 (ΙΙ
2897 4732 3016 4791 Cor.
3060 4733 3158 4804 ιι).
3194 4733 3305 4789 Hoc
3330 4742 3509 4791 autem

1931 4826 2094 4884 modo
2124 4835 2388 4896 perpetuo
2418 4840 2484 4880 ex
2514 4825 2754 4895 Apostoli
2780 4826 3040 4883 sententia
3073 4824 3405 4894 deprimebat
3429 4841 3509 4882 ra-

1935 4920 2128 4987 tiones,
2151 4927 2208 4974 et
2227 4933 2440 4974 omnem
2465 4918 2795 4975 altitudinem
2822 4934 2940 4989 quae
2959 4917 3231 4974 extollitur
3250 4916 3509 4975 adversus

1936 5013 2029 5070 Dei
2054 5013 2432 5084 cognitionem,
2460 5022 2516 5070 et
2543 5013 2843 5083 captivabat
2863 5026 3075 5067 omnem
3104 5011 3509 5083 intelligentiam

1933 5106 1999 5161 ad
2027 5103 2224 5160 Christi
2264 5103 2618 5160 obedientiam
2662 5101 2750 5172 (II
2798 5102 2916 5157 Cor.
2949 5102 3027 5172 x).
3063 5101 3282 5161 Licebat
3327 5113 3508 5162 autem

1938 5196 2120 5252 videre
2146 5205 2527 5252 concurrentes
2548 5208 2640 5250 eos
2667 5194 2755 5264 qui
2778 5193 3036 5263 gerebant
3066 5194 3425 5265 magistratus,
3454 5204 3511 5255 et

1936 5290 2023 5360 qui
2051 5297 2204 5345 erant
2247 5288 2398 5344 relati
2442 5289 2496 5343 in
2531 5286 2738 5355 aliquos
2766 5285 2973 5342 militiae
3003 5302 3279 5356 numeros,
3310 5302 3511 5359 eosque

1935 5384 2023 5453 qui
2049 5397 2207 5438 manu
2254 5381 2355 5437 sibi
2382 5382 2579 5438 victum
2605 5380 2985 5449 comparabant
3013 5399 3027 5449 ;
3057 5390 3194 5437 etut
3233 5383 3401 5439 setnel
3429 5380 3509 5439 di-

1935 5492 2072 5543 cam,
2105 5484 2157 5531 et
2186 5475 2418 5544 privatos
2446 5482 2500 5528 et
2534 5470 2750 5539 milites,
2793 5480 2847 5527 et
2874 5472 3079 5537 doctos,
3114 5481 3171 5528 et
3215 5473 3510 5533 litterarum

1936 5568 2115 5633 rudes,
2146 5575 2197 5621 et
2220 5578 2502 5636 pauperes,
2525 5573 2580 5619 et
2606 5562 2835 5622 divites:
2865 5573 2920 5620 et
2946 5565 3080 5621 alios
3102 5565 3315 5636 quidem
3341 5567 3507 5625 silen-

1937 5662 2011 5718 tio
2057 5660 2379 5729 accipientes
2431 5672 2492 5713 ea
2533 5672 2650 5730 quae
2693 5659 3067 5727 offerebantur,
3104 5659 3237 5715 alios
3270 5674 3394 5715 vero
3416 5671 3504 5715 ro-
3548 5706 3551 5709 .

1936 5763 2125 5829 gantes
2156 5762 2209 5810 et
2229 5750 2580 5819 sciscitantes,
2605 5761 2661 5809 et
2689 5751 2913 5807 orationi
2944 5750 3246 5821 praebentes
3267 5746 3505 5805 occasio.
3546 5790 3549 5795 .

1938 5866 2079 5917 neut,
2126 5845 2259 5917 Cum
2288 5854 2465 5913 autem
2490 5853 2691 5917 tantum
2725 5844 2961 5909 laborem
2989 5851 3223 5915 caperet,
3256 5858 3363 5909 nou
3391 5855 3502 5919 pay
