4052 6362
502 327 565 386 51
1651 317 1736 378 DE
1772 315 1950 380 .VITIS
1989 313 2272 376 PATRUM
2318 317 2518 377 LIBER
2559 319 2649 378 IX.
3713 324 3791 383 δε

501 452 596 492 sus
623 445 704 491 est
731 447 964 508 unquam
987 434 1154 492 ullum
1184 433 1431 506 accipere
1459 433 1550 504 qui
1573 447 1753 488 secum
1782 431 2084 499 habitaret;
2116 436 2163 495 Α
2191 446 2304 486 rem
2339 441 2712 505 tempestatem
2743 434 2974 492 solitudo
3003 435 3444 508 gubernatorum.
3481 435 3590 492 Eos
3637 438 3788 493 enim

499 528 790 598 quinetiam
844 527 1076 582 malebat
1126 543 1275 583 suam
1328 527 1494 598 ipsius
1531 542 1746 596 operam
1777 542 1935 598 quam
1968 527 2088 581 oili-

500 621 642 674 ciutu
670 630 722 672 et
769 618 1122 674 ministerium
1156 619 1298 689 quod
1346 619 1446 673 s'ibi
1484 615 1806 678 offerebatur
1838 619 1904 673 ab
1945 618 2086 674 aliis.

499 715 743 781 Cumque
772 709 888 782 ejus
934 713 1340 781 congressiones
1377 719 1430 766 et
1467 710 1853 764 collocutiones
1900 710 2092 766 tierent

502 807 568 862 ad
621 816 823 875 portam
855 807 998 874 atrii,
1046 808 1159 875 ipse
1188 821 1304 860 eam
1337 802 1609 870 aperiebat
1648 803 2086 876 ingredientibus,

499 911 555 958 et
601 901 856 957 abeuntes
887 899 1185 956 deducebat
1239 915 1300 954 ac
1349 899 1669 954 dimittebat.
1721 898 1862 953 Nihil
1908 906 2088 952 autem

497 1012 732 1066 unquam
763 996 983 1052 omnino
1011 995 1218 1062 accepit
1247 992 1316 1047 ab
1343 992 1548 1062 aliquo,
1583 1006 1687 1045 non
1725 1006 1941 1060 panem,
1982 1007 2089 1047 non

500 1092 811 1153 obsonium,
857 1105 962 1144 non
993 1099 1212 1153 vestem,
1244 1085 1338 1140 sed
1386 1101 1520 1140 unus
1549 1085 1692 1139 solus
1725 1085 1770 1139 ei
1806 1091 1964 1138 notus
1994 1097 2088 1150 pa-

498 1169 625 1240 nem
653 1183 1043 1254 suppeditabat.
1091 1181 1225 1236 Cum
1273 1188 1450 1234 autem
1481 1193 1650 1247 usque
1677 1178 1741 1232 ad
1770 1175 2088 1243 profundum

498 1281 851 1350 processisset
895 1279 1124 1344 senium,
1172 1286 1292 1346 post
1321 1290 1570 1331 occasum
1611 1274 1742 1328 solis
1777 1275 2091 1330 vescebatur

503 1373 760 1429 oleribus.

576 1463 738 1517 Aiunt
783 1469 960 1516 autern
1003 1459 1372 1528 Anthemium,
1406 1459 1494 1528 qui
1529 1465 1712 1528 postea
1735 1457 1832 1514 fuit
1873 1467 1928 1512 et
1954 1473 2090 1526 pra:-

496 1551 669 1611 fectus
701 1562 754 1608 et
777 1552 990 1619 consul,
1022 1567 1143 1606 cum
1167 1553 1370 1607 electus
1396 1550 1599 1620 legatus
1625 1551 1892 1619 prolectus
1921 1559 2004 1605 est
2023 1551 2090 1606 ad

494 1646 713 1714 Persits,
761 1648 827 1701 ad
854 1663 975 1704 eum
1007 1645 1252 1702 attulisse
1285 1645 1518 1700 tunicam
1564 1645 1702 1713 apttd
1739 1644 1930 1700 Persas
1958 1659 2091 1699 con-

495 1748 723 1802 textam,
771 1749 825 1794 et
870 1738 1073 1794 dixisse
1122 1737 1296 1792 :Cutn
1349 1740 1544 1792 scirem
1602 1737 1892 1808 unicuique
1935 1751 2086 1792 suam

2198 523 2506 594 imperator,
2568 530 2658 598 qui
2713 530 2766 583 itt
2816 530 2985 584 solam
3029 545 3207 585 veram
3261 531 3573 598 religionem
3625 545 3783 586 suam

2193 619 2486 674 exercebat
2528 622 2824 689 audaciam,
2861 622 3034 692 coegit
3088 621 3327 678 habitare
3375 621 3428 678 in
3475 624 3684 679 exsilio.
3717 623 3790 680 Et

2191 723 2314 764 cum
2349 720 2494 768 tanta
2523 724 2668 768 eSset
2696 731 2822 770 usus
2865 715 3164 786 iniquitate,
3209 715 3496 784 impietatis
3521 731 3644 771 eum
3677 732 3786 774 non

2194 802 2440 870 capiebat
2469 805 2710 871 satietas,
2750 807 2845 862 sed
2878 807 3217 877 dispergebat
3247 822 3308 861 ac
3353 806 3648 875 dissipabat
3674 822 3789 864 cm-

2195 903 2306 949 tum
2352 897 2557 963 piorum
2603 902 2866 965 omnium,
2914 901 3082 956 instar
3111 899 3237 955 ferae
3291 901 3542 954 immanis
3569 916 3786 970 gregem

2195 987 2532 1044 contendens
2561 989 2890 1060 discerpere.
2925 991 3002 1045 Ea
3033 991 3098 1045 de
3149 1006 3308 1046 causa
3353 1007 3447 1046 eo.
3474 1008 3581 1048 non
3611 994 3785 1048 solum

2195 1079 2403 1149 expulit
2431 1084 2498 1135 ab
2548 1085 2693 1138 omni
2736 1085 2985 1155 ecclesia,
3018 1087 3112 1140 sed
3143 1087 3302 1140 etiam
3341 1101 3408 1141 ex
3442 1089 3605 1142 latere
3634 1102 3788 1142 Inun-

2195 1175 2286 1238 tis,
2314 1186 2368 1228 et
2399 1191 2464 1229 ex
2511 1175 2623 1243 ripa
2673 1177 2840 1244 ﬂuvii,
2895 1189 2948 1232 et
2993 1195 3057 1233 ex
3107 1179 3297 1233 bellico
3327 1181 3624 1250 gymnasio.
3658 1180 3787 1237 Haec

2195 1265 2340 1320 enim
2372 1265 2486 1320 loca
2517 1278 2775 1337 perpetuo
2806 1271 3103 1332 mutabant,
3151 1278 3207 1323 ut
3237 1270 3289 1322 in
3323 1284 3456 1337 quos
3487 1269 3660 1324 obiter
3685 1285 3788 1324 saa-

2197 1359 2332 1412 viret
2362 1368 2564 1411 armata
2609 1375 2818 1416 manus.
2855 1361 2916 1416 Et
2950 1362 3161 1432 Scythia
3190 1361 3424 1428 quidem,
3453 1372 3505 1415 et
3543 1361 3634 1414 alii
3671 1362 3788 1416 bar-

2196 1445 2336 1510 bari,
2373 1455 2535 1502 totam
2569 1449 2847 1502 Thraciam
2880 1465 2909 1504 a
2942 1451 3178 1504 Danubio
3200 1466 3368 1521 usque
3399 1449 3461 1503 ad
3496 1450 3778 1516 Proponti-

2196 1538 2318 1592 dem
2347 1553 2535 1594 secure
2563 1541 2951 1608 populabantur
2983 1558 2996 1594 :
3024 1543 3110 1597 ille
3133 1551 3309 1596 autem
3339 1557 3522 1596 eorum
3553 1542 3771 1597 auditio-

2197 1646 2340 1698 nem,
2395 1647 2461 1685 ne
2502 1634 2726 1688 arrectis
2777 1635 3016 1703 qu'deiu,
3060 1647 3108 1688 ut
3145 1635 3362 1696 dicitur,
3395 1637 3636 1699 auribus,
3690 1650 3785 1701 po-

2197 1733 2333 1780 terat
2357 1726 2600 1796 accipere
2627 1742 2644 1794 ;
2677 1729 2770 1782 sed
2801 1729 2852 1784 in
2873 1743 2968 1784 eos
2987 1728 3078 1798 qui
3103 1738 3257 1784 erant
3283 1729 3525 1798 ejusdem
3551 1729 3786 1798 generis,

497 1829 706 1886 dulcem
734 1843 855 1884 esse
897 1829 1144 1898 patriam,
1189 1837 1243 1883 et
1281 1827 1369 1897 qui
1411 1826 1518 1881 illic
1567 1836 1862 1882 nascuntur
1888 1827 2090 1882 fructus
2123 1827 2168 1888 Β
2195 1827 2250 1872 et
2278 1817 2393 1887 ejus
2423 1819 2662 1881 ditionis,
2708 1821 3008 1892 pietateque
3040 1836 3104 1876 ac
3149 1823 3406 1891 religione
3435 1823 3584 1883 clari,
3619 1821 3789 1877 armis

496 1938 617 1980 esse
643 1919 1089 1993 iucundissimos,
1120 1921 1258 1976 hanc
1286 1936 1351 1976 ex
1386 1923 1554 1989 patria
1585 1922 1650 1974 ad
1697 1929 1749 1976 te
1782 1923 1934 1976 attuli
1967 1923 2091 1976 tuni-

497 2029 644 2078 cam,
672 2029 909 2085 rogoque
937 2022 995 2068 ut
1027 2022 1081 2068 tu
1123 2029 1243 2069 eam
1271 2013 1527 2083 accipias,
1562 2027 1662 2082 ego
1691 2028 1820 2068 vero
1859 2013 1959 2067 sitit
1989 2023 2092 2068 tute

494 2104 892 2162 benedictionis
925 2106 1214 2173 particeps.
1261 2103 1308 2158 Is
1353 2114 1531 2158 autem
1561 2119 1696 2163 eam
1732 2103 1947 2174 quidem
1983 2105 2090 2172 pri-

497 2212 644 2253 mum
664 2196 823 2267 jussit
853 2198 976 2266 poni
1007 2199 1058 2251 in
1090 2196 1382 2262 subsellio;
1411 2195 1604 2251 deinde
1631 2210 1752 2250 cum
1783 2194 1938 2250 multi
1962 2196 2088 2250 fuis-

498 2299 624 2345 seut
655 2289 921 2360 interjecti
949 2304 1246 2356 sermones,
1271 2288 1408 2344 dixit
1433 2303 1493 2344 se
1522 2288 1644 2360 angi
1674 2289 1875 2354 animo,
1903 2298 2090 2358 utpote

508 2381 650 2453 quod
684 2383 750 2436 sit
795 2383 846 2437 iu
875 2383 1007 2438 duas
1043 2395 1221 2450 partes
1254 2381 1425 2438 divisa
1463 2382 1718 2451 c0gitatio
1744 2399 1759 2447 ;
1787 2382 1879 2436 illo
1909 2395 2088 2438 autem

495 2485 725 2545 rogante
765 2475 1294 2543 causam:Semper,
1345 2473 1542 2544 inquit,
1594 2475 1850 2529 constitui
1886 2473 2087 2529 habere

498 2582 663 2622 unum
706 2568 876 2622 solum
931 2569 1024 2638 qui
1079 2582 1287 2623 mecum
1330 2567 1629 2631 habitaret;
1701 2568 1939 2636 mihique
1987 2567 2089 2636 ipsi

503 2660 643 2715 hanc
672 2659 842 2728 legem
877 2659 1131 2730 imposui,
1160 2669 1217 2714 ut
1245 2659 1373 2714 mihi
1405 2661 1623 2714 omnino
1642 2665 1938 2728 denegetur
1957 2657 2088 2714 duo-

498 2765 620 2808 rutn
675 2751 832 2806 simul
883 2751 1158 2806 habitatio.
1206 2751 1338 2808 Cum
1381 2767 1509 2821 ergo
1547 2767 1682 2807 unus
1729 2767 1936 2807 mecum
1979 2752 2086 2820 jam

499 2844 734 2901 sedecim
763 2845 917 2900 annis
951 2846 1261 2908 habitasset,
1295 2853 1350 2900 et
1376 2855 1520 2902 esset
1549 2846 1680 2901 mihi
1709 2846 1880 2915 cordi,
1907 2862 2090 2903 acces-

499 2936 571 2991 sit
593 2937 806 3007 quidam
831 2952 982 2993 meus
1007 2937 1346 3002 contribulis,
1369 2937 1555 2992 volens
1577 2953 1783 2992 mecum
1817 2937 2085 3005 habitare,

499 3035 556 3082 et
581 3043 775 3102 rogans
800 3037 857 3082 ut
887 3027 987 3082 hoc
1017 3029 1117 3081 sibi
1137 3027 1315 3083 liceat.
1345 3027 1454 3082 Hoc
1476 3026 1606 3082 mihi
1634 3037 1866 3084 mentem
1891 3027 2089 3084 distra-

424 3133 429 3138 ·
497 3117 602 3186 ltit,
635 3119 770 3173 duos
814 3121 960 3175 enim
989 3119 1147 3173 simul
1179 3119 1376 3176 habere
1423 3133 1531 3174 non
1566 3118 1756 3188 patiar.
1797 3121 2083 3178 C'ontribu-

2195 1915 2465 1970 utebatur.
2513 1915 2733 1970 Divinus
2773 1926 2950 1970 autem
3003 1917 3224 1986 populus
3255 1918 3466 1971 illorum
3521 1916 3788 1971 malorum

2194 2003 2426 2060 deﬂebat
2475 2005 2970 2073 importunitatem,
3022 2007 3332 2062 Davidicutn
3401 2009 3531 2062 illttd
3585 2021 3790 2063 canens

2195 2097 2461 2152 eautieuui
2491 2117 2502 2152 :
2529 2100 2702 2166 Super
2736 2101 2952 2154 ﬂumina
2977 2101 3262 2171 Babylonis
3294 2101 3399 2154 illic
3430 2100 3696 2165 sedimus;
3731 2107 3789 2154 et

2196 2190 2464 2258 ﬂeviutus,
2512 2191 2638 2252 dum
2701 2209 2799 2248 nos
2848 2193 3251 2250 recordaremur
3308 2195 3399 2258 tui,
3451 2195 3575 2249 Sion
3609 2191 3785 2262 (Ρωι.

2193 2287 2440 2353 cum).
2497 2284 2717 2354 lleliqua
2767 2283 2945 2340 alitem
2995 2286 3184 2342 cantici
3230 2286 3307 2340 eis
3341 2302 3445 2340 non
3501 2286 3791 2340 court-nie-

2193 2375 2338 2432 bant.
2386 2379 2684 2446 Aphraates
2732 2383 2896 2447 enim,
2947 2389 3001 2436 et
3047 2379 3351 2442 Fiavianus,
3396 2389 3452 2434 et
3502 2381 3784 2443 Diodorus,

2193 2485 2300 2525 non
2335 2475 2698 2538 permiserunt
2739 2486 2793 2529 ut
2823 2475 3278 2543 suspenderentur
3316 2476 3365 2528 iu
3415 2475 3667 2530 salicibus
3701 2476 3787 2528 in-

2193 2569 2487 2617 strumenta
2535 2565 2832 2632 doctrinae;
2869 2582 2965 2621 nec
2996 2568 3180 2638 (820
3207 2569 3344 2634 passi
3394 2578 3515 2621 sunt
3559 2567 3781 2622 dicere:

2199 2657 2482 2722 Quomodo
2538 2662 2874 2714 cantabimus
2937 2665 3200 2714 cauttcmn
3253 2653 3468 2714 Domitii
3535 2662 3586 2711 iit
3641 2668 3786 2712 terra

2196 2745 2371 2800 aliena
2401 2745 2578 2816 (Psal.
2631 2750 2889 2816 cxxu'i)?
2944 2749 3050 2804 Sed
3095 2761 3149 2802 ct
3189 2749 3238 2802 iu
3291 2752 3577 2810 montibus,
3627 2759 3681 2802 et
3731 2749 3781 2801 in

2193 2840 2419 2909 campis,
2450 2849 2504 2893 et
2533 2841 2583 2893 itt
2615 2842 2764 2907 urbe,
2795 2850 2848 2896 et
2875 2843 2924 2895 in
2969 2843 3307 2909 suliurbani~,
3355 2849 3406 2894 et
3455 2841 3503 2894 itt
3559 2841 3785 2904 (edibus,

2194 2932 2335 2986 etin
2369 2929 2520 2996 foris,
2577 2934 2841 2988 canticum
2895 2933 3101 2988 Dmini
3146 2935 3358 2990 assidue
3409 2939 3689 2990 cauebant.
3739 2933 3786 2988 Α

2195 3023 2398 3079 Davidc
2429 3029 2568 3080 enim
2609 3027 2926 3090 didicerant,
2979 3027 3184 3082 Domini
3232 3041 3306 3080 est
3340 3040 3502 3091 terra,
3528 3037 3581 3082 et
3614 3027 3786 3098 pleni-

2201 3117 2330 3170 tudo
2353 3119 2488 3188 eju-t,
2512 3119 2660 3172 orbis
2692 3128 2868 3186 ιρι-νιν,
2920 3129 2972 3175 et
3010 3136 3197 3174 omnes
3222 3137 3310 3190 qui
3364 3122 3601 3175 habitant
3634 3122 3683 3174 iu
3718 3134 3784 3176 eo

500 3212 606 3270 lem
633 3213 777 3270 enim
808 3213 1104 3282 amplector
1127 3222 1184 3266 ut
1209 3213 1598 3276 contribulem;
1627 3215 1862 3282 priorem
1883 3229 2084 3282 autem,
2111 3207 2158 3271 C
2195 3208 2369 3281 (Psal.
2399 3211 2578 3280 xuii).
2615 3211 2817 3266 ltursus
2868 3225 3043 3268 autem
3077 3213 3350 3268 audierant
3377 3215 3621 3268 eumdem
3653 3212 3785 3268 Pro-

501 3315 561 3362 ut
592 3305 679 3376 qui
713 3303 844 3360 mihi
894 3303 1047 3360 cordi
1090 3304 1272 3371 fuerit,
1303 3305 1594 3374 expellere,
1641 3314 1695 3360 et
1720 3319 1887 3374 grave
1916 3315 1970 3361 et
1998 3307 2093 3361 ini-

502 3413 670 3470 quutn
724 3396 992 3452 existimo.
1023 3394 1119 3451 llle
1165 3409 1294 3450 vero
1317 3412 1332 3450 :
1357 3394 1566 3463 Merito,
1599 3398 1788 3466 inquit.
1831 3413 1863 3450 ο
1893 3397 2051 3452 Pater
2074 3437 2090 3464 ,

502 3507 680 3562 neque
709 3491 850 3545 enim
879 3488 961 3544 fas
985 3499 1069 3545 est
1098 3499 1154 3544 ut
1183 3503 1303 3546 eum
1339 3490 1429 3558 qui
1472 3490 1565 3544 tibi
1597 3491 1828 3559 plurimo
1857 3501 2095 3556 tempore

503 3582 750 3640 inserviit
778 3581 1058 3646 amaudes,
1089 3591 1336 3652 tauquam
1369 3596 1472 3636 non
1503 3591 1717 3652 aptum;
1749 3597 1870 3636 eum
1915 3591 2094 3637 autem

504 3675 663 3748 cujus
690 3691 898 3729 nierum
931 3675 1164 3730 nonduin
1203 3673 1377 3729 fecisti
1412 3675 1730 3744 periculum,
1764 3685 1982 3744 propter
2007 3691 2098 3730 so-

506 3766 615 3824 lam
665 3767 916 3821 admittas
950 3767 1194 3844 patriam.
1228 3767 1308 3822 Ad
1361 3767 1476 3822 haec
1518 3767 1728 3822 divinus
1757 3768 2093 3836 Aphraales:

507 3861 624 3921 Non
673 3863 929 3933 accipiam
971 3876 1120 3931 ergo,
1171 3859 1364 3929 inquit,
1407 3875 1440 3915 o
1487 3861 1568 3915 vir
1597 3863 1930 3926 admirande,
1963 3862 2100 3916 hanc

508 3957 784 4024 tunicam;
834 3955 968 4008 duas
1019 3953 1162 4007 enim
1212 3953 1410 4008 habere
1438 3968 1541 4008 non
1593 3955 1780 4023 patiar.
1813 3951 1912 4008 Est
1951 3952 2098 4011 enim

509 4063 634 4104 mea
664 4049 876 4114 quidem
907 4049 1174 4100 Sententia
1198 4045 1506 4114 jucundior,
1539 4059 1623 4102 tua
1671 4063 1796 4102 vero
1819 4049 2008 4103 melior
2037 4062 2100 4101 ea

511 4155 633 4210 quae
683 4141 809 4194 mihi
839 4147 985 4193 tanto
1018 4150 1260 4207 tempore
1288 4138 1554 4193 inserviit.
1585 4139 1722 4194 Cum
1752 4141 1946 4196 callido
1973 4157 2100 4210 ergo

512 4241 824 4290 commento
851 4235 930 4287 sic
949 4233 1201 4290 elu~isset
1230 4233 1595 4293 Anthemium,
1620 4240 1675 4285 et
1704 4232 1900 4302 ingenii
1931 4232 2100 4288 soler-

511 4327 604 4384 tite
630 4327 965 4384 exhibuisset
999 4327 1338 4388 miraculum,
1373 4325 1637 4392 persuasit
1667 4335 1722 4378 ut
1753 4339 1911 4380 nemo
1943 4325 2100 4380 dein-

513 4434 643 4490 ceps
666 4433 788 4474 cum
835 4433 900 4473 eo
940 4428 1120 4488 ageret
1151 4418 1217 4472 de
1245 4417 1332 4471 illa
1362 4419 1558 4470 tunica.
1614 4416 1725 4486 Ego
1771 4425 1948 4470 autem
1991 4419 2102 4472 htcc

512 4515 696 4580 retuli,
727 4514 909 4568 vo'eus
936 4514 1042 4568 duo
1089 4512 1248 4566 simul
1278 4511 1602 4566 ostendere:
1629 4520 1684 4566 et
1721 4511 1864 4581 quod
1897 4512 1964 4567 ab
1996 4527 2100 4566 uno

2200 3305 2414 3372 phetatn
2489 3303 2808 3362 clamantem
2849 3323 2862 3358 :
2908 3304 3214 3361 Benedicite
3275 3306 3535 3370 Domino,
3605 3309 3784 3367 omnia

2199 3410 2366 3465 Opera
2405 3396 2544 3466 ejus,
2564 3397 2616 3452 in
2635 3397 2782 3452 omni
2801 3398 2917 3453 loco
2940 3401 3314 3457 dominationis
3331 3403 3446 3470 ejus
3467 3399 3640 3470 (Paul.
3659 3401 3781 3471 cu).

2198 3487 2530 3544 Audiverunt
2572 3502 2748 3546 autem
2797 3490 3036 3546 divinum
3068 3508 3282 3563 quoque
3341 3494 3559 3548 Paulum
3604 3494 3790 3562 praeci-

2197 3579 2433 3651 pientcm
2480 3597 2635 3636 orare
2665 3583 2810 3638 viros
2856 3585 2907 3638 in
2953 3588 3098 3646 omni
3129 3588 3267 3653 loco,
3312 3589 3558 3656 tollentes
3597 3602 3790 3642 manus

2200 3686 2418 3733 sanctas
2465 3677 2666 3744 absque
2719 3678 2794 3732 ira
2849 3691 2900 3736 et
2932 3681 3409 3749 disceptationibus
3452 3680 3500 3752 (1
3536 3681 3669 3735 Tim.
3705 3685 3789 3750 ιι).

2201 3773 2369 3828 Porro
2396 3784 2573 3846 autem
2598 3776 2710 3841 ipse
2740 3791 2954 3846 quoque
2989 3776 3246 3832 Dominus
3277 3779 3506 3846 loquens
3533 3793 3652 3832 cum
3695 3776 3792 3832 Sa-

2204 3868 2490 3930 maritana.
2518 3870 2619 3922 hoc
2643 3869 2889 3937 prmdixit
2909 3873 3144 3938 apertius
3172 3888 3185 3925 :
3211 3873 3382 3928 Amen
3413 3873 3577 3937 enim,
3599 3874 3788 3942 inquit,

2202 3961 2322 4015 dico
2353 3961 2468 4024 tibi,
2497 3963 2709 4027 mulier,
2741 3964 2881 4018 venit.
2906 3965 3060 4030 hora,
3089 3978 3138 4020 et
3165 3981 3305 4022 nunc
3330 3977 3430 4034 est,
3455 3967 3668 4037 quando
3699 3983 3790 4024 ne-

2202 4067 2309 4120 que
2353 4053 2404 4106 in
2439 4055 2556 4107 ltrco
2587 4055 2708 4118 hoc,
2766 4071 2937 4126 neque
2965 4057 3338 4128 Jerosolymis,
3388 4060 3483 4113 sed
3539 4059 3590 4112 iii
3645 4060 3792 4114 omni

2204 4145 2324 4201 loci)
2355 4145 2654 4201 adorabunt
2680 4147 2891 4204 Patrem
2925 4149 3108 4220 (Joait.
3143 4152 3222 4219 v).
3270 4151 3393 4206 "-‘l‘C
3426 4166 3546 4204 cum
3571 4151 3792 4206 didicis-

2203 4250 2342 4306 sent,
2391 4250 2446 4294 et
2498 4241 2548 4294 in
2584 4242 2764 4307 domo,
2799 4253 2848 4296 et
2890 4242 2942 4296 itt
2996 4242 3136 4309 foro,
3172 4254 3245 4306 ιι,
3291 4253 3347 4296 ιιι
3386 4243 3678 4312 apostoltce
3705 4242 3794 4297 di-

2203 4347 2343 4399 eam,
2390 4335 2598 4402 publice
2629 4344 2681 4390 et
2711 4349 2804 4403 per
2841 4337 3030 4390 dumos
3075 4344 3329 4404 perpetuo
3371 4335 3793 4389 te~titicabantur

2207 4424 2344 4495 (Act.
2381 4425 2510 4492 xx);
2539 4437 2588 4480 et
2619 4428 2780 4482 veluti
2804 4427 3017 4497 quidam
3053 4427 3478 4496 prtl'SlaiJlSSillli
3509 4428 3796 4496 imperato-

2205 4532 2314 4579 res.
2349 4532 2476 4572 suos
2497 4519 2709 4587 quidem
2742 4522 3044 4586 armabant,
3089 4522 3425 4575 adversarius
3455 4530 3633 4574 autem
3668 4535 3796 4573 eon-

513 4609 632 4666 solo
681 4606 951 4677 acceperit
995 4605 1134 4674 quod
1177 4604 1414 4660 curando
1457 4605 1669 4673 corpori
1701 4605 1834 4660 satis
1881 4615 2016 4669 erat,
2049 4615 2104 4660 et
2135 4601 2184 4662 D
2209 4609 2500 4666 fodiebant.
2524 4615 2696 4679 Atque
2737 4628 2986 4683 magnum
3017 4615 3232 4685 quidem
3274 4614 3603 4679 Flavianum,
3637 4623 3694 4669 et
3716 4613 3796 4668 di-

516 4702 657 4772 quod
692 4709 836 4756 tanta
887 4701 1006 4766 ejus
1052 4699 1213 4754 fuerit
1241 4697 1522 4767 sapientia,
1555 4709 1606 4752 ut
1651 4697 1890 4754 effecerit
1929 4705 1984 4754 ut
2011 4698 2100 4768 qui

515 4798 740 4866 rogabat
788 4804 849 4850 ut
895 4798 1186 4863 acciperet.
1240 4793 1560 4849 sententiam
1601 4795 1783 4849 tulerit
1821 4808 1941 4849 eum
1993 4809 2098 4849 non

517 4888 718 4945 debere
743 4892 1008 4956 accipere.
1040 4889 1144 4944 Sed
1177 4887 1259 4942 his
1286 4897 1339 4944 et
1366 4904 1486 4958 quae
1515 4900 1638 4944 sunt
1679 4888 1980 4958 hujusmodi
2012 4905 2102 4945 re-

518 4982 680 5050 lictis,
715 4985 943 5038 narrabo
971 4982 1192 5052 majora.

597 5093 728 5149 Cum
760 5093 1000 5148 Julianus
1032 5093 1141 5148 Deo
1171 5092 1393 5148 infestus
1423 5093 1474 5146 in
1511 5093 1856 5150 barbarorum
1889 5097 2104 5165 regione

526 5198 718 5259 patrias
744 5185 979 5240 dedisset.
1006 5185 1313 5255 impietatis,
1346 5202 1432 5242 res
1458 5189 1676 5258 quidem
1709 5190 1854 5243 fuere
1887 5203 2103 5257 parum-

521 5293 621 5353 per
654 5279 1046 5336 tranuuilliores
1095 5283 1324 5334 a'umnis
1371 5282 1602 5350 pietatis,
1633 5298 1752 5336 cum
1793 5281 2107 5336 Jovinianus

519 5371 816 5442 accepi~set
845 5375 1054 5427 clavum
1087 5372 1306 5427 Humani
1337 5373 1546 5442 impo-rii
1573 5390 1586 5427 :
1618 5385 1898 5444 postquam
1924 5384 2100 5428 autem

523 5465 614 5520 hic
643 5478 876 5532 quoque,
922 5479 1040 5518 eum
1073 5479 1234 5532 parvo
1279 5475 1520 5533 tempore
1570 5481 1864 5532 regnasset,
1898 5474 2104 5535 acceprt

523 5560 686 5616 ﬁnem
720 5557 865 5623 vita»,
901 5559 1095 5613 Valens
1125 5570 1302 5615 autem
1334 5560 1539 5628 accc-pit
1570 5559 1946 5629 prittciz-alttm,
1982 5575 2104 5628 pro-

525 5652 673 5707 cellae
702 5659 758 5708 et
787 5661 1129 5721 tempe-states
1161 5665 1344 5706 rttrStts
1373 5666 1522 5707 mare
1545 5657 1782 5704 nostrum
1811 5651 2100 5722 agitabant,

521 5743 810 5817 gravisque
839 5743 1033 5799 ﬂuctus
1059 5745 1422 5812 excitabatur,
1449 5751 1502 5798 et
1529 5743 1684 5797 undat
1718 5743 1963 5796 maximae
1992 5755 2108 5798 sca-

517 5833 692 5910 »ιω
729 5838 964 5908 Indique
990 5839 1337 5909 lmpetebant.
1375 5837 1647 5893 Etﬂciehttt
1677 5847 1854 5892 autem
1897 5838 2108 5898 ttravio-

2211 4705 2393 4757 vinum
2422 4703 2787 4771 Theodorum,
2820 4705 2908 4774 qui
2953 4717 3078 4762 tunc
3126 4710 3224 4763 sub
3268 4707 3374 4760 alio
3407 4706 3713 4775 pascebant,
3743 4713 3797 4761 et

2213 4796 2448 4852 secunda
2477 4797 2733 4852 cathedra
2761 4798 2905 4866 digni
2933 4809 3086 4854 erant
3119 4800 3303 4862 habiti,
3333 4803 3446 4854 htec
3477 4801 3649 4854 facere
3679 4813 3796 4868 qua:

2209 4890 2340 4957 dixi,
2373 4901 2428 4944 et
2457 4890 2826 4944 admirandum
2861 4892 3071 4958 quidem
3117 4902 3219 4956 εει,
3269 4902 3324 4946 et
3352 4891 3508 4945 laude
3537 4891 3753 4958 dignum
3781 4906 3795 4944 :

2211 4983 2304 5040 sed
2337 4991 2511 5038 tamen
2545 4982 2655 5035 haec
2689 4983 2969 5048 faciebant,
3002 4998 3122 5036 cum
3167 4992 3346 5037 essent
3393 4982 3548 5038 electi
3596 4982 3798 5036 exerci-

2213 5084 2300 5130 tus
2330 5076 2606 5142 imperato:
2620 5088 2700 5137 es,
2731 5083 2785 5130 et
2806 5075 3028 5142 subjecti
3065 5075 3269 5144 legibus
3292 5074 3672 5142 imperatoriis.
3696 5074 3789 5125 Sa-
3815 5111 3819 5114 -

2210 5166 2575 5236 pientissimus
2627 5175 2802 5220 autem
2851 5166 3152 5232 Aphraates
3189 5181 3287 5221 sua
3333 5176 3522 5233 sponte
3565 5163 3630 5218 ad
3679 5163 3792 5216 bare

2209 5257 2456 5328 prosiluit
2485 5258 2774 5312 certamina
2801 5275 2818 5324 ;
2848 5259 2898 5312 in
2927 5260 3104 5327 quiete
3125 5259 3266 5313 enim
3293 5257 3574 5322 educatus,
3601 5267 3651 5308 et
3676 5270 3796 5308 cum

2210 5350 2328 5420 ejus
2359 5350 2833 5421 institutumesset
2863 5366 2958 5421 per
3003 5367 3060 5408 se
3106 5354 3304 5418 vivere,
3336 5362 3391 5406 et
3420 5359 3568 5404 i-xtra
3603 5348 3690 5403 teli
3721 5349 3797 5416 ja-

2211 5451 2354 5498 ctuut
2382 5444 2617 5506 sederet,
2642 5453 2698 5496 ut
2720 5442 2936 5510 dicitur,
2961 5458 3080 5498 cum
3106 5444 3324 5497 vidisset
3354 5442 3476 5498 belli
3507 5443 3796 5495 vehemen-

2209 5539 2362 5596 tiam.
2399 5551 2501 5590 non
2532 5536 2609 5590 illi
2661 5536 2860 5601 placuit
2889 5537 3032 5606 quod
3062 5546 3204 5591 esset
3232 5550 3476 5594 securus.
3513 5537 3608 5590 sed
3647 5533 3797 5589 ouie-

2211 5647 2318 5694 tem
2345 5638 2538 5708 jubens
2568 5638 2744 5694 valere
2785 5639 2851 5691 ad
2884 5647 3115 5705 tempus,
3152 5637 3356 5704 piorum
3387 5634 3662 5705 phalangis
3704 5634 3797 5686 luit

2214 5744 2269 5801 in
2305 5758 2476 5813 pugna
2545 5741 2813 5812 princeps,
2859 5741 3058 5799 feriens
3087 5743 3301 5811 quidem
3355 5752 3409 5797 et
3447 5745 3549 5798 vita
3587 5751 3641 5798 ct
3679 5755 3797 5796 ser-

2214 5859 2378 5903 mone
2403 5853 2458 5910 et
2503 5843 2796 5912 miraculis,
2829 5845 2944 5912 ipse
2985 5855 3162 5901 autem
3193 5861 3462 5904 nttnouam
3492 5855 3796 5902 percussus.
