4052 6362
292 326 366 387 53
1344 326 1796 396 PHILOTHEUS,
1833 342 1949 384 sm:
1987 323 2436 384 THEOPBILES.
3486 331 3553 388 δι

291 441 598 514 Quinetiam
620 457 744 500 eum
773 443 1064 514 imperator
1089 442 1234 497 omni
1263 457 1324 497 ex
1357 451 1506 510 parte
1535 443 1730 498 stultus
1751 457 1870 497 eum
1898 444 1949 508 Α
1979 441 2176 511 Sparsa
2209 452 2289 496 est
2314 451 2489 496 autem
2522 441 2659 496 fama
2691 456 2783 514 per
2815 451 2980 498 totam
3027 444 3320 510 civitatem,
3363 445 3552 516 quales

294 536 584 606 aliquando
607 535 827 592 vidisset
857 544 1135 590 exeuntem
1171 536 1224 590 in
1258 537 1593 607 gymnasium
1625 535 1872 589 bellicum

297 629 621 701 (contigerat
669 630 811 684 enim
855 638 916 684 ut
963 638 1089 682 tunc
1129 629 1236 682 illic
1287 635 1738 696 congregarentur
1783 626 1874 696 qui

291 729 448 774 erant
480 720 581 774 rite
624 721 939 774 veneranda:
972 720 1246 774 Trinitatis
1277 720 1455 789 socii),
1490 718 1723 774 ostendit
1775 735 1872 773 au-

294 818 400 863 tem
430 811 548 880 quis
575 825 697 865 eum
727 812 792 864 ad
824 812 992 878 ripam
1024 811 1169 865 ﬂuvii
1219 812 1580 866 ambulantem
1613 809 1872 880 spectanti

290 900 621 970 imperatori,
676 905 879 972 rogavit
921 919 1041 957 eum
1090 917 1320 972 quonam
1365 903 1630 958 tenderet.
1663 905 1792 957 Cum
1827 903 1872 954 is

229 1037 234 1042 .
289 1006 469 1048 autem
499 995 723 1049 dixisset
750 1011 810 1051 se
837 998 913 1050 ire
941 997 1284 1065 deprecatum
1318 1011 1412 1066 pro
1449 1006 1714 1051 terrarum
1737 995 1870 1049 orbe

287 1100 340 1141 et
373 1077 469 1156 pro
501 1089 745 1156 imperio,
770 1106 954 1144 rursus
986 1091 1260 1160 respondit
1291 1091 1578 1160 imperator
1604 1104 1616 1147 :
1649 1091 1712 1144 Et
1741 1103 1870 1157 qua-

287 1194 410 1232 nam
453 1180 521 1234 de
570 1197 730 1236 causa
768 1183 924 1236 vitam
977 1183 1231 1252 profiteris
1268 1181 1636 1247 monasticam,
1681 1165 1870 1236 secure

289 1286 382 1337 per
415 1269 587 1325 forum
622 1275 914 1341 ingrederis
951 1273 1086 1345 (55),
1120 1275 1336 1328 silentio
1364 1282 1418 1328 et
1457 1274 1632 1342 quiete
1658 1273 1870 1328 relicta?

287 1363 379 1417 ille
409 1375 583 1418 autem
621 1364 848 1433 (solebat
875 1370 1017 1421 enim
1058 1367 1339 1420 Dmninum
1371 1367 1606 1431 imitans,
1643 1367 1870 1434 parabo-

285 1455 388 1509 lice
418 1458 746 1528 ratiocinari)
781 1475 792 1510 :
825 1459 915 1512 Dic
959 1459 1112 1525 mihi,
1143 1459 1336 1527 inquit,
1372 1461 1680 1526 imperator,
1707 1461 1750 1513 si
1780 1473 1868 1512 es-

285 1561 397 1598 sem
453 1549 602 1617 virgo
651 1549 908 1602 abseonsa
958 1550 1010 1602 in
1070 1550 1325 1615 thalamo,
1376 1549 1634 1603 vidissem
1688 1561 1866 1604 autem

287 1641 518 1708 aliquem
564 1642 615 1694 in
657 1640 872 1694 domum
921 1641 1086 1709 patris
1137 1641 1310 1708 ignem
1361 1640 1706 1710 injicieutem,
1739 1642 1865 1711 quid

289 1732 420 1786 mihi
443 1734 806 1787 consuluisses
828 1733 1029 1795 facere,
1053 1733 1248 1788 videnti
1273 1733 1540 1802 ﬂammam
1563 1734 1860 1798 ardentem,

1979 535 2162 592 infelix
2214 536 2302 590 ille
2355 536 2513 590 luerit
2579 552 2762 605 poenas
2825 538 3160 594 contum-aliae
3214 554 3316 610 qua
3375 537 3552 594 εσθαι

1976 630 2332 699 Λριιηπιθῖηο,
2384 644 2677 700 omnesque
2731 621 2894 686 Deum
2947 632 3230 700 Aphraatis
3284 631 3555 702 perpetuis

1974 723 2319 776 celebrabant
2348 723 2614 776 laudibus.
2647 724 2777 787 Hoc,
2811 724 2908 776 etsi
2937 725 3199 777 instarent
3229 720 3550 792 adversarii,

1973 815 2176 869 obstitit
2226 829 2332 884 quo
2381 819 2554 868 minus
2607 816 2764 868 homo
2802 816 2963 886 821
3023 816 3115 870 Dei
3161 818 3460 870 mltteretur
3495 813 3548 868 in

1973 907 2244 961 exsilium.
2293 907 2586 975 lrnperator
2631 907 2770 960 enim
2823 907 3155 976 perterritus,
3196 920 3289 960 eos
3337 903 3552 974 quidem

1972 1007 2058 1070 qui
2090 1001 2202 1053 tunc
2224 999 2519 1054 suadebant
2566 1000 2934 1069 aversabatur,
2965 1001 3135 1055 virum
3167 1007 3345 1053 autem
3392 1011 3553 1052 reve-

1972 1094 2208 1146 rebatur.
2487 1133 2492 1135 -
2774 1166 2778 1167 ν

2047 1184 2212 1238 Porro
2242 1193 2420 1237 autem
2445 1182 2660 1238 aliunde
2689 1197 2898 1252 quoque
2927 1180 3042 1252 ejus
3060 1182 3311 1237 virtutem
3339 1179 3550 1236 didicit.

1973 1276 2154 1345 eqttts
2183 1275 2398 1343 quidam
2427 1276 2568 1330 bono
2596 1290 2794 1344 genere
2824 1284 2996 1340 natus,
3042 1263 3340 1344 et'portare
3367 1272 3549 1343 appri-

1973 1384 2058 1422 tuo
2113 1367 2326 1432 doctus,
2389 1379 2504 1422 erat
2553 1367 2860 1436 imperatori
2905 1367 3288 1421 eharissimus:
3331 1363 3552 1420 morbus

1971 1459 2184 1529 quidam
2216 1460 2305 1528 qui
2334 1459 2378 1512 ri
2425 1457 2690 1514 acciderat
2719 1460 2856 1512 male
2887 1457 3110 1532 habebat
3143 1458 3548 1524 imperatorem,

1971 1553 2297 1608 retinebatur
2321 1562 2496 1606 autem
2517 1550 2852 1616 bumidortnn
2879 1549 3341 1605 excrementorum
3359 1559 3520 1601 exere
3542 1573 3550 1584 ·

1969 1648 2078 1711 lio;
2105 1647 2169 1700 ad
2193 1663 2312 1701 eum
2340 1649 2634 1703 curandum
2667 1650 3078 1704 accersehautur
3109 1651 3195 1718 qtti
3221 1650 3271 1702 in
3305 1647 3404 1702 hac
3431 1655 3549 1702 arte

1970 1737 2181 1793 fuerant
2205 1741 2506 1793 exercitati.
2540 1743 2671 1794 Cum
2715 1756 2774 1795 ea
2799 1749 2974 1795 autem
3003 1747 3139 1795 esset
3167 1739 3328 1794 etiam
3358 1737 3548 1792 morbo

286 1840 340 1885 et
364 1829 580 1884 domum
627 1846 746 1898 qua:
787 1831 1148 1894 comburitur,
1197 1830 1406 1885 imusne
1434 1831 1644 1895 sedere,
1676 1839 1729 1884 et
1763 1830 1859 1884 do-
1896 1830 1942 1890 Β
1972 1833 2209 1897 inferior,
2255 1833 2546 1902 imperator
2577 1835 2792 1904 quidem
2819 1835 3062 1890 molestia
3080 1833 3444 1898 afﬁciebatur;
3475 1830 3548 1884 la-

286 1939 429 1978 tnum
453 1940 568 1992 qum
601 1931 866 1976 crematur
895 1923 1208 1992 despicere?
1253 1922 1358 1978 Sed
1406 1922 1480 1977 sic
1508 1937 1606 1992 ego
1651 1939 1863 1993 quoque

283 2013 504 2068 fuissem
525 2026 834 2074 consumpta
858 2017 924 2067 ab
949 2015 1214 2069 incendo
1235 2015 1326 2068 Sin
1351 2025 1526 2068 autem
1553 2014 1685 2068 dicis
1704 2030 1864 2084 opor-

283 2117 398 2162 tere
443 2123 753 2176 properare,
801 2123 989 2178 aquam
1026 2109 1186 2175 ferre,
1230 2117 1284 2163 et
1333 2109 1702 2179 susquedeque
1742 2124 1864 2164 cur-

282 2218 423 2264 rere.
444 2204 818 2272 ﬁammamqtte
859 2206 1233 2277 exstinguere;
1266 2221 1331 2258 ne
1362 2221 1446 2260 me
1477 2205 1858 2272 reprehendas,

283 2313 316 2350 o
340 2300 651 2367 imperator,
675 2299 720 2353 si
757 2299 803 2351 id
837 2298 1008 2366 ipsum
1042 2300 1194 2352 taeio.
1227 2299 1378 2366 Quod
1411 2299 1550 2353 enim
1587 2308 1638 2354 tu
1667 2313 1862 2352 consu-

282 2391 445 2449 lueris
475 2391 665 2460 virgini
699 2405 818 2459 quac
847 2401 928 2444 est
963 2389 1014 2442 iu
1051 2390 1305 2453 thalamo,
1341 2389 1441 2445 hoc
1465 2405 1562 2459 ego
1591 2404 1752 2459 cogor
1782 2390 1858 2445 fa-

281 2499 407 2538 cere
438 2485 526 2552 qui
559 2484 716 2536 vitam
748 2498 863 2535 sum
898 2481 1167 2551 profe=sus
1213 2485 1582 2538 monasticam.
1617 2483 1770 2550 Quod
1813 2483 1858 2538 si

282 2588 335 2633 tu
364 2594 448 2631 tne
492 2576 837 2646 reprehendis
867 2575 951 2644 qui
979 2578 1211 2644 quietem
1256 2576 1583 2646 reliquerim,
1633 2578 1858 2646 teipsum

282 2667 614 2740 reprehendé
645 2674 730 2739 qui
778 2671 912 2726 hanc
957 2671 1221 2724 ﬂammam
1267 2671 1316 2723 iu
1363 2671 1577 2723 domum
1627 2671 1858 2724 divinam

284 2763 568 2831 injeceris;
598 2774 650 2817 et
696 2779 798 2817 noa
851 2779 955 2826 me,
989 2765 1075 2832 qui
1115 2777 1281 2816 conor
1307 2763 1674 2829 exstinguere.
1708 2762 1857 2830 Quod

280 2857 424 2908 enim
452 2865 694 2923 oporteat
717 2869 870 2924 Opem
898 2854 1036 2910 ferre
1058 2853 1234 2908 domui
1257 2864 1489 2924 paterna:
1517 2870 1637 2924 quae
1665 2855 1855 2921 uritur,

281 2946 392 3015 ipse
423 2962 640 3016 quoque
661 2947 1021 3002 confiteberis.
1043 2947 1192 3014 Quod
1227 2959 1402 3000 autem
1437 2947 1572 3000 hens
1597 2949 1664 3000 sit
1693 2946 1858 3015 magis

281 3051 434 3090 Verus
469 3048 523 3092 et
566 3053 850 3106 germanus
892 3039 1046 3093 Pater
1077 3053 1234 3106 quant
1280 3038 1311 3091 ii
1341 3037 1430 3106 qui
1453 3049 1574 3092 sunt
1611 3039 1660 3092 in
1693 3047 1854 3102 terra,

279 3139 358 3186 est
381 3132 547 3184 cuivis
578 3142 839 3200 apertum,
867 3133 1026 3187 etiam
1075 3134 1161 3201 qui
1193 3132 1350 3186 rebus
1397 3131 1593 3185 divinis
1623 3147 1726 3184 non
1771 3139 1852 3185 est

1970 1929 2304 1980 mentahatur
2331 1938 2504 1982 autem
2533 1928 2576 1982 is
2593 1931 2952 1998 cuiequorum
2976 1943 3100 1982 cura
3120 1926 3292 1981 fuerat
3319 1924 3544 1980 credita.

1967 2022 2096 2076 Cum
2127 2031 2269 2074 esset
2299 2033 2474 2075 autem
2503 2021 2618 2090 pius
2639 2031 2692 2077 et
2723 2020 2826 2075 ﬁde
2858 2021 3063 2086 ﬁrmus,
3089 2019 3140 2074 in
3163 2016 3388 2073 meridie
3401 2013 3548 2071 venit

1965 2129 2069 2168 una
2086 2129 2204 2168 cum
2223 2129 2360 2183 equo
2377 2113 2442 2167 ad
2458 2113 2629 2182 magni
2643 2113 2923 2182 Aphraatis
2942 2111 3300 2166 habitaculbm
3320 2126 3333 2173 ;
3357 2117 3550 2164 etcum

1965 2208 2209 2262 morbum
2237 2206 2478 2270 dixisset,
2510 2216 2563 2261 et
2598 2203 2754 2260 ﬁdem
2781 2221 2934 2259 suam
2967 2204 3346 2276 signiﬁcasset,
3378 2199 3552 2255 oravit

1963 2307 2020 2352 ut
2050 2299 2287 2352 solveret
2337 2297 2578 2351 morbum
2613 2298 2724 2352 suis
2755 2297 3026 2367 precibus.
3085 2295 3181 2350 llle
3211 2305 3390 2348 autem
3421 2290 3551 2347 nihil

1964 2399 2268 2453 cunctatus,
2311 2391 2404 2443 sed
2436 2390 2615 2443 statim
2648 2389 2812 2443 Deum
2843 2395 3111 2458 precatus,
3167 2385 3329 2454 jussit
3358 2397 3550 2454 aquam

1969 2483 2168 2537 hauriri
2201 2496 2265 2536 ex
2297 2491 2488 2549 puto-0;
2545 2489 2600 2536 et
2629 2497 2749 2536 cum
2777 2481 2824 2536 ei
2855 2479 3104 2533 salutaris
3133 2478 3310 2533 crucis
3337 2477 3547 2545 signum

1965 2574 2326 2642 imposuiSset,
2348 2573 2509 2642 jussit
2535 2588 2654 2627 eam
2691 2571 2757 2626 ad
2781 2585 2974 2640 equum
3004 2568 3195 2624 aﬂ'erre
3225 2586 3236 2622 :
3290 2567 3334 2622 is
3363 2551 3544 2621 autem

1963 2670 2100 2722 bibit
2133 2667 2248 2736 plus
2285 2682 2443 2736 quam
2475 2674 2847 2721 eunsueverat.
2884 2662 3087 2719 Deinde
3109 2679 3226 2717 cum
3257 2661 3434 2716 oleum
3471 2658 3550 2714 di-

1964 2763 2081 2818 vina
2106 2761 2448 2818 invocatione
2469 2757 3144 2831 implessetbenedictione,
3160 2755 3282 2827 equi
3307 2762 3549 2809 ventrem

1963 2856 2192 2925 inuugit,
2235 2863 2288 2910 et
2320 2869 2508 2908 manus
2539 2855 2959 2908 contrectatione
2992 2851 3172 2904 statim
3203 2846 3421 2902 morbus
3467 2851 3550 2899 est

1962 2949 2224 3004 sublatus.
2277 2946 2456 3001 Laetus
2489 2963 2616 3015 ergo
2647 2946 2808 3002 homo
2835 2960 2978 3014 equo
3011 2955 3252 3010 accepto,
3312 2941 3551 2996 cucurrit

1961 3038 2027 3093 ad
2047 3039 2332 3093 Stabulum.
2362 3037 2595 3103 Vespere
2613 3049 2789 3091 autem
2811 3036 3040 3102 (solebat
3059 3033 3201 3088 enim
3222 3047 3287 3087 eo
3305 3040 3548 3099 tempore

1963 3133 2147 3186 venire
2175 3132 2240 3184 ad
2270 3129 2538 3185 stabulum
2572 3127 2883 3199 imperator)
2927 3127 3078 3182 venit
3114 3134 3169 3180 et
3196 3121 3547 3191 interrogavit

279 3222 495 3275 omnino
538 3223 608 3275 ini
638 3224 790 3276 iatus.
835 3223 977 3276 Nihil
1022 3237 1148 3291 ergo
1195 3222 1482 3277 absurdum
1534 3221 1775 3288 facimus,
1817 3236 1851 3276 o
1877 3209 1922 3273 C
1955 3223 2222 3293 quomodo
2242 3239 2410 3294 equus
2428 3238 2485 3276 se
2507 3221 2746 3277 haberet.
2767 3221 3140 3276 Isauzemcum
3158 3228 3547 3274 etsanumesse

277 3311 593 3382 imperator,
628 3330 798 3384 neque
843 3324 1017 3381 (ιωρῑο
1049 3323 1231 3368 nostro
1260 3323 1312 3368 et
1354 3314 1594 3368 instituto
1626 3323 1836 3367 contra.

277 3405 442 3470 rium,
483 3407 528 3460 si
574 3424 712 3462 vera:
759 3407 1025 3477 religionis
1064 3408 1307 3462 alumnos
1363 3423 1746 3476 congregamus
1800 3417 1856 3463 et

279 3498 565 3566 pascimus,
590 3507 643 3553 et
667 3498 744 3553 eis
775 3498 990 3554 herbam
1019 3499 1249 3552 dixinam
1283 3499 1614 3554 exhibemus.
1652 3500 1738 3554 llis
1762 3499 1842 3554 di-

278 3589 402 3652 ctis,
434 3589 720 3656 imperator
767 3591 977 3658 quidem
1013 3591 1167 3645 tacite
1214 3592 1625 3656 assentiebatur,
1667 3592 1848 3646 consi-

278 3681 471 3736 derans
498 3684 690 3750 justam
724 3683 1112 3738 defensionem.

351 3770 498 3828 Unus
523 3785 698 3828 autem
731 3792 793 3829 ex
820 3777 881 3830 iis
911 3777 999 3846 qui
1025 3791 1123 3831 nec
1159 3778 1261 3832 viri
1301 3786 1591 3833 censentur
1615 3793 1714 3833 nec
1740 3793 1854 3833 mu-

279 3862 456 3926 lieres,
508 3866 599 3918 sed
633 3881 787 3932 posse
817 3883 1047 3935 unquam
1082 3877 1258 3938 patres
1289 3871 1398 3922 ﬁeri
1442 3870 1520 3924 eis
1559 3880 1642 3924 est
1670 3871 1854 3925 adern-

279 3965 456 4022 ptum,
486 3965 542 4009 et
572 3958 668 4011 hac
698 3958 762 4013 de
792 3975 947 4012 causa
981 3971 1266 4014 censentur
1298 3963 1432 4016 bene
1458 3963 1593 4016 velle
1630 3963 1856 4032 impera-

277 4050 396 4111 tori,
451 4058 503 4101 et
551 4052 596 4102 ei
647 4049 787 4120 loqui
838 4053 1190 4122 conﬁdenter,
1241 4056 1284 4108 is
1329 4071 1396 4107 ex
1430 4056 1549 4109 loco
1581 4057 1856 4124 superiore

275 4139 518 4193 divitum
555 4145 726 4195 virum
759 4146 1000 4197 convicio
1039 4155 1120 4199 est
1168 4147 1479 4211 insectatus,
1527 4158 1580 4200 et
1627 4161 1852 4202 mortem

275 4233 583 4296 minitatus;
617 4235 708 4287 sed
742 4250 843 4288 non
894 4235 964 4289 ita
994 4237 1080 4289 diu
1135 4245 1251 4306 post
1283 4252 1466 4305 poenas
1500 4237 1593 4290 luit
1623 4253 1732 4292 sua:
1773 4254 1856 4293 au-

275 4327 464 4378 dacim.
519 4326 646 4379 Nam
682 4343 800 4381 cum
836 4329 994 4382 vellet
1047 4330 1334 4398 imperator
1377 4343 1570 4398 corpus
1602 4330 1777 4384 lavare
1803 4331 1851 4384 in

275 4419 490 4482 balneo,
525 4420 749 4472 accessit
771 4422 982 4489 quilem
1019 4423 1182 4474 miser
1214 4429 1462 4492 tauquam
1494 4421 1680 4476 solium
1712 4413 1863 4477 visu-l

273 4526 366 4565 rus
390 4528 456 4563 an
492 4513 624 4565 bene
655 4523 794 4565 esset
823 4524 1194 4581 temperatum,
1227 4524 1403 4568 mcute
1435 4530 1500 4568 au
1528 4531 1610 4569 em
1637 4522 1846 4582 captus,

1959 3317 2338 3383 significasset,
2394 3323 2449 3370 et
2472 3331 2666 3384 equum
2709 3315 3002 3376 valentem,
3059 3321 3114 3368 et
3163 3310 3545 3375 exsultantem,

1960 3407 2417 3479 hinnientemque,
2451 3419 2503 3463 et
2533 3407 2730 3461 collum
2761 3406 2992 3477 superbe
3011 3406 3304 3475 erigentem
3333 3401 3548 3456 eduxis-

1957 3509 2058 3565 set,
2093 3501 2298 3569 rogavit
2341 3515 2460 3554 eum
2505 3513 2719 3554 causam
2776 3496 3046 3552 sanitatis.»
3078 3495 3176 3551 Uhi
3225 3503 3401 3548 autem
3451 3491 3546 3546 diu

1957 3602 2236 3649 cunctatus
2253 3593 2714 3656 (verebaturenim
2732 3593 3021 3647 ostendere
3052 3589 3345 3654 medicum,
3368 3587 3547 3642 sciens

1955 3702 2075 3742 eum
2106 3689 2192 3756 qtti
2224 3687 2445 3758 rogabat
2492 3701 2612 3741 esse
2644 3688 2692 3741 ei
2743 3684 3054 3756 infensum),
3107 3683 3322 3739 tandem
3353 3695 3539 3736 verum

1961 3789 2184 3834 coactus
2208 3789 2289 3834 cst
2315 3780 2514 3847 dicere,
2547 3789 2600 3834 et
2628 3779 2812 3834 di.cuit
2844 3780 3058 3832 modum
3089 3775 3402 3831 curationis.
3436 3773 3543 3828 Ob-

1955 3872 2156 3939 stupuit
2187 3871 2400 3940 quidem
2447 3871 2754 3938 imperator,
2785 3877 2839 3922 et
2864 3870 3140 3923 confessus
3169 3875 3249 3920 est
3271 3880 3392 3919 eum
3422 3877 3544 3918 esse

1954 3965 2126 4018 virum
2150 3963 2548 4028 admirabilem,
2589 3978 2684 4016 nec
2707 3971 2882 4017 tamen
2911 3976 2936 4013 a
2965 3962 3143 4029 priore
3166 3958 3369 4013 destitit
3399 3957 3543 4010 iusa-

1959 4053 2066 4114 nia,
2098 4052 2190 4106 sed
2224 4053 2457 4120 perrexit
2486 4053 2663 4106 furere
2695 4051 2952 4106 adversus
2977 4051 3340 4120 Unigenitum,
3373 4048 3544 4102 donec

1957 4159 1989 4198 a
2010 4144 2292 4198 barbarico
2323 4143 2422 4196 fuit
2450 4143 2572 4212 igne
2599 4154 2968 4212 consumptus,
2999 4157 3064 4196 ne
3096 4142 3368 4210 sepultura
3419 4142 3542 4210 qui-

1956 4235 2216 4304 dom,qua
2253 4235 2433 4288 famuli
2463 4238 2543 4289 vel
2580 4235 2831 4300 mendaci,
2876 4235 3143 4304 dignatus.
3198 4233 3421 4288 Divinus
3445 4247 3544 4286 au-

1956 4335 2063 4382 tem
2098 4327 2394 4396 Aphraatcs
2423 4339 2474 4381 et
2529 4330 2578 4379 in
2613 4328 2696 4379 illa
2724 4335 3042 4393 tempestate
3099 4339 3250 4379 suam
3304 4324 3541 4380 ostendit

1955 4419 2230 4484 virtutem,
2264 4427 2317 4471 et
2345 4413 2546 4471 reddita
2573 4415 2962 4486 tranquillitate
3011 4417 3140 4473 fecit
3177 4397 3387 4486 qt'i'oque
3415 4431 3540 4470 con-

1957 4515 2222 4568 similiter.
2276 4512 2443 4566 Porro
2499 4521 2674 4565 autem
2721 4513 2820 4565 alia
2873 4527 3086 4582 quoque
3131 4513 3387 4566 miracula
3419 4510 3545 4565 fecit

273 4603 481 4658 insiluit
513 4607 562 4657 in
591 4605 804 4670 solium,
834 4608 972 4674 quod
1003 4622 1191 4674 aquam
1224 4607 1446 4660 calidam
1479 4609 1694 4661 minime
1719 4615 1852 4661 tent-
1884 4587 1938 4649 Ῐ)
1965 4589 2398 4668 innumerabilia,
2421 4617 2646 4672 quorum
2672 4603 2831 4656 unius
2857 4603 2938 4656 vel
2965 4603 3188 4656 duorum
3223 4601 3540 4656 meminero.

274 4708 513 4766 pcratam
563 4700 901 4763 continebat;
948 4709 1002 4752 et
1047 4715 1166 4754 cum
1220 4700 1392 4754 nullus
1444 4701 1654 4754 adesset
1710 4701 1852 4753 intus

277 4785 450 4855 (solus
479 4787 615 4838 enim
663 4787 931 4853 ittgrt'Ssus
971 4788 1160 4852 fuerat,
1201 4787 1411 4842 visurus
1439 4805 1505 4840 an
1532 4798 1676 4843 esset
1708 4805 1853 4857 para-

277 4877 414 4944 tum)
445 4877 695 4929 remaruit
723 4886 904 4930 certus
927 4891 972 4932 et
1014 4881 1302 4933 resolutus.
1329 4881 1457 4932 Cum
1508 4892 1682 4934 autem
1716 4890 1850 4934 tem-

277 4982 374 5034 pus
422 4969 632 5020 interim
689 4979 971 5038 tereretur,
1026 4972 1180 5024 mittit
1232 4975 1517 5040 imperator
1567 4974 1728 5025 alium
1761 4973 1847 5041 qui

273 5073 396 5112 eum
431 5071 640 5113 vocaret
675 5077 834 5114 :cum
879 5063 920 5115 is
949 5076 1124 5116 autem
1172 5067 1436 5117 neminem
1466 5069 1516 5119 in
1567 5068 1650 5120 illa
1690 5069 1849 5122 domo

273 5149 588 5220 invenisset,
625 5152 674 5204 id
703 5154 970 5207 renuntiat
998 5154 1327 5223 imperatori.
1361 5159 1493 5211 Cum
1537 5157 1728 5213 deinde
1758 5175 1851 5212 au-

273 5251 376 5297 tem
411 5245 590 5310 plures
628 5246 1004 5311 accurrissent,
1054 5250 1231 5301 omnia
1267 5260 1663 5317 perscrutantes
1693 5252 1849 5318 solia,

272 5344 324 5387 et
363 5337 429 5386 ad
459 5336 588 5388 illud
623 5337 831 5389 tandem
869 5341 1162 5406 venissent,
1208 5357 1326 5393 eum
1357 5344 1620 5409 jacentrm
1662 5353 1713 5398 et
1744 5345 1850 5398 vita

275 5425 534 5492 privatum
561 5427 843 5492 aspiciunt.
883 5429 1125 5483 Exciluto
1157 5443 1334 5486 autem
1370 5434 1615 5500 tumultu,
1649 5443 1703 5488 et
1734 5453 1849 5488 out-

277 5520 432 5572 nihus
461 5519 801 5585 deﬂentehos,
835 5521 922 5576 alii
955 5524 1167 5589 quidem
1213 5540 1399 5593 aquam
1434 5527 1578 5579 illam
1625 5525 1757 5580 calid
1797 5542 1846 5580 m

274 5611 660 5680 exhauserunt,
705 5615 792 5667 alii
850 5631 978 5670 vero
1015 5631 1209 5685 corpus
1243 5619 1596 5671 miserrimum
1643 5620 1843 5673 extule-

272 5711 412 5757 runt.
447 5703 583 5757 Hinc
609 5703 804 5759 factum
838 5717 918 5760 est
951 5717 1005 5761 ut
1034 5718 1204 5763 metus
1249 5711 1523 5765 invaderet
1562 5712 1846 5782 imperato-

273 5809 384 5850 rem
415 5805 471 5854 et
516 5813 707 5856 omnes
747 5801 838 5866 qui
883 5804 1224 5859 armabantur
1273 5791 1532 5860 adversus
1571 5810 1841 5875 pietatem.

2033 4697 2217 4750 Mulier
2247 4695 2487 4761 qtredam
2520 4711 2717 4764 genere
2749 4693 2962 4763 nobilis,
2995 4695 3150 4750 simul
3171 4711 3288 4748 eum
3317 4693 3432 4748 viro
3460 4694 3543 4748 in-

1961 4795 2292 4854 temperante
2325 4785 2538 4840 trahens
2562 4789 2746 4854 jugutn
2775 4784 3118 4852 matrimonii,
3147 4787 3289 4839 venit
3317 4781 3384 4837 ad
3413 4782 3541 4839 bea-

1962 4889 2069 4932 tum
2103 4879 2250 4931 illum
2269 4878 2576 4940 hominem,
2621 4877 2826 4933 dellens
2858 4879 3123 4948 propriam
3156 4861 3536 4930 calamitatem.

1960 4968 2179 5024 Dicebat
2203 4970 2372 5030 enim,
2403 4969 2649 5023 maritum
2676 4969 2986 5024 concubina:
3013 4969 3223 5036 captum
3249 4977 3538 5022 consuetu-

1959 5061 2108 5128 dine,
2166 5063 2386 5131 magicis
2436 5063 2752 5132 quibusdam
2784 5061 3065 5130 praestigiis
3107 5058 3536 5118 fuisseincanta-

1959 5160 2092 5215 tum,
2125 5159 2177 5205 et
2208 5153 2330 5206 odio
2360 5152 2556 5207 habere
2582 5152 2750 5220 ipsam
2783 5151 3017 5219 legitimo
3044 5154 3388 5207 matrimonio
3411 5166 3539 5207 con-

1954 5246 2216 5315 juuctatn.
2247 5243 2372 5300 ilice
2400 5258 2573 5301 autem
2602 5243 2807 5298 dicebat
2835 5243 3028 5299 mulier
3049 5257 3196 5300 stans
3211 5260 3306 5314 pro
3333 5244 3536 5300 foribus

1957 5340 2108 5406 atrii;
2142 5341 2218 5394 sic
2250 5342 2392 5395 enim
2425 5338 2626 5393 solebat
2656 5337 2890 5404 colloqui
2919 5355 3039 5392 eum
3071 5337 3289 5407 fetnina,
3331 5339 3529 5394 nullam

1957 5439 2098 5488 enim
2139 5450 2369 5502 unquam
2401 5431 2621 5484 admisit-
2644 5431 2776 5483 intra
2809 5428 2970 5486 fores.
3013 5431 3163 5486 Tune
3189 5445 3318 5500 ergo
3346 5430 3538 5486 mulie-

1954 5527 2029 5581 ris
2061 5527 2308 5580 ιιιὶςιτιιις
2361 5524 2628 5594 ejulantis,
2675 5523 2916 5577 oratione
2950 5523 3322 5578 incantatirmis
3353 5522 3532 5576 abolet

1954 5620 2321 5690 Operatiuuem
2355 5634 2368 5670 :
2421 5626 2620 5670 etcum
2653 5617 2754 5671 olei
2788 5625 2994 5688 guttum
3037 5618 3103 5671 ab
3147 5618 3258 5686 ipsa
3310 5613 3529 5668 allatum

1955 5715 2289 5769 invocatione
2317 5709 2493 5764 divina
2524 5710 2931 5776 sanctiﬁeasset,
2956 5708 3116 5779 jussit
3147 5717 3202 5764 ut
3225 5695 3516 5775 eoungere-

1954 5819 2061 5864 tur.
2099 5806 2221 5861 llaec
2249 5815 2512 5874 prtecepta
2559 5822 2682 5862 cum
2731 5805 3004 5875 implesset
3032 5803 3245 5873 muller,
3286 5797 3534 5870 conjugis
