4052 6362
500 314 571 371 5⁵
1635 309 1725 366 DE
1762 308 1935 366 vms
1977 308 2077 363 esi

2181 307 2253 363 nt
2291 282 2495 366 Lmen
2535 313 2628 369 ιχ.
3688 318 3759 373 ac

500 440 745 487 amorem
765 425 1199 495 insetranstulit,
1223 433 1278 483 et
1302 424 1573 497 persuasit
1594 433 1654 483 ut
1680 440 1777 497 pro
1802 425 2078 495 illegitimo
2105 428 2155 487 Α
2184 429 2335 496 sequi
2358 432 2584 499 potuerit
2614 433 2695 487 vel
2725 433 2927 507 semina
2948 434 3015 490 ab
3038 448 3103 493 eo
3128 434 3353 505 deiecta,
3379 435 3463 492 vel
3491 435 3748 494 collectos

500 520 802 593 legitimum
834 517 1010 573 cubile
1036 517 1275 589 eligeret.

573 608 695 673 lem
715 628 847 672 vero
867 613 1050 671 dicunt
1065 615 1226 671 etiam
1253 614 1395 685 quod
1418 629 1539 670 cum
1554 616 1772 669 locustae
1795 614 2079 685 aliquando

478 708 779 779 tngionem
811 712 1034 775 repente
1061 704 1403 771 invasissent,
1462 712 1514 759 et
1543 702 1711 758 instar
1738 702 1871 771 ignis
1901 705 2079 757 omnia

497 805 901 864 consumerent,
928 804 1157 867 segetes,
1187 797 1426 863 arbores,
1458 804 1607 866 prata
1634 807 1689 851 et
1721 811 1960 861 nemora,
1991 813 2084 851 ve-

501 885 585 945 nit
605 889 673 945 ad
700 904 824 945 eum
855 887 1070 957 quidam
1100 888 1182 942 vir
1208 886 1345 957 pius,
1401 901 1594 957 rogans
1625 893 1683 941 ut
1719 900 1872 956 opem
1920 885 2085 942 ferret

504 995 675 1038 unum
704 981 921 1052 quidem
962 995 1145 1053 agrum
1178 978 1415 1045 habenti,
1455 994 1521 1035 ex
1547 994 1612 1035 eo
1635 988 1811 1035 autem
1844 990 1900 1035 et
1943 996 2002 1036 se
2028 988 2084 1036 et

507 1088 730 1129 uxorem
758 1082 814 1129 et
842 1073 983 1128 ﬁlios
1002 1069 1317 1128 etfamiliam
1341 1070 1523 1135 alenti,
1544 1081 1596 1125 et
1614 1085 1640 1124 a
1657 1085 1762 1139 quo
1788 1071 1947 1126 etiam
1979 1072 2081 1126 im-

502 1165 774 1235 peratoria
799 1164 1100 1234 exigeretur
1127 1160 1361 1218 collatio.
1392 1160 1442 1216 ls
1494 1175 1621 1230 ergo
1676 1176 1861 1216 rursus
1910 1161 2082 1217 domi-

506 1256 678 1311 nicam
705 1256 920 1311 imitans
948 1253 1349 1323 benignitatem,
1369 1250 1529 1322 jussit
1550 1252 1617 1307 ad
1644 1267 1703 1308 se
1732 1252 1910 1309 afl‘erri
1950 1268 2080 1309 con—

503 1351 646 1419 gium
674 1365 846 1420 aquae.
881 1349 1167 1418 Postquam
1208 1354 1387 1401 autem
1408 1360 1559 1415 aqua:
1580 1346 1826 1417 congium
1842 1347 2017 1401 attulit
2039 1347 2082 1403 is

497 1442 590 1511 qui
618 1442 822 1505 orabat,
844 1440 897 1496 ei
924 1438 1139 1509 quidem
1161 1453 1374 1493 manum
1393 1438 1676 1507 imposuit;
1708 1438 1876 1495 Deum
1900 1447 2076 1495 autem

498 1543 581 1589 est
634 1539 897 1601 precatus,
949 1538 1007 1586 ut
1049 1531 1305 1585 ﬂuentum
1336 1529 1583 1599 impleret
1631 1530 1810 1586 divina
1858 1532 2076 1599 virtute,

497 1625 688 1681 deinde
712 1624 860 1678 ﬁnita
890 1623 1154 1688 oratione,
1197 1621 1357 1693 jussit
1399 1630 1457 1677 ut
1505 1622 1558 1678 in
1582 1623 1765 1694 praedii
1822 1624 2077 1680 limitibus

496 1732 631 1789 aqua
656 1721 1053 1787 aspergeretur.
1085 1715 1185 1781 Qui
1215 1728 1331 1770 eam
1360 1714 1630 1782 attulerat,
1664 1715 1789 1771 fecit
1812 1724 1866 1769 ut
1893 1715 2074 1785 jussus

2180 519 2512 588 manipulos?
2567 522 2697 589 Quis
2739 525 2975 581 estadeo
3023 540 3210 596 magna
3249 534 3303 582 et
3329 528 3540 582 excelsa
3568 542 3755 587 mente

2183 610 2458 678 praeditus,
2512 622 2569 668 ut
2590 616 2756 683 possit
2787 614 3018 684 perfecte
3050 617 3244 673 intueri
3271 617 3551 675 facultates
3575 627 3632 675 et
3661 636 3756 676 cu-

2182 699 2294 766 pias
2312 701 2560 757 collectas
2594 718 2654 758 ex
2690 706 2939 773 praeclara
2973 707 3303 762 mercatura?
3326 706 3448 764 Scio
3475 723 3653 763 rerum
3687 709 3756 764 il-

2182 789 2284 844 lius
2305 801 2571 860 gestarum
2586 804 2794 848 vastum
2813 798 3047 866 pelagus,
3071 805 3126 852 et
3152 798 3271 851 ideo
3296 812 3485 854 vereor
3498 800 3760 858 accedere

2182 882 2247 936 ad
2276 886 2597 939 narrandam
2632 887 2935 954 historiam,
2968 904 3035 944 ne
3060 890 3309 945 obruatur
3335 890 3529 945 oratio.
3561 891 3759 958 Quam-

2182 974 2366 1030 obrem
2409 976 2693 1032 ambulabo
2724 990 2940 1048 propter
2970 981 3138 1044 littus,
3163 991 3344 1051 etquae
3372 981 3424 1036 in
3449 984 3760 1039 continente

2180 1072 2329 1135 gesta
2360 1076 2503 1131 sunt,
2554 1076 2679 1122 ante
2711 1084 2859 1124 mare
2888 1069 3191 1125 admirabor
3234 1078 3289 1123 et
3312 1070 3595 1138 enarrabo,
3638 1087 3761 1141 pro-
3812 1128 3815 1135 ,

2181 1155 2402 1213 fundum
2435 1170 2611 1214 autem
2646 1162 2940 1232 relinquam
2964 1162 3013 1218 ei
3046 1163 3153 1232 qni,
3189 1163 3440 1218 utdivina
3465 1165 3593 1220 dicit
3621 1166 3759 1221 Scri~

2182 1257 2353 1318 ptura,
2411 1262 2676 1307 scrutatur
2734 1253 3036 1322 profunda,
3107 1262 3160 1309 et
3223 1257 3428 1310 occulta
3476 1260 3758 1326 cognoscit

2184 1336 2235 1409 (I
2268 1338 2387 1395 Cor.
2417 1357 2488 1407 ll;
2529 1342 2667 1399 Dan.
2702 1344 2781 1415 ιι).

2258 1430 2358 1485 Hic
2389 1447 2516 1501 ergo
2549 1435 2720 1502 primo
2756 1444 2994 1505 tempore
3017 1440 3241 1491 certavit
3268 1440 3322 1491 in
3344 1436 3570 1506 Galatia,
3613 1437 3762 1494 illinc

2180 1520 2396 1578 videndi
2420 1527 2590 1595 gratia
2633 1527 2783 1582 venit
2812 1527 2870 1582 in
2898 1528 3258 1595 Palaestinam,
3298 1542 3356 1585 ut
3391 1544 3513 1586 cum
3542 1531 3763 1587 vidisset

2180 1614 2298 1672 loca
2327 1635 2444 1690 qua:
2491 1633 2847 1691 susceperunt
2895 1622 3153 1677 salutares
3212 1623 3509 1693 passiones,
3564 1626 3619 1680 in
3676 1626 3761 1682 his

2182 1708 2346 1765 Deum
2379 1712 2466 1781 qui
2492 1715 2723 1769 servavit
2753 1714 3036 1781 adoraret;
3068 1730 3174 1769 non
3196 1717 3359 1786 utqui
3391 1717 3512 1771 loco
3537 1714 3769 1773 circum?

491 1814 689 1878 fuerat,
728 1810 888 1880 idque
936 1806 1036 1864 fuit
1062 1806 1169 1863 illis
1196 1806 1337 1878 agris
1361 1821 1457 1876 pro
1485 1807 1623 1862 vallo
1649 1815 1989 1862 sacrosancto
2021 1817 2075 1863 et
2104 1799 2153 1860 B
2176 1809 2442 1865 scribatur
2465 1811 2691 1881 (sciebat
2722 1812 2863 1866 enim
2895 1811 3013 1881 ejus
3056 1821 3299 1867 naturam
3331 1827 3436 1867 non
3468 1828 3623 1883 posse
3649 1815 3758 1869 cir-

491 1902 921 1974 inexpugnabili;
951 1916 1070 1957 nam
1102 1915 1271 1971 usque
1299 1900 1366 1955 ad
1388 1901 1506 1956 illos
1536 1901 1671 1956 ﬁnes
1703 1909 1978 1971 reptantes
2009 1910 2065 1958 et

489 1995 940 2054 circumvolantes
967 1995 1190 2050 locustae
1212 1993 1381 2048 instar
1399 1994 1708 2060 exercitus,
1766 2010 1949 2050 rursus
1983 2010 2065 2050 re-

490 2093 872 2152 trocesserunt,
886 2085 1304 2142 benedictionem
1319 2086 1616 2155 impositam
1631 2086 2063 2155 extimescentes,

489 2189 549 2238 et
575 2178 739 2235 veluti
782 2177 1012 2250 quodam
1041 2176 1195 2234 freno
1235 2177 1525 2244 suﬁocataa,
1573 2186 1625 2233 et
1656 2176 1791 2233 ultra
1822 2178 2066 2249 progredi

489 2271 793 2344 prohibita.

558 2366 627 2422 Et
670 2366 796 2437 quid
837 2379 970 2435 opus
1022 2373 1108 2422 est
1159 2364 1337 2421 dicere
1366 2366 1545 2421 omnia
1577 2380 1695 2434 quas
1724 2365 1862 2421 facta
1891 2376 2016 2422 sunt
2040 2381 2068 2420 a

488 2455 646 2513 beata
664 2456 755 2513 illa
775 2455 987 2511 anima?
1014 2455 1284 2511 baecenim
1308 2454 1441 2511 satis
1470 2454 1673 2511 suntad
1686 2456 2071 2513 ostendendum

491 2548 836 2620 splendorem
856 2547 1038 2619 gratiae
1067 2561 1187 2615 quae
1212 2546 1266 2602 in
1294 2561 1358 2602 eo
1388 2546 1680 2602 habitabat.

562 2642 701 2697 Eum
729 2654 828 2713 ego
853 2639 986 2705 vidi,
1002 2647 1058 2695 et
1083 2646 1280 2693 sanctae
1305 2636 1446 2693 illius
1468 2637 1705 2693 dexterae
1727 2635 1940 2707 percepi
1975 2635 2069 2691 be-

490 2734 878 2802 nedictionem,
931 2746 1054 2788 cum
1084 2744 1258 2787 essem
1284 2729 1494 2798 quidem
1537 2729 1712 2786 adhuc
1739 2730 2071 2796 adolescens,

489 2825 653 2882 matri
677 2833 855 2881 autem
879 2839 967 2879 me
1010 2821 1654 2893 adjunxissemucomitem
1675 2819 1740 2874 ad
1772 2820 1919 2875 illum
1951 2834 2074 2891 pro-

485 2916 753 2973 tectionis.
786 2916 852 2971 Et
899 2929 1020 2971 cum
1042 2928 1140 2985 pro
1162 2926 1311 2969 more
1340 2911 1557 2983 quidem
1584 2912 1798 2983 januam
1830 2912 2073 2980 aperuis-

484 3017 599 3077 set,
629 3007 778 3064 illam
807 3015 863 3062 et
890 3021 989 3061 suo
1015 3019 1263 3062 sermone
1287 3004 1532 3075 dignatus
1561 3011 1645 3059 est
1677 3010 1731 3058 et
1750 3003 2075 3059 benedictio-

485 3115 560 3158 ne
589 3115 606 3157 :
637 3114 724 3156 me
753 3098 929 3154 autem
960 3098 1327 3152 intromissum
1365 3096 1621 3166 impertiit
1655 3095 1845 3166 opibus
1874 3094 2072 3165 depre-

489 3191 738 3249 cationis.
766 3190 843 3245 Ea
875 3203 1015 3245 nunc
1046 3204 1256 3259 quoque
1286 3189 1450 3255 fruar,
1483 3197 1541 3243 ut
1570 3188 1660 3257 qui
1704 3188 1917 3242 credam
1942 3202 2064 3243 eum
2097 3169 2143 3234 C

494 3284 700 3354 vivere,
751 3292 805 3339 et
828 3296 934 3338 una
956 3297 1075 3338 cum
1100 3281 1303 3351 angelis
1328 3281 1521 3337 choros
1550 3281 1768 3347 ducere,
1799 3292 1852 3335 et
1880 3281 2070 3350 majori

490 3390 651 3447 quam
678 3374 808 3431 olim
834 3376 975 3446 apud
1006 3375 1169 3431 Deum
1200 3375 1279 3430 uti
1330 3373 1545 3429 ﬁducia.
1604 3372 1733 3427 Eam
1778 3372 1923 3429 enim
1948 3382 2072 3429 tunc

492 3466 818 3524 metiebatur
860 3481 1051 3536 corpus
1098 3466 1346 3533 mortale,
1394 3480 1463 3521 ne
1489 3464 1704 3520 occasio
1752 3465 2072 3533 arrogantiae

489 3555 767 3623 evaderet,
813 3556 858 3610 si
890 3554 1074 3610 fuisset
1099 3554 1270 3625 major
1313 3570 1472 3625 quam
1520 3568 1613 3623 par
1660 3561 1804 3608 esset
1857 3553 2068 3609 ﬁducia.

490 3648 642 3704 Nunc
665 3657 840 3705 autem
864 3646 1106 3719 deposito
1130 3661 1291 3703 onere
1316 3647 1477 3702 animi
1509 3645 1988 3715 perturbationum,
2018 3653 2074 3701 ut

491 3740 693 3795 athleta
719 3739 940 3795 victoria
973 3740 1187 3808 potitus,
1218 3738 1407 3793 ﬁducia
1436 3746 1489 3792 et
1517 3737 1683 3792 libera
1713 3736 1963 3807 loquendi
1992 3734 2072 3791 fa-

489 3833 692 3890 cultate
742 3834 908 3889 utitur
931 3832 1069 3904 apud
1100 3832 1496 3903 agonothetam.
1555 3830 1666 3899 Qua
1700 3832 1766 3887 de
1788 3845 1947 3888 causa
1977 3845 2074 3888 oro

492 3940 701 3999 quoque
729 3933 788 3985 ut
808 3925 925 3998 ejus
951 3940 1248 3996 consequar
1275 3926 1734 3981 intercessionem.

1100 4017 1325 4074 CAPUT
1356 4017 1444 4072 IX.

1107 4128 1306 4167 Pi-ITnUS
1336 4111 1472 4184 (54).

568 4206 646 4263 De
675 4205 841 4263 Gallis
877 4205 1093 4277 quidem
1114 4204 1357 4259 audimus
1386 4204 1477 4273 qui
1535 4210 1659 4258 sunt
1688 4203 1740 4257 in
1769 4200 1981 4269 Europa
2008 4197 2076 4255 ad

494 4298 836 4354 Occidentem
862 4296 1165 4369 (Theodor.,
1197 4295 1288 4352 lib.
1320 4310 1370 4351 ιν
1398 4293 1560 4360 Hist,
1586 4312 1699 4365 cap.
1722 4291 1841 4365 Q6).
1869 4291 2079 4348 Scimus

492 4400 670 4445 autem
694 4390 862 4461 822
890 4402 983 4444 eos
1012 4380 1224 4459 quoque
1253 4388 1342 4458 qui
1364 4397 1487 4443 sunt
1508 4387 1560 4441 in
1591 4386 1717 4442 Asia
1741 4387 1808 4442 ab
1841 4387 1944 4442 illis
1970 4385 2079 4440 ori-

491 4483 621 4538 undi
648 4482 741 4552 qui
766 4482 920 4537 sedes
940 4481 1173 4535 ﬁxerunt
1198 4490 1415 4551 propter
1437 4481 1656 4535 Pontum
1677 4479 1964 4535 Euxinum.
1994 4478 2076 4533 Ex

2168 1901 2503 1969 cumscribi),
2536 1900 2632 1956 sed
2664 1910 2719 1956 ut
2742 1913 2978 1971 pasceret
3003 1903 3187 1959 oculos
3215 1900 3520 1973 spectaculo
3548 1920 3761 1967 eorum.

2168 2008 2289 2064 quas
2312 1992 2718 2060 desiderantur;
2749 2009 2847 2050 nec
2870 1994 2983 2049 sola
2998 1995 3195 2050 animae
3208 1995 3285 2051 vis
3306 2010 3409 2065 qua
3429 1997 3734 2067 contempla

2174 2092 2279 2147 tur,
2311 2084 2509 2154 absque
2540 2084 2673 2149 visu,
2701 2085 2935 2155 spiritali
2972 2086 3227 2143 alimento
3251 2101 3345 2157 per
3368 2087 3523 2143 ﬁdem
3555 2088 3764 2145 fruere-

2175 2183 2282 2231 tur.
2312 2175 2380 2229 lis
2407 2176 2548 2230 enim
2575 2175 2666 2244 qui
2695 2190 2879 2232 amore
2909 2176 3142 2245 aliquem
3193 2190 3584 2249 prosequuntur
3619 2190 3702 2237 est
3732 2197 3762 2235 a

2183 2277 2374 2324 natura
2432 2266 2648 2323 insitum
2700 2275 2758 2322 ut
2782 2282 2889 2322 non
2932 2283 2995 2324 ex
3026 2268 3141 2324 solo
3168 2269 3286 2339 ejus
3306 2279 3522 2341 aspectu
3549 2272 3764 2340 capiant

2181 2360 2528 2428 voluptatem,
2561 2360 2655 2414 sed
2686 2370 2742 2414 et
2767 2359 2980 2414 domum
3010 2368 3064 2415 et
3094 2372 3274 2417 vestes
3305 2370 3359 2418 et
3382 2364 3593 2419 calceos
3628 2379 3763 2420 con.

2188 2454 2643 2523 templenturcum
2660 2468 2846 2523 magna
2866 2453 3068 2507 laetitia.
3087 2452 3202 2509 Tali
3216 2455 3268 2508 in
3288 2468 3543 2524 sponsum
3569 2470 3755 2512 amore

2182 2544 2404 2615 praedita
2437 2558 2630 2613 sponsa
2653 2558 2772 2615 quae
2801 2543 3137 2599 desiderabat
3167 2544 3217 2598 in
3268 2543 3489 2601 Cantico
3520 2547 3760 2603 cantico-

2180 2653 2319 2704 rum,
2356 2637 2643 2706 clamahat,
2675 2637 2856 2692 dicens
2885 2653 2901 2693 :
2934 2638 3078 2693 Sicut
3111 2638 3304 2693 malum
3321 2638 3374 2694 in
3400 2639 3553 2709 lignis
3584 2641 3757 2706 silvae,

2181 2728 2254 2784 ita
2282 2729 2539 2800 patruelis
2566 2744 2717 2786 meus
2749 2730 2801 2784 in
2826 2729 3002 2785 medio
3032 2728 3283 2786 ﬁliorum.
3339 2730 3396 2785 in
3425 2731 3611 2787 umbra
3639 2731 3759 2801 ejus

2179 2818 2477 2876 desideravi
2523 2830 2576 2876 et
2604 2820 2740 2885 sedi,
2790 2830 2845 2877 et
2869 2820 3070 2876 fructus
3115 2823 3228 2890 ejus
3253 2821 3425 2877 dulcis
3454 2822 3508 2878 in
3547 2832 3762 2893 gutture

2181 2930 2300 2969 meo
2324 2912 2497 2988 (Cant.
2519 2915 2601 2986 ιι).
2646 2914 2788 2970 Nihil
2819 2931 2945 2986 ergo
2976 2916 3262 2971 absurdum
3294 2925 3348 2971 et
3371 2916 3603 2973 alienum
3636 2916 3764 2973 fecit

2183 3005 2273 3062 hic
2303 3008 2463 3062 homo
2492 3008 2725 3073 divinus,
2758 3008 2845 3075 qui
2875 3008 2929 3063 in
2968 3024 3225 3078 sponsum
3257 3009 3471 3079 quidem
3512 3010 3758 3067 eumdem

2184 3098 2390 3167 accepit
2411 3113 2672 3166 amorem,
2706 3098 2893 3153 iisdem
2927 3108 3104 3154 autem
3131 3100 3446 3156 verbisusus
3475 3101 3763 3172 estquibus

2177 3204 2414 3257 sponsa:
2456 3190 2771 3245 Vulneratus
2798 3205 2915 3244 sum
2969 3205 3089 3261 ego,
3120 3189 3404 3257 clamabat,
3458 3192 3524 3246 ab
3576 3207 3763 3247 amore

2179 3281 2353 3352 (Cant.
2370 3280 2470 3351 tv).
2492 3282 2621 3339 Cum
2635 3290 2811 3338 autem
2836 3281 3194 3337 desiderasset
3209 3281 3556 3349 contemplari
3572 3284 3757 3352 sponsi

2174 3374 2457 3443 quamdam
2480 3374 2644 3429 veluti
2676 3373 2937 3439 umbram,
2962 3373 3313 3429 abiitvisurus
3336 3374 3450 3428 loca
3472 3388 3536 3429 ex
3567 3374 3763 3443 quibus

2180 3466 2535 3521 scaturierunt
2565 3465 2738 3520 fontes
2784 3465 3031 3520 omnibus
3064 3464 3366 3521 hominibus
3406 3466 3687 3522 salutares.

2245 3557 2375 3611 Cum
2413 3572 2541 3627 ergo
2571 3572 2689 3627 qua:
2720 3556 3057 3611 desiderabat
3086 3554 3136 3611 ei
3166 3555 3268 3609 frui
3301 3556 3559 3622 licuisset,
3584 3556 3763 3627 profe-

2177 3659 2292 3705 ctus
2321 3650 2538 3720 quidem
2569 3658 2651 3705 cst
2679 3648 3012 3704 Antiochiam
3040 3666 3054 3703 :
3083 3664 3202 3704 cum
3233 3657 3410 3704 autem
3434 3650 3655 3707 vidisset
3683 3652 3762 3707 ci-

2179 3744 2354 3800 vitatis
2417 3744 2665 3813 pictatem
2694 3757 2755 3796 ac
2800 3742 3108 3814 religionem
3134 3782 3154 3808 ,
3183 3750 3458 3798 externam
3485 3743 3758 3812 regionem

2176 3839 2365 3909 patria:
2391 3851 2500 3891 sum
2519 3836 2771 3905 praetulit,
2793 3837 2936 3891 cives
2961 3837 3272 3891 existimans
3294 3850 3399 3891 non
3432 3835 3764 3893 contribules

2176 3941 2230 3983 et
2256 3935 2529 3997 cognatos,
2556 3928 2648 3980 sed
2679 3941 2774 3981 eos
2799 3928 3055 3997 quierant
3075 3926 3313 3995 ejusdem
3345 3941 3466 3981 cum
3494 3927 3612 3996 ipso
3637 3941 3762 3982 sen-

2177 4017 2382 4083 tentiae,
2414 4029 2467 4072 et
2494 4018 2544 4071 in
2577 4016 2679 4070 iide
2710 4016 2865 4082 socii,
2895 4026 2947 4070 et
2976 4016 3256 4071 trahebant
3286 4016 3422 4071 idem
3446 4016 3631 4087 jugum
3650 4017 3762 4087 pie—

2183 4113 2309 4168 tatis
2348 4125 2409 4167 ac
2436 4108 2874 4181 religionis.Cum
2900 4109 3196 4164 illicautem
3228 4111 3421 4165 morari
3446 4110 3759 4180 placuisset,

2179 4217 2285 4258 non
2312 4201 2550 4257 extendit
2580 4200 3002 4266 tabernaculum,
3033 4214 3139 4255 non
3172 4199 3286 4255 ﬁxit
3313 4200 3601 4270 tugurium,
3650 4216 3761 4255 non

2182 4292 2861 4359 excitavitdomunculam,
2914 4293 3007 4347 sed
3065 4298 3234 4346 totum
3265 4300 3473 4361 tempus
3505 4291 3766 4361 transegit

2181 4384 2233 4439 in
2265 4385 2439 4439 alieno
2466 4383 2735 4453 sepulcro.
2768 4383 2824 4437 In
2846 4396 2911 4437 eo
2932 4390 3107 4437 autem
3136 4391 3253 4437 erat
3284 4382 3576 4453 projectum
3594 4382 3766 4452 quod-

2181 4478 2303 4533 dam
2336 4479 2581 4547 superius
2613 4477 2929 4544 tabulatum,
2988 4477 3071 4531 cui
3116 4477 3417 4545 cenjunctaa
3446 4476 3605 4531 scalae
3663 4490 3759 4531 eos

495 4576 565 4629 iis
618 4574 939 4646 germinavit
987 4574 1171 4631 beatus
1230 4575 1441 4640 Petrus,
1491 4584 1648 4642 atque
1712 4572 1843 4628 adeo
1890 4580 2077 4641 terque
2104 4553 2517 4642 Dexcipiebant
2546 4572 2633 4641 qui
2668 4569 2915 4626 volebant
2942 4568 3249 4625 ascendere.
3294 4569 3351 4623 ln
3374 4583 3436 4624 eo
3468 4569 3767 4638 permansit

492 4677 789 4739 quaterque
830 4668 1037 4723 beatus.
1069 4667 1284 4737 Septem
1337 4674 1511 4720 autem
1557 4663 1746 4732 annis,
1796 4672 1852 4718 ut
1905 4664 2071 4729 aiunt,

493 4768 777 4828 postquam
806 4767 963 4815 natus
989 4767 1090 4825 est,
1121 4773 1149 4813 a
1182 4758 1487 4827 parentibus
1513 4756 1792 4822 educatus,
1822 4769 2077 4810 consum-

496 4852 599 4918 psit
627 4860 789 4906 totam
826 4851 1082 4922 reliquam
1109 4852 1273 4907 vitam
1305 4853 1358 4907 in
1392 4850 1745 4921 philosophiae
1771 4848 2078 4904 certamini-

498 4943 620 4998 bus.
653 4945 858 5001 Dicitur
870 4956 1048 5002 autem
1074 4945 1291 5011 abiisse,
1319 4960 1441 5001 cum
1464 4943 1690 4999 vixisset
1713 4940 2004 5013 nonaginta
2024 4946 2080 4996 et

495 5053 690 5094 novem
717 5052 906 5093 annos.

575 5135 709 5189 Eum
740 5148 868 5201 ergo
898 5134 984 5202 qui
1016 5131 1299 5201 nonaginta
1329 5136 1384 5185 et
1411 5127 1543 5183 duos
1571 5141 1738 5182 annos
1767 5126 2079 5193 decertavit,

499 5234 556 5283 et
585 5232 748 5280 noctu
777 5223 972 5295 diuque
993 5237 1203 5292 semper
1229 5222 1394 5275 vietor
1422 5219 1611 5284 evasit,
1640 5219 1760 5289 quis
1789 5232 1884 5286 pro
1913 5217 2084 5288 digni-

500 5326 612 5375 tate
640 5317 971 5374 laudaverit?
1025 5316 1277 5385 Quaenam
1306 5323 1477 5369 autem
1511 5314 1687 5383 lingua
1717 5312 1987 5367 suil’ecerit
2016 5310 2082 5365 ad

503 5410 623 5482 ejus
650 5408 943 5465 narrandas
965 5421 1050 5463 res
1080 5407 1336 5477 praeclare
1383 5415 1437 5460 et
1459 5421 1525 5460 ex
1556 5404 1754 5458 virtute
1777 5410 1976 5472 gestas,
2030 5402 2083 5456 in

506 5504 739 5577 pueritia
762 5513 817 5562 et
847 5503 1228 5571 adolescentia,
1269 5501 1319 5555 in
1353 5500 1487 5553 virili
1518 5498 1645 5554 etin
1678 5497 2082 5565 ingravescente

505 5604 689 5668 aetate,
715 5605 773 5653 et
799 5596 852 5652 in
876 5603 1119 5654 extrema
1149 5590 1457 5649 senectute?
1498 5589 1628 5657 Quis
1656 5588 1803 5644 illum
1834 5585 2084 5643 sudorem

504 5702 725 5746 mensus
753 5687 945 5751 fuerit?
971 5686 1100 5761 Quis
1130 5685 1300 5748 luctas
1341 5699 1457 5757 quae
1485 5682 1537 5749 in
1563 5690 1707 5746 tanto
1736 5688 1976 5751 tantpore
2003 5680 2085 5736 fas

503 5788 605 5860 9K8
634 5778 1203 5865 διῑωςιιμωοιταγειιπίιν
1250 5779 1501 5872 Quisnam
1532 5783 1708 5847 autem
1739 5774 1912 5843 oratis
1952 5789 2082 5847 con.

2185 4667 2422 4723 inclusus
2449 4665 2757 4735 longissimo
2781 4673 3036 4732 tempore,
3070 4677 3207 4731 aqua
3246 4661 3458 4731 quidem
3490 4668 3645 4715 utens
3670 4674 3763 4715 ca-

2186 4756 2314 4823 lida,
2346 4757 2461 4810 solo
2488 4764 2664 4809 autem
2698 4768 2833 4823 pane
2887 4766 3132 4819 vescens,
3182 4751 3340 4822 idque
3369 4765 3471 4804 non
3503 4748 3762 4819 quotidie,

2186 4849 2280 4904 sed
2305 4862 2409 4903 uno
2436 4847 2652 4918 quidem
2684 4860 2903 4902 manens
2929 4844 3160 4915 jejunus,
3206 4841 3462 4914 postridie
3491 4852 3668 4897 autem
3700 4854 3763 4895 ea

2184 4954 2420 4996 sumens.

2258 5033 2388 5087 Cum
2419 5039 2595 5085 autem
2625 5028 2837 5100 quidam
2870 5026 3161 5091 insaniens,
3223 5034 3277 5080 et
3299 5025 3478 5081 furore
3506 5025 3760 5095 percitus,

2184 5132 2238 5180 et
2267 5124 2484 5194 maligni
2513 5122 2770 5177 daemonis
2793 5120 2983 5188 plenus
3006 5117 3339 5189 operatione,
3382 5115 3446 5169 ad
3479 5130 3602 5170 eum
3659 5128 3764 5170 ve-

2185 5218 2373 5284 nisset,
2407 5232 2526 5272 eum
2558 5214 2771 5285 quidem
2806 5212 3099 5277 mundavit,
3126 5211 3465 5282 deprecatus,
3487 5218 3543 5265 et
3573 5209 3642 5263 ab
3674 5208 3767 5264 illo

2189 5310 2452 5367 diabolico
2481 5310 2660 5365 lurore
2686 5308 2945 5363 liberavit.
2972 5305 3104 5361 Cum
3133 5321 3259 5361 vero
3287 5304 3449 5359 nollet
3475 5304 3644 5369 abire,
3672 5303 3763 5359 sed

2191 5404 2531 5457 obsecrasset
2555 5411 2609 5456 ut
2637 5416 2733 5471 pro
2755 5401 2840 5455 illa
2865 5400 3143 5453 curatione
3171 5398 3220 5453 ei
3261 5411 3413 5452 suum
3468 5394 3767 5465 impertiret

2189 5496 2707 5561 ministerium,enm
2748 5493 2965 5547 admisit
3004 5501 3068 5545 ‘ut
3094 5506 3274 5547 secum
3305 5489 3581 5544 habitaret.
3628 5487 3766 5543 Eum

2193 5605 2292 5660 ego
2319 5600 2373 5645 et
2406 5590 2548 5657 novi,
2577 5598 2634 5647 et
2674 5588 2891 5645 memini
2920 5588 3181 5653 miraculi,
3240 5594 3293 5640 et
3332 5585 3436 5640 vidi
3466 5583 3764 5640 mercedem

2193 5682 2510 5748 curationis,
2544 5691 2598 5738 et
2618 5680 2792 5741 audivi
2822 5694 3122 5740 sermonem
3154 5693 3309 5752 quem
3353 5676 3421 5736 de
3446 5690 3533 5738 me
3563 5675 3767 5738 habue-

2190 5787 2329 5851 ῖιηιιρ
2368 5776 2584 5848 Dicebat
2611 5778 2751 5845 enim
2784 5777 3034 5848 Danielus
3086 5777 3223 5852 (erat
3264 5779 3405 5851 enim
3438 5776 3542 5847 hoc
3566 5777 3641 5846 illi
3674 5791 3767 5845 ιιοι
