4052 6362
294 362 363 419 57
1384 354 1815 415 PHILOTHEUS
1845 399 1858 424 ,
1901 372 2015 414 SWE
2054 358 2502 420 THEONIILES.
2808 366 2819 376 '
3491 363 3559 420 58

296 476 443 547 men)
480 488 568 531 me
596 488 808 545 quoque
826 472 1068 546 praeclari
1100 472 1383 530 ministerii
1437 474 1595 545 hujus
1638 473 1871 529 futurum
1899 473 1952 535 Α
1980 472 2126 529 Petri
2156 476 2258 531 reti
2281 475 2380 532 fuit
2400 476 2669 546 implicata
2720 473 3050 549 (piscabatur
3067 490 3212 534 enim
3233 476 3321 535 hic
3347 490 3557 551 quoque

297 570 526 623 socium.
576 565 670 620 Vir
696 573 874 620 autem
902 564 991 622 ille
1028 564 1238 621 divinus
1278 578 1384 620 non
1414 576 1496 622 est
1538 580 1787 622 assensus
1812 574 1870 620 ut

298 656 402 713 hoc
431 657 602 722 ﬁeret,
628 663 906 724 parentum
941 670 1180 712 meorum
1210 655 1266 712 in
1309 671 1394 712 me
1423 671 1660 735 antorem
1689 656 1868 712 consi-

301 748 532 807 derans;
561 759 706 815 saepe
734 754 913 802 autem
942 758 1028 800 me
1054 746 1594 818 genibusimpositum
1617 762 1714 802 uva
1747 747 1873 802 aluit

300 847 357 894 et
386 851 541 908 pane.
571 834 702 890 Nam
732 850 853 891 cum
884 842 1055 891 mater
1070 833 1283 891 fecisset
1301 835 1590 904 perieulum
1616 836 1872 905 spiritalis

295 930 417 998 ejus
436 929 644 999 gratim,
663 928 919 999 jussitme
949 929 1116 985 semel
1142 928 1194 984 in
1224 928 1556 985 bebdomada
1588 930 1874 1000 decerpere

295 1022 447 1078 illius
485 1020 935 1077 benedictionem.
962 1020 1279 1089 Ejusautem
1306 1021 1487 1078 habuit
1507 1021 1751 1077 notitiam
1775 1022 1875 1078 hac

298 1117 371 1173 de
397 1130 558 1171 causa
596 1132 610 1168 :
640 1114 857 1171 Morbus
887 1113 975 1185 qui
1004 1115 1052 1168 ei
1084 1115 1136 1168 in
1165 1113 1389 1170 alterum
1433 1130 1497 1171 ex
1528 1116 1696 1172 oculis
1727 1118 1874 1173 incu-

270 1196 510 1275 ‘buerat,
534 1209 680 1264 visus
699 1217 783 1264 est
806 1208 1081 1263 medicinae
1111 1224 1362 1280 superare
1388 1211 1701 1276 scientiam;
1736 1210 1869 1267 nihil

296 1303 444 1358 enim
471 1310 589 1357 erat
612 1309 703 1356 aut
730 1301 985 1371 scriptum
1008 1317 1035 1355 a
1066 1303 1355 1368 veteribus,
1388 1312 1478 1357 aut
1504 1304 1772 1358 inventum
1803 1303 1870 1358 ab

296 1392 367 1450 iis
391 1395 483 1465 qui
512 1392 661 1449 fuere
687 1393 969 1462 posterius,
1007 1393 1147 1463 quod
1179 1408 1285 1448 non
1316 1393 1505 1448 morbo
1536 1392 1694 1449 luerit
1721 1394 1873 1449 adhi-

296 1486 487 1542 bitum.
520 1486 809 1555 Postquam
852 1494 1025 1539 autem
1055 1486 1233 1541 omnia
1262 1487 1526 1554 probavit,
1559 1497 1611 1540 et
1640 1488 1874 1545 ostendit

300 1578 500 1633 nullam
532 1578 724 1633 afferre
751 1577 1053 1644 utilitatem,
1084 1576 1489 1647 venitqumdam
1520 1577 1567 1632 ei
1599 1577 1874 1631 familiaris

299 1684 420 1740 qua:
445 1668 681 1724 divinum
706 1670 874 1724 virum
905 1668 1237 1734 ostendebat,
1272 1676 1325 1724 et
1351 1668 1418 1725 ab
1448 1683 1512 1723 eo
1544 1669 1740 1723 factum
1772 1670 1873 1723 do-

300 1762 455 1818 cebat
482 1762 819 1817 miraculum.
850 1762 1072 1817 Dicebat
1099 1764 1240 1817 enim
1290 1777 1509 1819 uxorem
1557 1762 1673 1831 ejus
1696 1763 1873 1831 quieo

1929 568 1933 572 ’
1972 566 2217 622 similiter
2240 576 2402 638 atque
2429 569 2474 622 is
2494 569 2582 637 qui
2606 568 2742 625 idem
2769 569 3035 640 quodipse
3055 584 3252 627 nomen
3278 572 3553 643 habebat),

1973 662 2240 728 pedesque
2262 669 2503 728 tangens,
2531 669 2581 716 et
2605 661 2920 728 vociferans,
2948 663 3315 720 obsecravitut
3334 673 3548 721 curaret

1971 749 2204 805 oculum.
2230 751 2278 806 ls
2305 761 2482 806 autem
2504 752 2733 821 dicebat,
2789 767 2849 810 se
2876 754 3089 825 quidem
3114 770 3232 812 esse
3258 756 3553 823 hominem,

1972 848 2028 896 et
2055 841 2296 897 eamdem
2331 843 2524 898 habere
2546 860 2701 913 quam
2719 844 2829 913 ipsa
2857 853 3128 913 naturam;
3158 862 3215 903 se
3237 855 3412 904 autem
3431 862 3556 917 pec-

1973 940 2213 987 catorum
2239 949 2480 1003 magnam
2508 946 2717 1005 gestare
2742 939 3023 1005 sarcinam,
3042 947 3095 993 et
3120 939 3240 994 ideo
3279 939 3543 1006 privatum

1974 1038 2092 1080 esse
2104 1040 2165 1078 ea
2177 1040 2293 1095 quae
2306 1026 2373 1079 ad
2389 1025 2550 1082 Deum
2571 1026 2792 1082 habetur
2809 1028 3021 1084 fiducia.
3035 1030 3166 1085 Cum
3181 1038 3359 1086 autem
3377 1040 3547 1086 mater

1973 1117 2129 1173 ﬁeret
2154 1126 2207 1173 et
2224 1127 2423 1189 oraret,
2448 1120 2791 1177 etdiceretse
2807 1138 2914 1176 non
2928 1137 3048 1179 esse
3061 1138 3180 1179 eum
3211 1126 3541 1191 relicturam,
3592 1122 3593 1125 “

1986 1209 2087 1264 nisi
2118 1210 2398 1266 sanitatem
2446 1221 2844 1282 assequeretur,
2866 1213 2998 1268 dixit
3026 1215 3187 1271 Deum
3212 1231 3332 1273 esse
3361 1217 3552 1272 herum

1974 1308 2276 1356 curatorem
2294 1341 2310 1369 ,
2355 1303 2641 1371 petitiones
2670 1314 2844 1359 autem
2859 1320 3069 1375 semper
3094 1306 3223 1363 dare
3235 1306 3299 1363 iis
3325 1308 3414 1379 qui
3442 1323 3554 1363 cre«

1976 1391 2128 1447 dunt.
2160 1392 2314 1446 Dabit
2344 1408 2492 1464 ergo,
2526 1394 2718 1465 inquit,
2750 1411 2890 1450 nunc
2914 1411 3147 1467 quoque,
3179 1413 3283 1453 non
3316 1400 3446 1453 mihi
3468 1399 3554 1457 ἀοι

1981 1496 2115 1537 nans
2137 1484 2379 1552 gratiam,
2420 1483 2515 1541 sed
2561 1493 2703 1540 tuam
2760 1485 2913 1541 ﬁdem
2945 1489 3330 1556 contemplans.
3356 1488 3410 1544 Si
3438 1505 3556 1545 eam

1976 1588 2103 1643 ergo
2128 1575 2293 1632 habes
2321 1578 2584 1633 sinceram
2610 1588 2663 1633 et
2690 1593 2893 1648 veram,
2931 1595 3224 1650 puramque
3247 1591 3301 1637 et
3326 1581 3394 1638 ab
3411 1597 3557 1638 omni

1978 1664 2202 1720 liberam
2254 1667 2604 1734 dubitatione,
2648 1670 2842 1740 jubens
2894 1680 2946 1726 et
3002 1674 3236 1728 medicos
3268 1674 3448 1730 valere
3507 1684 3560 1729 et

1984 1756 2395 1822 medicamenta,
2421 1773 2448 1811 a
2470 1756 2577 1813 Deo
2604 1759 2783 1814 datum
2809 1775 2959 1816 sume
2974 1761 3073 1817 hoc
3091 1763 3558 1819 medicamentum.

299 1862 541 1924 tempore
604 1852 820 1908 tenebat
867 1852 1072 1907 clavum
1120 1852 1353 1909 Orientis
1400 1853 1877 1910 administrationis
1907 1844 1957 1905 B
1983 1846 2110 1901 Haec
2130 1862 2250 1904 cum
2274 1849 2520 1914 dixisset,
2554 1865 2767 1905 manum
2799 1852 3048 1921 imposuit
3075 1854 3252 1923 oculo,
3285 1863 3338 1908 et
3362 1855 3557 1909 saluta-

296 1945 439 2016 (erat
467 1951 644 1999 autem
676 1945 720 1998 is
752 1942 1133 2014 Pergamenus)
1157 1958 1276 2000 cum
1304 1958 1363 1999 ea
1384 1944 1436 1998 in
1465 1944 1603 1999 hunc
1633 1946 1877 1999 morbum

296 2037 595 2105 incidisset,
615 2051 734 2091 eum
767 2036 936 2105 ipsam
959 2049 1173 2092 curasse
1192 2050 1311 2091 eum
1344 2035 1717 2106 deprecatione
1737 2046 1879 2094 esset

298 2144 430 2184 usus
467 2136 522 2185 et
550 2128 726 2187 crucis
749 2129 1046 2198 signaculo.
1073 2128 1288 2183 Audivit
1310 2137 1511 2195 mater,
1547 2138 1601 2184 et
1630 2130 1692 2182 ad
1744 2128 1879 2183 divi-

294 2236 423 2277 num
434 2221 610 2276 statim
625 2220 854 2275 accurrit
871 2220 1169 2275 hominem:
1195 2219 1420 2276 habebat
1437 2229 1612 2275 autem
1635 2220 1873 2287 inaures,

298 2320 539 2378 catenas,
588 2318 643 2369 et
668 2320 907 2383 torques,
938 2321 993 2368 et
1012 2312 1115 2367 alia
1143 2327 1301 2367 aurea
1324 2328 1444 2383 qure
1471 2311 1574 2367 sibi
1606 2312 1872 2379 induerat,

295 2413 354 2461 et
382 2415 588 2460 vestem
615 2403 818 2459 variam
846 2419 912 2459 ex
939 2403 1126 2460 sericis
1174 2405 1337 2475 823
1388 2404 1489 2460 ﬁlis
1519 2414 1821 2460 contextam
1857 2422 1870 2458 :

291 2498 526 2553 nondum
548 2497 692 2552 enim
726 2497 977 2553 virtutem
1008 2497 1629 2567 gustaratperfectiorem
1656 2514 1672 2564 ;
1717 2498 1874 2553 liore-

290 2589 381 2644 bat
404 2597 584 2645 autem
625 2596 865 2658 tempore
894 2587 1065 2661 [Leg.,
1094 2588 1295 2659 annis],
1325 2597 1381 2645 et
1401 2589 1655 2645 mundum
1686 2590 1872 2644 mulie-

288 2681 439 2739 brem
464 2682 708 2753 gestabat
736 2690 792 2736 ut
824 2681 1236 2737 adolescentula.
1284 2679 1417 2736 Cum
1467 2682 1703 2736 divinum
1743 2696 1870 2752 ergo

288 2784 448 2843 caput
475 2773 590 2829 haec
620 2774 948 2844 aspexisset,
977 2772 1125 2829 nimii
1151 2781 1373 2830 ornatus
1401 2775 1601 2828 amoris
1631 2774 1862 2844 primum

287 2864 533 2919 morbum
561 2864 783 2929 curavit,
813 2878 937 2919 usus
956 2864 1133 2920 verbis
1180 2863 1373 2919 talibus
1399 2882 1413 2919 :
1447 2863 1540 2919 Dic
1565 2864 1718 2928 mihi,
1775 2866 1860 2921 in-

287 2956 422 3028 quit,
449 2956 555 3011 ﬁlia
585 2957 727 3029 (utar
750 2957 891 3014 enim
918 2957 1032 3027 ejus
1078 2972 1234 3023 voce,
1266 2967 1318 3012 et
1344 2973 1450 3012 non
1475 2959 1696 3013 mutabo
1741 2974 1864 3013 ver-

288 3048 413 3105 bum
443 3057 639 3104 sanctaa
686 3047 825 3104 illius
864 3047 1101 3119 linguae),
1150 3049 1197 3103 si
1240 3048 1358 3117 quis
1406 3049 1597 3117 pictor,
1652 3049 1704 3103 in
1746 3057 1863 3104 arte

288 3138 426 3196 bene
453 3140 794 3205 exercitatus,
842 3139 1068 3209 aliquam
1116 3140 1375 3209 pinxisset
1428 3138 1737 3209 imaginem,
1797 3146 1856 3193 ut

1983 1937 2059 1991 ris
2088 1939 2266 1993 crucis
2286 1939 2438 2009 signo
2469 1940 2628 2006 facto,
2658 1941 2899 1995 morbum
2922 1942 3141 2011 expulit.
3176 1943 3549 2000 lllincdomum

1982 2042 2217 2095 reversa,
2245 2043 2363 2084 cum
2396 2039 2450 2084 et
2479 2031 2921 2086 medicamentum
2952 2032 3231 2097 abluisset,
3263 2042 3317 2089 et
3340 2048 3552 2088 omnem

1977 2119 2307 2175 extrinsecus
2335 2121 2603 2176 inductum
2635 2121 2921 2192 abjecisset
2958 2134 3226 2191 ornatum,
3256 2141 3321 2181 ex
3346 2126 3550 2197 legibus

1979 2225 2009 2265 a
2033 2211 2243 2268 medico
2274 2213 2393 2267 latis
2424 2215 2586 2269 vitam
2620 2216 2933 2272 instituebat
2962 2235 2976 2272 :
3028 2235 3200 2288 neque
3226 2221 3372 2276 varia
3405 2231 3551 2275 veste

1978 2302 2185 2369 induta,
2212 2319 2384 2373 neque
2408 2306 2585 2361 aureis
2613 2307 2897 2361 monilibus
2935 2320 3212 2375 exornata,
3245 2310 3403 2379 idque
3432 2326 3551 2366 cum

1975 2404 2296 2452 essetaetate
2323 2398 2499 2452 adhuc
2525 2398 2810 2455 admodum
2833 2400 3080 2469 juvenis;
3104 2412 3224 2455 nata
3258 2402 3398 2457 enim
3436 2414 3554 2460 erat

1975 2487 2286 2556 vigesimum
2315 2490 2528 2544 tertium
2550 2505 2767 2557 annum,
2794 2492 3019 2551 necdum
3064 2502 3234 2547 mater
3272 2493 3407 2550 facta
3441 2495 3551 2548 fue-

1974 2586 2057 2632 rat
2091 2597 2102 2631 :
2145 2595 2264 2633 eum
2298 2581 2441 2635 enim
2466 2590 2668 2649 septem
2711 2584 2843 2637 alios
2866 2598 3032 2638 annos
3063 2584 3301 2651 vixisset,
3328 2600 3412 2640 me
3450 2600 3546 2654 pe-

1973 2670 2131 2739 perit,
2161 2674 2247 2741 qui
2274 2672 2344 2725 fui
2368 2671 2483 2742 ejus
2510 2673 2709 2742 primus
2730 2683 2781 2729 et
2803 2675 2950 2729 solus
2980 2675 3135 2730 fetus.
3178 2675 3402 2731 Tantum
3435 2676 3550 2732 l‘rtt-

1971 2770 2115 2816 ctum
2142 2765 2276 2829 cepit
2296 2777 2361 2817 ex
2384 2764 2554 2834 magni
2575 2764 2715 2819 Petri
2740 2766 2998 2831 doctrina,
3022 2775 3075 2821 et
3098 2766 3363 2835 duplicem
3388 2780 3544 2822 acce-

1969 2853 2050 2924 pit
2074 2855 2409 2910 curationem
2433 2873 2445 2921 ;
2481 2864 2535 2910 et
2562 2871 2680 2910 eum
2696 2858 2904 2924 corpori
2924 2866 3186 2928 quaereret
3208 2858 3549 2927 medicinam,

1972 2943 2163 2999 bonam
2177 2946 2589 3015 quoqueanima:
2616 2946 2714 3000 sibi
2753 2948 2957 3015 paravit
2986 2947 3369 3004 habitudinem.
3400 2948 3549 3004 Talia

1969 3037 2196 3091 dicendo
2218 3039 2305 3092 ille
2326 3040 2662 3109 operabatur,
2695 3050 2748 3093 et
2774 3054 2875 3093 tam
2911 3050 3096 3109 potens
3118 3051 3231 3095 erat
3255 3042 3546 3111 precando.

2043 3127 2173 3181 Cum
2202 3143 2263 3183 ea
2292 3138 2468 3183 autem
2510 3130 2799 3200 aliquando
2830 3129 3143 3186 adduxisset
3168 3131 3549 3188 obsonatorem

288 3233 527 3301 pmipij
560 3233 644 3289 ιεχ
671 3232 822 3298 anis,
848 3241 901 3287 ει
922 3246 1041 3287 eam
1078 3232 1440 3301 proposuisse;
1466 3231 1650 3286 videre
1676 3232 1855 3285 volen.
1895 3209 1942 3275 C
1971 3220 2247 3286 famulum,
2278 3222 2417 3290 quia
2448 3222 2589 3279 malo
2611 3222 2857 3278 dzernone
2896 3222 3217 3289 vexabatur,
3254 3224 3460 3294 rogavit
3487 3233 3548 3279 ut

289 3324 456 3391 tibus,
485 3323 688 3380 veniret
708 3333 884 3378 autem
908 3323 1096 3392 aliquis
1139 3322 1298 3389 alius,
1356 3331 1528 3378 artem
1562 3337 1666 3377 non
1689 3323 1868 3378 sciens

295 3418 532 3485 perfecte
552 3426 607 3473 et
629 3426 898 3483 accurate,
928 3426 1236 3487 temereque
1257 3427 1310 3473 et
1334 3419 1650 3481 inconsulte,
1682 3429 1738 3473 ut
1767 3419 1867 3475 sibi

298 3506 531 3571 videtur,
554 3507 710 3563 vellet
737 3515 919 3562 contra
944 3508 1195 3580 pingere;
1227 3508 1419 3565 deinde
1450 3510 1592 3564 illam
1620 3510 1869 3565 artiﬁcio-

290 3614 408 3656 sam
458 3600 855 3670 reprchendens
884 3602 1164 3671 picturam,
1228 3603 1529 3673 superciliis
1561 3604 1772 3673 quidem
1816 3611 1870 3659 et

289 3691 431 3747 ciliis
462 3690 630 3747 lineas
661 3690 1176 3761 adderetlongiores,
1209 3693 1399 3749 faciem
1432 3704 1610 3749 autem
1634 3694 1870 3750 efﬁceret

286 3785 571 3851 albiorem,
603 3793 656 3840 et
677 3786 826 3855 genis
849 3787 1065 3840 rubrum
1089 3786 1311 3842 adderet
1334 3788 1603 3853 colorem;
1640 3803 1742 3841 non
1774 3787 1867 3841 tibi

290 3876 502 3930 videtur
524 3876 665 3944 prior
695 3875 781 3931 ille
813 3875 983 3944 pictor
1005 3876 1122 3944 jure
1143 3890 1520 3943 succensurus,
1539 3876 1679 3946 quod
1708 3886 1761 3931 et
1782 3892 1868 3931 ars

289 3967 405 4036 ejus
451 3967 669 4037 probro-
695 3974 837 4023 esset
866 3974 920 4022 et
948 3969 1266 4023 cuntumelia
1324 3968 1534 4033 atlecta,
1581 3978 1635 4023 et
1682 3985 1866 4024 eorum

286 4061 480 4130 quibus
509 4076 643 4130 opus
670 4076 776 4117 non
806 4072 922 4117 erat
947 4061 1363 4117 additamentum
1413 4077 1439 4115 a
1464 4078 1624 4117 manu
1653 4063 1864 4118 indocta

287 4152 618 4219 accepisset?
656 4149 796 4221 Ergo
829 4152 1203 4215 universorum
1232 4166 1463 4222 quoque,
1494 4153 1699 4222 inquit,
1745 4153 1866 4221 opi-

289 4241 464 4307 tiCem,
500 4250 554 4296 et
584 4251 781 4296 nostra;
808 4252 1010 4296 naturae
1030 4241 1323 4297 efﬁctorem
1354 4250 1409 4298 et
1459 4244 1712 4313 pictorem
1745 4244 1865 4313 jure

288 4332 445 4387 irasci
465 4332 691 4399 credite,
747 4334 887 4402 quod
932 4334 1073 4388 illam
1102 4350 1219 4403 quae
1248 4335 1429 4390 verbis
1474 4336 1726 4405 explicari
1761 4352 1863 4391 non

289 4430 485 4491 potest,
515 4433 760 4477 naturam
788 4433 842 4478 et
868 4426 1182 4492 sapientiam
1202 4428 1465 4481 accusetis
1485 4428 1729 4482 inscitim.
1749 4428 1863 4484 Non

287 4515 430 4568 enim
462 4514 681 4569 rubrum
714 4526 764 4570 et
796 4515 974 4570 album
996 4525 1050 4571 et
1071 4517 1275 4587 nigrum
1319 4519 1550 4573 colorem
1599 4519 1750 4574 vobis
1784 4521 1863 4575 in-

1973 3315 2021 3370 ei
2043 3329 2195 3369 suum
2224 3330 2329 3369 non
2359 3324 2577 3383 negaret
2603 3318 2878 3371 auxilium.
2909 3317 3044 3371 Cum
3090 3325 3337 3387 precatus
3366 3327 3547 3373 autem

1972 3417 2115 3462 esset
2158 3408 2238 3463 vir
2278 3408 2520 3474 divinus,
2549 3410 2705 3478 jussit
2736 3411 2965 3465 daemoni
2994 3418 3052 3465 ut
3097 3410 3301 3466 diceret
3328 3426 3547 3467 causam

1971 3517 2068 3558 cur
2097 3502 2317 3557 haberet
2348 3511 2662 3571 potestatem
2686 3504 2737 3557 in
2762 3503 2855 3559 Dei
2881 3503 3318 3558 creaturam.llle
3341 3513 3546 3574 autem,

1974 3604 2221 3667 tanquam
2254 3596 2521 3651 homicida
2548 3596 2741 3665 aliquis
2768 3597 2850 3651 vel
2876 3611 3147 3651 murorum
3192 3597 3461 3665 perfossor
3486 3613 3550 3655 ac

1970 3689 2109 3745 latro
2139 3696 2287 3743 stans
2317 3698 2441 3743 ante
2468 3688 2727 3758 judieem,
2754 3698 2809 3743 et
2831 3690 3012 3757 jussus
3038 3689 3219 3744 dicere
3239 3705 3358 3758 quae
3381 3690 3541 3759 fecit,

1971 3783 2047 3837 sic
2082 3784 2257 3837 omnia
2288 3792 2369 3836 est
2400 3772 2739 3851 persecutus,
2764 3791 2819 3835 ut
2844 3784 2933 3851 qui
2966 3791 3159 3851 praeter
3204 3782 3548 3836 consuetudi-

1972 3889 2095 3929 nem
2126 3883 2406 3943 cogeretur
2428 3888 2551 3927 vera
2581 3873 2786 3939 dicere;
2819 3880 2875 3926 et
2911 3872 3044 3925 dixit
3075 3870 3339 3940 HeliOpoli
3369 3885 3541 3940 aegro-

1974 3976 2115 4020 tasse
2143 3964 2355 4034 quidem
2385 3963 2521 4018 servi
2550 3962 2857 4028 dominum;
2900 3960 3172 4015 dominam
3206 3969 3383 4015 autem
3414 3975 3546 4016 con-

1967 4058 2079 4130 jugi
2106 4099 2122 4125 ,
2169 4065 2350 4127 utpote
2396 4055 2709 4125 aegrotanti,
2755 4053 3050 4120 assedisse;
3102 4053 3311 4109 ancillis
3364 4062 3541 4107 autem

1972 4153 2203 4209 domina:
2232 4152 2423 4207 domus
2453 4152 2503 4205 in
2535 4167 2634 4221 qua
2660 4152 2944 4207 manebant
2968 4164 3217 4208 narrasse
3244 4153 3410 4205 vitam
3434 4163 3538 4203 lllO-

1974 4244 2267 4300 nachorum
2298 4244 2387 4313 qui
2416 4242 2929 4313 pbilosophabantur
2958 4241 3274 4305 Antiochiae,
3300 4250 3353 4296 et
3379 4244 3557 4311 quan-f

1973 4344 2052 4392 tas
2075 4336 2215 4391 vires
2246 4334 2477 4389 habeant
2500 4336 2758 4389 adversus
2781 4334 3051 4387 daemones
3074 4350 3086 4397 ;
3112 4342 3167 4388 et
3191 4334 3285 4387 has
3307 4322 3557 4402 quidem,

1971 4437 2152 4498 utpote
2175 4428 2398 4498 puellas,
2426 4427 2551 4482 ludo
2578 4427 2867 4482 delectatas
2890 4467 2904 4491 ,
2943 4425 3300 4481 dmmoniacas
3329 4434 3383 4480 et
3407 4425 3547 4478 insa-

1970 4538 2069 4577 nas
2104 4523 2304 4592 egisse;
2340 4522 2487 4575 illum
2518 4521 2692 4590 ipsum
2724 4530 2901 4573 autem
2946 4518 3198 4573 famulum
3248 4517 3541 4571 monastica

290 4605 608 4673 funderetis,
641 4607 684 4661 si
722 4621 827 4660 non
856 4607 1233 4663 existimaretis
1259 4623 1379 4664 esse
1409 4608 1560 4664 vobis
1604 4625 1737 4676 opus
1766 4611 1863 4665 hac
1889 4594 1942 4655 Ῑ)
1971 4624 2116 4670 veste
2145 4629 2209 4669 ex
2234 4615 2452 4681 caprina
2478 4613 2617 4681 pelle
2645 4612 2885 4667 confecta
2921 4613 3186 4677 indutum,
3212 4611 3329 4666 illas
3357 4626 3543 4664 mona—

293 4698 588 4753 addittone.
624 4696 717 4752 llis
745 4708 921 4754 autem
952 4714 1143 4770 corpus
1181 4715 1340 4770 egere
1369 4702 1711 4770 arbitrantes,
1772 4704 1867 4757 im-

291 4790 593 4847 becillitatis
618 4790 881 4847 damnatis
909 4804 1227 4849 creatorem.
1271 4793 1557 4850 Sciendum
1583 4804 1662 4851 est
1691 4805 1867 4850 autem

291 4897 413 4938 eum
447 4884 648 4940 habere
679 4894 995 4955 potestatem
1028 4901 1137 4941 suae
1165 4886 1425 4942 voluntati
1459 4888 1601 4956 justa
1632 4902 1869 4959 symme-

290 4978 391 5032 tria
423 4977 862 5047 respondentem.
897 4980 1084 5034 Omnia
1113 4980 1276 5047 enim,
1313 4990 1365 5034 ut
1410 4981 1484 5035 ait
1512 4981 1697 5046 David,
1725 4980 1867 5050 'quae

286 5069 459 5125 voluit
487 5069 739 5125 Dominus
763 5070 888 5126 fecit
914 5071 1085 5140 (Psal.
1106 5070 1506 5141 cxut,cxxx1v).
1534 5071 1662 5140 Ejus
1678 5082 1860 5127 autem

283 5162 428 5230 quod
481 5169 564 5215 est
609 5162 860 5216 omnibus
913 5163 1039 5216 utile
1092 5163 1323 5216 futurum
1382 5178 1561 5216 curam
1625 5178 1858 5233 gerens,

287 5268 393 5309 non
433 5254 528 5308 dat
567 5269 633 5310 ea
661 5270 778 5325 quae
800 5256 1052 5312 damnum
1079 5256 1326 5310 aﬁc‘uut.
1356 5255 1530 5313 Nolite
1583 5271 1710 5326 ergo
1766 5256 1862 5311 Dei

288 5359 635 5416 corrumpere
684 5348 1001 5418 imaginem,
1074 5362 1173 5419 ne'f
1217 5364 1246 5403 e
1280 5349 1496 5405 tentetis
1554 5364 1617 5405 ea
1666 5348 1861 5404 addere

289 5454 408 5508 quae
434 5439 706 5509 sapienter
732 5454 840 5495 non
879 5440 1046 5505 dedit,
1096 5456 1153 5494 nr
1203 5455 1265 5495 ue
1321 5441 1459 5497 hanc
1512 5442 1855 5497 adulteriuam

287 5534 584 5600 excogitato
636 5532 1102 5602 pulchritudinem,
1155 5549 1274 5602 qum
1333 5535 1419 5588 vel
1470 5533 1675 5604 pudicis
1703 5534 1860 5587 allert

288 5625 532 5691 exitium,
563 5624 864 5680 videntibus
894 5627 1168 5681 insidians.
1227 5626 1347 5682 llaec
1378 5627 1580 5683 audivit
1608 5639 1862 5698 prmstan-

293 5714 499 5779 tissime
530 5724 584 5772 et
613 5716 856 5791 omniex
890 5727 1040 5790 parte
1066 5716 1268 5788 optima
1302 5719 1493 5774 femina
1523 5762 1535 5785 ,
1585 5728 1639 5773 et
1682 5721 1860 5784 statim

356 5827 375 5881 ⁸
415 5827 526 5912 Νι.
549 5828 679 5899 avla.
706 5826 966 5902 Existimo
992 5827 1048 5899 tu
1064 5828 1260 5901 Graeco
1279 5844 1397 5903 crte
1427 5836 1765 5924 μητρομήτωρ

1967 4708 2099 4762 sticc
2125 4706 2416 4775 adjurasse.
2442 4705 2574 4759 Cum
2607 4704 2756 4774 haec,
2778 4704 2979 4774 inquit,
3013 4705 3202 4759 flerent
3222 4743 3236 4768 ,
3266 4718 3365 4772 ego
3397 4712 3540 4759 stans

1966 4815 2063 4870 pro
2092 4799 2324 4865 foribus,
2365 4798 2697 4868 superbaque
2737 4798 2825 4852 illa
2854 4806 2907 4852 et
2931 4797 3160 4868 gloriosa
3186 4810 3302 4864 quae
3332 4795 3399 4850 de
3425 4811 3539 4848 rno-

1966 4891 2150 4946 nachis
2179 4890 2491 4945 dicebantur
2518 4906 2624 4944 non
2656 4890 2849 4955 ferens,
2875 4888 3019 4942 volui
3044 4888 3216 4941 facere
3244 4887 3537 4954 periculum

1967 4986 2032 5040 de
2060 4984 2146 5039 illa
2178 4999 2334 5055 quam
2380 4984 2501 5039 illos
2546 4984 2743 5039 habere
2784 4981 3092 5052 juveniliter
3130 4980 3405 5050 jactabant
3444 4998 3537 5051 po-

1970 5084 2180 5130 testate.
2218 5076 2288 5130 Ea
2337 5075 2403 5129 de
2451 5089 2609 5130 causa
2660 5074 2862 5130 relictis
2909 5073 3149 5141 ancillis,
3200 5074 3255 5129 in
3282 5074 3425 5131 hunc
3458 5091 3543 5129 me

1969 5165 2159 5219 intrnsi
2190 5208 2204 5233 ,
2257 5164 2442 5220 volens
2485 5166 2624 5219 scire
2675 5162 3123 5231 quemadmodum
3167 5165 3465 5235 expellerer
3513 5182 3540 5219 a

1971 5257 2270 5313 monachis.
2295 5255 2445 5313 Nunc
2475 5264 2649 5310 autem
2670 5295 2683 5318 ,
2712 5253 2917 5322 inquit,
2949 5255 3107 5311 didici
3133 5296 3149 5323 ,
3177 5272 3274 5312 nec
3304 5258 3409 5311 ulla
3439 5257 3545 5313 alia

1970 5363 2099 5418 egeo
2121 5346 2466 5418 experientia,
2500 5360 2622 5399 mox
2656 5353 2830 5399 autem
2866 5356 2913 5400 te
2940 5345 3165 5415 jubente
3205 5363 3362 5404 exeo.
3409 5347 3535 5404 lltec

1971 5440 2172 5503 dicens,
2204 5438 2424 5507 aufugit,
2455 5438 2656 5508 fuitque
2686 5435 2941 5491 liberatus
2971 5437 3227 5493 famulus.

2036 5534 2151 5587 .lam
2206 5546 2331 5585 vero
2378 5530 2543 5584 alium
2595 5544 2805 5600 quoque
2858 5530 3117 5583 rusticum
3173 5544 3294 5584 cum
3351 5529 3516 5581 matri

1965 5631 2180 5701 quidem
2212 5640 2346 5680 mete
2368 5635 2557 5691 mater,
2586 5639 2701 5679 mea
2733 5639 2860 5679 vero
2891 5632 3177 5678 matertera
3205 5624 3253 5687 ί,
3286 5616 3538 5673 adduxis-

1966 5734 2067 5794 set,
2099 5719 2317 5803 rogabat
2348 5718 2714 5785 adversarium
2745 5715 2855 5783 vitii
2900 5724 2953 5773 ut
2997 5715 3047 5777 ci
3080 5729 3232 5788 apem
3269 5710 3453 5775 ferret.
3492 5707 3538 5778 is
