4052 6362
459 362 526 422 59
1630 341 1717 396 DE
1759 334 1933 392 VlTlS
1969 327 2250 386 PATRUM
2293 322 2494 381 LIBER
2531 319 2620 379 IX.

3648 306 3722 376 60.

461 483 636 528 autem
670 479 856 524 rursus
885 462 1128 535 rogavit,
1162 468 1216 514 et
1245 457 1510 513 undenam
1538 461 1712 517 esset,
1745 459 1796 506 et
1841 463 1868 502 a
1900 459 2034 514 (ιιιο-
2067 442 2115 502 Α
2143 449 2383 535 iﬁlli"???
2415 430 2882 535 “lim-lf'memm
2920 427 3138 535 δίξίοτῗε

464 579 583 620 nam
610 561 901 628 accepisset
929 561 1248 626 potestatem
1291 551 1344 604 in
1381 549 1469 602 Dei
1501 555 1820 599 creaturam.
1856 541 1922 596 Ut
1947 553 2038 590 au-

465 666 572 712 tem
617 651 784 726 325
828 651 994 704 silens
1034 647 1120 701 ille
1166 659 1272 697 non
1305 640 1449 695 dedit
1492 647 1838 704 responsum,
1872 630 2042 684 oravit

464 747 659 802 Petrus
688 743 835 800 ﬂexis
861 739 1105 810 genibus,
1137 736 1410 800 Deumque
1442 735 1822 794 estprecatus,
1855 733 1910 774 ut
1941 736 2042 775 ex—

468 836 728 894 secranilo
758 835 832 889 illi
860 831 1087 886 dmmoni
1122 841 1336 882 suorum
1377 821 1700 876 famulorum
1735 814 2045 870 ostenderet

473 929 782 1000 potentiam.
819 924 1016 980 Deinde
1044 933 1228 974 rur~us
1255 914 1519 976 surrexit;
1545 911 1631 965 ille
1653 917 1829 964 autem
1861 921 2043 961 rursus

473 1023 750 1084 resistens,
781 1018 983 1072 tacebat
1009 1034 1020 1067 :
1045 1025 1096 1068 et
1123 1014 1233 1064 lizec
1263 1009 1396 1062 facta
1425 1015 1549 1060 sunt
1572 1020 1742 1073 usque
1767 1004 1833 1056 ad
1861 1005 2046 1055 horam

474 1125 694 1166 nonam.
745 1111 1024 1175 Postquam
1073 1112 1248 1156 autem
1297 1099 1498 1166 majore
1546 1098 1724 1151 studio
1778 1104 1832 1148 et
1883 1095 2048 1163 magis

475 1203 848 1258 vehementem
908 1198 1130 1251 Domino
1182 1192 1380 1245 obtulit
1438 1190 1778 1253 orationem,
1827 1200 2051 1254 surgens

477 1294 613 1349 dixit
656 1293 914 1347 scelerato
963 1285 1190 1341 dazniuni
1226 1301 1240 1339 :
1271 1283 1386 1337 Non
1429 1281 1522 1336 tibi
1557 1282 1782 1347 impetat
1831 1279 2048 1342 Petrus,

479 1384 573 1442 sed
605 1383 748 1437 Petri
781 1385 914 1435 Deus
945 1398 957 1432 :
993 1377 1260 1446 responde
1289 1391 1436 1446 ergo,
1471 1384 1526 1428 ut
1562 1375 1648 1442 qui
1683 1373 1749 1426 ab
1794 1372 1934 1425 illius
1963 1387 2053 1424 c0-

479 1477 622 1545 garis
671 1473 926 1542 potentia.
980 1471 1261 1523 Ret'eritits
1310 1477 1424 1530 est,
1468 1466 1566 1520 eisi
1615 1464 1686 1519 sit
1733 1465 2051 1531 impudens,

481 1564 810 1634 perniciosos
840 1564 1072 1628 dant-ton,
1104 1559 1274 1614 sancti
1305 1559 1578 1612 lenitatem
1623 1573 1686 1611 ac
1735 1561 2056 1610 moderatio-

480 1673 635 1722 nem;
668 1672 714 1712 ei
750 1672 938 1718 ina-ana
967 1670 1092 1708 usus
1123 1671 1273 1719 νορυ,
1304 1654 1590 1716 clamavit,
1624 1653 1762 1722 quod
1789 1653 1840 1704 in
1876 1664 2057 1706 monte

481 1751 693 1822 quidem
717 1750 922 1804 Amano
949 1758 1263 1801 versaretur.
1283 1748 1412 1799 (lum
1437 1762 1556 1798 eum
1581 1756 1756 1798 autent
1783 1746 2054 1810 vidissent,

2145 528 2248 584 Sed
2299 528 2441 580 illam
2483 524 2697 595 quidam
2723 562 2740 590 ,
2781 535 2901 575 cum
2947 520 3024 574 sic
3064 517 3426 580 decertasset,
3475 513 3725 568 laudibus

2143 620 2428 676 victoriam
2461 616 2882 688 Signiﬁcantibus
2912 629 2976 669 ex
3009 612 3110 666 hac
3140 610 3242 665 vita
3271 607 3619 665 excedentem
3640 617 3727 662 est

2145 723 2485 784 prosecutus.

2217 806 2422 858 ltursus
2451 809 2629 856 autem
2663 810 2890 854 matrem
2924 813 3096 853 meam
3124 838 3138 864 ,
3169 811 3290 852 cum
3324 805 3600 868 postquam
3636 808 3726 850 me

2149 898 2462 967 peperissvt,
2497 902 2639 949 esset
2671 897 2722 948 in
2753 891 2878 960 ipsis
2905 893 3089 946 mortis
3113 887 3317 943 foribus
3341 929 3355 952 ,
3379 904 3406 940 a
3442 898 3726 941 matertera

2148 999 2395 1058 rogatus,
2432 988 2650 1040 veniens
2694 984 2890 1053 eripuit
2920 999 2948 1036 a
2981 982 3169 1037 mortis
3206 979 3472 1034 manilius.
3507 978 3730 1032 .Iacebat

2150 1082 2322 1147 enim,
2354 1093 2410 1133 ut
2441 1083 2617 1145 aiunt,
2647 1079 2866 1132 medicis
2895 1077 3108 1144 quidem
3161 1072 3572 1142 desperantibus
3593 1114 3606 1135 ,
3656 1070 3736 1125 fa-

2151 1177 2446 1230 miliaribus
2474 1187 2649 1228 autern
2680 1172 3106 1238 deplorantibus,
3137 1180 3188 1225 et
3221 1169 3378 1222 liiiein
3412 1177 3726 1236 exspectan-

2153 1269 2315 1331 tibus,
2348 1269 2540 1322 clausis
2571 1269 2757 1328 ocnlis,
2788 1264 2936 1319 febre
2977 1263 3276 1342 vehementi
3312 1260 3578 1321 laborans,
3618 1253 3735 1310 nui-

2156 1361 2263 1415 lum
2295 1377 2361 1414 ex
2393 1372 2532 1413 notis
2563 1374 2877 1427 agnoscens.
2919 1356 3204 1424 Postquam
3255 1365 3432 1407 autem
3476 1353 3619 1404 venit
3649 1347 3741 1416 qui

2157 1453 2452 1516 apOstolico
2478 1461 2530 1504 et
2560 1467 2809 1505 sermone
2839 1451 3086 1516 dignatus
3116 1447 3284 1500 luerat
3317 1455 3369 1500 et
3403 1443 3565 1516 gratia
3594 1483 3607 1504 ,
3643 1452 3696 1496 et
3717 1481 3735 1508 ,

2159 1543 2262 1597 Pax
2299 1543 2410 1606 tibi,
2439 1544 2590 1602 dixit,
2637 1543 2742 1594 filia
2775 1540 2911 1612 (haec
2936 1540 3077 1594 enim
3110 1547 3223 1591 erat
3267 1537 3382 1604 ejus
3427 1529 3704 1602 salutatio)
3729 1569 3745 1595 ,

2160 1634 2352 1687 dicitur
2385 1633 2628 1701 protinus
2657 1643 2709 1686 et
2747 1631 2869 1684 cilia
2897 1630 3164 1692 erexisse,
3189 1639 3241 1682 et
3267 1644 3388 1681 eum
3423 1625 3539 1678 lixis
3567 1623 3743 1676 ociilis

2161 1727 2475 1793 aspexisse,
2527 1736 2578 1778 et
2642 1722 3026 1778 benedictionis
3083 1719 3342 1774 fritctuin'
3382 1718 3743 1771 renuntiasse.

481 1841 674 1910 inquit,
707 1841 762 1893 in
793 1841 894 1902 via,
925 1854 994 1893 ex
1027 1839 1206 1907 aliquo
1240 1837 1384 1890 fonte
1417 1853 1605 1904 aquam
1641 1835 1973 1888 haurientem
2004 1849 2056 1890 et

2179 1820 2449 1888 Postquam
2481 1817 2699 1870 ululavit
2727 1827 2901 1869 autem
2932 1814 3129 1869 chortis
3181 1813 3493 1866 leiiiitiarum
3536 1811 3750 1877 (animi

479 1930 786 1994 bibentem,
827 1931 1075 1982 contendi
1107 1930 1207 1984 hoc
1244 1929 1370 1982 mihi
1423 1944 1632 1981 sumere
1675 1927 2058 1984 habitaculum.

479 2022 588 2078 Sed
628 2021 915 2090 egredere,
965 2022 1136 2089 inquit
1182 2022 1342 2074 homo
1388 2019 1516 2083 Dei,
1569 2034 1634 2071 eo
1671 2020 1757 2086 qui
1810 2035 1902 2087 pra
1933 2021 2062 2073 orbe

482 2121 744 2167 terrarum
773 2121 857 2166 est
885 2113 1170 2166 crucifixus
1193 2154 1207 2178 ,
1241 2113 1345 2165 hui:
1377 2112 1470 2164 tibi
1503 2113 1822 2178 imperante.
1847 2112 2066 2166 Andivit

479 2201 595 2268 ille,
625 2212 678 2256 et
707 2202 856 2274 fugit,
887 2213 936 2256 et
964 2217 993 2257 a
1022 2203 1200 2256 lurore
1231 2204 1363 2256 liber
1387 2214 1689 2256 matertera:
1719 2205 1955 2257 redd.tus
1980 2215 2064 2258 est

480 2293 736 2364 agricola.
768 2294 898 2348 Cum
941 2295 1040 2348 alia
1082 2308 1258 2347 autem
1313 2296 1614 2362 hujusntudi
1660 2295 2064 2350 innumerabilia

481 2389 684 2455 possim
713 2385 777 2440 de
809 2386 962 2440 beata
996 2386 1081 2440 illa
1116 2402 1333 2440 narrare
1363 2387 1562 2450 anima,
1591 2390 1814 2454 plurima
1845 2400 2066 2457 praeter-

482 2475 710 2543 mittam,
732 2483 1111 2546 pertimescens
1133 2479 1268 2547 viilgi
1293 2478 1712 2532 iinbecnliiatetn
1734 2497 1747 2543 ;
1769 2482 1832 2532 ad
1858 2483 2063 2547 seipsos

485 2571 629 2624 enim
678 2570 1026 2640 respicientes
1049 2613 1064 2636 ,
1097 2571 1252 2626 ﬁdem
1289 2589 1390 2626 non
1424 2573 1620 2626 habent
1655 2573 1952 2628 divinorum
1988 2577 2066 2630 vi-

483 2675 665 2717 roruui
691 2665 979 2718 miraculis.
1019 2663 1152 2718 Cum
1202 2683 1363 2718 unum
1411 2679 1589 2720 autem
1636 2668 1719 2721 vel
1749 2670 1854 2722 duo
1883 2686 2068 2724 narra-

483 2771 634 2824 vero,
664 2757 900 2812 transibo
927 2761 990 2811 ad
1021 2757 1182 2836 alium
1213 2761 1490 2816 athletam.

559 2849 688 2906 Erat
709 2849 924 2917 quidam
955 2849 1035 2904 vir
1065 2849 1403 2913 libdinosus,
1433 2865 1519 2926 qui
1545 2851 1908 2918 superioribus
1938 2861 2071 2908 tem—

487 2944 708 3013 poribus
735 2945 924 3008 luerat
963 2944 1068 2997 dux
1103 2944 1323 2998 militiae.
1373 2943 1556 2997 Puella
1603 2953 1781 2996 autem
1825 2945 2071 3012 quedam

485 3035 732 3105 innupta,
765 3038 857 3092 sed
891 3038 1107 3104 nubilis,
1137 3053 1252 3107 quc
1283 3035 1398 3105 ejus
1426 3037 1646 3090 subetat
1677 3038 1946 3105 dominio,
1993 3055 2075 3094 rc-

490 3131 615 3188 licta
648 3143 819 3187 matre
847 3140 903 3186 et
931 3133 1072 3194 suis,
1099 3133 1226 3201 liigit
1257 3132 1308 3185 iii
1343 3148 1410 3196 qu
1439 3131 1605 3184 'dtia’ll
1637 3146 1943 3200 gviiieceum
1969 3178 1982 3200 ,
2017 3133 2069 3187 in

2165 1913 2306 1965 enim
2334 1927 2498 1978 angor
2519 1922 2569 1963 et
2602 1909 2783 1962 lmtitia
2813 1910 2968 1962 simul
2996 1917 3152 1961 erant
3176 1905 3483 1968 commixta,
3507 1911 3562 1956 et
3587 1914 3753 1954 causa

2165 2013 2315 2056 erant
2361 2003 2498 2055 illius
2547 1999 2966 2070 vocd'erationis)
2995 2039 3011 2065 ,
3048 2000 3288 2068 pra-cipit
3332 1996 3490 2048 homo
3541 1993 3756 2048 divinus

2167 2104 2224 2147 ut
2248 2109 2325 2149 ea:
2355 2109 2538 2146 omnes
2563 2096 2666 2147 sint
2691 2097 2852 2147 socia:
2877 2092 2995 2162 ejus
3021 2089 3299 2145 orationis.
3322 2089 3408 2145 Sic
3437 2091 3580 2143 enim
3608 2087 3758 2140 dice-

2171 2187 2255 2238 liat
2279 2189 2436 2240 etiam
2456 2186 2732 2240 'l‘aliiihatn
2762 2186 2922 2240 fuis~e
2944 2188 3166 2240 salutem
3193 2200 3372 2238 consei
3393 2195 3557 2248 utam,
3581 2179 3758 2235 viduis

2167 2278 2380 2347 quidem
2430 2279 2772 2344 dedentibus,
2819 2293 3012 2348 magno
3067 2289 3244 2330 autem
3293 2277 3451 2330 Petro
3498 2273 3763 2328 oll'erente

2171 2368 2280 2422 Deo
2312 2371 2519 2422 illorum
2553 2373 2812 2440 Iacryinas
2835 2370 2974 2437 (Art.
3007 2369 3106 2438 1x)‘.
3157 2367 3391 2422 Precatze
3417 2379 3539 2422 sunt
3573 2367 3764 2435 utjus-

2169 2460 2258 2525 sit,
2289 2473 2343 2516 et
2372 2473 2694 2531 acceperunt
2722 2472 2775 2515 ut
2807 2462 3074 2531 praedixit.
3104 2460 3233 2516 Nam
3265 2476 3382 2514 cum
3419 2463 3578 2515 linem
3604 2477 3762 2517 acce-

2173 2556 2334 2624 pisset
2362 2557 2533 2609 oratiu
2557 2598 2570 2621 ,
2605 2557 2821 2610 mai-bus
2854 2572 3064 2624 quoque
3098 2559 3258 2610 linem
3291 2558 3437 2625 cepit
3463 2573 3477 2610 :
3508 2567 3564 2610 et
3593 2556 3761 2614 sudor

2174 2658 2394 2716 repente
2429 2648 2574 2701 lluin
2608 2664 2676 2703 ex
2710 2659 2821 2704 toto
2850 2665 3107 2718 corpore,
3154 2661 3210 2705 et
3261 2652 3397 2719 ignis
3425 2650 3527 2705 .ille
3555 2661 3636 2705 est
3667 2666 3762 2706 ex-

2172 2742 2422 2806 stinctus,
2450 2751 2504 2795 et
2527 2744 2771 2795 sanitatis
2801 2744 2948 2813 signa
2973 2753 3354 2812 apparuerunt.
3386 2743 3534 2798 Talia
3559 2743 3760 2799 nOStris

2174 2850 2385 2904 quoque
2418 2837 2749 2903 temporibus
2777 2851 2872 2906 per
2895 2851 3020 2891 suos
3051 2851 3240 2892 servos
3279 2838 3575 2893 benevolos
3620 2837 3762 2894 Deus

2178 2927 2303 2982 fecit
2335 2928 2610 2981 miracula.

2247 3018 2416 3087 Hujus
2447 3035 2658 3090 quoque
2688 3020 2913 3076 vestium
2946 3021 3255 3088 superﬁcies
3295 3031 3510 3092 operata
3560 3028 3645 3076 est
3692 3022 3768 3077 si-

2179 3112 2375 3165 militer
2423 3122 2579 3181 atque
2627 3113 2942 3166 divinissiini
2995 3113 3161 3167 Pauli.
3211 3114 3321 3168 lloc
3361 3125 3536 3170 autem
3571 3114 3766 3182 posui,

490 3238 598 3293 quo
626 3235 740 3278 erat
768 3233 940 3278 emtas
970 3224 1312 3276 athletarum.
1347 3223 1634 3277 Decet-tant
1677 3224 1815 3276 enim
1865 3225 2073 3279 femina:
2109 3202 2154 3264 C
2186 3219 2288 3256 mm
2321 3214 2472 3257 "iens
2505 3205 2679 3274 3“‘l'la
2726 3204 3046 3276 ¹¹Υί⁹θτδ⁴¹θν
3081 3206 3172 3260 sed
3212 3208 3637 3262 comemiemem
3667 3208 3768 3262 ha‘

490 3331 705 3389 quoque
733 3317 980 3370 similiter
1007 3329 1166 3383 atque
1193 3317 1311 3378 viri,
1339 3327 1393 3368 et
1416 3316 1741 3369 descendant
1771 3318 1820 3370 in
1842 3319 2072 3371 stadium

491 3410 727 3468 virtutis.
771 3410 902 3463 Cum
939 3408 1095 3476 hujus
1146 3408 1318 3476 fugam
1369 3406 1644 3461 didici~set
1691 3408 1798 3462 dux
1841 3410 2072 3478 militiae,

494 3510 720 3555 matrem
753 3499 930 3568 ﬂagris
955 3499 1171 3561 cecidit,
1199 3508 1251 3552 et
1282 3499 1469 3562 v:nxit,
1501 3513 1599 3552 nec
1630 3514 1744 3552 eam
1777 3501 1920 3568 prius
1945 3501 2080 3556 emi-

497 3593 568 3648 sit
595 3607 626 3644 e
656 3592 898 3652 vinculis,
930 3606 1088 3660 quam
1123 3590 1492 3656 religiosaruin
1527 3591 1810 3645 mulierum
1843 3593 2081 3648 ostendit

500 3681 884 3736 habitaculum.
935 3684 1038 3736 Sua
1087 3685 1260 3746 itaque
1305 3695 1431 3734 usus
1480 3682 1666 3747 rabie,
1713 3683 1861 3737 illinc
1907 3693 2086 3753 rapuit

503 3775 752 3845 puellam,
781 3784 835 3829 et
864 3774 1082 3828 domum
1104 3789 1254 3826 suam
1280 3774 1523 3839 reduxit;
1555 3784 1607 3827 et
1635 3779 1871 3844 speravit
1899 3776 2085 3832 inlelix

503 3881 561 3920 se
589 3882 739 3922 suam
771 3867 1110 3934 espletutum
1160 3866 1454 3922 libidinem.
1505 3867 1610 3922 Sed
1655 3869 1742 3937 qui
1796 3872 2003 3941 magnis
2032 3880 2087 3926 et

501 3960 662 4016 malis
693 3962 1074 4015 tentationibus
1103 3961 1169 4016 de
1198 3961 1330 4017 Sara
1373 3978 1539 4017 uxore
1588 3963 1818 4019 Abrahae
1868 3965 2088 4020 tentavit

503 4053 874 4117 Pharaonem,
903 4063 958 4107 et
1004 4055 1248 4121 pudicam
1298 4057 1572 4110 mulierem
1618 4059 1956 4111 ciitiservavit
2004 4058 2087 4112 in-

502 4152 733 4210 tactam;
760 4152 812 4198 et
837 4144 926 4214 qui
959 4144 1263 4199 Sodomitas
1289 4149 1553 4212 percussit
1581 4147 1841 4210 caacitate,
1873 4147 1963 4216 qui
1992 4163 2088 4202 eos

503 4231 594 4302 qui
624 4242 779 4288 erant
809 4233 1114 4301 incorporei
1157 4236 1394 4304 aggressi
1431 4234 1638 4288 luerunt
1660 4275 1673 4298 ,
1713 4246 1961 4303 tanquiin
1995 4237 2091 4290 lio-

505 4328 694 4397 spites,
728 4327 975 4383 iiisectari
1009 4328 1383 4392 contumeliis,
1428 4328 1473 4383 is
1515 4344 1636 4384 cuin
1683 4329 1838 4398 hujus
1874 4330 2087 4385 vivendi

504 4427 754 4473 Virtutem
791 4421 1144 4486 percussisset
1173 4422 1430 4482 caecitate,
1461 4420 1639 4475 ellecit
1667 4433 1721 4473 ut
1761 4424 1934 4490 praeda
1961 4438 2089 4476 eva-

507 4515 662 4568 deret
690 4530 719 4567 c
750 4514 994 4568 manibus
1020 4529 1036 4570 :
1065 4523 1118 4568 et
1146 4513 1259 4580 ipse
1291 4513 1502 4582 quidem
1534 4513 1806 4582 ingressus
1837 4515 2009 4570 fuerat
2037 4518 2087 4570 in

2187 3297 2317 3350 bens
2369 3297 2514 3350 dicto
2566 3297 2866 3351 veritatem.
2912 3298 3042 3352 Nam
3091 3315 3211 3352 cum
3266 3300 3531 3367 propriam
3580 3315 3772 3354 zonam

2187 3391 2458 3444 divisisset
2487 3395 2535 3444 in
2565 3392 2693 3444 duas
2727 3403 2901 3460 partes
2935 3393 2951 3458 (
2978 3402 3093 3448 erat
3129 3408 3308 3446 au'em
3341 3394 3444 3447 lata
3475 3403 3525 3448 et
3569 3393 3724 3463 longa
3751 3435 3768 3456 ,

2188 3499 2252 3538 ex
2285 3499 2467 3537 crasso
2497 3485 2604 3537 lino
2635 3483 2922 3552 cciitexta')
2957 3485 3112 3554 hujus
3144 3485 3356 3555 quidem
3389 3485 3611 3539 dimidio
3643 3500 3773 3541 suos

2191 3575 2400 3630 lumbos
2429 3615 2442 3639 ,
2487 3575 2655 3628 altero
2695 3591 2819 3628 vero
2863 3591 3009 3630 meos
3057 3578 3244 3631 cinxit.
3291 3577 3435 3630 llanc
3474 3593 3595 3632 cum
3628 3593 3776 3647 stepe

2189 3674 2402 3744 quidem
2437 3673 2565 3725 iiiilti
2597 3673 2874 3737 argrotanti
2905 3683 3073 3726 mater
3101 3674 3467 3739 impo~uisset,
3499 3689 3645 3743 sape
3677 3689 3771 3729 au-

2192 3770 2298 3819 tem
2353 3765 2484 3832 patri
2516 3778 2760 3832 quopie,
2808 3766 3048 3818 mnibum
3096 3766 3291 3832 exegit.
3333 3767 3635 3834 Quinetiam
3661 3770 3773 3837 ipsa

2189 3871 2400 3927 quoque
2458 3858 2556 3910 hoc
2608 3857 2993 3910 medicamento
3043 3873 3185 3924 Sinite
3243 3874 3335 3913 usa
3391 3871 3472 3914 est
3511 3861 3576 3914 ad
3626 3862 3772 3916 sani-

2194 3959 2374 4004 tatem.
2407 3949 2550 4002 Μυῖιὶ
2584 3960 2757 4003 autem
2785 3964 2848 4004 ex
2883 3949 3021 4005 notis
3049 3968 3257 4021 quoque
3280 3968 3398 4006 cum
3427 3953 3528 4008 hnc
3549 3955 3772 4010 didicis-

2192 4053 2344 4106 sent,
2375 4042 2590 4095 assidue
2633 4042 2696 4094 ad
2749 4041 3025 4096 ferendum
3079 4046 3294 4111 :egrotis
3324 4045 3487 4116 825
3521 4049 3777 4104 auxilium

2194 4134 2327 4189 hanc
2376 4150 2560 4188 zonam
2609 4135 2978 4202 accipiebant,
3041 4143 3093 4188 et
3147 4136 3341 4205 tibique
3397 4137 3539 4190 illius
3595 4140 3783 4208 gratia

2193 4230 2505 4284 ostendebat
2541 4233 2926 4297 operationem.
2955 4231 3088 4284 Cum
3125 4233 3336 4299 quidam
3372 4235 3449 4287 sic
3476 4247 3596 4288 eam
3625 4249 3784 4290 acce-

2196 4323 2376 4391 pi-set,
2413 4323 2634 4391 privavit
2662 4339 2754 4377 eos
2777 4323 2863 4392 qui
2892 4324 3220 4378 donaverant
3241 4367 3254 4390 ,
3287 4325 3339 4378 iii
3369 4339 3464 4380 eos
3491 4326 3578 4391 qui
3604 4327 3778 4394 ipsum

2195 4417 2451 4473 beneficio
2470 4419 2757 4474 alfeceraut
2785 4437 2841 4474 se
2871 4422 3132 4488 ingratum
3158 4423 3466 4476 ostendens.
3484 4423 3593 4476 lloc
3613 4423 3776 4478 modo

2195 4511 2388 4566 luimus
2417 4513 2508 4566 illo
2538 4514 2679 4568 dono
2718 4515 2919 4568 nudati.
2953 4516 3084 4569 Cum
3130 4516 3209 4571 sic
3237 4517 3653 4583 resplenduisset
3676 4557 3692 4582 ,
3726 4525 3782 4572 et

507 4609 821 4675 thalamum,
853 4610 941 4664 illa
972 4618 1146 4663 autem
1178 4624 1296 4677 qua:
1329 4610 1471 4663 intus
1509 4609 1930 4672 custodiebatur,
1966 4628 2084 4666 mox
2124 4601 2172 4660 Ι)
2200 4604 2361 4657 radiis
2396 4605 2727 4659 Antiochiam
2779 4606 3098 4662 illustraSset
3123 4650 3137 4674 ,
3171 4609 3433 4662 abductus
3477 4609 3574 4662 luit
3609 4626 3637 4663 a
3669 4625 3787 4664 cer-

507 4703 638 4756 exiit
663 4713 713 4757 et
740 4704 958 4757 evanuit
987 4716 1050 4756 ex
1082 4702 1272 4763 oculis,
1303 4709 1357 4753 et
1378 4701 1442 4753 ad
1469 4701 1705 4754 maxime
1732 4702 2087 4768 expetendum

509 4794 748 4858 pervenit
779 4793 1158 4845 habitaculum.
1188 4790 1276 4844 Sic
1302 4806 1420 4843 cum
1452 4791 1728 4844 didicisset
1773 4793 2000 4844 stolidus
2031 4808 2091 4847 se

512 4900 619 4937 non
643 4899 762 4939 esse
786 4901 901 4938 eam
934 4894 1308 4952 superaturum
1339 4900 1456 4953 qum
1501 4885 1664 4938 Deum
1698 4901 1951 4948 sponsum
1987 4886 2098 4940 ele-

509 4973 688 5043 gisset,
720 4986 938 5028 coactus
965 4984 1047 5029 est
1077 4976 1372 5050 quiescere,
1407 4989 1523 5027 eam
1558 4990 1674 5042 quae
1702 4986 1852 5042 capta
1884 4977 2058 5030 fuerat
2079 5017 2093 5040 ,

511 5079 562 5118 et
592 5066 768 5120 divina
803 5076 1062 5132 potestate
1091 5073 1371 5128 evaserat,
1403 5082 1504 5118 non
1530 5068 1759 5134 amplius
1791 5068 2090 5136 requirens.

516 5159 640 5214 ll:ec
672 5169 913 5226 tempore
944 5161 1264 5227 procedente
1296 5159 1345 5212 in
1375 5173 1593 5227 gravem
1620 5160 1864 5213 morbum
1897 5159 2096 5214 incide—

516 5262 630 5318 rat;
660 5252 876 5305 tnorhus
905 5262 1081 5306 autem
1112 5263 1227 5306 erat
1247 5267 1462 5316 cancer,
1496 5269 1613 5305 (tllll
1646 5254 1878 5308 mamilla
1913 5265 2091 5308 autem

523 5343 698 5396 inﬂata
730 5344 883 5397 dolor
909 5358 1121 5412 quoque
1143 5344 1439 5399 cre-cehat.
1465 5343 1570 5400 Sed
1597 5361 1844 5413 magnum
1873 5346 2099 5399 vocabat

516 5436 755 5500 Petrum,
786 5453 903 5491 cum
927 5436 1081 5490 dolor
1111 5447 1256 5492 esset
1290 5439 1834 5500 vehementiSsimus;
1865 5448 1916 5491 ct
1947 5438 2095 5492 ilice-

516 5528 645 5593 liat,
690 5543 838 5581 sacra
884 5529 972 5582 illa
1003 5544 1131 5583 voce
1164 5529 1400 5584 inaures
1440 5546 1568 5585 snas
1613 5531 1890 5592 immissa,
1928 5539 2095 5583 totum

515 5618 666 5675 illum
697 5621 859 5688 sopiri
891 5621 1150 5684 dolorem,
1181 5632 1236 5676 et
1267 5624 1468 5676 nullum
1498 5622 1696 5676 exhinc
1721 5637 1938 5677 sensum
1973 5637 2101 5675 sen-

518 5716 620 5772 tire
652 5719 931 5774 molestiae.
964 5721 1036 5772 Ea
1060 5719 1128 5773 de
1150 5732 1307 5772 causa
1336 5735 1454 5772 cum
1486 5730 1772 5770 accersens
1800 5756 1813 5780 ,
1847 5714 2097 5784 frequen-

519 5813 626 5868 tius
656 5814 955 5884 accipiebat
977 5811 1416 5868 consolationem.
1449 5810 1668 5866 Dicebat
1692 5809 1832 5863 enim
1867 5816 1979 5863 tuto
2005 5808 2100 5865 illo

2203 4695 2509 4763 taminibiis,
2536 4707 2851 4766 exspectans
2877 4712 3130 4753 coronam
3172 4715 3290 4770 qua:
3315 4711 3399 4755 est
3436 4702 3669 4770 reposita
3705 4706 3786 4756 vi-

2201 4788 2456 4842 ctoribus.

2275 4882 2386 4952 Ego
2409 4893 2604 4945 autem,
2630 4880 2801 4948 cujus,
2829 4880 2955 4936 dum
2977 4882 3150 4936 adhuc
3175 4891 3318 4937 esset
3343 4895 3638 4951 superstes,
3661 4899 3786 4954 per-

2205 4977 2320 5044 cepi
2347 4976 2799 5041 benedictionem,
2833 4991 2893 5029 ea
2927 4986 2980 5029 ut
3005 4992 3143 5030 nunc
3170 4992 3382 5046 quoque
3423 4978 3568 5032 fruar
3598 4993 3785 5047 preca-

2208 5077 2312 5133 tus,
2337 5068 2495 5122 linem
2528 5068 2798 5136 imponam
2827 5067 2947 5121 huic
2975 5069 3288 5124 narrationi.

2833 5161 3059 5216 CAl’U'l‘
3102 5161 3167 5217 Χ.

2756 5267 3080 5310 rasososws
3114 5252 3249 5324 (55).

2275 5345 2446 5399 Rosus
2473 5351 2555 5398 est
2586 5343 2842 5408 oppidum
2872 5346 3092 5410 Ciliciae,
3119 5364 3147 5398 a
3178 5349 3366 5401 dextra
3390 5347 3436 5402 ei
3458 5348 3550 5419 qui
3575 5349 3789 5418 navigat

2207 5438 2260 5492 in
2289 5445 2504 5504 pontum
2529 5435 2796 5489 Cilicium.
2830 5437 2995 5506 l-lnjiis
3025 5438 3090 5492 ad
3118 5437 3391 5493 Orientem
3423 5449 3476 5493 et
3512 5441 3786 5496 Meridiem

2205 5540 2462 5584 estmons
2490 5528 2645 5591 alius,
2678 5530 2964 5597 spatiosus,
3004 5536 3061 5582 et
3113 5531 3420 5596 umbrosus,
3469 5532 3566 5586 alit
3608 5543 3789 5590 autem

2208 5621 2346 5673 feras
2395 5621 2447 5673 iii
2491 5621 2817 5674 nemoribus.
2854 5620 2909 5674 lii
2957 5634 3022 5674 eo
3049 5636 3169 5675 cum
3222 5623 3503 5691 quemdam
3544 5625 3610 5680 ad
3643 5641 3791 5682 mare

2207 5723 2514 5783 vergentem
2564 5716 2738 5770 lucum
2772 5716 3065 5772 invenisset
3121 5732 3342 5790 magnus
3381 5730 3434 5774 ct
3464 5721 3622 5792 vulgo
3648 5726 3790 5779 cele-

2206 5809 2391 5864 bratus
2413 5807 2766 5876 Theodosius,
2792 5809 3019 5879 quadam
3038 5809 3245 5867 modica
3266 5820 3532 5869 exstructa
3556 5814 3788 5871 doinuns
