4052 6362
300 376 361 435 6i
1394 372 1859 442 PHILOTHEUS,
1903 391 2017 432 ειη
2058 377 2506 436 THEthlllLES.
3491 384 3561 439 62

307 491 449 557 eula,
473 489 839 563 evangelicum
869 489 1079 547 vivendi
1102 491 1398 548 institutum
1416 493 1563 548 solus
1591 492 1876 561 amplecte-
1905 491 1955 550 A
1983 495 2147 564 utqui
2178 495 2512 564 navigabant,
2536 503 2589 551 et
2618 496 2739 566 plus
2758 511 2915 567 quam
2943 497 3092 553 mille
3111 498 3297 557 stadiis
3314 499 3560 568 aberant.

302 585 477 648 batur,
503 583 584 640 vir
614 584 869 638 oriundus
897 584 1112 653 quidem
1136 585 1676 654 Antiochia,insignis
1702 595 1881 639 autem

302 676 548 732 claritate
575 676 786 745 generis
822 693 835 729 :
861 677 955 731 sed
987 686 1162 731 tamen
1190 686 1242 733 et
1266 677 1449 742 domo,
1473 685 1527 731 et
1542 676 1878 746 cognatione,

311 780 364 826 et
394 770 639 823 omnibus
659 769 777 824 aliis
806 770 1030 835 relictis,
1074 770 1533 838 pretiosissimam,
1567 780 1621 823 ut
1650 782 1880 838 evange-

310 862 410 917 lice
438 862 633 929 dicam,
665 863 797 917 emit
818 863 1155 931 margaritam
1178 860 1394 931 (Matth.
1421 868 1558 930 xm).
1582 863 1657 914 Ac
1678 860 1743 914 de
1763 858 1883 929 ejus

310 954 526 1024 quidem
557 970 585 1007 a
608 954 729 1009 cibo
757 955 1101 1021 abstinentia,
1139 956 1483 1024 et,qnomodo
1535 955 1678 1013 humi
1700 1004 1706 1009 .
1726 953 1883 1009 cuba-

303 1056 409 1112 ret,
440 1055 492 1100 et
523 1046 695 1100 cilicio
724 1047 1054 1112 indueretur,
1097 1062 1550 1116 supervacaneum
1595 1057 1676 1100 est
1703 1046 1881 1101 dicere

302 1136 369 1192 iis
395 1138 482 1205 qui
505 1138 616 1205 ejus
641 1138 819 1191 vident
840 1139 1130 1208 discipulos
1151 1150 1204 1194 et
1234 1140 1468 1205 sodales,
1486 1147 1539 1193 et
1558 1140 1612 1193 in
1639 1138 1718 1193 eis
1737 1151 1880 1191 eam-

302 1227 423 1280 dem
468 1239 693 1281 ccrnunt
739 1229 946 1282 vivendi
999 1229 1247 1285 formant.
1284 1231 1405 1285 Ηιυρ
1434 1240 1606 1284 tamen
1639 1230 1727 1284 ttle
1754 1228 1880 1283 insi-

300 1317 476 1385 gniter
528 1319 960 1388 persequebatur,
1019 1330 1075 1375 ut
1120 1323 1210 1392 qui
1266 1323 1500 1390 seipsum
1552 1320 1879 1375 certantibus

299 1412 573 1478 exemplar
598 1423 936 1479 proponeret.
992 1416 1083 1469 llis
1125 1428 1303 1470 autem
1335 1415 1618 1484 adjiciebat
1647 1418 1878 1471 ferreum

299 1521 435 1560 onus
465 1508 604 1560 collo
632 1520 685 1561 et
711 1510 903 1563 lumbis
935 1520 982 1564 et
1010 1511 1264 1565 ambabus
1296 1513 1559 1566 manibus.
1594 1512 1761 1566 Porro
1781 1526 1880 1566 att-

299 1609 405 1654 tem
437 1602 674 1668 gestabat
702 1616 912 1671 quoque
960 1618 1164 1658 comam
1209 1606 1504 1668 sordidam,
1564 1614 1617 1659 et
1665 1620 1785 1674 quae
1814 1604 1879 1659 ad

298 1690 446 1758 ipsos
483 1707 650 1761 usque
675 1695 837 1761 pedes
871 1695 1297 1763 pertingehat,et
1323 1697 1542 1749 ulterius
1570 1697 1728 1751 etiam
1760 1709 1879 1766 pro-

299 1786 666 1856 giedicbatur,
698 1798 747 1841 et
776 1791 896 1842 ideo
922 1799 1039 1844 erat
1064 1790 1254 1843 lumbis
1286 1788 1402 1859 ejus
1431 1790 1657 1859 alligata.

1985 584 2152 640 Deum
2186 586 2467 641 Theodosii
2512 590 2819 643 invocarent
2858 593 2910 643 in
2978 591 3246 660 periculis,
3284 602 3340 648 et
3384 592 3562 649 Tbeo-

1983 676 2124 730 dosii
2152 678 2510 746 appellatione
2537 680 2785 735 sedarent
2810 691 3201 750 tempestatem.
3228 685 3361 739 Eum
3390 686 3559 741 auda-

1982 784 2074 826 ces
2101 786 2312 839 quoque
2347 781 2401 826 et
2449 775 2707 827 immanes
2766 776 2945 830 hostes
2995 787 3116 831 sunt
3177 778 3416 842 reveriti.
3468 780 3561 848 qui

1983 863 2267 916 maximam
2289 861 2522 917 Orientis
2545 874 2746 930 partem
2771 876 2891 919 sunt
2914 866 3245 935 depopulati.
3269 867 3397 933 Quis
3414 870 3559 923 enim

1982 966 2047 1006 ex
2077 951 2141 1005 iis
2156 952 2246 1020 qui
2271 951 2321 1005 in
2355 961 2539 1005 nostro
2560 952 2836 1008 habitabili
2858 955 2986 1009 orbe
3010 966 3269 1011 terrarum
3296 956 3557 1026 habitant,
3582 1002 3583 1005 η

1982 1059 2088 1098 non
2120 1043 2393 1099 auditione
2420 1044 2626 1112 accepit
2654 1058 2715 1098 ea
2747 1060 2864 1113 quae
2893 1046 2983 1101 illo
3007 1057 3247 1115 tempore
3273 1047 3409 1103 facta
3437 1062 3562 1104 sunt

1985 1133 2054 1187 ab
2087 1134 2149 1187 iis
2179 1134 2267 1201 qui
2309 1134 2435 1187 olim
2481 1133 2693 1202 quidem
2739 1133 2962 1204 Solymi,
3016 1151 3158 1191 nunc
3184 1147 3361 1193 autem
3392 1139 3563 1193 nomi-

1981 1234 2175 1279 uantur
2208 1223 2410 1278 Isauri?
2438 1224 2514 1278 llli
2541 1233 2718 1279 tamen
2742 1227 2830 1294 qui
2855 1241 2955 1282 nec
2981 1227 3177 1297 oppido
3206 1243 3305 1282 nec
3326 1228 3445 1282 vico
3471 1244 3563 1298 pe-

1982 1326 2290 1387 percerunt,
2323 1325 2379 1371 et
2406 1334 2738 1386 quaecunque
2769 1333 2959 1387 capere
3004 1330 3306 1388 potuerunt,
3331 1322 3562 1390 diripue-

1981 1420 2107 1465 runt
2128 1421 2181 1465 et
2211 1411 2318 1479 igni
2347 1411 2754 1474 mandaverunt,
2795 1424 2917 1466 sunt
2950 1413 3094 1467 illam
3149 1415 3360 1468 reveriti
3390 1415 3562 1483 philo-

1984 1503 2265 1571 sOphiam;
2297 1513 2350 1558 et
2376 1519 2495 1558 cum
2527 1504 2867 1559 solummodo
2897 1520 3086 1573 panem
3110 1506 3403 1574 petiissent,
3431 1517 3485 1563 et
3505 1517 3562 1562 ut

1983 1610 2078 1665 pro
2103 1610 2163 1651 se
2192 1605 2411 1652 orarent
2434 1597 2850 1665 significassent,
2881 1596 3009 1650 illud
3043 1598 3266 1651 illaesum
3294 1600 3562 1667 reliquere

1983 1690 2391 1754 monasterium,
2413 1689 2573 1757 idque
2604 1703 2704 1741 non
2738 1687 2925 1754 semel,
2955 1689 3043 1743 sed
3063 1688 3219 1743 etiam
3253 1690 3333 1743 bis
3360 1690 3558 1745 fecere.

1984 1778 2154 1835 Veriti
2185 1788 2362 1835 tamen
2396 1779 2650 1847 praesides
2678 1779 3050 1844 ecdesiarnm,
3101 1796 3168 1836 ne
3197 1784 3434 1850 pecunia:
3468 1796 3560 1837 cu-

380 1882 761 1947 “(-precalione
806 1892 982 1935 autem
1010 1892 1065 1936 ei,
1098 1883 1384 1952 hymnodia
1437 1894 1593 1938 ιιιεηε
1642 1883 1877 1951 assidue,
1910 1870 1956 1928 Β
1985 1872 2205 1943 piditate
2235 1873 2340 1925 illis
2392 1872 2635 1928 barbaris
2675 1888 2704 1925 a
2736 1872 2950 1927 diabolo
2994 1872 3250 1939 immissa,
3296 1874 3560 1943 captivum

297 1972 662 2039 cupiditatem,
724 1979 777 2025 et
820 1972 976 2037 iram,
1000 1978 1064 2040 get
1086 1973 1467 2044 arrogantiam,
1491 1982 1545 2028 et
1565 1975 1698 2029 alias
1718 1973 1878 2028 animi

301 2062 505 2117 belluas
536 2064 800 2131 sapiebat.
836 2063 1068 2118 Labores
1091 2073 1267 2120 autem
1314 2081 1526 2134 semper
1571 2081 1770 2135 augens
1804 2067 1883 2123 la-

299 2151 542 2213 boribus,
571 2153 985 2221 persequebatur
1014 2169 1132 2208 eam
1162 2170 1375 2224 quoque
1398 2172 1518 2224 quae
1551 2158 1794 2212 manibus
1825 2157 1883 2213 fit

306 2246 676 2314 Operationem
712 2260 729 2300 :
759 2262 898 2300 nunc
927 2247 1143 2317 quidem
1171 2249 1451 2317 sportellas
1468 2261 1881 2319 qum-vocantur,

300 2347 356 2393 et
409 2337 673 2392 vimineas
723 2330 897 2393 crates
952 2347 1275 2405 contexens;
1328 2355 1469 2395 nunc
1517 2349 1691 2395 autem
1721 2354 1882 2410 parva

300 2432 503 2502 praedia
536 2433 587 2485 iu
616 2430 755 2485 saltu
781 2431 1022 2487 efficiens
1051 2431 1188 2502 (56),
1221 2443 1274 2487 et
1301 2434 1501 2487 semina
1530 2434 1805 2499 dejiciens,
1829 2442 1884 2488 et

304 2523 455 2577 illinc
482 2533 736 2591 quantum
770 2524 935 2577 victui
963 2528 1092 2578 satis
1120 2532 1266 2579 esset
1294 2524 1566 2592 colligens.
1595 2524 1880 2593 P05tquam

300 2623 481 2668 autem
515 2615 838 2683 procedente
869 2625 1108 2684 tempore
1136 2614 1253 2684 ejus
1270 2612 1408 2669 fama
1433 2617 1668 2683 pervasit
1689 2616 1739 2670 in
1768 2631 1881 2671 om-

300 2719 427 2760 nem
484 2715 710 2775 partem,
767 2706 919 2761 multi
972 2706 1150 2762 multis
1196 2722 1258 2761 ex
1294 2707 1426 2761 locis
1470 2707 1879 2771 concurrebant,

303 2796 424 2867 ejus
445 2809 497 2852 et
531 2797 897 2865 habitationis,
926 2809 980 2852 et
1006 2798 1220 2865 laboris,
1251 2808 1304 2853 et
1350 2799 1579 2853 instituti
1608 2814 1726 2854 isse
1753 2800 1883 2853 socii

301 2892 583 2961 cupientes
615 2908 626 2942 :
653 2906 785 2961 quos
811 2892 1021 2961 quidem
1053 2893 1349 2960 excipiens,
1369 2892 1435 2946 at]
1454 2893 1697 2946 eamdem
1722 2895 1881 2946 vitam

300 2982 626 3038 deducebat.
656 2984 724 3059 Et
753 2983 931 3037 videre.
953 2983 1147 3037 licebat
1171 2986 1305 3038 alios
1348 2983 1565 3051 quidem
1592 2985 1727 3049 vela,
1754 2984 1885 3038 alios

300 3088 434 3131 vero
476 3092 661 3146 sagum
708 3092 779 3131 ex
832 3076 1060 3143 pellibus
1088 3085 1362 3143 texentes;
1396 3075 1530 3131 alios
1557 3091 1687 3131 vero
1713 3084 1885 3132 crates

302 3170 566 3227 Vimineas
598 3169 680 3223 vel
704 3168 991 3237 sportellas
1018 3178 1420 3234 connectentes,
1454 3169 1586 3223 alios
1623 3183 1751 3222 vero
1774 3177 1883 3223 ter-

1980 1965 2338 2019 abduceretur
2369 1981 2618 2032 magnum
2649 1966 2780 2020 illud
2813 1966 2990 2020 lumen
3038 1975 3177 2035 terat
3205 1967 3349 2021 enim
3375 1965 3562 2022 verisi-

1981 2058 2109 2112 mile
2139 2057 2250 2112 fore
2280 2063 2339 2110 ut
2378 2073 2564 2125 magna
2605 2058 2686 2113 vis
2727 2059 2969 2127 pecunias
3012 2058 3077 2112 ad
3120 2073 3242 2113 eum
3296 2057 3562 2114 redimen-

1982 2149 2109 2205 dutn
2142 2149 2600 2204 transmitteretur
2626 2152 2694 2203 ab
2725 2151 2972 2204 omnibus
3000 2150 3087 2218 qui
3136 2149 3332 2205 habent
3374 2150 3426 2205 in
3461 2150 3562 2206 ho-

1983 2258 2114 2298 nore
2137 2258 2221 2297 res
2244 2242 2498 2311 divinas),
2524 2241 2573 2296 ei
2598 2242 2918 2309 persuadent
2936 2242 3101 2311 826
3122 2248 3180 2295 ut
3210 2256 3270 2296 se
3292 2240 3564 2298 conferret

1986 2340 2353 2396 Antiochiam.
2384 2339 2500 2395 .latn
2537 2340 2679 2412 enim
2710 2343 2951 2409 captivos
2980 2352 3232 2409 ceperant
3259 2342 3394 2397 duos
3427 2355 3564 2409 prae-

1983 2433 2128 2489 sides
2157 2433 2535 2496 ecclesiarum;
2581 2447 2675 2488 eos
2702 2432 2915 2501 quidem
2967 2435 3114 2489 omni
3154 2434 3315 2489 officii
3359 2446 3558 2505 genere

1987 2537 2113 2582 sunt
2138 2527 2439 2595 prosecuti;
2473 2541 2595 2581 eum
2620 2536 2796 2580 autem
2838 2527 3236 2595 quatuordecim
3277 2528 3443 2581 millia
3471 2540 3565 2581 au-

1986 2633 2203 2673 reorum
2237 2633 2334 2688 pro
2359 2621 2599 2688 utrisque
2624 2617 2984 2687 accepissent;
3012 2619 3365 2687 permiserunt
3398 2626 3456 2674 ut
3478 2632 3566 2672 re-

1988 2710 2170 2765 dirent
2198 2725 2305 2780 quo
2340 2711 2557 2764 vellent.
2592 2710 2874 2779 Postquam
2905 2718 3082 2764 autem
3117 2711 3357 2777 pervenit
3382 2709 3567 2764 Antio-

1986 2803 2190 2868 chiam,
2227 2803 2486 2857 habitavit
2514 2803 2727 2870 quidem
2758 2803 2807 2856 in
2841 2802 3149 2859 habitaculo
3175 2801 3315 2870 quod
3365 2800 3569 2856 invenit

1988 2898 2151 2952 situm
2188 2912 2351 2965 prope
2375 2897 2619 2959 fluvium,
2643 2911 2830 2951 omnes
2852 2904 3029 2950 autem
3058 2895 3219 2949 traxit
3245 2893 3310 2949 ad
3333 2894 3567 2963 seipsum

1987 2990 2075 3058 qui
2103 2989 2277 3042 sciunt
2309 2988 2429 3040 talia
2456 2987 2735 3054 colligere.

2065 3080 2198 3133 Dum
2230 3088 2406 3132 autem
2440 3093 2525 3132 me
2567 3075 2728 3131 trahit
2779 3077 3010 3145 impetus
3040 3075 3320 3140 orationis,
3354 3082 3572 3142 praeter-

1991 3169 2111 3223 misi
2131 3185 2351 3223 narrare
2371 3168 2686 3223 miraculum
2707 3168 2849 3238 quod
2877 3182 2907 3222 a
2931 3167 3110 3223 divino
3128 3168 3217 3221 illo
3234 3168 3349 3220 viro
3372 3164 3569 3221 factum

302 3275 419 3319 ram
446 3262 701 3316 colentes.
736 3261 803 3315 Et
831 3260 1082 3330 quoniam
1115 3261 1261 3315 locus
1302 3271 1419 3316 erat
1466 3262 1784 3325 maritimus,
1815 3262 1881 3316 ad
1907 3236 1954 3301 (ἶ
1985 3270 2088 3327 est,
2121 3262 2261 3331 quod
2296 3263 2474 3315 multis
2504 3260 2717 3329 quidem
2772 3260 2997 3316 fortasse
3049 3259 3315 3314 videbitur
3343 3273 3464 3314 esse
3493 3257 3574 3314 in-

306 3354 782 3410 transmittendum
809 3368 1023 3422 quoque
1037 3354 1265 3421 quadam
1286 3363 1590 3409 constructa
1622 3354 1881 3419 navicula,

306 3464 432 3519 quae
464 3458 622 3519 ponto
649 3447 969 3517 appellatur,
1002 3461 1063 3499 ea
1092 3447 1380 3502 utebantur
1410 3450 1475 3502 ad
1499 3463 1560 3501 ea
1587 3463 1706 3517 quae
1733 3456 1887 3502 erant

308 3540 614 3606 inferenda,
643 3548 697 3595 et
724 3550 1012 3609 exportans
1040 3555 1201 3608 opera
1228 3554 1414 3595 eorum
1442 3543 1530 3610 qui
1555 3543 1708 3595 simul
1737 3543 1888 3597 habi-

306 3632 515 3694 tabant,
562 3639 615 3684 et
667 3630 961 3701 importans
993 3644 1054 3685 ea
1085 3647 1203 3700 qua:
1234 3642 1387 3686 erant
1434 3634 1752 3686 necessaria.
1783 3632 1901 3695 Me-_

306 3737 432 3778 mor
460 3724 604 3776 enim
638 3722 782 3777 vocis
805 3722 1137 3791 apostolicae,
1167 3738 1286 3792 qua-
1316 3723 1444 3778 dicit
1465 3739 1480 3778 :
1500 3722 1667 3778 Noctu
1695 3724 1890 3793 diuque

308 3806 620 3887 cperantes,
637 3831 703 3871 ne
719 3830 962 3871 essemus
982 3815 1133 3871 oneri
1162 3816 1320 3871 alicui
1350 3825 1583 3871 vestrum
1601 3815 1683 3883 (II
1707 3816 1887 3871 Titias.

308 3912 412 3983 ιιι).
452 3911 517 3966 Ει
546 3928 559 3963 :
584 3911 766 3966 Manus
795 3911 879 3965 hae
912 3910 1043 3965 mihi
1070 3910 1207 3967 etiis
1230 3911 1318 3979 qui
1348 3920 1503 3967 erant
1526 3927 1736 3967 mecum
1767 3928 1892 3982 sup-

313 4004 623 4075 peditarunt
659 4003 796 4073 (Act.
828 4002 948 4072 xx).
995 4002 1059 4057 Et
1086 4003 1197 4072 ipse
1228 4002 1521 4066 laborabat,
1561 4012 1617 4059 et
1645 4003 1893 4057 hortaba-

307 4105 399 4151 tur
429 4112 557 4150 suos
584 4094 1019 4163 contubernales,
1039 4105 1232 4149 utcum
1262 4096 1454 4150 animae
1484 4097 1753 4150 laboribus
1773 4112 1893 4151 cor-

308 4189 460 4257 poris
487 4202 701 4256 qnoque
735 4187 946 4242 labores
975 4187 1381 4256 coniungerent.
1417 4186 1504 4241 Est
1530 4188 1671 4242 enim
1702 4188 1892 4241 absur-

313 4279 441 4333 dum
461 4287 521 4331 ut
551 4279 584 4331 ii
614 4276 826 4346 quidem
852 4278 939 4345 qui
966 4279 1179 4332 aluntur
1201 4281 1251 4333 in
1277 4279 1385 4332 vita
1409 4280 1748 4344 sceculari,se
1764 4280 1896 4334 affli-

310 4379 501 4440 gentes
521 4378 575 4422 et
605 4369 907 4423 laborantes
934 4369 1079 4423 alant
1105 4369 1239 4423 filios
1266 4378 1320 4424 et
1345 4384 1558 4434 uxores,
1585 4381 1634 4424 et
1673 4379 1895 4437 praeter-

310 4474 375 4515 ea
439 4470 488 4514 et
525 4460 718 4513 tributa
756 4459 1101 4515 conferantet
1120 4461 1189 4515 ab
1205 4461 1281 4515 eis
1297 4462 1579 4531 exigantur
1595 4464 1890 4532 vectigalia,

310 4562 369 4608 et
398 4553 506 4607 Deo
533 4551 761 4607 oili-rant
788 4553 1144 4619 primitias,et
1174 4554 1540 4609 tnendicorum
1571 4570 1669 4624 pro
1695 4557 1896 4610 viribus

1988 3354 2273 3418 credibile,
2311 3364 2363 3407 et
2416 3363 2591 3407 tamen
2645 3360 2886 3407 remanet
2938 3354 2989 3407 in
3038 3353 3353 3407 hodiernum
3408 3365 3575 3421 usque

1992 3447 2163 3511 diem,
2193 3446 2435 3500 oratione
2464 3444 2755 3499 testificans
2786 3456 2840 3499 et
2867 3444 3158 3498 ostendens
3188 3444 3399 3513 qualem
3438 3442 3575 3508 apud

1998 3538 2173 3594 Deum
2205 3539 2432 3606 gratiam
2461 3546 2514 3592 et
2546 3535 2792 3591 fiduciam
2822 3545 2903 3591 est
2932 3544 3254 3590 consecutus
3281 3534 3365 3589 hic
3386 3532 3464 3587 vir
3486 3534 3575 3585 ad-

1992 3629 2273 3684 mirabilis.

2063 3725 2312 3794 Prteceps
2339 3722 2582 3793 quaedam
2615 3731 2765 3793 petra
2817 3722 3056 3776 imminet
3082 3718 3408 3774 monasterio
3435 3716 3576 3785 quod

1993 3819 2106 3889 ipse
2137 3817 2415 3872 aedificavit
2441 3833 2455 3869 :
2484 3826 2597 3869 erat
2626 3826 2802 3870 autem
2835 3816 3004 3882 primo
3030 3815 3187 3876 sicca,
3234 3820 3286 3865 et
3309 3811 3450 3864 omni
3477 3812 3568 3863 hu-

1996 3926 2147 3967 more
2173 3927 2364 3965 vacua.
2398 3910 2452 3965 lu
2492 3924 2554 3964 ea
2606 3910 2729 3963 fecit
2774 3909 3168 3978 aquaeductum,
3203 3908 3291 3976 qui
3322 3922 3351 3961 a
3380 3905 3579 3960 vertice

1995 4004 2167 4059 fertur
2196 4004 2249 4057 in
2276 4001 2681 4063 monasterium,
2704 4010 2950 4071 tanquam
2978 4002 3065 4070 qui
3090 4010 3290 4053 mutum
3322 4014 3576 4069 aquarum

1997 4095 2224 4150 haberet
2253 4096 2305 4149 in
2342 4104 2625 4164 potestate.
2662 4095 2856 4149 Planus
2897 4105 3073 4149 autem
3103 4094 3294 4148 fiducia
3327 4094 3376 4148 in
3417 4094 3577 4147 Deum

1996 4202 2049 4243 et
2079 4188 2306 4242 firmiter
2328 4186 2576 4254 credens,
2610 4197 2667 4241 ut
2708 4198 2790 4241 est
2842 4188 3153 4255 verisimile,
3186 4202 3245 4243 se
3296 4187 3575 4240 Dominum

1999 4277 2198 4343 habere
2229 4278 2573 4345 benevolum,
2624 4291 2675 4331 et
2725 4278 2882 4332 fidem
2918 4279 3122 4332 habens
3162 4280 3212 4331 in
3250 4294 3409 4346 quam
3440 4277 3580 4331 nulla

2000 4371 2230 4425 cadebat
2258 4370 2540 4437 dubitatio,
2568 4369 2877 4425 ascenditin
2910 4384 3213 4438 supremam
3239 4379 3440 4437 partem
3465 4365 3583 4435 ejus

2002 4464 2091 4534 qui
2126 4478 2266 4516 nunc
2322 4472 2401 4517 est
2441 4463 2809 4532 aquaaductus,
2864 4464 3168 4532 priusquam
3217 4460 3583 4515 sutrexissent

2003 4555 2214 4609 sodales
2235 4555 2299 4609 ad
2332 4570 2519 4626 preces
2542 4565 2824 4609 consaetas
2859 4572 2870 4610 :
2905 4565 2957 4609 et
2989 4555 3154 4609 Deum
3188 4564 3453 4623 precatus,
3484 4554 3581 4605 fre-

312 4646 630 4700 medeantur
654 4646 846 4711 inopiae
878 4663 891 4698 :
919 4659 1016 4699 nos
1046 4654 1226 4699 autem
1251 4659 1354 4699 non
1385 4661 1692 4714 quaeramus
1720 4662 1784 4700 ex
1822 4648 1895 4700 la-
1929 4624 1981 4686 Ῑ)
2008 4661 2089 4703 tus
2119 4666 2183 4704 en
2214 4650 2302 4719 qui
2349 4648 2478 4704 facit
2530 4650 2858 4703 voluntatem
2908 4649 3201 4703 timentium
3233 4662 3352 4699 eum
3408 4644 3579 4713 (l’sal.

311 4735 533 4792 boribus
563 4752 624 4790 ea
650 4752 768 4804 qua:
795 4745 921 4799 sunt
950 4737 1273 4799 necessaria,
1307 4738 1465 4807 idque
1512 4754 1631 4794 cum
1668 4740 1753 4792 vili
1779 4742 1896 4809 qui-

315 4828 438 4884 dem
464 4837 517 4882 et
564 4828 774 4883 tnotfico
819 4828 959 4890 cibo,
991 4829 1082 4882 vili
1128 4840 1307 4884 autem
1336 4841 1483 4886 veste
1517 4844 1723 4886 utamur
1754 4849 1767 4887 :
1802 4835 1894 4887 sed

316 4922 602 4977 sedeamus
628 4920 842 4989 quidem
865 4923 1185 4988 compressis
1215 4923 1477 4989 manibus,
1502 4924 1694 4979 alienis
1714 4935 1892 4980 autem

298 5010 561 5066 fruamur
612 5010 907 5066 laboribus.
954 5011 1074 5066 llmc
1104 5024 1158 5068 et
1194 5014 1315 5068 talia
1345 5015 1548 5079 dicens,
1586 5017 1903 5072 hortabatur

315 5103 381 5158 ad
416 5103 774 5173 "perandum,
805 5104 856 5157 in
893 5116 1134 5171 tempore
1155 5104 1370 5174 quidem
1401 5122 1520 5173 qua:
1550 5117 1675 5161 sunt
1707 5108 1902 5179 ubique

315 5196 632 5265 praescripta
661 5196 836 5250 divina
867 5212 1125 5267 peragens
1149 5196 1345 5263 ofﬁcia,
1370 5199 1423 5253 id
1448 5209 1626 5254 autem
1656 5201 1796 5269 quod
1821 5201 1901 5254 in-

317 5287 625 5343 tercedebat
674 5292 952 5356 temporis,
1009 5290 1326 5358 impendens
1375 5293 1546 5360 operi.
1579 5291 1693 5346 Non
1727 5294 1898 5348 levem

317 5389 499 5435 autent
527 5394 708 5434 curant
741 5382 958 5449 gerebat
988 5381 1275 5451 hospitum,
1306 5381 1434 5437 viris
1468 5383 1685 5438 lenitate
1706 5396 1757 5438 et
1790 5400 1901 5439 mo-

319 5484 439 5526 rum
473 5473 886 5527 mansuetudine
905 5474 1131 5538 ornatis,
1159 5486 1210 5527 et
1241 5475 1291 5527 in
1313 5474 1610 5543 proximum
1642 5476 1902 5533 charitate

317 5563 587 5633 pra-ditis,
619 5572 674 5618 ut
704 5565 783 5618 eis
820 5566 1168 5634 providerent
1194 5564 1564 5632 committens;
1596 5569 1706 5634 ipse
1730 5576 1904 5622 autem

318 5657 527 5711 visebat
558 5665 614 5709 et
645 5657 965 5726 inspiciebat
997 5657 1194 5721 omnia,
1226 5669 1568 5728 perscrutans
1595 5676 1659 5713 an
1694 5676 1756 5714 es
1792 5661 1910 5714 latis

317 5744 528 5816 legibus
576 5749 943 5819 unusquisque
992 5764 1092 5805 suo
1162 5750 1475 5821 fungeretur
1520 5752 1719 5808 officio.
1776 5755 1909 5810 llinc

319 5838 525 5899 factum
549 5850 636 5900 est
656 5854 711 5898 ut
732 5851 839 5899 tam
868 5844 1090 5915 insignis
1111 5856 1167 5901 et
1185 5846 1414 5903 celebris
1439 5859 1586 5905 esset
1606 5847 1721 5917 ejus
1748 5848 1909 5915 fama,

2007 4741 2212 4811 cxuv),
2245 4742 2390 4810 virga
2419 4741 2503 4795 cui
2538 4741 2751 4794 innixus
2784 4750 2898 4794 erat
2944 4748 3143 4808 petram
3201 4737 3476 4804 percussit.
3512 4736 3584 4789 Ea

2007 4849 2134 4888 vero
2160 4842 2333 4901 rupta,
2368 4848 2502 4901 aqua
2536 4832 2703 4886 inStar
2728 4831 2965 4886 flutninis
2983 4829 3223 4883 scatut'iit
3267 4847 3278 4881 :
3325 4838 3375 4882 et
3405 4846 3585 4881 umna-

2007 4926 2226 4980 steritttn
2257 4926 2559 4997 ingrediens
2591 4942 2682 4993 per
2705 4925 3095 4995 aquaeductum,
3147 4934 3195 4977 ct
3230 4933 3484 4992 quantum
3512 4924 3576 4977 ad

2010 5034 2223 5074 omnem
2258 5034 2411 5072 nsum
2444 5018 2641 5073 sufficit
2668 5018 2878 5071 abunde
2929 5016 3297 5084 surpeditans,
3348 5017 3396 5069 in
3442 5032 3584 5068 mare

2014 5104 2368 5178 propinquum
2402 5110 2611 5174 influit;
2664 5119 2715 5161 et
2764 5108 2814 5160 in
2873 5108 3187 5160 hodiernum
3238 5122 3405 5172 llSlttlc
3448 5110 3585 5158 dirtn

2005 5204 2559 5272 ostenditnroperans
2620 5202 2846 5255 Mnsaica
2907 5202 3080 5271 magni
3130 5199 3415 5254 Theodosii
3464 5214 3587 5267 gra-

2010 5296 2101 5350 tia.
2136 5296 2346 5351 Sufficit
2370 5295 2455 5350 vel
2479 5296 2576 5347 hoc
2600 5293 2771 5347 solum
2801 5293 2869 5348 ad
2896 5294 3280 5348 ostendendam
3309 5294 3405 5345 viri
3435 5290 3539 5359 hujt
3564 5306 3589 5344 s

2006 5403 2131 5458 erga
2165 5390 2329 5444 Deum
2355 5388 2624 5442 fiduciam.

2085 5481 2214 5535 Cum
2270 5493 2447 5533 autem
2500 5476 2797 5531 Antiochiae
2846 5479 3067 5533 vixisset
3124 5494 3286 5546 patro
3332 5490 3588 5544 tempore,

2016 5572 2264 5640 migravit
2290 5570 2353 5624 ad
2386 5571 2579 5623 cbovos
2610 5572 2940 5639 angelorum.
2988 5571 3087 5624 Per
3130 5571 3357 5624 mediam
3412 5582 3589 5621 autem

2016 5667 2200 5721 urbem
2235 5662 2507 5716 ferebatur
2536 5679 2747 5719 sacrum
2770 5680 2986 5732 corpus,
3010 5677 3255 5731 tanquam
3279 5661 3454 5717 aureis
3477 5660 3590 5727 qui-

2016 5757 2242 5812 busdam
2272 5760 2508 5824 coronis,
2537 5760 2731 5813 feretro
2760 5761 2849 5813 illo
2900 5758 3230 5826 decoratum,
3260 5773 3378 5813 cum
3404 5770 3603 5822 omnes

2018 5851 2184 5907 duces
2211 5851 2632 5919 concurrissent,
2657 5863 2709 5908 et
2726 5854 2815 5923 qui
2839 5866 3060 5920 magnos
3084 5866 3197 5907 sum
3222 5852 3342 5908 fidei
3363 5844 3599 5905 creditos
