4052 6362
460 417 530 472 63
1634 399 1721 455 DE
1757 394 1935 453 VITIS
1977 389 2255 450 PATRUM
2293 389 2495 448 LIBER
2532 390 2625 447 IX.
3657 382 3732 444 Μ

466 526 730 601 gerebant
755 521 1123 595 magistratus.
1152 517 1230 573 De
1273 514 1435 574 cubili
1463 521 1639 570 autem
1684 518 1798 566 erat
1846 521 2039 578 magna
2068 507 2121 565 Α
2145 504 2560 560 admonitiones.
2592 499 2788 557 Multos
2817 497 3111 601 autemﬁvel
3139 496 3255 601 solo
3280 502 3500 567 aspectu
3544 497 3733 556 etl'ecit

465 622 533 679 lis
553 629 609 676 et
635 615 953 681 decertatio,
970 628 1089 669 cum
1123 612 1173 665 id
1192 626 1378 665 omnes
1396 607 1606 661 auferre
1632 602 2040 667 contenderent,

463 722 519 770 et
546 727 614 769 ex
643 724 709 767 eo
739 706 1166 766 benedictionem
1185 712 1240 760 et
1269 702 1547 758 utilitatem
1576 696 1850 767 percipere
1876 708 2041 764 cupe-

466 812 608 861 rent.
627 802 720 859 Sic
734 801 929 869 elatus,
945 797 1161 869 ponitur
1186 795 1240 850 in
1265 793 1379 849 aede
1406 800 1710 847 sanctorum
1727 796 2038 857 martyrum,

469 910 592 951 cum
622 892 819 950 Juliani
844 889 1071 947 victoria
1102 886 1322 956 insignis
1351 884 1403 938 in
1431 882 1627 951 pietate
1671 879 1884 934 athletae
1916 876 2045 933 fuis-

462 995 548 1042 set
571 994 624 1042 et
643 980 1066 1048 contubernalis,
1096 977 1356 1034 eteodem
1390 982 1533 1028 tecto
1558 986 1728 1026 .usus.
1762 970 1907 1025 Idem
1950 986 2044 1023 au-

462 1087 570 1134 tem
596 1077 804 1133 loculus
831 1089 954 1131 eum
976 1069 1205 1142 excepit,
1240 1068 1330 1139 qui
1364 1066 1516 1122 illum
1546 1080 1758 1137 quoque
1804 1064 2042 1120 divinum

463 1180 521 1225 et
540 1172 753 1225 beatum
775 1166 1112 1237 Aphraatem.

540 1258 730 1329 Gregis
759 1265 935 1314 autem
967 1253 1338 1324 praefecturam
1394 1248 1602 1319 accepit
1646 1247 1918 1305 llelladius
1956 1249 2045 1305 ille

468 1349 820 1415 admirabilis,
851 1348 941 1416 qui
993 1348 1045 1401 in
1092 1344 1197 1400 illis
1227 1342 1439 1412 quidem
1473 1341 1606 1396 locis
1648 1342 1918 1411 perpetuis
1944 1342 2046 1396 fuit

466 1442 747 1516 sexaginta
774 1440 951 1506 anuis,
982 1436 1176 1493 deinde
1196 1435 1421 1489 Cilicum
1453 1432 1707 1488 divinitus
1731 1432 1936 1488 electus
1964 1441 2047 1489 est

467 1539 706 1603 antistes,
722 1551 841 1591 cum
860 1548 1034 1605 neque
1050 1534 1282 1604 priorem
1300 1531 1607 1600 reliquisset
1630 1528 2045 1597 philosophiam,

466 1640 519 1685 et
545 1630 650 1686 illis
688 1629 958 1686 laboribus
1005 1625 1347 1696 pontiﬁcatus
1395 1622 1623 1679 sudores
1667 1620 1905 1693 quotidie
1953 1620 2048 1676 ad-

469 1723 633 1778 deret.

537 1815 707 1885 Hujus
734 1829 856 1869 cum
885 1813 1071 1869 beatus
1097 1824 1310 1883 quoque
1368 1808 1628 1865 Romulus
1674 1806 1860 1864 inisset
1902 1805 2049 1862 audi-

468 1915 574 1973 tor,
600 1906 709 1962 tlux
741 1904 961 1961 maximi
990 1903 1166 1974 gregis
1196 1902 1297 1957 fuit
1326 1911 1558 1958 creatus.

539 1997 847 2054 Permansit
867 2003 1045 2052 autem
1066 1993 1214 2049 illius
1233 1993 1432 2050 chorus
1458 1993 1511 2047 in
1536 1991 1853 2047 hodiernum
1881 2004 2053 2061 usque

474 2091 639 2157 diem,
667 2088 806 2145 idem
829 2102 1049 2144 servans
1079 2087 1206 2142 vita:
1236 2087 1561 2143 institutum.
1597 2087 1691 2141 Est
1723 2096 1899 2141 autem
1923 2100 2050 2156 pro-

471 2198 541 2253 pc
580 2180 965 2239 monasterium
1011 2179 1186 2248 vicus,
1215 2178 1307 2249 qui
1335 2177 1554 2250 Syrisce
1596 2176 1894 2249 appellatur
1942 2177 2052 2233 Ma-

474 2283 645 2331 ratus.

546 2368 660 2439 Ego
681 2374 860 2424 autem
893 2366 998 2422 ﬁne
1046 2366 1301 2438 imposito
1330 2366 1455 2421 huic
1497 2365 1809 2433 narrationi,
1839 2378 1969 2437 rogo
1999 2372 2054 2420 ut

471 2461 589 2533 ejus
611 2475 826 2534 quoque
851 2472 1152 2531 consequar
1179 2460 1632 2516 benedictionem.

1074 2550 1300 2608 CAPUT
1356 2552 1450 2608 XI.

1056 2660 1299 2702 nonanus
1329 2645 1465 2717 (37).

546 2738 768 2809 Magnus
798 2753 928 2809 ergo
956 2738 1295 2795 Theodosius
1325 2738 1391 2793 ab
1422 2736 1707 2793 Antiochia
1752 2736 2052 2809 profectus,

472 2846 592 2887 cum
623 2830 675 2887 in
711 2832 982 2888 montibus
1008 2831 1215 2887 Rosicis
1243 2831 1599 2899 decertasset,
1634 2838 1689 2886 et
1716 2831 2055 2887 Antiochiam

474 2936 723 2978 reversus
743 2931 907 2989 esset,
939 2923 1017 2978 sic
1047 2924 1170 2977 vitae
1198 2922 1359 2977 tinem
1388 2921 1595 2992 accepit
1628 2920 1937 2992 (Μερόπη
1963 2923 2052 2977 tib.

472 3028 522 3067 tv
557 3013 721 3083 Hist.,
755 3030 871 3085 cap.
903 3013 1020 3086 26).
1046 3014 1267 3071 Divinus
1290 3021 1469 3070 autem
1518 3014 1815 3081 Romanus,
1848 3015 1975 3071 Rosi
2004 3022 2058 3072 et

475 3116 651 3172 natus,
667 3118 717 3163 et
740 3108 973 3177 primum
999 3108 1278 3168 educatus.
1302 3107 1602 3162 Antiochiae
1618 3106 1856 3162 ostendit
1883 3094 2054 3177 prima

474 3198 686 3253 virtutis
738 3202 1054 3264 certamina,
1113 3208 1265 3254 extra
1294 3197 1551 3253 amhitum
1585 3199 1799 3269 quidem
1827 3199 2055 3255 civitatis

2143 610 2320 652 rerum
2344 596 2644 650 divinarum
2673 600 2959 647 amatores.
2990 589 3123 660 Quis
3143 590 3287 645 enim
3316 603 3422 644 non
3449 599 3602 646 esset
3629 592 3735 647 mi-

2144 686 2372 742 randum
2406 686 2457 741 in
2489 686 2709 741 modum
2738 683 3053 748 admiratus,
3084 695 3207 738 cum
3229 680 3436 738 videret
3464 696 3586 739 eum
3610 696 3733 739 cor-

2145 793 2275 846 pore
2319 778 2600 843 alﬂictum,
2649 784 2706 830 et
2745 774 2836 844 qui
2895 775 3157 844 prolixam
3205 772 3449 843 gestabat
3498 789 3731 845 comam,

2142 872 2303 943 827
2337 882 2390 927 et
2420 870 2710 925 maximum
2738 869 2861 925 lerri
2891 868 3100 940 pondus
3154 883 3251 923 sua
3280 877 3473 938 sponte
3503 869 3730 937 ferebat,

2145 974 2199 1019 et
2225 973 2374 1020 veste
2397 978 2467 1019 ex
2501 963 2623 1034 pilis
2652 971 2912 1019 contexta
2937 960 3206 1028 utebatur,
3239 971 3293 1017 et
3322 970 3528 1019 tantum
3559 964 3734 1033 capie-

2144 1055 2236 1111 bat
2256 1055 2492 1111 alimenti
2519 1063 2773 1125 quantum
2803 1054 2934 1111 satis
2962 1062 3080 1110 erat
3111 1053 3181 1110 ad
3241 1054 3631 1124 prohibendum
3663 1071 3735 1113 ne

2147 1146 2291 1202 tame
2316 1146 2648 1202 moreretur?

2218 1240 2565 1312 Magnitudlni
2584 1249 2763 1296 autem
2786 1248 2841 1295 et
2868 1237 3197 1294 multitudini
3227 1238 3467 1293 laborum
3495 1238 3723 1295 accede-

2149 1336 2240 1392 bat
2268 1351 2389 1405 qnte
2427 1336 2481 1390 in
2510 1349 2576 1390 eo
2630 1333 2857 1389 ﬂorebat
2904 1332 3095 1402 gratia,
3126 1345 3228 1401 qua
3276 1330 3489 1401 quidem
3540 1345 3731 1385 omnes

2152 1427 2635 1498 persuadebantur,
2660 1433 2719 1481 ut
2757 1439 2881 1481 eum
2919 1423 3316 1480 admirarentur
3339 1433 3394 1480 et
3423 1423 3626 1479 honore
3657 1422 3739 1479 af-

2153 1517 2400 1574 ﬂcerent.
2432 1516 2717 1571 Multorum
2738 1517 2881 1572 enim
2912 1529 3058 1585 saepe
3094 1514 3310 1570 morbos
3337 1515 3511 1584 exegit
3538 1512 3737 1570 difﬁci-

2151 1609 2256 1677 les,
2273 1610 2453 1664 multis
2475 1616 2653 1664 autem
2676 1607 2954 1662 sterilibus
2975 1606 3286 1662 mulieribus
3317 1607 3458 1662 ﬂlios
3486 1608 3737 1677 impetrao

2151 1701 2252 1762 vit.
2287 1702 2356 1757 Et
2383 1715 2505 1756 cum
2537 1706 2739 1755 tantam
2768 1712 2797 1752 a
2829 1696 3012 1753 divino
3040 1696 3241 1767 Spiritu
3280 1696 3580 1766 accepisset
3634 1711 3735 1766 po-

2154 1804 2427 1865 testatem,
2458 1794 2692 1864 seipsum
2736 1792 3043 1863 appellabat
3071 1807 3296 1863 egenum
3323 1800 3377 1847 et
3404 1791 3733 1848 mendicum.

2078 1877 2126 1938 Β
2154 1889 2429 1959 Quotquot
2459 1887 2639 1957 itaque
2663 1886 2730 1943 ad
2751 1902 2871 1943 eum
2913 1886 3269 1953 ventitabant,
3300 1900 3393 1941 eos
3428 1895 3481 1941 et
3514 1893 3734 1955 aspectu

2154 1993 2211 2041 et
2244 1996 2513 2049 sermone,
2544 1989 2658 2038 toto
2702 1981 2829 2037 vita:
2878 1995 2990 2037 sua:
3042 1988 3287 2051 tempore
3338 1979 3585 2050 implevit
3624 1981 3734 2035 uti-

2155 2078 2324 2135 litate.
2648 2096 2651 2097 ν

2228 2170 2396 2227 Porro
2422 2176 2599 2225 autem
2627 2181 2749 2224 cum
2794 2165 2919 2221 hinc
2943 2179 3157 2237 quoque
3202 2164 3549 2234 excessisset,
3579 2172 3635 2221 et
3681 2162 3738 2221 in

2157 2262 2456 2334 angelicum
2499 2260 2721 2317 chorum
2770 2268 2915 2315 esset
2944 2257 3253 2323 translatus,
3288 2256 3504 2326 reliquit
3531 2270 3738 2312 memo-

2156 2356 2291 2412 riam
2340 2369 2460 2424 qua:
2490 2368 2596 2408 non
2629 2351 2722 2408 fuit
2768 2350 2973 2421 sepulta
3024 2349 3184 2405 simul
3203 2364 3322 2404 cum
3363 2363 3610 2419 corpore,
3642 2348 3738 2405 sed

2156 2464 2274 2520 qua:
2302 2449 2463 2519 viget,
2489 2447 2667 2515 ﬂoret,
2695 2456 2748 2503 et
2780 2446 3065 2517 germinat,
3095 2450 3291 2513 etquae
3327 2441 3591 2513 exstingui
3631 2457 3736 2497 non

2155 2549 2356 2613 potest,
2388 2541 2480 2596 sed
2501 2543 2731 2610 fsemper
2763 2546 3058 2607 permanet,
3088 2545 3142 2592 et
3166 2551 3282 2607 quae
3313 2535 3506 2591 sufﬁcit
3541 2535 3608 2590 ad
3639 2550 3736 2592 eos

2161 2634 2254 2705 qui
2286 2634 2477 2689 volunt
2506 2632 2857 2703 adjuvandus.
2881 2630 3015 2688 Cum
3047 2630 3168 2687 hinc
3199 2630 3376 2701 itaque
3413 2629 3740 2686 benedictio-

2160 2739 2281 2782 nem
2315 2726 2445 2780 mihi
2493 2725 2879 2793 conciliavero,
2911 2723 3139 2779 aliorum
3165 2736 3383 2794 quoque
3411 2721 3738 2789 athletam

2159 2833 2245 2876 res
2272 2827 2449 2890 gestas
2471 2817 2725 2886 narrabo,
2752 2826 2810 2873 ut
2841 2827 3046 2887 potero.

2749 2906 2975 2963 CAPUT
3019 2904 3132 2961 XII.

2791 3012 2926 3053 ιεκο
2963 2997 3104 3053 (58).

2216 3091 2483 3148 Zenonem
2497 2995 3149 3146 admirabilefrfil‘tfofiﬁzlti
3167 3087 3377 3158 quidem
3390 3093 3737 3157 cognoscunt;

2164 3186 2255 3255 qui
2278 3189 2819 3255 cognoscuntautem,
2836 3197 2940 3236 non
2960 3186 3183 3250 possunt
3202 3176 3453 3233 admirari
3465 3191 3560 3246 pro
3575 3176 3741 3247 digni-

473 3292 539 3347 ad
571 3292 708 3347 latus
738 3293 933 3361 montis
967 3293 1071 3347 ﬁxo
1118 3292 1486 3356 tabernaculo,
1543 3267 1615 3348 inv
1646 3294 1821 3349 aliena
1871 3302 2047 3348 autem

2158 3282 2262 3329 tate
2278 3275 2554 3344 (Theudor.
2568 3314 2581 3341 ,
2598 3273 2689 3329 tib.
2706 3288 2758 3329 tv
2773 3271 2913 3327 Hist.
2926 3314 2939 3339 ,
2955 3288 3069 3341 cap.
3085 3269 3201 3341 ‘26).
3223 3270 3269 3325 ls
3280 3270 3420 3325 enim
3437 3282 3557 3324 cum
3571 3282 3654 3325 ma
3664 3267 3741 3322 xi-

476 3384 799 3441 domuncula
829 3400 999 3454 eaque
1025 3399 1188 3454 parva
1220 3384 1404 3439 vivens
1434 3393 1546 3440 toto
1595 3394 1855 3454 tempore.
1905 3385 2054 3441 Nun-

477 3492 632 3547 quam
665 3489 842 3533 autem
872 3492 1041 3549 usque
1073 3477 1141 3533 ad
1167 3488 1496 3534 senectutem
1539 3493 1711 3549 neque
1754 3480 1875 3549 igne
1930 3496 2058 3537 usus

480 3581 583 3641 est,
620 3587 795 3645 neque
820 3573 1022 3631 lumine
1048 3574 1300 3631 lucernae.
1333 3575 1497 3631 (libus
1538 3585 1716 3631 autem
1748 3578 1797 3633 ei
1826 3586 1942 3632 erat
1965 3593 2055 3646 pa-

483 3664 566 3720 nis
591 3672 647 3721 et
670 3666 778 3733 sal;
803 3674 963 3737 potus
985 3674 1163 3722 autem
1188 3665 1466 3722 fontanum
1495 3668 1775 3722 ﬂuentum.
1810 3668 1936 3723 Erat
1963 3684 2055 3724 au»

480 3767 584 3813 tem
615 3773 769 3815 coma
803 3773 997 3829 magno
1045 3759 1350 3816 Theodosio
1396 3758 1625 3828 similis;
1673 3761 1836 3817 vestis
1880 3770 2056 3819 autem

479 3850 679 3908 ferrum
708 3866 920 3922 quoque
948 3850 1220 3908 similiter.
1714 3866 1717 3873 “

548 3949 851 4004 Ahundavit
903 3958 1078 4005 autem
1130 3950 1216 4004 hic
1264 3959 1317 4005 et
1362 3964 1568 4004 morum
1612 3947 1952 4019 simplicitate
1997 3962 2059 4004 ac

478 4041 893 4095 mansuetudine
924 4050 975 4096 et
1001 4041 1390 4107 moderatione,
1422 4050 1475 4096 et
1502 4040 1621 4095 ideo
1668 4040 1847 4095 emisit
1887 4040 2059 4108 splen-

480 4131 666 4187 dorem
683 4131 880 4186 divinm
899 4133 1101 4201 gratiae.
1129 4133 1301 4201 Super
1320 4146 1499 4201 quem,
1530 4131 1722 4201 inquit,
1753 4131 2056 4201 respiciam,

479 4225 581 4279 nisi
612 4239 774 4294 super
803 4225 983 4280 mitem
1009 4235 1061 4280 ct
1094 4228 1421 4295 quietum,et
1443 4234 1760 4281 trementem
1788 4240 2063 4282 sermones

481 4330 631 4371 meos
665 4314 845 4386 (Isaiae
873 4315 1060 4385 m1)?
1090 4317 1205 4371 Jam
1259 4333 1387 4371 vero
1441 4331 1630 4373 rursus
1683 4331 1893 4386 quoque
1932 4316 2065 4371 dixit

480 4410 594 4466 suis
621 4409 896 4480 discipulis
923 4427 937 4465 :
973 4411 1175 4467 Discite
1202 4425 1230 4465 a
1264 4426 1374 4478 me,
1405 4412 1657 4481 quoniam
1688 4410 1833 4466 mitis
1862 4425 1976 4466 sum
2008 4420 2063 4466 et

477 4507 693 4562 humilis
722 4508 905 4570 corde,
937 4507 1295 4563 etiuvenietis
1342 4507 1580 4576 requiem
1625 4506 1903 4562 animabus
1966 4519 2062 4559 ve-

479 4602 605 4657 stris
648 4602 864 4674 (Matth.
898 4604 995 4672 χι).
1029 4603 1095 4657 Ει
1137 4616 1322 4657 rursus
1366 4620 1378 4654 :
1432 4600 1577 4655 Beati
1601 4604 1779 4671 mites,
1810 4600 2058 4668 quoniam

481 4692 578 4760 ipsi
644 4692 1032 4758 limrcditalmnt
1089 4700 1286 4747 terram
1346 4690 1568 4761 (Matth.
1628 4692 1716 4758 v).
1762 4689 2057 4758 Quinetiam

482 4784 1023 4853 Moysislcgislatoris
1040 4793 1153 4839 erat
1183 4783 1285 4837 hoc
1309 4783 1392 4838 vel
1421 4783 1653 4837 maxime
1676 4782 1905 4853 insigne.
1932 4780 2060 4837 Erat

484 4878 654 4938 enim,
683 4878 876 4947 inquit,
911 4877 1121 4948 Moyses
1153 4876 1465 4931 mitissimus
1499 4883 1692 4943 praeter
1736 4891 1923 4931 omnes
1966 4875 2060 4928 ho-

482 4970 651 5023 mines
676 4970 763 5038 qui
790 4979 942 5024 erant
985 4984 1143 5037 super
1176 4978 1368 5023 terram
1409 4968 1596 5037 (Num.
1644 4966 1767 5035 xu).
1815 4967 1925 5022 Iloc
1979 4968 2047 5022 dc

485 5062 740 5131 prepheta
772 5060 972 5115 Davide
1023 5070 1244 5116 testatus
1297 5075 1507 5131 quoque
1556 5068 1643 5117 est
1691 5061 2059 5116 sanctissimus

481 5159 713 5229 Spiritus
748 5176 760 5211 :
798 5158 1061 5212 Memento
1092 5156 1255 5222 enim,
1289 5156 1478 5223 inquit,
1526 5155 1750 5210 Domine
1777 5154 1966 5221 David,
2007 5162 2063 5209 et

482 5250 656 5304 omnis
686 5248 1109 5303 mansuetudinis
1158 5247 1273 5316 ejus
1323 5245 1493 5318 (Psal.
1527 5245 1734 5314 cxxxt).
1770 5245 2060 5301 Didicimus

484 5342 646 5397 etiam
676 5341 743 5395 de
768 5340 1069 5411 patriarcha
1101 5339 1285 5403 Jacoh,
1317 5339 1455 5409 quod
1490 5353 1594 5393 non
1625 5339 1778 5392 fictus
1830 5346 1943 5392 erat
1973 5335 2063 5390 do-

483 5447 626 5487 mum
656 5431 903 5485 habitans
945 5427 1097 5500 (Gen.
1152 5429 1303 5499 xxv).
1334 5429 1444 5484 llas
1470 5427 1695 5483 virtutes
1743 5441 1862 5481 cum
1894 5426 2062 5481 instar

483 5526 600 5597 apis
633 5525 939 5594 collegisset
971 5538 1035 5578 ex
1068 5523 1260 5578 divinis
1305 5522 1408 5578 illis
1460 5521 1645 5590 pratis,
1676 5519 1781 5574 mel
1832 5516 2062 5573 confecit

484 5632 627 5675 verte
657 5614 1030 5687 philosophiae.
1053 5614 1519 5671 Profundehantur
1543 5620 1723 5666 autem
1770 5608 1886 5678 ejus
1926 5622 2058 5675 quo-

485 5725 587 5781 que
611 5710 663 5767 in
706 5717 955 5769 externos
988 5708 1183 5765 ﬂuenta
1230 5703 1615 5778 jucundissima
1646 5718 1660 5759 :
1694 5709 1747 5756 et
1785 5699 1848 5757 iis
1879 5699 1965 5769 qui
1994 5697 2060 5756 ad

484 5807 663 5879 Ipsum
697 5804 1007 5874 veniebant,
1045 5804 1144 5863 lcnl
1172 5817 1233 5861 nc
1263 5801 1405 5863 dulci
1431 5813 1562 5859 voce
1591 5808 1767 5867 utens,
1791 5794 1857 5853 de
1881 5808 2061 5854 amore

484 5906 535 5977 in
572 5897 780 5977 (mares,
833 5900 896 5965 de
950 5897 1231 5969 concordis
1285 5903 1339 5969 et
1387 5907 1537 5977 p966.
1585 5885 2063 5968 malumflereth

2156 3383 2275 3423 mas
2301 3383 2429 3438 opes
2453 3368 2759 3438 reliquisset
2785 3366 2835 3420 in
2861 3365 3028 3435 patria
3058 3367 3140 3433 (ea
3162 3373 3339 3419 autem
3372 3371 3486 3419 erat
3514 3359 3740 3433 Pontus)

2160 3462 2340 3533 magni
2384 3462 2620 3530 quidem,
2653 3469 2711 3513 ut
2736 3459 2965 3525 dicebat,
3000 3455 3175 3512 Basilii
3207 3455 3385 3510 hausit
3407 3455 3625 3523 ﬂuenta,
3652 3452 3743 3525 qui

2159 3564 2275 3609 erat
2307 3552 2529 3618 vicinus,
2562 3560 2617 3607 et
2645 3550 3013 3621 Cappadocum
3038 3548 3294 3619 irrigabat
3320 3549 3591 3617 regionem
3621 3561 3637 3599 :
3672 3546 3743 3598 ir-

2160 3645 2420 3715 rigatione
2443 3652 2616 3697 autem
2640 3642 2828 3712 dignos
2852 3640 3054 3696 fructus
3076 3639 3326 3696 reddidit.
3344 3635 3478 3696 Cum
3507 3637 3743 3707 primum

2159 3740 2302 3794 enim
2335 3738 2631 3807 imperator
2664 3735 2857 3789 Valens
2908 3734 3099 3789 fuisset
3134 3733 3200 3789 de
3240 3733 3414 3787 medio
3465 3731 3742 3799 sublatus,

2163 3829 2393 3885 militare
2423 3826 2668 3895 depotuit
2692 3823 2960 3895 cingulum
2986 3839 3001 3876 :
3033 3831 3151 3877 erat
3178 3830 3354 3876 autem
3393 3819 3660 3888 ascriptus
3686 3818 3741 3874 in

2164 3934 2449 3975 numerum
2478 3932 2662 3973 eorum
2691 3917 2782 3984 qui
2802 3915 3007 3970 litteras
3029 3912 3365 3983 imperatoris
3389 3909 3632 3966 ferebant
3654 3923 3744 3964 ce-

2162 4011 2365 4069 leriter.
2401 4010 2533 4066 Cum
2570 4016 2746 4065 autem
2775 4021 2803 4061 a
2837 4005 2980 4075 regia
3010 4004 3245 4059 venisset
3277 4004 3328 4056 in
3358 4001 3623 4072 quoddam
3653 4014 3746 4055 se-

2164 4104 2410 4174 pulcrum
2439 4102 2626 4175 (multa
2653 4109 2833 4156 autem
2849 4098 3038 4153 suntin
3068 4095 3271 4165 monte)
3302 4095 3443 4165 quod
3472 4101 3557 4150 est
3582 4093 3744 4147 situm

2164 4212 2333 4267 prope
2362 4194 2723 4257 Antiochiam,
2741 4191 2885 4245 solus
2915 4190 3020 4244 illic
3047 4187 3276 4257 degebat
3299 4199 3603 4255 expurgans
3628 4184 3745 4237 ani-

2166 4304 2331 4356 mam,
2360 4298 2411 4344 et
2435 4288 2549 4359 ejus
2576 4283 2974 4353 contemplandi
2997 4281 3296 4337 facultatem
3319 4293 3531 4347 semper
3554 4292 3744 4332 emun-

2167 4383 2322 4450 dans,
2355 4392 2409 4438 et
2424 4381 2656 4437 divinam
2678 4375 3178 4446 contemplationem
3202 4387 3414 4443 semper
3428 4371 3635 4426 visione
3646 4386 3739 4441 ap-

2165 4475 2527 4547 prehendens,
2559 4481 2614 4528 et
2652 4469 2750 4525 Dei
2778 4481 3029 4524 ascensus
3054 4466 3105 4521 in
3144 4465 3305 4520 corde
3343 4463 3663 4532 disponens,
3691 4470 3746 4516 et

2172 4583 2373 4638 pennas
2402 4576 2655 4637 tanquam
2680 4561 2943 4617 columbae
2967 4559 3214 4628 accipere
3240 4555 3553 4611 desiderans
3606 4562 3661 4608 et
3688 4552 3741 4606 in

2091 4650 2137 4708 Ι)
2164 4662 2397 4717 divinam
2416 4659 2651 4729 requiem
2664 4648 3300 4723 evolarecupieus(Psat.
3329 4663 3567 4712 cantu;
3593 4645 3737 4701 Psa.’.

2165 4756 2296 4828 Ltv).
2327 4756 2397 4809 Ea
2426 4754 2491 4808 de
2514 4765 2675 4807 causa
2710 4765 2815 4803 non
2848 4746 3033 4801 habuit
3061 4746 3278 4808 lectum,
3310 4755 3414 4794 non
3445 4740 3740 4804 lucernam,

2167 4865 2271 4905 non
2305 4846 2508 4913 focum,
2538 4860 2642 4899 non
2690 4842 2852 4898 ollam
2874 4880 2889 4907 ,
2924 4853 3029 4894 non
3062 4845 3268 4906 guttum
3293 4878 3307 4899 ,
3341 4846 3446 4886 non
3474 4832 3744 4892 arculam,

2168 4956 2274 4996 non
2324 4940 2540 5004 librum,
2582 4949 2687 4990 non
2732 4930 2932 5003 aliquid
2980 4929 3154 4996 aliud;
3226 4928 3321 4984 sed
3365 4933 3481 4983 erat
3519 4922 3734 4992 quidem

2165 5032 2353 5103 pannis
2383 5029 2599 5084 indutus
2627 5024 2914 5089 veteribus,
2957 5030 3110 5077 erant
3153 5032 3362 5091 quoque
3391 5015 3555 5072 calcei
3598 5014 3737 5081 ejus-

2171 5127 2314 5183 modi
2359 5135 2418 5180 ut
2463 5122 2761 5192 indigerent
2779 5115 3031 5184 vinculis,
3068 5112 3344 5169 cratenim
3393 5108 3656 5165 divulsum
3686 5121 3743 5159 ac

2168 5222 2497 5288 discerptum
2529 5214 2795 5270 solearum
2842 5209 3072 5288 corium.
3106 5208 3187 5263 Ah
3216 5221 3323 5261 uno
3343 5213 3518 5259 autem
3566 5215 3633 5255 es
3671 5196 3747 5249 fa-

2170 5286 2466 5373 miliaribus
2495 5286 2855 5365 necessarium
2887 5303 3178 5373 accipiebat
3202 5301 3535 5355 alimentum.
3563 5293 3619 5349 Id
3646 5307 3741 5345 au-

2171 5420 2275 5465 tem
2303 5418 2419 5464 erat
2438 5416 2575 5460 unus
2604 5401 2777 5473 panis,
2802 5399 2887 5467 qui
2915 5397 3122 5453 duobus
3151 5391 3592 5464 suppeditabatur
3627 5386 3741 5440 die-

2168 5501 2299 5567 bus;
2322 5511 2513 5569 aquam
2526 5504 2703 5550 autem
2726 5489 2909 5562 procul
2935 5487 3206 5553 hauriens,
3225 5482 3430 5539 ferebat
3449 5480 3582 5549 ipse.
3608 5476 3740 5532 Cum

2172 5594 2291 5666 quis
2322 5600 2498 5647 autem
2530 5602 2651 5645 eum
2682 5581 2968 5655 aliquando
2994 5580 3216 5637 vidisset
3244 5589 3380 5632 onus
3407 5579 3748 5644 portantem,

2173 5662 2390 5759 rogabat
2421 5690 2479 5739 ut
2508 5696 2630 5737 eum
2671 5680 2877 5734 levaret
2923 5673 3128 5729 labore.
3164 5671 3259 5725 llle
3308 5677 3483 5722 autem
3514 5662 3748 5733 primum

2170 5755 2382 5858 quidem
2408 5775 2726 5841 resistebat;
2752 5770 2951 5827 docens
2984 5781 3043 5823 se
3074 5780 3179 5821 non
3210 5774 3368 5832 posse
3407 5760 3458 5814 in
3505 5755 3747 5858 animu

2175 5841 2431 5951 inducere
2463 5880 2519 5946 ni
2567 5867 2779 5944 biberet
2826 5876 3016 5953 aquam
3069 5873 3187 5947 quae
3235 5862 3380 5921 esset
3434 5854 3643 5934 portata
3680 5841 3751 5916 ab
