4052 6362
328 371 398 432 05
1418 376 1871 447 PlllLOTHEUS,
1910 392 2026 437 SlVE
2065 378 2509 441 TllEOl'llll.ES.
3513 392 3584 451 66

325 489 454 547 alio.
504 488 790 560 Postquam
820 498 999 549 autem
1046 504 1154 549 non
1202 492 1489 563 persuasit,
1518 493 1668 551 dedit
1709 508 1901 561 urnas;
1928 494 2116 564 Alam
2174 504 2442 551 catervam
2490 495 2862 568 expellebant,
2921 498 3034 557 Deo
3088 500 3367 559 manifeste
3433 515 3585 567 suam

326 576 537 635 ferebat
563 579 708 635 enim
738 579 871 636 duas
896 580 1162 639 ambabus
1187 581 1434 640 manibus
1460 601 1474 639 :
1502 593 1785 656 postquam
1813 599 1907 642 au-

330 679 441 727 tem
474 670 577 727 fuit
605 672 743 727 intra
774 679 989 741 portam
1012 674 1156 744 atrii,
1182 687 1302 732 cum
1330 688 1522 747 aquam
1550 676 1825 734 ell‘udisset
1852 685 1908 735 et

326 763 699 834 dispersisset,
723 779 911 824 rursus
936 767 1171 825 cucurrit
1193 767 1261 825 ad
1283 768 1504 837 fontem,
1527 770 1701 841 reipsa
1720 771 1907 827 conlit-

329 871 488 913 mans
518 872 637 928 quae
664 857 896 915 dixerat.

401 948 571 1004 Porro
591 956 771 1005 autem
796 963 896 1021 ego
928 963 1159 1020 quoque,
1183 953 1396 1023 quando
1417 968 1538 1010 eum
1563 952 1791 1024 primum
1813 952 1907 1011 do-

326 1039 575 1098 siderans
606 1042 791 1098 videre
816 1040 929 1112 (59)
963 1045 1180 1100 ascendi
1212 1046 1266 1101 in
1290 1056 1545 1115 montem,
1578 1049 1758 1118 aspexi
1781 1061 1905 1104 eum

332 1140 604 1188 tenentem
627 1146 791 1189 urnas
817 1134 1086 1191 manibus.
1105 1136 1309 1193 Deinde
1329 1152 1518 1209 rogavi
1543 1153 1663 1195 eum
1686 1136 1903 1194 ubinam

321 1233 470 1281 esset
518 1224 850 1283 admirabilis
907 1227 1136 1285 Zenonis
1192 1230 1577 1289 habitaculum.
1632 1233 1683 1289 is
1721 1242 1903 1290 autem

328 1315 466 1371 dixit
494 1330 555 1372 se
584 1316 791 1373 nullum
815 1332 976 1376 nosse
1000 1321 1321 1378 monachum
1351 1324 1441 1394 qui
1486 1324 1566 1380 sic
1608 1324 1904 1395 appellare-

326 1413 440 1462 tur.
487 1405 602 1476 Ego
623 1415 802 1464 autem
832 1422 957 1465 cum
994 1425 1118 1467 eum
1164 1412 1339 1482 ipsum
1365 1428 1487 1471 esse
1529 1415 1903 1486 conjecissem,

325 1505 552 1553 secutus
575 1512 718 1569 sum,
740 1499 795 1555 id
820 1500 1114 1571 conjiciens
1141 1518 1211 1559 ex
1244 1505 1362 1575 ejus
1383 1509 1650 1564 sermonis
1686 1507 1903 1565 modes-

324 1592 418 1650 tia.
460 1592 750 1667 Postquam
777 1605 956 1654 autem
983 1599 1258 1670 ingressus
1285 1616 1405 1657 sum
1431 1602 1653 1670 ostium,
1684 1604 1794 1661 vidi
1824 1614 1906 1661 to-

318 1696 443 1740 rum
463 1699 531 1741 ex
550 1684 677 1743 leno
701 1693 1459 1763 constructum,etquamdam
1490 1696 1648 1750 aliam
1670 1704 1903 1751 stoream

319 1776 393 1831 ita
428 1791 592 1847 super
643 1778 852 1849 lapides
880 1789 1123 1849 stratam,
1156 1790 1215 1838 ut
1254 1784 1344 1854 qui
1375 1798 1537 1855 super
1564 1784 1712 1842 illam
1742 1788 1901 1844 scde-

2017 587 2334 645 ostendente
2358 589 2605 661 gratiam.

2081 678 2303 748 Qualem
2323 680 2633 751 ergojvitam
2657 682 2825 753 egerit
2842 682 2928 740 hic
2942 682 3022 740 vir
3042 684 3275 754 divinus;
3298 694 3354 742 et
3369 688 3582 758 qualem

2007 773 2079 829 sit
2098 774 2351 831 divinitus
2379 774 2605 845 gratiam
2652 787 2961 849 assecutus,
3008 779 3075 835 ad
3123 779 3422 837 docendum
3468 780 3586 839 haec

2006 862 2303 921 sufficiunt.
2343 866 2450 921 Sed
2492 867 2634 921 enim
2687 881 2910 925 necesse
2961 878 3048 927 cst
3084 870 3189 928 hoc
3233 886 3446 944 quoque
3500 875 3585 931 his

2006 956 2263 1028 adjicere.
2297 957 2462 1015 Valde
2483 976 2604 1016 eum
2631 961 2859 1032 angebat
2896 972 2952 1018 et
2974 963 3117 1021 male
3155 963 3409 1033 habebat,
3443 967 3582 1036 quod

2007 1046 2126 1116 ejus
2148 1049 2472 1103 mansissent
2500 1050 2876 1115 facultates.et
2903 1068 3008 1108 non
3039 1070 3103 1109 ex
3136 1056 3250 1125 lege
3274 1057 3582 1127 evangelica

2006 1149 2064 1196 et
2105 1141 2424 1198 venundatae
2463 1154 2647 1198 essent
2694 1153 2751 1200 et
2797 1145 3095 1203 distributa:
3132 1165 3146 1203 :
3192 1149 3350 1218 hujus
3401 1158 3579 1204 autem

2005 1246 2170 1289 causa
2201 1234 2298 1289 fuit
2332 1234 2555 1291 fratrum
2606 1246 2737 1293 aetas
2781 1237 3085 1297 immatura.
3132 1240 3396 1308 Quoniam
3442 1244 3583 1298 enim

2005 1333 2162 1382 erant
2198 1339 2514 1382 communes
2542 1334 2598 1382 et
2625 1330 2864 1396 pecunia:
2904 1338 2959 1386 et
3002 1331 3378 1400 possessiones
3401 1372 3417 1399 ,
3470 1335 3583 1401 ipse

2008 1416 2227 1486 quidem
2271 1417 2487 1474 nolebat
2531 1418 2806 1475 divisionis
2843 1435 3003 1476 causa
3028 1420 3205 1477 redire
3233 1423 3284 1477 in
3309 1423 3534 1494 patriam
3563 1438 3579 1478 :

2005 1507 2098 1563 alii
2116 1517 2296 1563 autem
2326 1509 2652 1565 verebantur
2685 1510 2917 1567 vendere
2945 1520 3148 1581 partem
3177 1528 3393 1568 suarum
3419 1512 3581 1569 facul-

2006 1607 2196 1666 tatum,
2227 1615 2294 1656 ne
2339 1609 2611 1671 emptores
2657 1604 2791 1659 moti
2838 1604 3081 1673 avaritia,
3120 1605 3315 1662 fratres
3360 1607 3581 1663 circum-

2005 1692 2328 1761 scribentes,
2359 1693 2435 1748 illi
2466 1694 2741 1749 inurerent
2767 1696 3138 1765 ignominiam.
3173 1696 3298 1752 Haec
3347 1698 3486 1766 apud
3526 1713 3583 1754 se

2005 1783 2187 1840 animo
2214 1799 2461 1852 versans,
2492 1785 2581 1841 diu
2612 1786 2816 1841 distulit
2842 1786 3236 1854 venditionem;
3265 1797 3445 1857 postea
3486 1801 3583 1843 au-

319 1869 472 1942 bant,
498 1873 568 1929 ab
591 1888 654 1931 ea
682 1876 906 1933 minime
933 1877 1279 1934 laederentur.
1316 1878 1605 1950 Postquam
1633 1888 1816 1937 autem
1838 1881 1905 1939 de
1933 1875 1981 1937 Β
2009 1883 2117 1930 tem
2150 1889 2271 1931 cum
2303 1876 2515 1930 cuidam
2559 1890 2625 1930 ex
2674 1875 2811 1930 notis
2853 1878 2966 1931 suis
3004 1877 3331 1932 vendidisset
3379 1880 3579 1948 omnia,

327 1964 668 2037 philosophia
708 1968 873 2023 multa
898 1968 1054 2025 verba
1078 1970 1335 2036 fecimus;
1360 1985 1461 2040 ego
1488 1972 1631 2027 enim
1677 1972 1907 2029 interro-

320 2055 536 2125 gabam,
560 2056 677 2127 ipse
702 2072 832 2113 vero
861 2058 1016 2115 nobis
1037 2059 1340 2129 explicabat
1363 2074 1425 2115 ea
1447 2076 1567 2132 qua:
1588 2062 1906 2133 qumreban-

321 2154 457 2203 tur:
489 2154 545 2203 et
602 2149 892 2221 oportebat
946 2150 1200 2223 deinceps
1248 2152 1463 2209 domum
1518 2156 1751 2223 reverti;
1810 2170 1909 2227 ego

321 2251 447 2294 eum
483 2240 741 2309 precabar
771 2252 830 2299 ut
857 2241 1013 2298 daret
1042 2244 1295 2299 viaticum
1333 2244 1727 2302 benedictionis
1768 2264 1783 2301 :
1815 2247 1909 2305 ille

321 2338 501 2388 autem
524 2333 876 2405 repugnabat,
911 2334 1098 2393 dicens
1123 2350 1337 2408 acquum
1362 2352 1484 2394 esse
1508 2347 1569 2393 ut
1598 2354 1697 2394 nos
1726 2354 1911 2409 preces

323 2421 695 2495 impleremus,
718 2426 1025 2497 etseipsum
1054 2428 1267 2499 quidem
1300 2429 1585 2499 privatum,
1612 2444 1708 2485 nos
1731 2439 1909 2486 autem

321 2515 523 2574 milites
548 2517 855 2587 appellans;
889 2529 1016 2575 tunc
1053 2520 1199 2576 enim
1251 2535 1435 2578 sacros
1464 2522 1629 2578 libros
1659 2521 1906 2594 legebam

326 2606 430 2665 Dei
473 2610 697 2680 populo.
731 2612 868 2667 Cum
909 2626 1012 2668 nos
1054 2623 1232 2669 autem
1271 2614 1611 2684 juventutem
1650 2625 1705 2669 et
1740 2616 1911 2671 aetatis

326 2701 768 2759 immaturitatem
815 2704 1202 2761 adduceremus
1255 2706 1405 2775 (tunc
1471 2708 1614 2762 enim
1674 2707 1904 2776 primum

328 2805 557 2862 paucam
585 2794 870 2864 quamdam
888 2796 1314 2864 producebamus
1328 2798 1655 2870 lanuginem)
1684 2806 1740 2855 et
1764 2799 1912 2869 jura-

324 2896 512 2939 remus
539 2898 639 2939 nos
668 2900 775 2941 non
829 2901 953 2944 esse
995 2903 1182 2944 I'III‘SUS
1212 2898 1491 2959 venturos,
1521 2889 1567 2945 εἰ
1596 2904 1912 2962 cogeremur

325 2972 435 3030 hoc
454 2974 652 3042 facere,
681 2977 772 3032 vix
801 2978 1017 3035 tandem
1047 2980 1264 3051 quidem
1311 2981 1498 3039 multis
1534 2982 1705 3039 ﬂexus
1741 2985 1914 3054 preci—

326 3062 456 3131 bus,
489 3063 606 3121 Deo
641 3066 834 3123 obtulit
877 3068 1095 3137 quidem
1126 3068 1595 3139 intercessionem;
1625 3073 1718 3127 sed
1768 3074 1913 3143 quod

328 3155 389 3213 id
424 3156 665 3227 fecisset,
690 3160 874 3215 multis
893 3159 1075 3217 verbis
1111 3176 1172 3217 se
1209 3164 1507 3231 excusavit,
1531 3164 1714 3221 dicens
1752 3180 1813 3221 se
1860 3164 1913 3221 id

2008 1966 2238 2034 plurima
2268 1966 2480 2036 quidem
2509 1965 2782 2023 distribuit
2811 1983 2826 2021 :
2856 1967 3068 2023 interim
3094 1975 3271 2023 autem
3300 1967 3437 2021 mala
3466 1983 3583 2038 qum

2010 2059 2202 2114 accidit
2227 2059 2493 2126 valetudo,
2519 2059 2693 2130 coegit
2720 2075 2843 2116 eum
2877 2060 3183 2117 consultare
3228 2060 3295 2115 de
3340 2059 3579 2131 reliquis.

2011 2150 2491 2222 Accersito'itaque
2520 2152 2758 2208 antistite
2788 2151 3103 2222 civitatis(is
3127 2160 3305 2207 autem
3328 2162 3446 2207 erat
3473 2166 3585 2207 ma-

2015 2256 2152 2313 gnus
2183 2243 2508 2312 Alexander,
2540 2244 2793 2314 splendor
2815 2258 2953 2299 verae
2979 2243 3275 2314 religionis,
3306 2252 3363 2300 et
3401 2258 3586 2299 exem-

2011 2336 2129 2403 plar
2183 2333 2424 2400 virtutis,
2486 2344 2677 2390 exacta
2724 2344 2778 2392 et
2829 2342 3074 2390 accurata
3129 2335 3302 2405 imago
3351 2334 3586 2404 philoso-

2012 2422 2180 2494 phiae)
2215 2440 2227 2475 :
2257 2423 2551 2492 Adesdum,
2576 2425 2767 2496 inquit,
2796 2439 2830 2480 o
2856 2425 3094 2483 divinum
3110 2434 3291 2496 caput,
3319 2425 3506 2480 harum
3530 2436 3585 2483 tu

2014 2517 2362 2586 pecuniarum
2396 2516 2473 2573 sis
2502 2518 2631 2572 milii
2663 2516 2892 2588 optimus
2935 2532 3265 2583 oeconomus,
3291 2531 3380 2572 eas
3408 2532 3472 2573 ex
3503 2518 3585 2573 tli-

2011 2609 2140 2663 vino
2163 2608 2405 2664 instituto
2423 2609 3028 2680 diSIribuens,tanquam
3043 2608 3207 2679 judici
3229 2608 3303 2663 illi
3326 2611 3585 2666 rationem

2014 2704 2344 2760 redditurus.
2376 2705 2521 2761 Alias
2551 2709 2693 2762 enim
2718 2721 2819 2777 ego
2845 2721 3005 2762 manu
3028 2721 3145 2761 mea
3175 2704 3504 2774 dispensavi,
3533 2711 3586 2758 et

2012 2795 2279 2863 distribui,
2315 2805 2373 2851 ut
2401 2798 2530 2852 mihi
2577 2800 2719 2853 visus
2748 2813 2864 2854 sum
2894 2798 3123 2869 optime;
3160 2798 3354 2853 vellem
3406 2804 3584 2851 autem

2015 2886 2221 2957 reliqua
2272 2903 2486 2957 quoque
2512 2888 2825 2959 dispensare
2876 2890 3163 2946 similiter:
3206 2889 3301 2945 sed
3334 2886 3585 2959 quoniam

2010 2976 2204 3048 iubeor
2232 2980 2465 3049 migrare
2495 2994 2560 3035 ex
2599 2980 2697 3034 hac
2733 2980 2863 3048 vita,
2893 2988 2946 3034 te
2973 2995 3074 3050 ego
3098 2995 3281 3036 earum
3313 2980 3584 3039 constitua

2017 3068 2470 3137 dispensatorem,
2497 3068 2586 3139 qui
2606 3084 2665 3125 es
2693 3079 2747 3124 et
2770 3070 3032 3139 pontifex,
3060 3078 3114 3127 et
3142 3071 3502 3140 pontificatum
3524 3072 3588 3126 le-

2014 3160 2168 3230 gibus
2205 3160 2364 3232 grecte
2421 3161 2584 3231 geris.
2625 3161 2887 3217 Pecunias
2939 3163 3119 3233 itaque
3175 3170 3424 3233 tanquam
3493 3162 3587 3219 Dei

328 3248 528 3309 fecisse
545 3262 600 3309 et
626 3252 826 3309 amoris
851 3268 1012 3311 causa
1041 3264 1096 3310 et
1109 3255 1452 3324 obedientite,
1474 3258 1911 3329 appropinquan-
1935 3253 1982 3317 C
2016 3252 2276 3323 quaestori
2316 3253 2554 3307 tradidit
2580 3254 2699 3321 Ipse
2748 3261 2927 3309 autem
2976 3269 3098 3311 cum
3128 3269 3235 3311 non
3283 3256 3402 3326 plus
3429 3268 3587 3326 quam

331 3348 421 3398 tes
441 3344 583 3399 enim
625 3344 930 3401 audivimus
959 3357 1288 3416 precantem.
1319 3348 1470 3416 Quod
1511 3358 1690 3405 autem
1722 3349 1775 3405 in
1807 3359 1915 3406 tam

336 3433 603 3502 profunda
630 3435 991 3508 philosophia,
1023 3447 1170 3494 tanta
1215 3448 1360 3496 esset
1389 3440 1653 3497 modestia
1683 3455 1746 3496 ac
1793 3456 1915 3499 mo-

339 3524 620 3585 deratione
643 3528 722 3584 vir
750 3544 915 3585 senex
952 3531 1324 3603 (quadraginta
1352 3531 1493 3588 enim
1523 3534 1678 3589 annis
1725 3547 1916 3604 perpe-

336 3618 444 3674 tuis
476 3629 721 3676 versatus
748 3629 866 3678 erat
901 3622 954 3677 in
1007 3625 1301 3681 monastica
1331 3625 1764 3697 exercitatione),
1794 3626 1915 3697 quis

335 3707 469 3764 satis
498 3723 595 3779 pro
611 3710 872 3783 dignitate
888 3713 1121 3782 potuerit
1141 3713 1430 3770 admirari?
1451 3730 1711 3785 quasnam
1735 3725 1914 3773 autem

336 3800 524 3860 laudes
551 3803 631 3860 rei
655 3804 1009 3876 magnitudini
1049 3821 1206 3876 pares
1250 3808 1484 3877 potuerit
1516 3807 1747 3864 afferre?
1778 3808 1914 3864 Cum

334 3902 516 3952 autem
564 3896 779 3953 virtutis
822 3897 963 3955 tales
992 3898 1292 3969 possideret
1319 3915 1474 3970 opes,
1522 3915 1774 3972 tanquam
1823 3905 1913 3972 qui

334 3995 486 4044 esset
510 3987 565 4043 in
585 3997 827 4045 extrema
859 3989 1060 4061 inopia,
1100 3990 1167 4047 ad
1201 3991 1296 4048 Dei
1322 3993 1603 4049 ecclesiam
1625 3994 1712 4050 die
1736 3994 1920 4050 Domi-

339 4078 466 4136 nico
488 4080 881 4137 veniebatcum
905 4084 1122 4153 populo,
1137 4083 1348 4141 divinos
1366 4084 1589 4142 audiens
1615 4100 1916 4154 sermones,

342 4176 403 4227 et
454 4183 614 4227 aures
670 4173 1083 4231 accommodans
1125 4174 1482 4245 doctoribus;
1532 4184 1588 4234 et
1618 4180 1916 4248 ‘postquam

335 4274 580 4318 mensam
604 4262 982 4333 participasset
1003 4266 1312 4337 mysticam,
1346 4268 1716 4325 revertebatur
1736 4268 1792 4324 in
1820 4283 1918 4325 no-

337 4366 465 4410 vum
491 4354 621 4411 illud
669 4354 1064 4425 habitaculum,
1114 4373 1219 4416 non
1269 4359 1476 4416 habens
1524 4361 1761 4430 clavem,
1808 4374 1915 4418 non

337 4445 652 4514 claustrum,
666 4462 773 4503 non
798 4450 965 4521 828
980 4450 1298 4521 relinquens
1319 4452 1596 4509 custodem
1614 4461 1757 4509 :erat
1772 4452 1913 4509 enim

334 4538 592 4598 maleficia
604 4543 761 4612 plane
784 4544 980 4599 invium
999 4554 1053 4600 et
1074 4554 1496 4613 sacrosanctum,
1515 4557 1570 4602 ut
1585 4547 1727 4616 quod
1747 4546 1913 4602 solam

334 4632 486 4690 illam
514 4634 737 4691 haberet
771 4645 1031 4693 stoream.
1084 4636 1263 4692 Unum
1310 4648 1486 4692 autem
1540 4638 1733 4692 librum
1776 4638 1916 4694 acci-

337 4727 493 4797 piens
538 4743 571 4784 a
622 4726 1015 4795 familiaribus,
1068 4744 1192 4785 eum
1234 4736 1404 4785 totum
1440 4728 1688 4799 legebat,
1742 4738 1799 4786 ct
1852 4743 1919 4785 eo

336 4823 486 4895 prius
512 4822 745 4889 reddito,
773 4822 935 4879 alium
967 4823 1278 4894 accipiebat.
1316 4823 1421 4880 Sed
1467 4823 1590 4878 licet
1620 4837 1721 4878 nec
1743 4824 1921 4881 claus-

334 4923 413 4969 tra
454 4913 708 4987 haberet,
734 4929 836 4973 nec
863 4912 1109 4973 Vectibus
1155 4924 1414 4983 uteretur,
1446 4915 1849 4971 custodiebatur
1884 4932 1916 4971 a

334 5019 571 5078 superna
593 5009 796 5079 gratia;
826 5008 986 5080 idque
1008 5023 1104 5079 per
1132 5010 1303 5078 ipsam
1331 5006 1714 5078 experientiam
1737 5015 1923 5077 aperte

333 5103 647 5162 didicimus.
671 5104 899 5173 Quando
917 5105 1066 5160 enim
1092 5104 1260 5160 Isauri
1294 5118 1391 5173 per
1421 5103 1643 5157 insidias
1659 5108 1819 5158 noctu
1838 5117 1925 5158 ar-

336 5209 456 5252 cem
501 5211 715 5268 cepere,
744 5197 940 5254 deindo
966 5210 1129 5252 mane
1151 5211 1320 5266 usque
1346 5194 1411 5250 ad
1439 5195 1581 5250 latus
1616 5193 1813 5250 montis
1840 5194 1921 5249 fa-

335 5286 553 5346 ciebant
580 5288 937 5353 incursiones,
971 5288 1169 5343 multos
1203 5286 1419 5357 quidem
1449 5287 1613 5351 viros,
1637 5296 1691 5342 et
1724 5286 1918 5341 multas

332 5382 592 5439 mulieres
620 5397 739 5453 quin
761 5382 925 5437 vitam
965 5379 1293 5438 exercebant
1323 5379 1695 5446 monasticam,
1724 5376 1917 5433 crude-

331 5472 460 5531 liter
482 5474 809 5542 confodere;
834 5483 962 5531 tunc
1001 5488 1132 5544 ergo
1160 5472 1243 5529 vir
1272 5471 1508 5539 divinus,
1553 5469 1781 5526 aliorum
1810 5485 1914 5525 cae-

332 5563 459 5621 dem
504 5563 746 5633 intuens,
785 5564 965 5621 ell‘ecit
992 5564 1237 5621 oratione
1272 5571 1330 5618 ut
1381 5577 1565 5619 eorum
1620 5561 1911 5631 caligarent

332 5658 499 5729 oculi,
528 5666 595 5720 et
613 5673 714 5730 per
739 5658 935 5724 ostium
963 5658 1346 5729 ingredientes,
1381 5670 1486 5711 non
1527 5655 1775 5710 videbant
1804 5653 1916 5709 adi-

331 5758 441 5807 tum
466 5766 483 5807 :
513 5757 575 5807 ut
599 5761 780 5808 autem
808 5750 1043 5818 dicebat,
1068 5756 1257 5804 testem
1288 5747 1564 5817 appellans
1591 5746 1869 5801 veritatem
1895 5788 1908 5810 ,

325 5851 512 5919 apene
539 5857 753 5921 quoque
783 5852 899 5903 tres
937 5842 1068 5902 vidit
1097 5841 1491 5911 adolescentes,
1537 5838 1630 5913 qui
1659 5845 1822 5897 totam
1850 5838 1911 5894 il-

2020 3361 2220 3401 annum
2251 3345 2473 3401 vixisset
2503 3344 2617 3420 (40)
2648 3352 2853 3416 postea,
2887 3354 3137 3418 tanquam
3174 3347 3385 3417 quidam
3411 3348 3589 3417 Olym-

2018 3440 2169 3510 picus
2190 3440 2367 3497 victor
2392 3440 2618 3495 recessit
2646 3454 2677 3493 a
2700 3438 2867 3509 septis
2885 3480 2903 3507 ,
2931 3454 3038 3497 non
3066 3440 3133 3494 ab
3162 3439 3465 3494 hominibus
3500 3452 3589 3493 so-

2019 3530 2129 3585 lum
2152 3529 2370 3600 gloriam
2405 3539 2706 3596 assecutus,
2729 3529 2823 3585 sed
2854 3531 3012 3584 etiam
3043 3529 3110 3584 ab
3136 3530 3356 3599 angelis.

2089 3623 2203 3694 Ego
2232 3634 2410 3678 autem
2457 3637 2578 3677 cum
2607 3637 2727 3678 eum
2760 3632 2817 3677 ut
2846 3637 2941 3691 pro
2972 3636 3059 3677 me
3085 3621 3151 3676 ad
3183 3622 3464 3678 Dominum
3508 3622 3588 3677 in-

2021 3713 2283 3782 tercedat,
2308 3726 2556 3780 oravero,
2585 3726 2671 3768 me
2702 3710 2768 3766 ad
2794 3710 2953 3766 aliam
2985 3720 3295 3790 convertam
3323 3713 3586 3769 narratio-

2020 3815 2161 3883 nem‘
2620 3869 2846 3926 CAPUT
2880 3870 3022 3927 xm.

2538 3978 2869 4020 uacsnostt‘s
2908 3962 3046 4035 (Η).

2094 4056 2460 4114 Macedonium
2488 4065 2691 4126 autem,
2722 4057 3038 4131 cognomine
3065 4057 3391 4131 πριθοφάγον,
3420 4056 3473 4113 id
3509 4066 3588 4114 est

2020 4157 2334 4206 vescentem
2380 4149 2581 4205 hordeo
2616 4150 2683 4220 (is
2723 4150 2864 4206 enim
2893 4149 3042 4206 cibus
3088 4149 3187 4204 hoc
3214 4150 3265 4205 ei
3294 4165 3587 4220 cognomen

2018 4237 2317 4310 imposuit),
2342 4239 2517 4295 sciunt
2542 4239 2755 4309 quidem
2778 4254 2965 4295 omnes
2999 4238 3281 4295 Phoenices
3308 4249 3361 4295 et
3383 4241 3505 4312 Syri
3534 4249 3590 4296 et

2017 4330 2228 4402 Cylices
2244 4348 2256 4383 :
2274 4331 2449 4386 sciunt
2476 4338 2651 4386 autem
2673 4331 2858 4385 borum
2875 4346 3085 4402 quoque
3109 4331 3267 4386 vicini
3289 4330 3588 4398 etfinitimi,

2018 4423 2108 4494 qui
2136 4424 2329 4494 partim
2355 4423 2565 4492 quidem
2584 4423 2685 4492 ipsi
2708 4423 2886 4478 videre
2909 4423 3181 4491 miracula,
3199 4422 3385 4492 partim
3410 4431 3586 4476 autem

2017 4529 2079 4571 ea
2104 4512 2300 4569 famam
2331 4513 2692 4569 celebrantem
2729 4514 3001 4569 audivere.
3032 4513 3215 4583 Neque
3244 4526 3368 4567 vero
3413 4510 3589 4566 sciunt

1945 4618 1997 4685 ι)
2020 4621 2204 4662 omnes
2219 4606 2421 4673 omnia;
2440 4606 2533 4661 sed
2555 4620 2675 4661 cum
2701 4606 2791 4661 alii
2814 4606 3025 4678 quidem
3049 4607 3170 4671 hoc,
3188 4605 3276 4659 alii
3304 4618 3431 4658 vero
3458 4603 3589 4659 illud

2024 4701 2332 4769 didicerint,
2348 4700 2492 4772 quod
2509 4701 2682 4756 sciunt
2704 4701 2895 4756 merito
2918 4702 3089 4756 solum
3113 4699 3461 4754 admirantur.
3480 4696 3591 4767 Ego

2023 4804 2204 4851 autem
2235 4810 2357 4851 cum
2406 4793 2473 4850 de
2500 4794 2606 4849 hoc
2642 4794 2823 4850 divino
2864 4795 3036 4863 capite
3063 4792 3179 4847 aliis
3205 4790 3371 4846 sciam
3416 4790 3592 4861 perfe-

2021 4888 2157 4943 ctius
2182 4878 2371 4959 (multa
2417 4885 2560 4941 enim
2590 4900 2675 4941 me
2705 4892 2987 4940 moverunt
3013 4893 3071 4938 ut
3096 4882 3162 4938 ad
3207 4896 3327 4937 eum
3359 4883 3491 4938 irem
3532 4889 3591 4938 et

2023 4977 2273 5049 frequens
2308 4977 2447 5046 apud
2473 4992 2597 5033 eum
2641 4977 2861 5046 essem),
2901 4974 3131 5031 narrabo
3161 4974 3367 5045 singula
3394 4985 3453 5031 ut
3490 4987 3591 5045 po-

2024 5081 2195 5127 tuero.
2224 5072 2377 5127 Hunc
2405 5077 2580 5127 autem
2613 5071 2664 5125 ci
2694 5070 2935 5125 ordinem
2965 5070 3198 5135 servavi,
3226 5077 3279 5124 et
3308 5076 3427 5139 post
3455 5069 3593 5125 mul-

2024 5172 2124 5231 tos,
2160 5162 2275 5232 ejus
2305 5163 2457 5233 posui
2490 5161 2875 5226 narrationem,
2901 5174 3007 5215 non
3045 5160 3186 5230 quod
3216 5162 3260 5215 is
3290 5160 3405 5214 aliis
3433 5160 3592 5217 fuerit

2024 5253 2220 5309 virtute
2250 5252 2512 5309 secundus
2539 5252 2677 5321 (erat
2721 5249 2859 5305 enim
2904 5252 2987 5306 vel
3039 5250 3263 5307 summis
3305 5259 3362 5305 et
3402 5249 3591 5321 primis

2024 5345 2306 5417 :cqualis),
2358 5344 2453 5401 sed
2492 5343 2635 5414 quod
2679 5358 2802 5398 cum
2854 5344 3046 5398 vixerit
3096 5343 3412 5413 longissimo
3452 5353 3589 5399 tem-

2022 5455 2180 5510 pore,
2222 5448 2343 5509 post
2377 5438 2499 5494 illos
2544 5451 2769 5506 quorum
2822 5436 3074 5501 memini,
3124 5435 3244 5490 vitae
3285 5434 3445 5491 finem
3496 5448 3591 5490 ac-

2019 5534 2179 5605 cepit.

2089 5648 2186 5703 llic
2213 5660 2339 5716 ergo
2354 5645 2586 5704 habebat
2616 5647 2917 5716 palaestram
2945 5655 2997 5701 et
3026 5644 3277 5709 stadium,
3309 5640 3588 5698 cacumina

2018 5741 2275 5798 montium
2307 5758 2318 5792 :
2346 5756 2449 5797 non
2482 5743 2532 5797 itt
2562 5756 2668 5797 uno
2699 5742 2816 5796 loco
2838 5740 3061 5810 positus,
3090 5738 3182 5792 sed
3210 5752 3346 5793 nunc
3371 5732 3590 5804 quidem

2015 5836 2066 5891 in
2099 5836 2198 5890 hoc
2228 5847 2413 5901 agetis,
2450 5852 2587 5893 nunc
2615 5848 2743 5891 vero
2772 5834 2824 5890 in
2848 5833 3001 5889 illum
3026 5833 3312 5889 transiens.
3345 5829 3458 5891 Hoc
3484 5837 3594 5884 att-
