4052 6362
485 382 554 440 67
1648 382 1737 439 DE
1774 378 1951 439 VITIS
1987 378 2270 438 PATRUI!
2308 376 2509 435 LIBER
2549 372 2641 436 IX.

3683 370 3758 435 ω

472 505 591 563 item
623 493 871 562 faciebat,
904 507 1012 550 non
1052 493 1171 550 loca
1215 506 1359 565 aegre
1386 494 1596 560 ferens,
1626 495 1721 549 sed
1753 507 1939 549 eorum
1969 490 2059 563 qui
2085 505 2141 567 Α
2162 506 2223 546 ea
2244 505 2402 561 quam
2418 486 2989 546 desiderabatvivendl
3010 487 3235 544 ratione.
3257 486 3365 545 Sed
3389 497 3514 544 tunc
3531 490 3751 558 quidem

488 589 555 643 ad
588 588 765 658 ipsum
812 586 1225 655 conveniebant,
1262 596 1319 642 et
1362 587 1594 655 undique
1643 585 2057 651 concurrebant,

484 680 749 751 effugiens
777 676 1202 737 multitudinem.
1236 679 1591 749 Quadraginta
1614 686 1791 733 autem
1821 686 1877 732 et
1899 678 2061 746 quin-

480 788 585 846 que
618 774 773 829 annis
804 773 1077 843 perpetuis
1109 772 1238 828 vixit
1256 773 1357 826 hoc
1373 771 1550 836 modo,
1581 786 1685 825 non
1715 778 1872 826 utens
1896 767 2065 824 taber-

480 865 699 933 naculo,
734 879 836 919 non
888 865 1128 934 tugurio;
1179 863 1272 920 sed
1302 871 1448 918 stans
1475 862 1530 916 in
1582 861 1727 917 fossa
1757 858 2059 931 profunda;

481 956 625 1012 unde
648 960 808 1011 etiam
831 956 1048 1026 quidam
1079 971 1199 1011 eum
1225 954 1486 1009 vocabant
1510 953 1774 1010 Gubbam.
1806 953 1861 1009 ld
1880 963 2060 1008 autem

483 1064 701 1118 nomen,
732 1048 779 1104 si
804 1065 866 1104 es
890 1049 1065 1118 lingua
1093 1047 1305 1117 Syriaca
1337 1050 1389 1100 in
1418 1044 1659 1101 Graecam
1690 1046 2061 1114 transferatur,

479 1142 744 1213 signiﬁcat
797 1143 1007 1206 λάκκον,
1056 1141 1106 1196 id
1138 1150 1220 1195 est
1246 1141 1439 1196 lacum.
1476 1139 1602 1194 Post
1630 1139 1681 1194 id
1710 1150 1889 1194 autem
1923 1148 2061 1194 lem-

481 1236 624 1305 poris
653 1250 772 1290 cum
802 1235 1059 1290 evasisset
1082 1248 1267 1297 senex,
1301 1232 1463 1288 cessit
1484 1232 1815 1303 rogantibus,
1850 1242 1904 1287 et
1936 1230 2058 1285 fixit

480 1328 772 1396 tugurium.
816 1326 1003 1380 Postea
1044 1334 1224 1380 autem
1254 1325 1535 1380 orantibus
1560 1323 2057 1390 familiaribus,do-

480 1416 741 1471 mnnculis
770 1430 985 1484 quoque
1027 1431 1135 1470 non
1167 1417 1421 1485 prepriis,
1452 1416 1544 1471 sed
1572 1416 1768 1472 alienis
1798 1424 1881 1470 est
1908 1427 2056 1469 usus.

482 1508 675 1577 Viginti
705 1508 941 1576 quinque
972 1517 1150 1563 autem
1193 1509 1349 1563 annis
1377 1515 1638 1577 perpetuo
1677 1508 1838 1562 vitam
1868 1507 1976 1577 egit
2004 1506 2059 1561 in

480 1599 690 1667 tugurio
717 1605 772 1652 et
803 1598 1168 1665 domunculis,
1199 1607 1258 1653 ut
1286 1600 1479 1655 deinde
1508 1600 1790 1669 colligatur
1809 1599 2061 1655 certami-

478 1702 599 1745 num
634 1696 843 1757 tempus
872 1688 1209 1757 septuaginta
1248 1689 1400 1745 anni.
1445 1689 1577 1746 Cibo
1606 1698 1785 1745 autem
1819 1703 1950 1744 usus
1976 1697 2060 1744 est

478 1794 581 1835 non
611 1794 762 1848 pane,
812 1793 907 1835 uec
935 1779 1309 1848 leguminibus,
1343 1780 1437 1836 sed
1471 1792 1695 1853 purgato
1735 1780 1966 1848 hordeo,
2001 1788 2059 1836 et

2163 583 2249 637 vix
2271 596 2394 637 eum
2420 580 2739 636 irascentem
2768 579 3090 636 sedaverunt
3114 580 3328 649 quidam
3356 595 3422 634 ex
3469 578 3751 637 familiari-

2160 674 2278 732 bus.
2317 675 2602 745 Postquam
2628 681 2806 727 autem
2837 671 2932 726 fuit
2963 671 3145 726 ﬁnitus
3184 674 3231 725 hi
3255 672 3533 726 bdontadae
3573 674 3752 729 circu-

2163 766 2267 834 lus,
2300 776 2354 821 et
2375 780 2559 821 rursus
2582 765 2727 821 venit
2752 764 2869 820 dies
2909 764 3030 820 festi
3062 764 3345 828 Dominici,
3399 779 3582 821 rursus
3624 781 3749 820 eum

2161 870 2384 925 magnus
2409 856 2637 911 accersit
2662 856 2967 920 Flavianus,
2995 869 3190 925 rogans
3215 865 3273 909 ut
3317 868 3442 909 cum
3485 856 3563 910 eis
3606 864 3752 911 esset

2163 950 2427 1020 particeps
2454 949 2617 1019 hujus
2644 949 3007 1014 celebritatis;
3036 948 3125 1004 ille
3152 962 3278 1003 vero
3306 947 3374 1002 ad
3404 962 3500 1004 eos
3529 951 3618 1018 qui
3659 964 3751 1004 ve-

2162 1043 2536 1098 nerantzNon
2567 1042 2860 1109 sufﬁciunt,
2909 1041 3100 1109 inquit,
3136 1040 3288 1096 vobis
3336 1055 3398 1096 ea
3444 1056 3562 1110 quae
3615 1042 3751 1098 facta

2159 1142 2283 1191 sunt
2303 1151 2318 1200 ;
2338 1135 2434 1190 sed
2460 1149 2545 1191 me
2565 1148 2752 1189 rursus
2775 1134 2934 1188 vultis
2955 1133 3168 1188 efﬁcere
3190 1132 3593 1204 presbyterum?
3618 1132 3748 1188 Cum

2160 1226 2198 1281 ii
2223 1236 2399 1283 autem
2427 1227 2664 1282 dicerent
2694 1225 2807 1281 ﬁeri
2836 1241 2940 1281 non
2982 1239 3140 1295 posse
3164 1234 3224 1279 ut
3254 1226 3333 1280 bis
3362 1225 3551 1280 eadem
3601 1226 3752 1280 fieret

2158 1318 2448 1385 ordinatio,
2480 1334 2583 1374 non
2612 1319 2792 1383 cessit,
2824 1334 2993 1389 neque
3021 1318 3197 1383 venit,
3230 1318 3402 1372 donec
3446 1327 3657 1386 tempus
3697 1325 3752 1372 et

2160 1408 2276 1479 ejus
2305 1407 2596 1466 familiares
2641 1425 2760 1464 eum
2804 1410 2855 1464 id
2894 1411 3212 1465 docuerunt.
3244 1410 3369 1465 Scio
3394 1409 3607 1480 quidem
3640 1408 3755 1464 fore

2162 1512 2222 1557 ut
2250 1501 2363 1557 haec
2393 1514 2606 1557 narrato
2631 1504 2873 1559 videatur
2901 1504 3082 1559 multis
3108 1520 3212 1559 non
3233 1504 3370 1559 adeo
3392 1502 3708 1557 admiranda
3732 1518 3749 1557 :

2161 1609 2281 1651 eam
2310 1607 2487 1650 autem
2510 1598 2681 1665 posui,
2707 1606 2763 1652 ut
2787 1599 2876 1666 qui
2900 1613 3017 1652 eam
3046 1597 3261 1667 dignam
3283 1612 3399 1668 quae
3422 1610 3751 1652 commemo-

2162 1696 2313 1742 retur
2339 1688 2666 1753 existimem,
2696 1698 2752 1744 ut
2771 1704 2840 1745 ex
2870 1705 2971 1755 qua
2998 1691 3129 1745 satis
3153 1692 3317 1759 possit
3339 1690 3533 1755 conjici
3557 1698 3613 1744 et
3634 1690 3754 1758 ejus

2162 1781 2329 1835 animi
2375 1782 2687 1848 simplicitas
2736 1791 2790 1837 et
2833 1783 3027 1837 anima:
3066 1785 3291 1851 puritas.
3329 1783 3395 1836 lis
3441 1794 3620 1836 autem
3662 1795 3754 1849 qui

478 1884 611 1940 aqua
643 1872 758 1926 sola
780 1870 1102 1925 madefacto.
1130 1871 1282 1926 Hunc
1309 1880 1487 1927 autem
1508 1875 1686 1928 cibum
1718 1880 1888 1927 mater
1915 1887 2055 1936 mea,
2088 1908 2136 1971 Β
2163 1881 2289 1927 sunt
2328 1873 2653 1941 hujusmodi,
2690 1874 2946 1930 Dominus
2977 1890 3199 1946 regnum
3231 1875 3493 1929 caelorum
3522 1884 3605 1929 est
3635 1872 3755 1943 pol-

477 1978 597 2035 quae
628 1964 676 2018 ei
704 1964 802 2017 fuit
846 1963 1148 2029 familiaris,
1177 1964 1496 2034 longissimo
1528 1974 1769 2035 tempore
1799 1965 2061 2034 suppedi-

480 2054 631 2110 tavit.
660 2052 792 2108 Cum
836 2054 1125 2124 aliquando
1172 2066 1351 2111 autem
1382 2057 1446 2111 ad
1477 2072 1595 2113 eam
1632 2057 1865 2113 venisset
1891 2070 2063 2126 aegro-

479 2153 704 2212 tantem,
736 2155 788 2200 et
814 2144 1094 2201 didicisset
1122 2162 1241 2203 eam
1272 2148 1415 2204 nolle
1438 2149 1747 2217 persuaderi
1792 2158 1848 2203 ut
1878 2162 2058 2203 sume-

480 2244 562 2292 ret
585 2235 759 2293 cibum
808 2238 999 2292 morbo
1035 2239 1445 2296 convenientem
1495 2241 1643 2313 (nam
1688 2240 1803 2310 ipsa
1849 2254 2062 2309 quoque

479 2328 582 2400 iam
615 2330 1056 2384 exercitationem
1088 2330 1512 2402 amplectebatur
1542 2329 1915 2401 monasticam)
1940 2344 2062 2384 cou-

479 2418 643 2475 suluit
665 2406 721 2474 ut
746 2419 961 2474 cederet
985 2419 1229 2484 medicis,
1245 2421 1443 2476 etillnd
1475 2422 1856 2477 nutrimentum
1880 2418 2063 2475 existi-

480 2520 650 2567 maret
695 2527 817 2566 esse
844 2512 1296 2568 medicamentum
1333 2532 1343 2566 :
1380 2530 1486 2569 non
1536 2515 1677 2569 enim
1725 2514 2059 2579 deliciarum,

479 2602 573 2659 sed
606 2604 944 2659 necessitatis
992 2605 1159 2675 gratia
1209 2606 1375 2676 829
1417 2605 1723 2661 adhibetur.
1776 2606 1907 2660 Nam
1962 2619 2063 2675 ego

480 2709 713 2764 quoque,
745 2695 934 2765 inquit,
966 2695 1058 2763 qui
1084 2696 1439 2767 quadraginta
1470 2697 1648 2761 anuis,
1685 2704 1741 2750 ut
1774 2697 1902 2764 scis,
1932 2695 2060 2751 hor-

481 2789 582 2844 deo
594 2788 712 2843 solo
727 2803 845 2844 sum
864 2804 1014 2854 usus,
1040 2805 1160 2845 cum
1176 2790 1417 2859 quaedam
1442 2790 1572 2844 tnihi
1599 2789 1769 2858 pridie
1785 2788 1942 2859 hujus
1954 2790 2063 2845 diei

482 2880 718 2938 venisset
744 2880 1053 2949 inﬁrmitas,
1074 2882 1212 2950 jussi
1243 2897 1366 2938 eum
1395 2883 1486 2952 qui
1518 2897 1730 2938 mecum
1762 2882 2063 2950 habitabat,

481 2988 666 3046 parum
698 2974 830 3031 milti
864 2976 1015 3046 panis
1043 2984 1225 3043 petere
1249 2984 1302 3031 et
1323 2975 1538 3031 afferre.
1574 2975 1731 3031 Venit
1750 2977 1892 3031 enim
1932 2973 2066 3031 mihi

481 3069 534 3123 in
561 3077 818 3136 mentem,
848 3071 989 3139 quod
1037 3068 1083 3125 si
1113 3085 1376 3133 morerer,
1416 3070 1603 3125 mortis
1644 3068 1924 3126 redderem
1975 3082 2065 3124 ra-

483 3162 679 3216 tionem
705 3161 844 3230 apud
868 3161 1069 3231 justum
1097 3162 1359 3230 iudicem,
1388 3172 1447 3217 ut
1491 3163 1581 3232 qui
1615 3162 1872 3233 fugissem
1894 3169 2067 3216 certa-

482 3253 648 3319 mina,
699 3260 755 3307 et
793 3252 1176 3308 detrectassem
1208 3254 1422 3311 labores
1460 3253 1751 3309 servitutis.
1780 3254 1912 3309 Nam
1946 3268 2066 3308 cum

483 3360 653 3417 pauco
692 3346 812 3401 cibo
853 3356 1038 3414 posset
1092 3361 1237 3401 mors
1280 3348 1573 3417 prohiberi,
1619 3357 1675 3402 et
1703 3348 1756 3402 in
1812 3348 1914 3403 hac
1963 3348 2067 3402 vita

482 3451 696 3508 possem
725 3437 805 3492 sic
824 3452 1062 3503 manere,
1099 3438 1349 3494 laborans
1374 3449 1429 3494 et
1452 3455 1534 3493 me
1557 3437 1822 3510 afﬂigens,
1850 3449 1904 3493 et
1934 3453 2069 3507 epes

484 3541 604 3597 qua:
648 3542 717 3582 ex
748 3527 832 3582 his
864 3528 1231 3596 percipiuntur
1254 3526 1544 3598 colligens,
1576 3529 1708 3582 mori
1744 3529 1882 3583 fame
1910 3542 2069 3596 quam

485 3620 669 3676 vivere
699 3621 750 3674 in
796 3620 1134 3691 philosophia
1166 3620 1291 3677 duxi
1347 3622 1516 3692 magis
1574 3622 1951 3691 expetendum.
1983 3622 2072 3676 Ti-

483 3724 633 3768 more
679 3726 807 3782 ergo
862 3712 987 3767 hinc
1034 3713 1289 3782 repletus,
1333 3727 1456 3767 cum
1503 3714 1693 3768 vellem
1735 3714 2071 3783 cogitationis

485 3802 786 3858 obtundere
829 3804 1070 3871 aculeos,
1132 3814 1184 3858 et
1215 3819 1410 3875 panem
1444 3813 1624 3872 petere
1658 3805 1828 3873 jussi,
1860 3814 1912 3859 et
1951 3805 2075 3860 alla-

485 3900 599 3948 tutn
630 3896 873 3961 comedi;
916 3906 971 3951 et
1003 3896 1096 3950 tibi
1137 3897 1388 3967 praecipio
1430 3912 1496 3951 ne
1526 3896 1654 3951 mihi
1686 3897 1913 3965 amplius
1955 3896 2077 3951 hor-

488 3983 668 4053 deum,
697 3987 791 4041 sed
838 4003 1027 4058 panem
1075 3990 1336 4057 praebeas.
1375 3989 1451 4044 Ex
1483 3991 1574 4044 illa
1623 4004 1753 4061 ergo
1795 3991 1970 4060 lingua
2003 3991 2072 4044 ab

487 4078 633 4133 omni
673 4078 955 4133 mendacio
994 4081 1164 4136 aliena
1196 4083 1497 4137 audivimus
1544 4085 1684 4153 quod
1730 4084 2079 4153 quadraginta

487 4171 643 4226 anuis
670 4170 965 4226 comederit
994 4170 1276 4227 hordeum.
1311 4172 1483 4240 Atque
1519 4174 1631 4227 haec
1668 4172 1879 4239 quidem
1923 4172 2077 4226 suffl-

488 4257 638 4319 ciunt
658 4262 723 4315 ad
751 4262 1144 4329 conjiciendum
1164 4280 1321 4333 quam
1343 4276 1484 4320 esset
1512 4266 1590 4318 vir
1618 4266 1667 4318 in
1698 4265 2079 4322 exercitatione

487 4356 780 4413 monastica
808 4364 1081 4422 strenuus,
1116 4367 1169 4413 et
1208 4372 1365 4428 quam
1400 4357 1718 4412 laboriosus.

554 4447 913 4518 lntegritatem
957 4457 1132 4505 autem
1176 4458 1230 4504 et
1276 4450 1670 4519 simplicitatem
1720 4464 1927 4503 morum
1986 4463 2080 4518 per

488 4540 586 4596 alia
619 4539 1028 4595 declarabimus.
1064 4541 1347 4610 P05tquam
1380 4540 1520 4594 cnint
1556 4556 1777 4609 magnus
1807 4541 1903 4595 fuit
1930 4541 2078 4596 ordi-

488 4645 644 4689 natus
687 4633 993 4700 Flavianus,
1024 4642 1082 4687 ut
1126 4648 1375 4702 magnum
1411 4632 1503 4687 Dei
1548 4648 1763 4703 gregem
1814 4642 2076 4703 pasceret,

489 4728 589 4783 viri
617 4738 792 4783 autem
832 4729 1081 4783 virtutem
1132 4727 1316 4781 didicit
1359 4726 1788 4797 (praadicabatur
1836 4725 1977 4806 enim
2024 4736 2080 4782 et

491 4830 605 4874 erat
636 4819 689 4873 in
719 4833 814 4873 ore
842 4819 1128 4889 omnium),
1161 4834 1282 4874 eum
1311 4819 1521 4886 quidem
1551 4820 1767 4875 abducit
1806 4834 1837 4875 a
1877 4818 2079 4873 vertice

488 4897 708 4981 lnontis,
744 4923 990 4983 tanquam
1018 4914 1067 4968 in
1095 4928 1218 4969 eum
1242 4915 1307 4969 ad
1340 4930 1396 4969 se
1424 4915 1594 4970 delata
1634 4914 1822 4971 fuisset
1861 4928 2082 4968 accusa-

484 5003 584 5073 tio.
614 5000 747 5058 Cum
779 5012 954 5059 autem
1002 5004 1285 5075 mysticum
1327 5015 1467 5060 esset
1512 5006 1843 5075 propositum
1878 5004 2082 5060 sacriﬁ-

486 5084 653 5161 cium,
688 5093 902 5148 adducit
932 5094 997 5150 ad
1024 5097 1214 5165 altare,
1248 5106 1301 5151 et
1328 5112 1449 5152 eum
1480 5106 1693 5166 cooptat
1714 5096 1767 5150 in
1794 5111 2081 5151 numerum

492 5185 858 5241 sacerdotum.
912 5186 1203 5258 Postquam
1246 5200 1421 5245 autem
1465 5188 1564 5245 fuit
1610 5203 1822 5245 sacrum
1875 5190 2082 5243 finitum

491 5278 751 5348 ofﬁcium,
777 5279 955 5335 ethoc
983 5283 1032 5336 ei
1062 5282 1375 5351 signiﬁcavit
1404 5283 1593 5354 aliquis
1616 5282 1781 5355 (quod
1824 5282 1965 5338 enim
2006 5281 2084 5335 fa-

493 5381 639 5429 ctum
673 5373 845 5427 fuerat
891 5373 1167 5443 ignorabat
1195 5376 1435 5446 omnino)
1468 5376 1697 5444 primum
1746 5374 1961 5443 quidem
2006 5375 2086 5429 in-

491 5467 743 5522 cessebat
764 5480 950 5523 omnes
972 5467 1268 5523 maledictis
1289 5477 1341 5523 et
1362 5469 1648 5536 conviciis;
1678 5477 1857 5537 postea
1882 5476 2083 5535 autem,

494 5572 716 5631 accepto
768 5561 955 5617 baculo
1002 5562 1229 5631 (solebat
1295 5561 1438 5618 enim
1493 5577 1557 5617 eo
1606 5563 1839 5617 innitens
1886 5562 2091 5629 ingredi

495 5666 713 5725 propter
740 5655 975 5726 senium)
1002 5667 1055 5712 et
1084 5657 1257 5725 ipsum
1302 5659 1713 5727 persequebatur
1759 5656 2091 5727 pontiﬁcem,

499 5760 553 5807 et
577 5752 712 5806 alios
753 5762 1014 5822 quntquot
1044 5752 1283 5807 aderant.
1322 5753 1671 5808 Existimabat
1700 5754 1840 5807 enim
1870 5752 2090 5806 ordina-

499 5846 698 5903 tionem
740 5861 859 5900 eum
895 5862 1010 5899 esse
1038 5856 1360 5907 privaturam
1396 5864 1441 5903 et
1480 5849 1751 5903 cacumine
1794 5846 2013 5911 montis,
2040 5851 2096 5903 et

2163 1963 2342 2019 licitus
2368 1978 2384 2017 z
2410 1966 2579 2019 Amen
2609 1965 2775 2031 enim,
2806 1965 2995 2033 inquit,
3024 1967 3143 2020 dico
3173 1966 3342 2029 vobis,
3378 1965 3477 2019 nisi
3506 1964 3755 2021 conversi

2163 2054 2369 2111 fueritis
2384 2064 2440 2109 ut
2454 2056 2614 2123 puelli
2637 2058 2746 2122 isti,
2764 2072 2867 2111 non
2892 2057 3157 2112 intrabitis
3180 2059 3230 2111 itt
3250 2073 3471 2127 regnum
3492 2060 3757 2113 cmlorum

2164 2143 2384 2214 (Matth.
2413 2146 2583 2216 xvttt).
2619 2146 2877 2213 Quoniam
2913 2162 3041 2216 ergo
3080 2147 3386 2203 summatim
3419 2148 3756 2202 ostendimus

2164 2236 2281 2303 ejus
2309 2238 2503 2291 anima:
2530 2238 2753 2293 formam
2777 2253 2840 2293 ac
2862 2240 3249 2300 characterem.
3279 2253 3377 2306 age
3399 2237 3515 2309 ejus
3544 2252 3757 2309 quoque

2164 2328 2507 2384 ostendamus
2527 2343 2593 2383 es
2625 2328 2817 2383 virtute
2840 2328 3113 2384 ﬁduciam.

2236 2419 2463 2487 Quidam
2499 2418 2611 2474 dux
2652 2419 2875 2475 militum
2914 2419 3006 2490 qui
3053 2419 3423 2475 delectabatur
3451 2421 3757 2487 venatione,

2166 2512 2410 2567 ascendit
2435 2512 2488 2567 in
2514 2521 2754 2568 montem
2778 2521 3084 2568 venaturns.
3112 2512 3247 2569 Eum
3272 2522 3447 2566 autem
3471 2512 3760 2580 sequeban-

2167 2614 2254 2663 tur
2278 2616 2333 2662 et
2360 2622 2522 2662 canes
2561 2617 2614 2664 et
2643 2607 2866 2672 milites,
2912 2616 2967 2662 et
2992 2621 3324 2677 quaecunque
3365 2614 3489 2661 sunt
3515 2614 3637 2674 apta
3684 2605 3756 2659 ad

2169 2700 2533 2754 venationem.
2568 2677 2855 2768 Postquam
2886 2708 3062 2753 autem
3092 2699 3275 2768 procul
3308 2698 3435 2752 vidit
3465 2700 3757 2765 hominem,

2169 2798 2225 2845 et
2252 2794 2321 2843 ab
2352 2790 2417 2845 iis
2445 2790 2535 2859 qui
2566 2805 2687 2845 cum
2719 2804 2785 2844 eo
2813 2799 2967 2845 erant
2991 2789 3162 2845 audiit
3185 2790 3428 2856 quisnam
3459 2801 3620 2853 esset,
3652 2797 3762 2843 sta-

2174 2882 2270 2938 tim
2315 2897 2383 2937 ex
2423 2896 2561 2952 equo
2598 2882 2886 2945 dissiliens,
2915 2882 3162 2950 accessit,
3192 2891 3242 2936 et
3271 2881 3532 2935 allocutus
3574 2887 3672 2939 est.
3707 2889 3766 2935 et

2173 2975 2379 3044 rogavit
2409 2975 2535 3042 quid
2565 2973 2763 3030 faciens
2792 2975 2875 3029 hic
2906 2974 3155 3044 degeret;
3184 2973 3227 3027 is
3250 2983 3427 3026 autem
3470 2984 3653 3026 contra
3686 2969 3765 3026 vi-

2171 3066 2352 3121 cissim
2380 3066 2726 3135 interrogavit
2750 3083 2761 3118 :
2791 3065 2870 3120 Tu
2893 3075 3070 3119 autem
3099 3066 3223 3133 quid
3255 3064 3343 3119 hic
3371 3064 3562 3119 venisti
3591 3064 3766 3117 factu-

2172 3158 2300 3213 rus?
2343 3156 2474 3212 Cum
2505 3158 2611 3212 dux
2640 3167 2819 3213 autem
2865 3157 3089 3211 dixisset
3120 3172 3134 3209 ;
3164 3154 3461 3209 Venaturus
3492 3171 3506 3208 :
3540 3154 3605 3208 Et
3641 3168 3763 3221 ego,

2174 3248 2370 3318 inquit,
2403 3266 2579 3305 meum
2614 3265 2778 3305 venor
2805 3250 2993 3313 Deum,
3025 3260 3082 3305 et
3109 3260 3233 3303 eum
3276 3264 3468 3317 capeie
3496 3249 3675 3315 cupio,
3708 3256 3766 3301 et

2172 3340 2523 3409 contemplari
2570 3341 2850 3403 desidero;
2901 3356 3001 3396 nec
3030 3340 3096 3394 ab
3143 3339 3240 3394 hac
3271 3339 3487 3409 pulchra
3539 3337 3767 3393 cessabo

2172 3434 2478 3487 venatione.
2531 3430 2657 3486 Haec
2711 3447 2831 3485 cum
2879 3433 2986 3487 dus
3014 3430 3291 3498 audiisset,
3319 3440 3375 3487 et
3422 3439 3480 3485 ut
3526 3444 3622 3499 par
3649 3437 3768 3485 erat

2181 3524 2403 3578 miratus
2433 3535 2598 3588 esset,
2633 3526 2878 3581 recessit.

2245 3618 2380 3672 Cum
2413 3627 2590 3672 autem
2622 3619 2910 3687 aliquando
2952 3618 3136 3673 civitas
3168 3633 3198 3671 a
3245 3620 3385 3671 malo
3431 3616 3611 3686 aliquo
3653 3615 3767 3669 de-

2177 3726 2334 3767 mone
2362 3712 2575 3767 incitata
2606 3712 2973 3778 baccharetnr,
3007 3720 3061 3767 et
3102 3712 3153 3765 in
3186 3710 3520 3779 imperatoris
3563 3712 3769 3764 fureret

2176 3816 2400 3871 statuas,
2433 3815 2691 3861 venerant
2717 3806 2931 3875 quidam
2964 3821 3026 3859 ex
3058 3806 3280 3860 ducibus
3313 3801 3768 3873 pnestautissimi,

2178 3898 2267 3968 qui
2297 3899 2554 3954 adversus
2583 3899 2850 3954 civitatem
2878 3900 3258 3953 internecionis
3288 3899 3524 3952 ferebant
3554 3911 3774 3951 senten-

2180 3991 2328 4045 tiam.
2364 3990 2497 4045 Cum
2530 3991 2574 4044 is
2603 4000 2782 4045 autem
2833 4007 2863 4045 e
2910 4000 3089 4045 monte
3138 3991 3529 4054 descendisset,
3585 3992 3774 4045 ambos

2179 4085 2495 4140 accedentes
2524 4085 2689 4140 duces
2720 4087 2773 4139 in
2802 4088 2916 4139 foro
2941 4088 3178 4140 retinuit.
3212 4086 3287 4139 Illi
3313 4099 3439 4138 vero
3464 4100 3585 4138 cum
3626 4088 3777 4153 quis-

2182 4194 2302 4234 nam
2331 4179 2375 4232 is
2400 4192 2543 4233 esset
2572 4178 2903 4244 didicissent,
2937 4186 2993 4233 et
3017 4194 3081 4233 ex
3104 4180 3254 4249 cquis
3281 4179 3631 4241 desiluerunt,
3664 4190 3779 4230 ina-

2181 4286 2388 4341 nusque
2416 4281 2470 4327 et
2498 4287 2667 4341 genua
2704 4272 3117 4340 prehenderunt,
3167 4282 3222 4327 et
3249 4273 3297 4325 ei
3330 4271 3558 4325 salutem
3603 4269 3775 4341 signi-

2183 4363 2432 4418 ficarunt.
2462 4363 2554 4417 Ille
2576 4375 2755 4418 autem
2778 4362 2935 4431 jussit
2956 4372 3014 4417 ut
3034 4364 3279 4417 dicerent
3300 4362 3605 4431 imperatori
3629 4360 3776 4431 quod

2184 4459 2346 4514 homo
2373 4467 2538 4524 esset,
2572 4468 2626 4513 et
2652 4458 2896 4513 eamdem
2929 4457 3149 4513 haberet
3177 4466 3419 4512 naturam
3450 4472 3607 4527 quam
3631 4457 3663 4511 ii
3687 4456 3782 4524 qui

2183 4566 2304 4607 eum
2335 4553 2624 4607 affecerant
2651 4553 3001 4619 contumelia;
3029 4560 3083 4607 et
3112 4568 3231 4608 eum
3265 4561 3454 4606 natura
3494 4551 3627 4606 iram
3660 4564 3779 4606 me-

2111 4678 2159 4739 D
2187 4644 2276 4699 tiri
2307 4652 2570 4713 oporteat,
2600 4644 2679 4698 ira
2730 4645 2801 4699 sit
2828 4658 2956 4699 usus
3007 4644 3376 4709 immoderata,
3420 4652 3473 4697 et
3522 4655 3618 4712 pro
3665 4640 3781 4697 suis

2186 4736 2506 4807 imaginibus
2539 4735 2630 4791 Dei
2664 4736 2922 4807 imagines
2960 4735 3189 4800 occidat,
3217 4744 3271 4789 et
3297 4736 3395 4804 pro
3424 4748 3534 4788 mre
3578 4743 3783 4788 statua-

2187 4843 2328 4892 rum,
2360 4842 2583 4897 corpora
2611 4829 2766 4883 morti
2815 4829 3020 4894 tradat;
3055 4843 3117 4883 ac
3145 4827 3298 4883 nobis
3339 4826 3554 4895 quidem
3600 4840 3780 4882 teneas

2187 4920 2444 4989 efﬁngere
2468 4928 2523 4976 et
2550 4936 2733 4977 rursus
2761 4920 3013 4987 formare,
3042 4930 3126 4977 est
3155 4924 3207 4974 in
3242 4928 3489 4988 promptu
3516 4930 3569 4975 et
3590 4919 3779 4986 facile;

2190 5024 2246 5071 tu
2271 5025 2471 5081 autem,
2495 5015 2594 5070 etsi
2616 5017 2689 5070 sis
2712 5015 3021 5084 imperator,
3052 5031 3157 5071 non
3180 5025 3329 5085 potes
3354 5018 3527 5069 occisa
3552 5028 3784 5083 corpora

2190 5107 2257 5161 ad
2281 5108 2442 5160 vitam
2466 5107 2741 5161 reducere.
2770 5107 2833 5160 Et
2852 5108 2977 5176 quid
3000 5108 3119 5162 dico
3144 5107 3410 5175 corpora?
3441 5121 3614 5175 neque
3636 5104 3781 5159 enim

2199 5200 2362 5265 pilum
2387 5215 2547 5253 unum
2579 5209 2727 5269 potes
2752 5200 3027 5271 efﬁngere.
3054 5202 3177 5257 Haec
3205 5201 3341 5256 dixit
3368 5216 3497 5257 voce
3525 5216 3652 5255 usus
3683 5200 3784 5268 Sy-

2196 5290 2361 5344 riaca.
2385 5288 2462 5344 llli
2486 5300 2684 5353 autem,
2710 5293 2998 5361 interprete
3018 5292 3070 5346 in
3094 5294 3324 5363 linguam
3350 5292 3590 5347 Graecam
3614 5301 3786 5345 trans-

2194 5381 2400 5438 ferente
2453 5384 2748 5447 audientes,
2803 5393 2858 5439 et
2884 5383 3293 5450 exhorruerunt,
3319 5393 3370 5438 et
3406 5383 3471 5439 ad
3501 5386 3786 5452 imperato-

2191 5488 2306 5530 rem
2342 5477 2756 5532 transmissuros
2787 5478 3173 5547 significaram.
3204 5478 3317 5547 Ego
3338 5488 3517 5532 autem
3537 5479 3787 5531 existimo

2194 5581 2383 5621 omnes
2429 5559 2931 5625 confessuros'htec
2976 5571 3138 5625 verba
3188 5584 3309 5624 esse
3371 5570 3556 5639 grati-.e
3621 5565 3787 5621 divini

2196 5654 2449 5725 Spiritus.
2482 5656 2759 5724 Quomodo
2783 5665 2925 5714 enim
2959 5659 3115 5714 aliter
3144 5659 3257 5713 haec
3286 5668 3425 5714 esset
3454 5660 3679 5721 locutus,
3712 5655 3789 5710 vir

2198 5748 2413 5819 quidem
2460 5765 2655 5820 expers
2704 5753 2877 5807 omnis
2925 5752 3275 5820 eruditionis,
3326 5753 3377 5804 in
3423 5763 3562 5817 agris
3612 5757 3788 5803 autem

2200 5844 2478 5912 educatus,
2535 5846 2692 5901 vitam
2743 5857 2919 5901 autem
2961 5861 3125 5915 agens
3155 5846 3207 5899 in
3239 5842 3607 5900 cacuminibus
3634 5856 3788 5899 tuon-
