4052 6362
260 403 330 462 ca
1353 414 1821 485 PHILOTI‘IEUS,
1863 435 1978 476 εινε
2015 421 2464 484 THEOPHILES.
3448 403 3518 505 σιξ)

257 521 406 586 tium,
439 537 652 578 omnem
676 531 851 580 autem
881 527 1098 582 omnino
1126 527 1506 586 circumferens
1526 533 1835 600 simplicita-
1863 537 1913 594 Α
1941 535 2189 592 miserum
2214 539 2408 607 eripuit
2439 541 2504 597 ab
2532 545 2886 615 accusatione,
2911 558 2965 606 et
2989 552 3194 609 obstitit
3230 559 3516 626 quominus

256 623 385 678 tem,
416 615 583 686 33o
613 627 666 672 et
711 619 798 684 qui
831 635 930 691 nec
967 621 1156 676 divinis
1187 625 1397 691 quidem
1429 637 1707 682 vacaverat
1735 629 1841 683 elo-

253 707 433 772 quiis?
461 709 594 761 (jutn
638 713 812 779 itaque
837 689 951 781 e'jus
996 725 1049 768 et
1080 717 1405 780 spiritualetn
1457 721 1840 776 det-laraverint

254 797 691 865 sapienthmpet
732 818 848 868 quae
888 804 1050 870 juslis
1080 811 1321 861 convenit
1360 809 1600 864 fiduciam
1632 812 1840 883 (jusms

255 891 397 942 enim
431 895 655 979 conlidit.
693 905 750 950 ut
778 895 861 950 leo
891 896 1072 969 [Prom
1113 899 1344 974 xxvntj),
1380 905 1614 960 transibo
1639 907 1704 960 ad
1745 908 1842 960 mi-

255 983 452 1037 racula,

330 1072 476 1126 Uxor
523 1075 766 1145 quatdatn
795 1079 1069 1148 cujusdam
1105 1082 1378 1160 locupletis
1419 1085 1608 1139 nobilis
1639 1087 1841 1142 incide-

250 1173 332 1216 rat
357 1165 406 1215 in
431 1165 678 1221 morbum
703 1169 982 1237 ingluviei;
1012 1183 1064 1226 et
1087 1173 1172 1226 alii
1201 1175 1412 1243 quidem
1443 1191 1562 1231 emn
1593 1180 1836 1235 morbum

248 1258 588 1324 appellabant
618 1263 982 1327 operationem
1015 1281 1108 1320 seu
1159 1271 1491 1322 vexationem
1541 1271 1832 1332 dannonis.

247 1349 335 1402 aEii
367 1360 545 1404 autem
574 1369 694 1408 eum
725 1357 1103 1413 exi~timabant
1133 1363 1550 1418 imbecillitatem
1574 1367 1832 1433 corporis.

250 1441 376 1496 Sive
421 1455 595 1499 autent
629 1449 750 1517 hoc,
801 1450 914 1504 sive
963 1451 1089 1504 illttd
1135 1463 1292 1515 esset,
1346 1466 1460 1509 erat
1509 1455 1830 1524 ltujusntodi.

251 1535 504 1593 Dicebant
531 1556 648 1594 eam
681 1545 1046 1600 comedentem
1087 1546 1140 1600 in
1191 1547 1278 1604 die
1328 1551 1538 1621 triginta
1586 1552 1833 1621 gallinas,

249 1646 354 1684 non
403 1648 556 1701 posse
602 1638 979 1704 appetitionem
1023 1642 1360 1712 exstinguere
1413 1646 1688 1711 satietate,
1737 1647 1831 1702 sed

246 1722 424 1778 adhuc
454 1725 584 1778 alias
613 1739 882 1794 appetere.
914 1729 1045 1786 Cum
1080 1733 1154 1786 sic
1185 1749 1311 1801 ergo
1355 1737 1402 1787 in
1453 1751 1513 1790 ea
1545 1752 1831 1791 consume-

245 1826 433 1873 rentur
457 1819 757 1886 facultates,
785 1824 901 1891 ejus
927 1826 1132 1882 miserti
1158 1829 1245 1896 qui
1275 1830 1339 1882 ad
1365 1845 1481 1882 eam
1510 1831 1822 1895 attinebant,

1941 625 2099 694 judex
2136 631 2185 682 in
2217 645 2336 684 eum
2367 633 2522 688 ferret
2557 639 2871 693 sententiam
2917 642 3123 711 capitis,
3157 625 3258 702 non
3291 665 3409 706 esse
3435 652 3518 708 fas

1942 717 2125 770 dicens
2165 729 2221 773 ut
2251 736 2464 790 ptOpler
2493 740 2552 779 ea
2585 743 2700 794 qua:
2726 744 2821 797 per
2864 733 3035 800 ipsum
3078 747 3201 792 sunt
3248 754 3513 812 conwcta,

1941 811 2254 877 supplicium
2285 820 2473 882 capitis
2502 819 2895 886 decerneretur,
2927 827 3020 880 sed
3054 831 3226 895 potius
3273 849 3364 898 per
3393 851 3512 906 pm-

1943 899 2214 956 niteatiam
2248 907 2295 958 ei
2329 912 2544 963 daretur
2572 912 2733 966 salus.
2771 917 2940 984 Atque
2985 919 3099 975 ltaac
3126 925 3339 990 quidem
3384 899 3515 984 satis

1945 1005 2062 1046 sunt
2112 995 2176 1049 ad
2211 1004 2586 1056 oStendendam
2618 1005 2810 1061 divina:
2851 1015 3098 1079 ptentize
3145 1020 3348 1086 copfam
3397 1036 3514 1090 quae

1939 1085 1987 1140 ei
2019 1089 2136 1140 data
2170 1090 2354 1154 fuerat,
2384 1108 2484 1162 ego
2513 1103 2684 1150 tamen
2716 1098 2816 1152 alia
2848 1116 3057 1172 quoque
3085 1085 3334 1168 narrabo.

2009 1175 2197 1233 Mulier
2223 1181 2463 1248 quaedam
2492 1185 2651 1241 nobili
2679 1189 2794 1242 loco
2815 1202 2958 1261 nata,
2989 1205 3044 1248 et
3071 1199 3223 1266 longe
3251 1202 3512 1258 ditissima

1941 1267 2025 1337 (ea
2069 1282 2242 1326 antem
2293 1276 2578 1332 vocabamur
2621 1280 2859 1351 Assyria)
2905 1296 3020 1340 erat
3064 1290 3276 1358 quidem
3325 1303 3514 1348 emotae

1939 1363 2148 1428 mentis,
2183 1378 2245 1415 ex
2284 1365 2590 1422 domesticis
2639 1382 2814 1426 autem
2864 1380 3185 1444 agnoscebat
3225 1386 3510 1448 neminem,

1937 1461 1992 1504 ut
2015 1455 2193 1508 cibum
2223 1467 2395 1511 autem
2421 1471 2470 1513 et
2499 1473 2678 1530 potum
2705 1478 2956 1532 sumeret,
2987 1471 3124 1524 ferre
3145 1489 3248 1528 non
3284 1486 3508 1538 poterat.

1937 1539 2172 1600 l’lurtmo
2200 1559 2374 1601 autem
2405 1561 2645 1620 tempore
2672 1557 2883 1610 assidue
2909 1559 3184 1624 delirabat.
3209 1571 3261 1617 rt
3293 1565 3392 1618 hoc
3418 1567 3509 1620 alii

1935 1638 2146 1705 quidem
2195 1642 2441 1697 dicebant
2495 1659 2614 1698 esse
2666 1649 2996 1702 vexationem
3043 1660 3097 1704 et
3146 1655 3510 1720 operationem
3552 1701 3561 1708 .

1941 1728 2230 1799 daemonis;
2261 1734 2451 1788 medici
2474 1747 2648 1791 autem
2680 1737 2919 1793 (licebant
2953 1756 3071 1796 esse
3099 1746 3336 1800 morbum
3367 1762 3510 1804 cere-

1936 1822 2035 1876 bri.
2068 1824 2197 1878 Cum
2226 1829 2398 1880 ontnis
2431 1845 2556 1898 ergo
2601 1844 2687 1883 ars
2717 1840 2859 1884 esset
2906 1846 3239 1904 consumpti,
3266 1849 3314 1890 et
3357 1855 3419 1892 ex
3447 1853 3505 1902 ea

242 1911 483 1968 divinum
513 1915 657 1970 illurn
691 1919 956 1973 hominem
987 1922 1287 1977 obsecrant.
1324 1924 1414 1978 Ille
1463 1938 1634 1981 autem
1682 1930 1821 1982 venit

1937 1913 2137 1969 nul-'um
2169 1917 2384 1971 daretttr
2411 1921 2661 1972 auxilium
2692 1961 2707 1984 ,
2739 1921 2852 1990 ejus
2883 1927 3100 1980 ntatitus
3143 1933 3286 1994 (erat
3335 1941 3508 1986 autent

242 2005 459 2072 quidem
489 2017 545 2061 et
591 2022 836 2076 precatus
863 2019 944 2065 est
975 2028 988 2065 :
1019 2023 1071 2067 et
1102 2030 1220 2067 cum
1254 2030 1402 2084 aqum
1429 2017 1699 2072 dexteram
1733 2018 1830 2074 im-

241 2098 526 2164 posuis~et,
555 2110 611 2154 et
640 2102 870 2156 salutare
897 2103 1228 2158 elformasset
1257 2108 1608 2174 signaculum,
1643 2119 1694 2162 et
1713 2110 1829 2180 jus-

239 2187 402 2241 sisset
427 2189 630 2256 bibere,
665 2194 868 2246 curavit
893 2194 1156 2260 morbum,
1187 2205 1241 2251 et
1265 2196 1398 2251 adeo
1421 2198 1616 2252 retudit
1639 2201 1826 2253 immo-

239 2275 478 2332 deratam
503 2282 646 2334 illam
677 2285 1078 2352 appetttittnetn,
1105 2297 1160 2340 ιιι
1179 2288 1436 2359 deinceps
1463 2306 1621 2357 parva
1647 2293 1824 2361 aliqua

238 2370 452 2439 gallina!
484 2375 736 2439 particula
763 2380 996 2446 quotidie
1017 2382 1132 2448 ejus
1155 2382 1358 2435 alendte
1382 2398 1534 2437 usum
1559 2387 1821 2454 impleret.

241 2465 337 2519 Hic
365 2467 580 2534 quidem
612 2473 828 2525 morbus
862 2475 961 2526 hoc
987 2476 1144 2529 modo
1173 2487 1254 2530 est
1279 2486 1513 2533 curatus.

308 2555 442 2610 Cum
471 2567 648 2613 autem
678 2564 916 2627 quantum
951 2565 1120 2630 puella
1165 2565 1398 2620 thalamo
1436 2568 1610 2623 adhuc
1655 2569 1824 2626 conti-

240 2658 478 2714 neretur,
507 2661 561 2706 et
593 2667 812 2722 repente
843 2658 1095 2724 coepisset
1121 2659 1300 2712 vexari
1326 2673 1354 2713 a
1388 2661 1526 2714 malo
1557 2661 1821 2732 dremone,

239 2744 471 2797 accurrit
501 2757 649 2810 pater
678 2747 741 2800 ad
772 2747 1012 2803 divinum
1053 2752 1340 2815 hominem,
1385 2768 1564 2820 Omns,
1596 2764 1650 2810 et
1679 2759 1823 2810 voci-

239 2833 440 2898 ferans,
472 2846 524 2890 et
555 2840 826 2905 postulans
856 2852 915 2894 ut
942 2853 1218 2898 curaretur
1246 2845 1365 2898 lilia.
1402 2845 1448 2899 ls
1477 2857 1654 2902 autem
1706 2864 1826 2917 pre-

238 2933 410 2990 catus,
438 2927 595 2996 jussit
638 2937 693 2983 ut
719 2932 926 2986 daemon
958 2935 1132 2988 statim
1166 2933 1336 2992 abiret
1363 2953 1390 2993 a
1423 2939 1616 3008 puella.
1653 2939 1698 2994 Is
1729 2956 1824 2995 att-

237 3025 345 3072 tem
379 3020 584 3075 dicebat
617 3037 675 3077 se
704 3040 818 3078 eam
851 3041 958 3080 non
985 3041 1076 3080 sua
1111 3037 1300 3094 sponte
1331 3047 1450 3085 esse
1490 3034 1817 3099 ingressum,

236 3111 332 3166 Sed
365 3113 580 3180 magicis
606 3125 844 3169 coactum
896 3121 1194 3190 prae~tigiis.
1233 3122 1449 3175 Dicebat
1493 3135 1666 3176 autem
1707 3123 1821 3191 ejus

238 3217 452 3272 quoque
475 3219 666 3261 nomen
695 3209 785 3276 qui
815 3224 1083 3280 coegerat,
1112 3228 1136 3260 τ
1213 3229 1433 3268 .morem
1461 3230 1578 3268 esse
1606 3230 1817 3269 cansmn

1936 2007 1980 2060 is
2012 2007 2370 2080 Abrodianus)
2399 2013 2479 2065 vir
2524 2015 2608 2081 qui
2652 2025 2704 2069 et
2744 2031 2854 2072 erat
2905 2036 2967 2073 ex
3019 2020 3428 2088 magtsuatibus,
3461 2032 3511 2078 et

1934 2113 2118 2165 magna
2165 2101 2415 2170 dignitate
2463 2105 2732 2171 pradtus,
2781 2108 2846 2162 ad
2895 2109 3134 2164 divinum
3183 2111 3309 2166 illud
3356 2122 3512 2180 caput

1930 2202 2236 2250 accurrens,
2272 2197 2503 2247 narravit
2531 2200 2766 2250 nimbum
2797 2198 3058 2272 conjugis,
3090 2212 3138 2256 et
3169 2206 3339 2257 oravit
3368 2211 3508 2258 utea

1929 2293 2304 2348 assequerezur
2330 2285 2679 2340 curationem.
2726 2290 2900 2346 Cessit
2933 2293 3011 2346 vir
3050 2293 3276 2354 divinus.
3309 2305 3359 2349 et
3408 2295 3507 2349 do-

1930 2389 2070 2428 mum
2111 2378 2322 2444 quidem
2357 2382 2520 2443 venit,
2555 2393 2605 2436 et
2637 2399 2830 2452 magno
2877 2401 2939 2440 ac
2989 2387 3288 2442 vehementi
3337 2388 3511 2444 studio

1930 2464 2044 2520 Deo
2069 2466 2256 2522 obtulit
2290 2472 2609 2530 oratiOnent.
2645 2475 2882 2529 l’erhcta
2911 2490 3085 2532 autem
3119 2483 3356 2532 oratiOne
3384 2494 3501 2532 cum

1925 2556 2174 2624 iussisset
2209 2575 2398 2628 aquam
2437 2563 2632 2628 aiferri,
2669 2576 2719 2618 et
2761 2568 2969 2621 i‘etisset
2999 2569 3217 2638 figuram
3264 2569 3511 2626 salutaris

1926 2648 2202 2715 signaculi,
2228 2652 2382 2718 jttSsit
2417 2653 2558 2707 illam
2588 2655 2784 2710 bibere.
2804 2659 2933 2710 (Sum
2966 2673 3139 2713 autem
3170 2659 3510 2728 prohiberent

1928 2741 2140 2805 medici,
2175 2751 2352 2810 utpote
2398 2745 2536 2813 quod
2570 2761 2695 2814 potu
2726 2761 2875 2816 aqua:
2904 2748 3107 2820 frigida.-
3148 2753 3364 2804 morbus
3393 2765 3510 2805 cre-

1926 2843 2117 2894 sceret,
2151 2838 2365 2901 eXpulsa
2402 2844 2504 2890 tota
2563 2838 2769 2892 illorum
2801 2852 3034 2906 (ιλιι-τω,
3077 2841 3264 2895 obtulit
3295 2841 3505 2898 mulieri

1927 2921 2220 2990 potionem.
2248 2924 2335 2978 lha
2367 2935 2540 2980 autem
2571 2930 2727 2982 simul
2757 2944 2818 2984 ac
2851 2931 3008 2996 bibit,
3041 2931 3106 2984 ad
3155 2947 3214 2986 se
3244 2933 3419 2997 rediit,
3451 2941 3506 2986 et

1930 3028 1959 3065 a
1991 3016 2176 3068 morbo
2207 3019 2423 3071 omnino
2454 3020 2692 3086 liberata,
2724 3021 2956 3074 divinum
2991 3037 3160 3077 Vtrum
3183 3023 3422 3098 agnovit,
3452 3034 3506 3079 et

1926 3113 1984 3157 ut
2020 3105 2259 3159 dextram
2290 3109 2552 3177 DCCipel'el
2604 3120 2820 3180 rogarit,
2854 3114 3126 3184 oculisque
3172 3129 3288 3168 eam
3335 3113 3504 3183 impo-

1926 3195 2050 3264 suit,
2084 3206 2138 3250 et
2166 3197 2242 3252 ori
2281 3199 2535 3265 admovit,
2568 3213 2618 3254 et
2648 3203 2901 3271 deinceps
2928 3219 3138 3273 semper
3165 3203 3262 3258 fuit
3309 3205 3502 3258 mentis

239 3295 634 3354 incantationis.
660 3302 763 3355 Sed
793 3279 1060 3358 cumlth
1145 3307 1362 3364 .diisset.
1396 3323 1498 3360 non
1529 3307 1644 3360 tulit
1675 3318 1821 3370 pater
1850 3279 1898 3344 C
1929 3303 2167 3356 υυιιηνοδο

237 3385 334 3441 ira:
369 3389 641 3460 impetum,
686 3409 783 3448 nec
812 3403 1142 3461 exSpectavit
1181 3405 1239 3450 ut
1287 3409 1562 3452 curaretur
1610 3401 1818 3465 puella;

236 3481 331 3534 sed
366 3478 597 3536 omnium
632 3488 1034 3556 magistratunm
1080 3503 1344 3544 summum
1376 3490 1502 3555 adit,
1541 3493 1815 3561 pra-sidem

237 3571 444 3626 scilicet
471 3574 556 3639 qni
589 3575 830 3643 pluribus
865 3589 1090 3646 praerat
1120 3582 1382 3648 gentibus,
1408 3596 1619 3638 acrusat
1653 3585 1822 3638 homi-

237 3677 381 3724 nem,
411 3674 466 3720 et
495 3681 606 3719 rem
637 3679 838 3725 narrat.
873 3669 917 3724 ls
944 3681 1120 3726 autem
1144 3681 1274 3728 'reus
1304 3675 1356 3728 in
1376 3674 1629 3743 judicium
1659 3677 1821 3731 addu-

238 3763 372 3817 ctus,
407 3771 520 3811 rem
555 3763 806 3828 negabat,
841 3771 896 3817 et
941 3765 1333 3821 aet'usationem
1388 3768 1690 3822 no:ninabat
1734 3784 1821 3823 ca-

235 3846 513 3902 lumniam.
551 3850 644 3905 Hic
671 3865 846 3906 autem
876 3871 980 3908 non
1023 3857 1180 3910 alium
1209 3861 1403 3912 citabat
1435 3869 1620 3916 testem
1662 3869 1818 3930 quam

237 3939 408 4007 ipsum
441 3941 738 3998 dtrtnonem
778 3947 866 4014 qui
913 3948 1156 4002 minister
1205 3949 1372 4003 fuerat
1404 3951 1774 4005 incantationis
1804 3969 1818 4004 :

238 4043 290 4086 et
315 4036 501 4088 orabat
527 4036 759 4104 judicem
792 4049 849 4092 ut
896 4051 1136 4096 curreret
1168 4043 1230 4096 ad
1275 4044 1422 4097 illttm
1472 4045 1639 4098 virum
1686 4045 1820 4099 divi-

237 4139 386 4188 num.
435 4136 487 4180 ct
519 4129 783 4197 acciperet
812 4131 927 4198 ejus
961 4133 1345 4188 testimonium.
1382 4135 1508 4189 Cum
1557 4138 1600 4189 is
1646 4145 1822 4190 autem

236 4215 440 4270 diceret
469 4234 575 4271 non
602 4235 722 4274 esse
751 4221 826 4274 fas
855 4235 950 4276 nec
976 4223 1175 4293 justum
1211 4237 1267 4280 ut
1290 4229 1338 4279 in
1367 4227 1486 4280 loco
1514 4228 1822 4283 monadicm

235 4311 631 4366 exercitationis
665 4315 946 4370 haberetur
973 4319 1217 4386 qtne~tio,
1261 4319 1394 4374 dixit
1439 4333 1592 4388 pater
1637 4323 1823 4389 puellae

235 4415 295 4457 se
323 4401 376 4455 in
414 4401 672 4471 judicium
718 4407 998 4460 ducturum
1052 4408 1457 4475 Macedoniunt;
1506 4421 1558 4464 et
1606 4425 1825 4465 currens

239 4497 508 4564 persuasit
553 4509 607 4550 et
646 4498 815 4552 duxit.
849 4500 1051 4553 Sedens
1079 4511 1256 4554 autem
1288 4513 1434 4555 extra
1459 4500 1714 4572 judicium
1736 4503 1821 4571 ju-

235 4585 360 4650 dex,
390 4603 494 4641 non
523 4589 618 4641 fuit
641 4586 828 4658 judex,
860 4593 951 4645 sed
979 4601 1265 4658 spectator.
1303 4593 1520 4662 Magnus
1547 4594 1685 4648 enim
1714 4594 1821 4648 Ma-

1993 3382 2129 3433 Cum
2155 3390 2330 3434 autem
2353 3381 2482 3436 illud
2513 3383 2631 3436 vita:
2659 3397 2828 3452 genus
2850 3385 3253 3453 amplecteretur
3277 3387 3326 3442 in
3352 3402 3504 3442 mon-

1923 3472 2081 3537 tibus,
2120 3485 2300 3542 pastor
2343 3477 2554 3543 quidam
2587 3491 2832 3546 quaerens
2877 3492 3002 3531 oves
3047 3491 3307 3549 errantes,
3358 3481 3504 3536 νιτηὶι

1924 3566 1986 3619 ad
2023 3567 2166 3619 illum
2203 3569 2372 3621 locttm
2403 3569 2487 3622 ubi
2521 3580 2633 3623 erat
2667 3573 2822 3624 homo
2855 3571 2945 3623 Dei
2976 3571 3130 3642 (erat
3169 3581 3342 3626 autem
3390 3589 3497 3627 nox

1924 3659 2204 3728 profunda,
2233 3673 2286 3714 et
2318 3663 2478 3716 multa
2509 3663 2594 3716 nix
2626 3661 3008 3728 descenderat)
3036 3673 3088 3716 et
3120 3663 3268 3728 vidit,
3304 3673 3358 3716 ut
3390 3664 3502 3732 ipse

1922 3750 2075 3819 dixit,
2109 3768 2287 3824 pyram
2316 3755 2453 3807 circa
2485 3755 2654 3823 ipsum
2687 3747 2989 3818 accensam,
3014 3762 3067 3806 et
3090 3758 3340 3821 quosdam
3365 3755 3500 3810 duos

1924 3845 2146 3898 candida
2199 3856 2340 3900 veste
2387 3847 2636 3911 indutos,
2693 3847 2797 3916 igni
2852 3853 3149 3913 praebentes
3203 3847 3498 3901 materiam.

1925 3933 2098 3989 Animi
2139 3937 2280 3990 enim
2329 3937 2657 3992 alacritatem
2708 3937 2956 4009 allerens,
3007 3941 3187 3996 divino
3233 3939 3504 3996 fruebatur

1925 4027 2145 4081 auxilio.

1996 4121 2131 4186 Quin
2180 4120 2340 4176 etiam
2390 4121 2512 4176 doni
2545 4133 2657 4178 erat
2705 4124 2993 4193 prophetici
3025 4128 3308 4196 particeps.
3339 4127 3501 4199 831

1925 4214 1990 4269 Et
2018 4231 2136 4269 cum
2164 4215 2229 4268 ad
2261 4231 2379 4268 cum
2415 4217 2696 4286 aliquandi
2727 4218 2956 4272 venisset
2986 4234 3053 4288 qu
3077 4219 3196 4273 dam
3236 4219 3359 4283 dux,
3395 4220 3506 4288 pie-

1928 4317 2036 4364 tate
2067 4322 2120 4364 et
2153 4326 2274 4365 vera
2299 4313 2551 4378 religione
2588 4315 2762 4368 clarus
2793 4315 2932 4387 (quis
2959 4329 3132 4370 autem
3165 4315 3372 4384 ignorat
3403 4315 3508 4368 vir-

1929 4411 2091 4457 tutem
2119 4405 2390 4470 Lupiciani
2410 4406 2476 4474 'l),
2509 4405 2642 4460 dixit
2672 4421 2728 4459 se
2755 4422 2872 4460 esse
2916 4407 2982 4461 de
3013 4407 3326 4476 quibusdam
3357 4405 3507 4459 solli-

1928 4496 2108 4559 citum,
2141 4499 2227 4566 qui
2256 4497 2323 4550 ab
2352 4499 2480 4551 urbe
2506 4499 2650 4568 regia
2677 4513 2772 4565 per
2798 4513 2942 4554 mare
2967 4502 3032 4552 ad
3061 4501 3234 4568 ipsum
3269 4497 3508 4554 ferebant

1930 4589 2250 4644 necexsaria.
2302 4591 2516 4646 Dicebat
2567 4592 2708 4646 enim
2768 4592 3086 4659 prieteriisse
3131 4589 3506 4660 quinquaginta

239 4679 499 4735 cedonius
549 4683 867 4752 fungebatur
913 4685 1090 4739 ol‘lieio
1128 4685 1344 4756 judicis,
1396 4694 1550 4740 utens
1590 4703 1651 4742 ea
1700 4703 1819 4757 quae

1932 4680 2061 4748 dies,
2094 4696 2156 4734 ex
2189 4695 2292 4750 quo
2332 4697 2394 4735 ex
2427 4691 2577 4748 portu
2608 4682 2889 4747 solverant,
2925 4685 2992 4736 de
3025 4681 3102 4736 eis
3148 4691 3324 4735 autem
3372 4679 3507 4736 nibil

235 4772 384 4828 intus
413 4773 681 4828 habitabat
715 4785 992 4842 potestate.
1038 4777 1103 4830 Et
1132 4793 1250 4831 cum
1273 4779 1477 4846 jubet‘et
1507 4779 1736 4832 daemoui
1765 4791 1820 4835 ttt

241 4875 559 4920 consuetum
591 4865 824 4922 mitteret
853 4869 1214 4934 mendacium,
1243 4886 1360 4922 cum
1392 4880 1497 4924 tota
1523 4885 1698 4926 autem
1730 4887 1823 4927 ve-

237 4958 398 5010 ritate
429 4959 508 5010 rei
539 4970 778 5013 narraret
807 4962 1138 5031 tragmdtant,
1175 4963 1262 5015 ille
1292 4977 1321 5015 a
1349 4962 1573 5015 maxima
1602 4963 1821 5018 adactus

211 5043 584 5113 necessitate,
607 5059 660 5104 et
687 5053 854 5104 virum
883 5054 1114 5105 Ostendit
1137 5055 1222 5121 qui
1255 5053 1302 5107 ei
1334 5053 1552 5122 magicis
1572 5053 1824 5108 carmini-

246 5141 344 5195 bus
376 5143 481 5194 vim
512 5145 779 5209 attulerat,
825 5153 877 5196 et
907 5145 1150 5198 ancillam
1202 5160 1297 5214 per
1338 5163 1492 5215 quam
1546 5147 1630 5200 illa
1683 5147 1826 5215 potio

245 5235 438 5303 puellae
466 5236 588 5290 data
621 5237 812 5292 fuerat.
843 5238 974 5292 Cum
1024 5251 1198 5293 autem
1229 5241 1329 5294 alia
1375 5256 1585 5311 quoque
1615 5250 1830 5312 pararet

243 5327 422 5384 dicere
461 5344 580 5398 qua:
607 5327 808 5385 fecerat
847 5339 1062 5386 coactus
1106 5332 1173 5386 ab
1221 5334 1361 5399 aliis,
1409 5335 1564 5387 unius
1609 5335 1825 5404 quidem

245 5421 387 5476 aedes
433 5436 703 5489 exurens,
755 5425 976 5477 alterius
1017 5440 1146 5478 vero
1188 5425 1425 5493 jumeuta
1474 5426 1784 5482 interimens
1810 5469 1825 5492 ,

245 5514 404 5568 alium
428 5497 557 5568 vero
586 5517 761 5585 aliquo
787 5516 890 5570 alio
939 5517 1133 5572 damno
1175 5517 1435 5578 alliciens,
1482 5518 1640 5588 jussit
1671 5523 1828 5576 homo

246 5605 336 5661 Dei
364 5623 485 5660 cunt
519 5607 704 5674 silere,
734 5616 789 5662 et
817 5610 990 5661 statim
1026 5610 1207 5677 procul
1237 5615 1484 5664 recedere
1515 5627 1543 5662 a
1581 5614 1751 5679 puella
1777 5623 1831 5667 et

241 5700 310 5756 ab
340 5705 497 5756 urbe.
543 5699 636 5755 Ille
677 5713 852 5755 autem
908 5711 1152 5770 tanquam
1205 5702 1410 5756 Domini
1459 5703 1556 5771 legi
1614 5720 1826 5772 parens,

241 5793 367 5850 fecit
387 5795 532 5865 quod
561 5790 744 5862 jussus
773 5807 908 5860 erat,
950 5805 1002 5847 et
1051 5795 1288 5861 protinus
1335 5797 1534 5863 eﬂugit.
1585 5799 1671 5852 Sic
1709 5816 1824 5852 cum

235 5887 382 5952 hanc
413 5890 496 5944 vir
536 5887 745 5942 divinus
777 5887 1051 5943 liberasset
1098 5902 1126 5941 a
1176 5888 1376 5954 [ωσι-ρ,
1424 5888 1568 5943 illum
1621 5908 1687 5958 qu
1729 5907 1829 5958 quc

1928 4774 2253 4827 audiverant.
2288 4772 2378 4826 Ille
2405 4783 2578 4828 autem
2606 4773 2738 4828 nihil
2782 4786 3060 4829 cunctatus
3096 4791 3110 4828 :
3139 4771 3276 4838 Una,
3313 4771 3504 4841 inquit,

1932 4866 2100 4927 navis,
2134 4866 2323 4930 amice,
2356 4867 2552 4933 periit;
2583 4866 2746 4920 altera
2789 4876 2965 4920 autem
2997 4863 3250 4932 posuidie
3296 4873 3503 4932 portum

1930 4956 2212 5024 occupabit
2240 4957 2519 5012 Seleuciae.
2553 4958 2618 5010 Et
2661 4957 2759 5010 hoc
2790 4957 2998 5026 quidem
3031 4955 3229 5009 audivit
3273 4955 3504 5011 divinam

1931 5049 2072 5103 illam
2105 5064 2287 5103 vocem
2317 5049 2543 5104 locutam
2577 5066 2596 5106 :
2623 5051 2802 5104 dldlCll
2833 5059 3010 5103 autem
3055 5047 3378 5119 experientia
3420 5065 3509 5105 eo-

1929 5157 2048 5196 rum
2078 5159 2194 5211 qua:
2223 5142 2435 5198 dixerat
2465 5147 2760 5197 veritatem.

2007 5236 2074 5290 Ut
2099 5247 2272 5290 autem
2301 5237 2401 5290 alia
2449 5235 2874 5304 praetermittam,
2907 5247 2969 5289 ea
3003 5233 3227 5288 narrabo
3272 5248 3391 5304 quae
3435 5232 3500 5286 ad

1936 5347 2038 5387 nos
2069 5333 2213 5401 ipsos
2245 5331 2530 5400 pertinent.
2563 5330 2690 5382 Cum
2724 5336 2893 5398 mater
2919 5343 3033 5383 mea
3065 5343 3163 5382 una
3195 5341 3315 5380 cum
3365 5333 3513 5393 patre

1935 5441 2054 5480 meo
2090 5425 2381 5479 habitasset
2427 5422 2680 5477 tredecim
2713 5423 2884 5487 annis,
2913 5437 2973 5475 ea
3006 5435 3110 5475 non
3160 5420 3331 5472 fuerat
3375 5415 3510 5471 facta

1943 5528 2112 5572 mater
2143 5519 2264 5571 lilio:
2284 5533 2402 5580 um;
2438 5525 2553 5568 erat
2581 5515 2721 5568 enim
2766 5515 2983 5578 sterilis,
3014 5525 3069 5568 ut
3121 5527 3238 5581 qua:
3285 5510 3515 5564 fructum

1941 5611 2080 5666 ferre
2111 5627 2137 5663 a
2168 5621 2346 5663 ιι.ιιυι’;ι
2397 5607 2784 5678 proluberetur.
2822 5610 2885 5662 Et
2915 5609 3024 5676 ipsa
3055 5607 3266 5678 quidem
3309 5605 3361 5658 id
3409 5617 3516 5657 non
3546 5682 3548 5686 τ

1939 5706 2021 5761 val
2063 5723 2092 5758 e
2124 5721 2262 5773 aegre
2313 5705 2543 5771 ferebat;
2580 5719 2697 5772 qua:
2743 5703 2883 5757 enim
2915 5713 3027 5755 erat
3059 5701 3110 5753 in
3140 5697 3300 5753 rebus
3324 5689 3517 5748 divinis

1939 5801 2162 5860 erudita,
2217 5796 2469 5851 credebat
2518 5795 2618 5848 hoc
2664 5811 2781 5849 esse
2826 5793 2998 5846 utile:
3052 5803 3294 5858 magnam
3339 5794 3516 5883 autem

1942 5895 2235 5945 ttnrleStLIIII
2269 5888 2559 5956 accipiebat
2589 5899 2737 5957 pater
2756 5885 2896 5954 quod
2927 5891 3132 5939 careret
3157 5881 3309 5947 filiis,
3336 5886 3388 5934 et
3419 5881 3520 5929 cir-
