4052 6362
478 389 547 448 Η
1610 382 1698 441 DE
1733 379 1911 438 VITIS
1948 372 2230 437 PATRUI
2268 373 2465 432 LIBER
2505 372 2599 432 IX.
3672 366 3746 422 72

481 517 819 576 cumquaque
838 501 1121 569 cursitans,
1154 500 1375 571 rogabat
1401 497 1499 555 Dei
1519 512 1701 554 servos
1728 505 1786 552 ut
1814 510 1843 550 a
1868 496 1975 550 Deo
2004 492 2056 549 ei
2081 492 2139 555 Α
2161 491 2250 556 rit,
2280 497 2335 544 et
2355 488 2546 558 quibus
2576 497 2704 540 usus
2734 480 3003 540 laboribus
3030 478 3265 576 divinam
3294 476 3585 576 attraxerit
3612 492 3739 549 gra-

482 573 912 670 peterent—ﬁlios.
941 595 1045 652 Alii
1091 608 1218 665 ergo
1268 591 1655 664 pollicebantur
1681 603 1737 644 sc
1786 597 1841 644 et
1886 587 2055 642 Deum
2169 584 2317 649 tiam,
2340 582 2454 638 haec
2482 594 2694 652 quoque
2715 578 2780 634 ad
2808 575 3108 670 docendum
3135 573 3427 670 sufﬁciunt.

482 663 884 760 deprccaturos,
907 697 963 745 et
986 663 1247 759 jubebant
1272 663 1330 741 ut
1351 692 1494 741 esset
1521 682 1615 737 Dei
1637 681 1908 738 voluntate
1929 693 2059 735 con-
2230 676 2451 746 Accepit
2488 683 2666 730 autem
2722 671 2879 729 etiam
2927 670 2980 725 in
3030 668 3132 726 hoc
3155 666 3373 760 ‘mundo
3415 663 3533 738 ejus
3552 665 3736 760 obitus

486 757 684 841 tentus.
718 781 816 840 Hic
842 757 1021 839 autem
1053 784 1215 838 homo
1241 780 1448 836 divinus
1467 786 1549 834 est
1576 786 1759 847 aperte
1787 774 2061 847 professus
2161 770 2380 842 dignum
2415 771 2678 825 honorem
2710 764 3008 822 laboribus.
3040 762 3239 819 Omnes
3267 758 3412 816 enim
3439 766 3494 814 et
3515 757 3662 815 cives
3689 767 3745 814 et

485 887 547 931 se
572 889 734 930 unum
767 875 1057 944 petiturum
1086 872 1155 928 ab
1182 868 1413 927 universi
1444 867 1657 938 opiﬁce,
1688 876 1741 924 et
1766 881 1824 922 se
1850 863 2063 936 petitio-
2163 867 2464 934 externi,et
2483 865 2676 937 quibus
2703 863 2906 920 credita
2934 861 3105 918 fuerat
3133 872 3448 931 magnorum
3466 857 3750 928 magistra-

488 981 611 1023 nem
638 974 979 1037 accepturum
1007 973 1089 1022 est
1116 962 1400 1034 pollicitus.
1431 960 1565 1017 Cum
1595 968 1704 1014 tres
1729 958 1909 1027 itaque
1935 955 2063 1011 anni
2168 966 2319 1016 tuum
2345 958 2699 1031 dispensatio,
2721 956 2956 1012 ferentes
2981 954 3126 1010 illum
3148 966 3359 1010 sacrum
3380 950 3752 1018 lectumsuper

487 1058 897 1128 praeteriissent,
918 1066 973 1113 et
1002 1054 1281 1126 promissio
1303 1053 1461 1108 finem
1486 1066 1593 1106 non
1619 1050 1933 1119 accepisset,
1947 1062 2067 1103 rur-
2170 1052 2442 1121 humeros,
2493 1053 2849 1123 deportarunt
2893 1050 2946 1106 in
2975 1049 3144 1105 aedem
3187 1054 3482 1117 martyrum
3515 1041 3751 1098 victoria

460 1140 581 1221 isus
626 1149 858 1203 accessit
906 1153 1055 1216 pater
1098 1142 1416 1213 promissum
1458 1142 1700 1213 exigens.
1744 1140 1840 1195 ille
1888 1146 2068 1193 autem
2173 1143 2498 1215 insignium;
2532 1151 2736 1200 etcum
2772 1141 2965 1197 divinis
2987 1141 3117 1197 viris
3145 1139 3413 1209 Aphraate
3432 1142 3486 1191 et
3504 1132 3754 1189 Theodo-

490 1238 648 1309 iussit
676 1247 731 1293 ut
760 1237 826 1294 ad
852 1253 912 1293 se
940 1237 1239 1292 mitteretur
1284 1232 1501 1303 coniux.
1529 1232 1662 1287 Cum
1693 1238 1867 1285 autem
1892 1230 2072 1286 venis-
2172 1237 2276 1302 sio,
2299 1244 2543 1292 sanctum
2561 1236 2687 1292 illud
2703 1244 2758 1292 et
2783 1235 2893 1291 Deo
2906 1244 3116 1307 gratum
3136 1245 3330 1302 corpus
3352 1228 3752 1299 deposuerunt:

494 1336 580 1385 set
608 1338 801 1397 mater,
832 1328 965 1383 dixit
1015 1327 1105 1382 ille
1133 1326 1214 1381 vir
1238 1325 1476 1392 divinus,
1502 1338 1562 1380 se
1588 1331 1643 1378 et
1683 1322 1988 1392 petiturum,
2016 1327 2073 1375 et
2175 1328 2373 1384 mansit
2397 1338 2574 1384 autem
2589 1327 2755 1397 gloria
2774 1326 3035 1398 ejusmodi
3068 1334 3125 1381 ut
3142 1321 3408 1392 exstingui
3429 1334 3534 1375 non
3560 1316 3754 1388 possit.
3784 1358 3787 1361 .

493 1434 611 1477 eam
642 1420 804 1476 ﬁlium
847 1426 1204 1489 accepturam,
1235 1426 1289 1474 et
1311 1418 1453 1489 quod
1482 1423 1692 1487 oportet
1717 1428 1840 1470 eum
1885 1413 1937 1468 ei
1980 1411 2073 1482 qui

2207 1418 2283 1476 ius
2303 1429 2483 1476 autem
2515 1420 2766 1489 imposito
2792 1420 2898 1475 fine
2919 1417 3231 1483 narrationi,
3264 1429 3387 1472 eum
3427 1404 3516 1483 qui
3547 1409 3755 1481 percipi

495 1510 714 1568 dederat
758 1509 1014 1567 dedicari.
1038 1508 1171 1563 Cum
1224 1518 1402 1564 autem
1431 1514 1601 1564 mater
1647 1505 1816 1561 solum
1861 1510 2081 1574 rogaret
2180 1520 2357 1581 potest
2386 1526 2453 1567 ex
2482 1512 2793 1568 narratione
2820 1510 3019 1566 bonum
3046 1509 3267 1567 odorem
3296 1504 3642 1579 percipimus.

495 1608 556 1657 ut
577 1604 772 1658 animae
814 1601 1040 1658 salutem
1072 1601 1358 1671 acciperet,
1397 1607 1452 1655 et
1480 1607 1540 1655 ut
1582 1598 1965 1654 liberaretura
1987 1608 2078 1664 ge-

494 1691 672 1750 henna
701 1711 716 1749 :
750 1693 952 1749 Praeter
1003 1693 1126 1760 hoc,
1172 1692 1363 1762 inquit,
1408 1690 1648 1747 liberalis
1694 1698 1749 1744 et
1793 1687 2078 1744 muniﬁcus

494 1785 638 1843 Deus
678 1784 775 1841 tibi
804 1786 953 1841 dabit
996 1786 1182 1841 ﬁlium.
1215 1786 1285 1840 lis
1312 1784 1454 1840 enim
1496 1783 1584 1854 qui
1616 1798 1749 1854 pure
1772 1789 1827 1838 et
1869 1781 2079 1837 sincere

2747 1605 2973 1662 CAPUT
3010 1605 3155 1661 XIV.

2741 1710 3001 1754 umerus
3055 1698 3191 1769 (42).

2251 1792 2465 1849 Scimus
2492 1791 2705 1862 quidem
2734 1791 2838 1846 alia
2860 1805 3072 1862 quoque
3094 1790 3318 1861 plurima
3342 1791 3396 1847 in
3417 1789 3553 1847 urbe
3570 1786 3767 1845 Antio-

504 1887 723 1949 Ρθῑυηῑν
774 1878 1014 1947 duplices
1064 1877 1282 1947 ιπείιυτ
1330 1878 1637 1947 petitiones.
1665 1876 1817 1930 illinc
1865 1886 2081 1929 reversa
2110 1872 2158 1933 Β
2184 1884 2355 1940 cheua
2397 1883 2793 1954 resplenduisse
2818 1884 3037 1955 pietatis
3058 1894 3114 1940 et
3140 1898 3282 1941 verte
3308 1882 3582 1955 religionis
3601 1881 3766 1938 lumi-

498 1980 581 2027 est
605 1980 778 2027 mater
803 1970 1031 2027 aﬁ'erens
1054 1971 1302 2041 promissi
1330 1969 1777 2028 benedictionem.
1804 1969 1868 2024 Et
1893 1976 2083 2039 quarto

508 2077 650 2117 anno
676 2076 706 2116 a
733 2059 1092 2132 promissione
1117 2062 1370 2132 concipit,
1395 2069 1451 2117 et
1473 2063 1607 2132 gerit
1636 2068 1882 2125 uterum;
1914 2067 1969 2114 et
1996 2073 2086 2114 ac-

498 2153 639 2209 cedit
670 2154 737 2209 ad
763 2154 1005 2210 divinum
1036 2153 1331 2220 hominem,
1360 2152 1753 2208 benedictionis
1800 2150 2087 2206 ostendens

500 2234 823 2314 manipulos.
855 2245 1050 2314 Quinto
1078 2255 1253 2303 autem
1283 2260 1468 2301 mense
1492 2259 1524 2301 a
1567 2242 1938 2315 conceptione,
1990 2242 2089 2298 fuit

499 2336 798 2408 periculum
824 2337 1139 2394 abortionis.
1173 2338 1266 2393 Illa
1297 2347 1475 2393 autem
1506 2351 1690 2392 rursus
1720 2336 1868 2391 misit
1898 2334 1963 2389 ad
1991 2349 2088 2391 no-

499 2442 624 2487 vum
651 2446 807 2488 suum
845 2432 1094 2489 Elisaeum
1128 2432 1366 2504 (vetabat
1394 2432 1534 2488 enim
1562 2431 1780 2487 morbus
1805 2444 1875 2485 ne
1903 2429 1970 2484 ad
2001 2429 2083 2499 ip-

503 2535 621 2577 sum
651 2521 883 2593 veniret)
912 2529 969 2577 et
994 2522 1044 2578 ei
1088 2521 1361 2578 revocavit
1403 2522 1456 2577 in
1483 2522 1797 2577 memoriam
1826 2520 1966 2589 quod
1995 2532 2091 2573 no-

505 2614 650 2673 lebat
674 2615 794 2671 ﬁeri
838 2625 1009 2672 mater
1037 2615 1289 2683 ﬁliorum,
1317 2622 1372 2671 et
1398 2616 1513 2685 ejus
1560 2614 1826 2685 promissa
1872 2612 2093 2668 adduxit

509 2707 567 2763 in
588 2706 842 2763 medium.
867 2705 961 2764 llle
980 2716 1156 2764 autem
1173 2722 1293 2764 cum
1310 2708 1491 2779 procul
1513 2708 1732 2763 vidisset
1757 2706 2087 2773 venientem,

505 2804 562 2854 et
589 2800 827 2868 agnovit,
871 2808 927 2857 et
971 2813 1187 2856 causam
1233 2799 1585 2872 signiﬁcavit;
1637 2810 1799 2856 noctu
1848 2800 1993 2855 enim
2039 2806 2095 2855 et

510 2888 756 2946 morbum
784 2898 840 2947 et
866 2889 1093 2947 salutem
1124 2890 1175 2948 ei
1201 2891 1507 2947 ostenderat
1549 2890 1824 2946 Dominus.
1857 2891 2093 2961 Accepto

518 2996 648 3053 ergo
668 2982 884 3050 baculo,
912 2984 1078 3051 venit,
1111 2982 1159 3040 ei
1208 2984 1437 3041 innitens
1461 2999 1477 3051 ;
1508 2993 1706 3040 etcum
1734 2984 1924 3041 fuisset
1953 2984 2096 3039 intra

516 3072 682 3142 aedes,
707 3081 763 3130 et
785 3076 935 3145 pacis
963 3075 1336 3132 salutationem
1375 3076 1611 3133 dedisset
1640 3085 1697 3132 ut
1721 3086 2093 3134 consueverat.

518 3162 691 3229 Bono,
720 3166 909 3234 inquit,
940 3166 1015 3221 sis
1060 3166 1260 3233 animo,
1292 3182 1390 3227 nec
1438 3168 1678 3225 timueris
1706 3186 1721 3235 ;
1752 3183 1923 3240 neque
1952 3168 2094 3225 enim

2190 1991 2284 2043 na,
2309 1990 2560 2046 maguum
2591 1975 2872 2043 Severum,
2913 1984 2970 2033 et
2992 1977 3208 2033 Petrum
3234 1974 3566 2048 Egyptium,
3596 1972 3770 2043 Euty-

2189 2067 2350 2135 chen,
2376 2076 2432 2123 et
2451 2065 2733 2139 Cyrillum,
2764 2076 2819 2123 et
2871 2067 3126 2140 Moysem,
3160 2076 3215 2124 et
3260 2067 3525 2124 Malchum
3545 2063 3684 2138 (45),
3713 2070 3772 2119 et

2191 2159 2328 2216 alios
2357 2172 2571 2229 quoque
2599 2158 2859 2229 plurimos
2902 2157 3089 2215 eadem
3116 2159 3199 2214 via
3225 2172 3349 2215 esse
3365 2157 3528 2229 832
3564 2154 3772 2226 ingres-

2192 2264 2304 2307 sos.
2340 2248 2449 2307 Sed
2469 2249 2515 2305 si
2543 2264 2630 2305 res
2657 2249 2726 2304 ab
2751 2249 3001 2306 omnibus
3031 2249 3083 2305 in
3113 2250 3222 2305 vita
3240 2257 3418 2321 gestas
3446 2258 3773 2303 conaremur

2194 2343 2458 2410 scribere,
2490 2351 2659 2399 totum
2688 2351 2897 2413 tempus
2924 2342 3078 2398 nobis
3107 2358 3215 2398 non
3244 2339 3515 2397 suffecerit
3545 2355 3560 2392 :
3588 2334 3772 2394 maxi-

2196 2451 2284 2493 me
2326 2449 2449 2491 cum
2476 2436 2638 2490 etiam
2669 2435 2851 2490 multis
2880 2434 3265 2505 permultorum
3295 2431 3455 2489 lectio
3472 2428 3659 2486 aﬁ‘erat
3684 2443 3771 2483 sa-

2195 2528 2454 2584 tietatem.
2486 2527 2565 2583 Ex
2588 2528 2655 2584 iis
2683 2541 2814 2598 ergo
2842 2527 2930 2597 qui
2954 2526 3140 2596 scripti
3167 2533 3312 2590 sunt,
3339 2523 3407 2580 de
3430 2536 3615 2580 eorum
3640 2533 3771 2591 quo-

2194 2636 2303 2693 que
2333 2620 2422 2692 qui
2445 2626 2570 2676 sunt
2598 2619 2944 2691 praetermissi
2967 2618 3076 2674 vita
3096 2619 3461 2688 conjecturam
3489 2612 3769 2680 facientes,

2204 2722 2597 2785 prosequantur
2646 2712 2889 2769 laudibus
2936 2720 2994 2769 et
3033 2711 3347 2778 imitentur,
3393 2716 3450 2765 et
3495 2704 3774 2763 utilitatem

2197 2806 2519 2876 percipiant.
2544 2804 2658 2875 Ego
2686 2812 2869 2861 autem
2894 2802 3135 2860 transibo
3155 2802 3223 2857 ad
3251 2810 3399 2872 prata
3427 2798 3575 2869 Cyri,
3600 2805 3657 2852 et
3675 2809 3773 2852 eo-

2197 2914 2316 2954 rum
2341 2896 2433 2968 qui
2460 2898 2516 2953 in
2541 2897 2619 2953 eis
2651 2896 2867 2953 fuerunt
2906 2895 3250 2966 fragrantium
3300 2892 3775 2963 speciosorumque

2199 2990 2414 3058 ﬂorum,
2438 3004 2597 3060 quam
2626 2993 2859 3045 maxime
2882 2998 3091 3058 potero,
3119 2980 3778 3054 ostendampulcbritudi-

2200 3098 2322 3140 nem
2333 3124 2350 3141 ο

2271 3174 2394 3231 Fuit
2414 3173 2631 3245 quidam
2654 3173 2954 3246 Maesyrras,
2985 3172 3038 3229 in
3068 3173 3134 3229 iis
3175 3186 3296 3242 quae
3345 3182 3444 3227 nos
3487 3181 3779 3241 praecesse-

512 3253 711 3310 donum
739 3256 946 3313 auferet
977 3259 1024 3312 is
1068 3259 1159 3329 qui
1187 3259 1369 3327 dedit,
1401 3260 1507 3315 nisi
1536 3270 1589 3316 tu
1631 3270 1784 3332 pacta
1832 3270 2096 3318 conventa
2126 3255 2173 3321 C
2204 3276 2334 3323 runt
2363 3268 2712 3336 temporibus,
2738 3281 2869 3322 voce
2912 3318 2921 3333 ,π
2940 3265 3108 3320 itidem
3138 3263 3326 3335 Syrus,
3357 3270 3414 3320 et
3436 3260 3549 3317 ruri
3578 3260 3779 3317 educa-

515 3346 850 3403 transilieris.
883 3346 1122 3404 Pollicita
1149 3364 1208 3406 es
1236 3358 1413 3405 autem
1444 3359 1497 3407 te
1522 3352 1569 3405 ei
1621 3351 1949 3408 redditurum
1974 3367 2097 3407 eum

516 3437 609 3509 qui
637 3438 792 3495 datus
819 3436 1002 3509 fuerit,
1034 3448 1089 3496 et
1111 3442 1162 3496 ei
1192 3450 1631 3499 consecraturum
1658 3443 1726 3498 ad
1746 3444 1981 3499 divinum
2008 3443 2102 3499 mi-

515 3532 819 3588 nisterium.
852 3532 941 3588 Sic
988 3541 1185 3601 autem,
1216 3534 1387 3603 inquit
1432 3542 1626 3602 mater,
1654 3549 1756 3605 ego
1784 3543 1840 3591 et
1868 3543 1995 3605 opto
2040 3544 2096 3590 et

520 3624 660 3678 volo.
713 3624 978 3679 Existimo
1024 3625 1163 3682 enim
1210 3624 1294 3681 vel
1337 3626 1861 3696 imperfectissimum
1910 3626 2101 3683 fretum

518 3731 640 3772 esse
668 3718 834 3788 magis
865 3717 1246 3786 expetendum,
1277 3732 1435 3787 quam
1483 3733 1515 3774 a
1564 3718 1677 3775 Deo
1726 3719 1953 3775 alienam
2006 3720 2099 3775 ﬁlii

519 3809 910 3868 educationem.
940 3811 1075 3868 Cum
1104 3812 1281 3882 itaque
1306 3827 1499 3883 aquam
1530 3812 1827 3883 accepisset
1851 3822 1904 3869 et
1934 3812 2102 3869 bene-

519 3908 745 3965 dixisset
776 3925 791 3963 :
819 3908 949 3967 Bibe
978 3922 1129 3978 ergo,
1160 3909 1332 3980 inquit
1359 3910 1443 3965 vir
1467 3909 1701 3975 divinus,
1720 3910 1858 3964 hanc
1883 3923 2105 3980 aquam,

522 4008 578 4057 et
605 4001 804 4057 senties
827 4002 1066 4056 divinum
1097 4002 1374 4057 auxilium.
1401 4002 1540 4057 Bibit
1570 4002 1745 4072 itaque
1766 4010 1826 4057 ut
1849 4002 2101 4071 jusserat,

525 4098 584 4148 et
610 4091 905 4147 abortionis
930 4090 1115 4162 effugit
1141 4092 1453 4161 periculum.
1487 4090 1761 4162 Haecsunt
1790 4093 1960 4148 nostri
1990 4090 2106 4146 Eli-

526 4184 621 4243 αἱ
642 4183 918 4241 miracula.

598 4300 713 4371 Ego
734 4299 853 4371 ejus
881 4298 1310 4357 benedictionem
1341 4308 1397 4356 et
1419 4298 1717 4355 doctrinam
1748 4312 1890 4368 saepe
1919 4312 2106 4367 perce-

528 4394 604 4465 pi.
627 4393 709 4450 Me
758 4394 898 4449 enim
940 4392 1252 4461 adhortans,
1311 4407 1455 4462 saepe
1482 4390 1689 4449 dicebat
1718 4408 1731 4444 :
1772 4390 1933 4446 Natus
1962 4405 2041 4457 es,
2074 4404 2109 4446 ο

528 4486 627 4553 ﬁli,
655 4499 775 4541 cum
808 4484 989 4539 multis
1035 4482 1340 4549 laboribus;
1371 4483 1568 4539 multas
1596 4490 1780 4538 noctes
1807 4481 1974 4536 Deum
2005 4481 2110 4536 hoc

531 4579 701 4634 solum
751 4584 1008 4647 perpetuo
1051 4575 1254 4646 rogavi,
1283 4584 1342 4631 ut
1370 4576 1444 4630 tui
1495 4582 1741 4645 parentes
1786 4574 1887 4630 hoc
1919 4573 2108 4631 ﬁerent

2206 3369 2313 3427 tus,
2335 3368 2391 3416 et
2416 3360 2508 3431 qui
2534 3360 2747 3415 virtutis
2772 3372 2932 3414 omne
2955 3372 3123 3429 genus
3152 3355 3409 3413 ostendit.
3439 3354 3574 3410 Cum
3599 3361 3781 3411 autem

2207 3452 2491 3508 claruisset
2517 3451 2570 3506 in
2592 3452 2655 3508 ea
2686 3466 2804 3523 qua:
2829 3460 2913 3507 est
2941 3465 3034 3520 per
3062 3465 3123 3507 se
3145 3449 3271 3516 vita,
3300 3447 3349 3503 ei
3373 3446 3653 3518 cujusdam
3678 3444 3784 3501 vici

2203 3564 2332 3604 cura
2366 3548 2469 3603 fuit
2494 3547 2718 3604 credita.
2744 3545 3063 3603 Sacriﬁcans
3087 3553 3268 3601 autem
3299 3586 3314 3610 ,
3337 3551 3395 3599 et
3425 3541 3517 3596 Dei
3540 3554 3669 3596 oves
3696 3554 3785 3609 pa.

2204 3655 2384 3707 scens,
2410 3639 2499 3694 illa
2527 3648 2580 3695 et
2607 3638 2816 3696 dicebat
2839 3648 2890 3694 et
2906 3636 3133 3694 faciebat
3157 3651 3277 3707 quae
3299 3635 3383 3690 lex
3399 3632 3561 3705 jussit
3579 3631 3781 3687 divina.

2205 3734 2367 3790 Aiunt
2390 3742 2568 3788 autem
2590 3746 2711 3787 eum
2737 3745 2911 3799 neque
2936 3730 3166 3784 tunicam
3187 3768 3201 3792 ,
3236 3741 3407 3797 neque
3427 3724 3660 3781 cilicium
3685 3738 3787 3779 sa:-

2206 3840 2273 3895 pe
2319 3832 2574 3889 mutasse,
2620 3821 2715 3877 sed
2760 3819 2828 3877 iis
2856 3835 2975 3891 quae
3002 3822 3054 3876 in
3085 3819 3167 3876 eis
3192 3819 3390 3874 hebant
3426 3815 3667 3884 rupturis
3688 3814 3788 3869 ali-

2206 3924 2337 3987 quot
2368 3929 2574 3986 pannos
2603 3913 2912 3970 consuendo
2932 3954 2949 3981 ,
2979 3912 3240 3969 senectuti
3270 3912 3371 3966 hoc
3412 3909 3575 3966 modo
3613 3923 3789 3964 reme-

2207 4010 2355 4066 dium
2408 4008 2675 4064 attulisse.
2729 4005 3010 4075 H05pitum
3041 4013 3219 4061 autem
3269 4014 3322 4059 et
3355 4016 3647 4072 pauperum
3679 4009 3791 4055 tam

2207 4101 2371 4159 alacri
2402 4100 2581 4157 animo
2622 4114 2808 4157 curam
2850 4099 3103 4170 gerebat,
3152 4106 3211 4152 ut
3255 4096 3575 4166 patefaceret
3609 4101 3792 4163 portas

2208 4193 2456 4251 omnibus
2482 4192 2573 4264 qui
2620 4193 2859 4248 aderant.
2895 4189 3097 4245 Dicitur
3115 4189 3257 4245 enim
3287 4186 3537 4244 habuisse
3557 4186 3667 4242 duo
3694 4185 3793 4240 do-

2209 4288 2299 4355 lia,
2331 4301 2494 4342 unum
2539 4283 2751 4355 quidem
2791 4284 3063 4353 frumenti,
3092 4282 3317 4338 alterum
3348 4296 3474 4337 vero
3500 4280 3606 4337 olei
3663 4297 3676 4331 :
3724 4294 3792 4333 ex

2211 4377 2294 4434 his
2321 4392 2534 4447 semper
2560 4375 2776 4446 quidem
2800 4374 3172 4444 suppeditabat
3207 4371 3453 4429 omnibus
3473 4371 3791 4443 egentibus;

2217 4470 2447 4527 habebat
2465 4477 2645 4523 autem
2666 4482 2728 4523 ea
2759 4482 2970 4537 semper
2992 4466 3150 4536 plena
3176 4464 3547 4521 benedictione
3567 4477 3686 4533 qua:
3704 4463 3793 4517 da-

2216 4570 2269 4616 ta
2299 4571 2383 4617 est
2406 4558 2583 4615 vidua:
2630 4556 3003 4630 Sarephtanae,
3045 4564 3101 4614 et
3138 4557 3376 4614 immissa
3405 4556 3576 4612 fuerat
3596 4556 3650 4611 in
3680 4557 3795 4611 hazc

533 4668 674 4740 quod
702 4635 909 4724 tene-to
925 4676 1048 4723 sunt
1071 4635 1352 4722 nominati.
1386 4635 1517 4723 Vide
1551 4681 1677 4737 ergo
1703 4676 1760 4722 ut
1788 4666 1953 4721 vitam
1983 4679 2111 4735 agas
2143 4635 2196 4698 D
2220 4656 2384 4711 dOIia-
2427 4653 2549 4723 Ῐρεθ
2600 4655 2741 4710 θιιίω
2773 4651 3032 4708 Dominus
3051 4665 3241 4709 omnes
3292 4665 3422 4720 οβθε
3469 4648 3695 4706 “Tum”
3740 4648 3796 4705 ίη

539 4759 751 4830 dignam
782 4758 1074 4822 laboribus,
1099 4758 1290 4827 utqui,
1321 4766 1603 4828 antequam
1636 4758 1958 4825 nascereris,
1989 4771 2102 4826 pro-

535 4849 713 4903 missis
741 4846 905 4906 fueris
958 4846 1253 4902 dedicatus.
1288 4847 1417 4915 Quae
1444 4856 1565 4903 sunt
1588 4856 1765 4903 autem
1799 4847 1908 4903 Deo
1951 4846 2107 4901 dedi-

534 4948 673 5005 cata,
711 4948 836 4995 sunt
856 4939 1103 4995 omnibus
1132 4938 1452 5006 veneranda,
1494 4949 1549 4994 et
1576 4955 1692 5010 qua:
1720 4954 1751 4995 a
1772 4939 1931 5009 vulgo
1961 4938 2113 4992 mini-

532 5046 619 5088 me
646 5039 772 5086 sunt
798 5029 1203 5085 contrectanda.
1236 5028 1498 5086 Convenit
1547 5043 1676 5100 ergo
1706 5037 1764 5084 ut
1802 5038 1858 5083 tu
1898 5040 2111 5098 quoque

537 5121 707 5176 malos
734 5121 903 5177 animi
940 5130 1116 5177 motus
1144 5134 1250 5176 non
1281 5122 1568 5187 admittas;
1598 5120 1688 5175 illa
1717 5129 1892 5175 autem
1921 5119 2033 5176 sola
2063 5128 2119 5175 et

543 5210 712 5266 facias
737 5219 791 5267 et
834 5211 1035 5283 cogites
1076 5227 1193 5282 qua:
1227 5213 1392 5269 Deum
1432 5213 1644 5283 placant
1671 5212 1881 5267 virtutis
1911 5211 2122 5280 legisla-

549 5312 741 5358 torem.
784 5302 907 5359 Haec
934 5303 1064 5358 mibi
1091 5303 1616 5374 perpetuosuadebat
1643 5302 1724 5357 vir
1765 5303 1996 5368 divinus;
2021 5317 2119 5372 ego

541 5400 720 5448 autem
771 5401 827 5449 et
863 5407 1047 5450 eorum
1093 5411 1208 5465 quae
1239 5396 1367 5450 mihi
1395 5395 1526 5451 dixit
1558 5395 1795 5463 memini,
1834 5403 1889 5451 et
1916 5393 2114 5449 donum

538 5482 781 5540 divinum
822 5500 940 5541 sum
990 5486 1232 5543 edoctus.
1285 5488 1420 5543 Cum
1461 5496 1636 5543 autem
1689 5500 1792 5541 non
1841 5486 2118 5541 ostendam

537 5576 693 5632 factis
714 5592 907 5649 eaquae
945 5580 1077 5635 mihi
1119 5579 1323 5647 suasit,
1366 5593 1498 5649 rogo
1527 5588 1586 5635 ut
1630 5594 1722 5648 per
1770 5579 1911 5635 illius
1935 5594 2119 5649 preces

540 5671 778 5728 divinum
824 5687 1126 5744 consequar
1156 5672 1435 5740 auxilium,
1469 5681 1522 5727 et
1566 5672 1707 5741 quod
1734 5680 1816 5728 est
1844 5674 1965 5728 vita:
1996 5674 2121 5730 reli-

537 5780 722 5835 quum,
741 5780 894 5839 agam
923 5782 992 5824 ex
1020 5766 1165 5824 illius
1195 5766 1498 5836 praeceptis.
1526 5764 1707 5834 Qualis
1736 5780 1864 5839 ergo
1888 5766 1977 5825 ille
2008 5768 2111 5827 fue-

2221 4761 2411 4802 omnes
2438 4759 2533 4801 eos
2552 4743 2643 4814 qui
2671 4744 2839 4814 ipsum
2864 4743 3135 4810 invocant,
3157 4751 3213 4797 et
3235 4742 3373 4797 sicut
3393 4741 3536 4799 illius
3548 4741 3797 4812 bydriam

2217 4847 2271 4892 et
2290 4845 2498 4908 guttum
2523 4835 2682 4906 jussit
2704 4837 2989 4902 scaturire,
3023 4834 3268 4905 praebens
3289 4834 3589 4904 manipulos
3636 4835 3793 4889 senti.

2218 4944 2344 4984 num
2374 4927 2787 4999 hospitalitatis;
2834 4928 2906 4982 ita
2959 4928 3121 4983 etiam
3177 4927 3300 4982 huic
3341 4927 3459 4983 viro
3496 4927 3796 4984 admirabili

2219 5021 2466 5078 exhibuit
2490 5020 2996 5091 suppeditationem,
3022 5034 3140 5090 qua:
3158 5034 3223 5075 ex
3254 5034 3410 5090 mquo
3438 5019 3822 5090 respondebat.

2223 5116 2339 5187 ejus
2360 5117 2523 5172 animi
2548 5115 2833 5171 alacritati.
3815 5094 3822 5154 ι

2294 5208 2411 5264 Jam
2442 5223 2570 5264 vero
2592 5208 2659 5264 ad
2686 5206 2931 5264 facienda
2958 5222 3170 5279 quoque
3198 5206 3458 5264 miracula
3486 5222 3518 5262 a
3546 5199 3658 5264 Deo
3680 5207 3801 5262 uni-

2223 5314 2498 5355 versorum
2540 5315 2784 5371 magnam
2828 5301 3033 5370 accepit
3061 5300 3309 5370 gratiam.
3355 5299 3568 5355 Faciam
3617 5308 3792 5358 autem

2225 5393 2553 5449 mentionem
2583 5393 2743 5448 unius
2766 5401 2858 5448 aut
2886 5393 3113 5448 duorum
3164 5391 3572 5458 miraculorum;
3595 5392 3799 5461 reliqua

2225 5496 2402 5542 autem
2445 5485 2845 5557 praetermittam
2872 5527 2887 5553 ,
2944 5494 3001 5541 ut
3039 5486 3130 5555 qui
3191 5499 3470 5556 prOperem
3509 5486 3696 5542 venire
3731 5483 3800 5541 ad

2226 5581 2378 5637 alios.

2296 5673 2485 5729 Mulier
2515 5671 2758 5742 quaedam
2787 5680 2842 5728 et
2861 5686 3055 5742 genere
3074 5679 3127 5727 et
3153 5673 3254 5727 title
3286 5681 3494 5739 ornata,
3520 5672 3685 5729 ﬁlium
3707 5671 3801 5742 qui

2226 5765 2497 5826 ceciderat
2524 5764 2580 5820 in
2626 5766 2819 5821 malam
2848 5763 3201 5822 valetudinem
3234 5766 3370 5835 (erat
3397 5773 3572 5822 autem
3619 5763 3800 5819 admo-
