4052 6362
146 1792 173 1804 ο

270 300 332 369 75
1336 298 1799 372 entLorttEust.
1840 320 1956 360 ειη
1997 304 2447 363 TllEOPillLES.
3436 304 3469 361 τ

269 424 379 482 dum
409 431 578 478 tenera
595 416 771 488 retatei
808 418 986 474 multis
1006 417 1194 471 obtulit
1218 418 1459 473 medicis.
1490 418 1620 473 Arte
1641 426 1817 472 autem
1849 418 1894 477 Α
1930 414 2347 471 nutrimentum:
2367 416 2529 488 833
2550 415 2690 471 fossa
2713 425 2889 472 autem
2907 433 3012 473 non
3038 417 3110 474 ita
3125 419 3316 476 eﬂ‘ossa
3334 420 3507 475 iuerat

272 522 519 587 superata,
583 527 703 567 cum
745 521 800 565 et
838 511 1030 564 medici
1073 510 1471 579 desperassent,
1514 520 1563 563 et
1598 525 1818 577 puerum

267 622 374 665 esse
402 605 708 660 moriturum
739 612 923 671 aperte
949 602 1238 667 dixissent,
1271 616 1375 654 non
1408 601 1603 668 abiecit
1627 600 1820 655 mulier

267 715 396 767 spem
423 697 715 753 meliorem.
740 695 835 750 sed
860 696 1001 749 illam
1033 694 1232 747 imitata
1258 693 1670 754 Sunamitidem,
1703 710 1820 747 mn-

267 793 323 845 lis
345 792 553 859 imponit
574 804 861 843 ratneram.
892 788 1021 841 Cum
1044 788 1092 838 in
1125 802 1185 838 ea
1217 795 1393 839 autem
1423 800 1483 839 se
1513 794 1567 839 et
1594 799 1816 855 puerum

264 887 595 955 imposuisset,
643 884 885 952 pervenit
934 881 999 935 ad
1048 883 1221 934 virum
1255 880 1401 933 illum
1433 878 1668 933 divinum
1696 894 1711 933 :
1744 879 1818 934 la-

260 989 483 1032 mentans
520 986 735 1041 autem,
778 985 831 1031 et
872 985 1075 1029 natura:
1112 975 1406 1029 Ostendens
1445 972 1816 1039 all'ectionem,

259 1071 527 1137 rngavitul
580 1067 747 1121 ferret
800 1068 1077 1120 auxilium.
1130 1067 1178 1120 is
1220 1077 1394 1122 autem
1426 1081 1543 1121 cum
1594 1082 1815 1135 puerum

259 1162 481 1215 manibus
512 1160 828 1229 accepisset,
853 1171 905 1214 et
932 1174 1041 1212 arm
1070 1158 1184 1213 basi
1214 1157 1570 1222 admovisset,
1599 1158 1819 1228 iacebat

261 1269 457 1323 pronus,
480 1253 778 1307 animarum
801 1262 851 1307 et
884 1268 1171 1320 corporum
1205 1266 1398 1323 rogans
1430 1252 1731 1314 medicum;
1763 1261 1818 1308 et

261 1354 457 1412 accepta
517 1345 777 1414 petitione
825 1343 1055 1397 reddidit
1116 1343 1384 1397 valentem
1426 1341 1583 1396 matri
1625 1342 1814 1397 ﬁlium.

263 1434 362 1505 Ego
385 1445 560 1489 autem
582 1432 637 1489 id
668 1435 844 1488 audivi
876 1434 944 1488 ab
972 1448 1032 1488 ea
1049 1449 1167 1504 quae
1192 1433 1292 1487 hoc
1317 1432 1451 1488 vidit
1481 1434 1812 1501 miraculum,

255 1539 302 1582 et
319 1526 454 1597 pueri
484 1528 693 1595 accepit
715 1527 962 1583 salutem.

316 1622 465 1674 Aiunt
488 1632 669 1674 autem
695 1620 831 1673 illius
857 1634 1069 1689 quoque
1095 1619 1196 1673 vici
1227 1618 1502 1674 dominum
1536 1633 1656 1677 cum
1706 1637 1805 1676 ve-

253 1713 405 1766 nissct
434 1702 500 1781 (is
533 1721 837 1765 autemerat
861 1710 1097 1774 Latoius,
1126 1711 1215 1779 qui
1248 1711 1564 1766 Antiocheni
1595 1712 1811 1781 qmdem

250 1816 446 1857 senatus
472 1805 677 1871 primas
704 1811 885 1871 partes
916 1802 1151 1866 tenebat,
1198 1802 1484 1871 impietatis
1523 1814 1699 1856 autem
1730 1811 1812 1857 te-
1850 1800 1890 1858 Β

251 1898 457 1959 uehatur
484 1897 739 1965 caligine)
767 1904 819 1949 et
870 1895 1072 1949 fructus
1103 1896 1277 1949 acrius
1328 1910 1488 1965 quam
1533 1897 1815 1965 Oportebat

249 1990 462 2057 exigeret
518 1988 591 2041 ab
642 1987 909 2057 agricolis,
961 1988 1196 2042 divinum
1230 1989 1374 2043 illum
1407 1990 1672 2044 hominem
1706 1990 1816 2045 cle-

248 2082 482 2132 mentiam
542 2077 614 2133 illi
643 2079 1015 2141 consuluisse,
1067 2091 1118 2133 et
1169 2080 1235 2133 de
1279 2081 1649 2135 misericordia
1676 2081 1815 2150 apud

244 2186 351 2225 eum
372 2172 532 2225 verba
566 2172 755 2226 fecisse
784 2188 800 2223 :
825 2172 1087 2225 mansisse
1124 2182 1304 2226 autem
1335 2174 1483 2228 illum
1506 2174 1817 2229 inexorabi-

247 2262 357 2328 lem,
384 2264 717 2333 experientia
745 2274 921 2317 au:em
945 2264 1267 2334 cognovisse
1293 2275 1532 2319 secutum
1551 2266 1803 2319 damnum

244 2368 299 2408 ex
324 2370 387 2408 eo
413 2356 560 2424 quod
589 2371 693 2409 non
718 2356 970 2424 paruerit.
1003 2354 1135 2410 Cum
1158 2356 1300 2409 enim
1331 2372 1451 2411 eum
1479 2357 1628 2412 abire
1654 2372 1819 2428 opor-

246 2453 384 2509 teret,
412 2457 461 2500 et
484 2461 685 2500 currus
708 2457 849 2500 esset
878 2456 1114 2515 paratus,
1154 2457 1209 2501 et
1237 2447 1432 2502 sedens
1455 2449 1653 2519 aurigae
1695 2449 1816 2518 ins-

244 2536 388 2592 sisset
411 2547 463 2591 ιιι
485 2538 669 2593 mulas
702 2537 974 2603 incitaret;
1016 2538 1119 2591 illa;
1143 2539 1357 2608 quidem
1384 2540 1670 2594 trahebant
1696 2541 1820 2594 totis

242 2625 445 2695 viribus,
475 2638 737 2696 urgentes
766 2636 818 2682 et
873 2636 1144 2682 temonem
1176 2636 1455 2698 asportare
1493 2631 1816 2685 molientes:

243 2718 361 2772 visre
380 2730 499 2773 sunt
541 2728 720 2773 autem
752 2730 883 2775 rota:
910 2720 1054 2775 ferro
1080 2729 1135 2776 et
1160 2722 1376 2789 plumbo
1407 2722 1655 2793 alligatae.
1682 2723 1817 2778 Cum

240 2817 400 2864 autem
443 2813 745 2882 agrestium
797 2829 1007 2882 quoque
1068 2815 1351 2868 multitudo
1399 2824 1542 2869 rotas
1588 2830 1811 2869 movens

240 2902 457 2956 vectibus
506 2902 654 2956 nihil
710 2906 1015 2973 proliceret,
1048 2905 1261 2974 quidam
1290 2921 1355 2959 ex
1385 2905 1573 2960 amicis
1600 2907 1689 2975 qui
1726 2906 1817 2959 La-

238 2990 339 3046 toio
356 2994 658 3055 assidebat,
677 2996 725 3049 ei
742 3011 955 3049 causam
974 2998 1254 3065 signiﬁcat,
1280 2996 1467 3050 dicens
1486 2996 1817 3050 sacerdotem

234 3094 402 3136 senem
432 3099 568 3138 eum
619 3100 739 3140 esse
762 3096 1123 3151 exsecratum,
1158 3094 1213 3141 et
1254 3088 1393 3155 quod
1439 3097 1653 3155 oportet
1692 3102 1815 3142 eum

239 3172 435 3238 placare
462 3186 517 3230 et
551 3175 780 3230 reddere
811 3178 1143 3231 benevolum.
1179 3177 1252 3231 De
1281 3192 1440 3231 curru
1470 3177 1648 3245 itaque
1676 3176 1815 3231 exsi~

243 3259 385 3330 licus,
408 3279 455 3319 et
486 3266 590 3319 init
637 3267 875 3336 supplex
919 3283 1077 3337 quem
1118 3267 1265 3336 prius
1296 3275 1608 3336 respueret;
1660 3274 1715 3319 et
1753 3265 1819 3320 ad

238 3351 348 3418 ejus
378 3355 540 3423 pedes
583 3357 931 3424 provolutus,
980 3366 1031 3411 et
1076 3357 1320 3412 sordidos
1364 3371 1567 3425 pannos
1613 3355 1820 3423 ample~

238 3448 405 3508 eteas,
438 3446 668 3515 rogabat
693 3455 748 3498 ut
775 3447 907 3499 iram
960 3453 1348 3513 compesceret.
1381 3445 1428 3499 Is
1470 3455 1648 3497 autem
1696 3458 1817 3497 cum

241 3542 418 3599 preces
443 3536 767 3604 accepisset,
802 3546 857 3590 et
884 3552 976 3589 eas
1024 3536 1247 3589 Domino
1299 3535 1601 3597 obtulisset,
1658 3535 1819 3589 solvit

244 3619 437 3677 vincula
485 3631 732 3678 rotarum
764 3640 882 3694 qua:
911 3626 1010 3680 sub
1063 3626 1232 3680 visum
1282 3642 1387 3681 non
1440 3624 1719 3690 cadebant,
1765 3631 1821 3678 et

239 3711 410 3768 eﬂ’ecit
440 3724 498 3771 ut
523 3717 668 3771 sicut
698 3717 908 3771 solebat
934 3718 1216 3772 veheretur
1242 3716 1565 3771 vehiculum.

305 3800 467 3859 Porro
497 3812 682 3858 autem
717 3805 880 3858 multa
904 3820 1116 3874 quoque
1133 3807 1235 3859 alia
1268 3804 1572 3875 lminsmodi
1598 3814 1820 3859 narrant

236 3887 302 3946 de
327 3892 507 3949 divino
533 3895 629 3950 illo
657 3894 853 3964 capite.
886 3894 1066 3950 Potest
1089 3907 1266 3949 autem
1290 3910 1354 3950 ex
1386 3895 1472 3949 bis
1492 3908 1704 3964 quoque
1736 3892 1819 3946 in-

244 3979 416 4047 telligi,
449 3982 598 4053 quod
630 3981 695 4037 iis
722 3984 811 4052 qui
844 3983 1030 4037 volunt
1060 3981 1450 4052 philosophari,
1484 3982 1616 4035 nihil
1646 3981 1821 4036 delri~

241 4068 393 4119 menti
425 4073 621 4127 atterat
664 4090 812 4129 mora
855 4090 976 4145 qua:
1025 4076 1252 4128 trahitur
1275 4075 1327 4129 in
1355 4074 1566 4143 oppidis
1588 4082 1639 4126 et
1661 4072 1815 4126 vicis.

241 4150 481 4212 Ostendit
504 4161 652 4217 enim
686 4163 793 4229 hic,
824 4173 878 4219 et
927 4164 1015 4234 qui
1061 4163 1183 4219 huic
1225 4164 1430 4218 similes
1454 4162 1545 4217 Dei
1586 4161 1815 4216 culturae

239 4255 412 4301 curam
441 4260 659 4318 gerunt,
691 4254 829 4320 quod
851 4254 1010 4308 etiam
1028 4256 1115 4323 qui
1142 4263 1420 4309 versantur
1447 4255 1496 4307 in
1520 4252 1689 4308 media
1723 4250 1820 4305 ho-

238 4333 431 4390 mioum
464 4340 832 4410 multitudine,
863 4346 1144 4414 pervenire
1166 4346 1373 4415 possint
1402 4347 1465 4400 ad
1499 4348 1671 4415 ipsum
1703 4343 1817 4398 vir-

236 4429 400 4480 tutum
436 4428 734 4501 faStigium.

1926 514 1984 561 ut
2009 508 2228 561 omnino
2255 509 2498 562 tenderet
2529 510 2578 561 in
2610 508 2893 575 directum,
2938 526 3005 566 ne
3036 520 3179 568 esset
3203 527 3270 568 ex
3305 514 3502 569 advero

1924 610 1988 649 so
2012 612 2199 651 eorum
2232 598 2319 664 qui
2352 599 2549 651 vellent
2570 598 2741 666 ipsum
2770 601 2972 666 videre,
3002 602 3095 655 sed
3126 613 3237 656 erat
3263 602 3504 673 obliqua,

1922 695 1976 741 et
2020 687 2089 740 ita
2130 697 2455 751 constructa,
2486 697 2546 740 ut
2585 699 2728 742 esset
2773 689 2940 742 instar
2972 691 3207 743 incurva:
3239 693 3410 746 liuea'.
3444 694 3503 745 Ei

1921 786 2099 831 autem
2127 777 2450 831 aﬂerehatur
2478 778 2649 843 cibus,
2676 779 2790 832 lens
2815 794 2946 847 aqua
2972 780 3264 835 madefacta
3293 799 3305 832 :
3333 782 3503 837 semel

1922 878 2095 921 autem
2128 868 2180 920 in
2216 868 2545 922 hehdomada
2589 878 2745 924 noctu
2797 871 3095 938 egrediens,
3134 870 3411 925 hauriebat
3434 888 3502 928 ex

1926 959 2071 1013 fonte
2118 959 2416 1027 prOpinqno
2451 969 2703 1027 quantum
2742 961 2875 1012 satis
2924 972 3037 1014 erat
3082 976 3253 1029 aqum.
3284 962 3499 1019 Etcum

1920 1048 2207 1118 aliquando
2237 1050 2451 1117 quidam
2487 1058 2664 1117 pastor
2691 1049 2872 1117 procul
2903 1064 3031 1103 oves
3063 1064 3285 1118 pascens
3338 1052 3389 1103 in
3416 1058 3501 1105 te-

1921 1140 2111 1194 nebxis
2137 1140 2356 1194 vidisset
2391 1156 2510 1193 eum
2544 1142 2770 1205 moveri,
2793 1151 2842 1193 et
2876 1155 2998 1195 eum
3031 1142 3347 1210 coniecisset
3379 1158 3507 1198 esse

1922 1231 2126 1299 lupum,
2159 1230 2267 1285 ibat
2290 1230 2431 1285 enim
2461 1232 2733 1295 incurvus,
2770 1240 2824 1283 ut
2854 1232 2941 1301 qtti
2989 1233 3155 1285 multo
3178 1242 3323 1287 esset
3354 1233 3499 1286 ferro

1920 1330 2194 1390 gravatus,
2229 1321 2396 1375 moxit
2447 1320 2666 1375 fundam
2716 1331 2967 1392 tanquam
3007 1324 3337 1391 iaculaturus
3368 1327 3505 1394 lapi-

1917 1410 2067 1466 dem.
2096 1412 2226 1464 Cum
2249 1420 2427 1465 autem
2456 1411 2570 1480 ejus
2594 1427 2783 1467 manus
2807 1414 2963 1483 longo
2988 1426 3225 1484 tempore
3252 1430 3501 1471 maneret

1921 1503 2230 1567 immobilis,
2258 1512 2315 1557 et
2343 1504 2569 1573 lapidem
2601 1520 2705 1559 non
2750 1516 2931 1574 posset
2952 1509 3196 1564 emittere
3216 1510 3389 1566 donec
3418 1513 3499 1567 vir

1920 1592 2007 1647 ille
2036 1591 2247 1648 divinus
2280 1596 2462 1647 hausta
2511 1610 2646 1664 aqua
2677 1611 2922 1651 reversus
2965 1607 3066 1660 est,
3118 1602 3289 1654 sensit
3343 1601 3499 1670 ign‘oo

1918 1685 2167 1747 rantiatn,
2210 1693 2266 1740 et
2312 1695 2430 1754 post
2457 1701 2703 1739 auroram
2733 1690 2876 1741 venit
2922 1688 2986 1742 ad
3029 1689 3239 1745 virtutis
3274 1707 3499 1763 gymna-

1918 1774 2077 1841 sium,
2110 1786 2157 1828 et
2195 1783 2374 1829 narrat
2420 1777 2561 1845 quod
2592 1777 2892 1843 acciderat,
2934 1792 2987 1832 et
3018 1782 3147 1846 petit
3177 1784 3411 1850 veniam,
3439 1794 3501 1840 et

1917 1863 2108 1931 accipit
2129 1863 2303 1919 delicti
2332 1864 2736 1933 remissionem;
2773 1884 2877 1921 non
2909 1869 3086 1923 attdita
3121 1886 3250 1926 voce
3277 1872 3501 1943 loquen-

1920 1963 1992 2019 te,
2022 1954 2114 2008 sed
2149 1969 2240 2022 per
2266 1969 2453 2008 manus
2494 1958 2757 2010 motiones
2784 1958 3048 2013 inteilecta
3084 1962 3400 2028 placatione.

1988 2046 2209 2111 Quidam
2244 2057 2419 2100 autem
2449 2046 2600 2110 alius,
2638 2064 2765 2103 usus
2793 2052 3022 2119 quodam
3072 2055 3305 2122 maligno
3332 2059 3487 2113 inve—

1919 2139 2148 2208 stigandi
2175 2140 2372 2204 studio,
2402 2149 2457 2194 et
2477 2142 2617 2194 scire
2641 2141 2952 2195 desiderans
2969 2144 3095 2213 quid
3125 2154 3235 2200 toto
3259 2155 3500 2217 tempore

1919 2237 2102 2299 ageret
2149 2242 2424 2298 perpetuo,
2459 2245 2621 2283 ausus
2665 2240 2749 2285 est
2795 2234 3159 2289 conscendere
3201 2237 3497 2305 platanum,

1920 2336 2038 2390 qua:
2061 2320 2161 2374 sita
2189 2332 2297 2375 erat
2324 2319 2466 2389 iuxta
2490 2320 2718 2388 fossam;
2749 2323 2841 2377 sed
2876 2325 3109 2394 percepit
3129 2326 3270 2381 illico
3292 2328 3501 2385 fructus

1919 2424 2032 2463 ante
2060 2410 2317 2465 audacias.
2370 2410 2536 2464 Media
2586 2415 2727 2466 enim
2762 2426 2913 2482 parte
2950 2418 3189 2484 corporis
3216 2435 3395 2489 usque
3426 2425 3504 2485 ad

1920 2505 2083 2573 pedes
2122 2502 2438 2569 exsiccatus,
2469 2505 2689 2573 supplex
2720 2516 2854 2570 erat,
2896 2521 3048 2563 suum
3097 2523 3369 2579 peccatum
3402 2530 3495 2569 ac-

1920 2609 2133 2649 cusans.
2158 2594 2250 2648 llle
2283 2609 2425 2660 vero,
2455 2603 2597 2649 secta
2632 2596 2865 2664 platano,
2892 2601 3036 2665 prius
3064 2593 3382 2671 signiﬁcavit
3409 2606 3461 2658 fu
3480 2633 3495 2645 -

1921 2691 2092 2738 tuam
2120 2684 2426 2738 sanitatem.
2469 2685 2547 2739 Ne
2574 2687 2714 2739 enim
2749 2688 2882 2743 alius
2912 2706 3121 2759 quoque
3151 2708 3269 2747 cum
3302 2696 3499 2752 similia

1919 2775 2159 2843 fecisset,
2216 2792 2400 2846 pmnas
2449 2780 2621 2834 lueret
2666 2781 2890 2845 similes,
2940 2783 3185 2838 arborem
3220 2787 3498 2855 jussitex~

1920 2868 2125 2933 scindi;
2156 2869 2363 2921 arboris
2412 2879 2588 2923 autem
2644 2873 2938 2924 seetionetn
2996 2883 3179 2928 secuta
3208 2888 3289 2930 est
3335 2879 3501 2939 etiam

1920 2958 2118 3012 ablatio
2164 2959 2436 3028 supplicii.
2486 2959 2653 3014 Tanta
2693 2961 2906 3030 quidem
2951 2963 3257 3021 fortitudine
3295 2978 3347 3022 et
3376 2971 3505 3039 tole:

1922 3054 2087 3105 rantia
2114 3065 2243 3105 usus
2284 3058 2367 3104 est
2409 3050 2493 3103 hic
2541 3052 2627 3106 vir
2660 3052 2871 3110 divinus
2904 3071 2918 3110 :
2950 3056 3017 3111 ab
3045 3060 3365 3127 agonotheta
3397 3076 3497 3116 au-

1843 3170 1888 3232 c
1925 3151 2029 3197 tem
2052 3152 2247 3198 tantam
2273 3142 2476 3210 accepit
2503 3145 2746 3212 gratiam.

1995 3253 2130 3309 Cum
2158 3263 2333 3310 autem
2377 3268 2435 3309 se
2480 3255 2677 3310 abhinc
2722 3258 3058 3331 migrandum
3089 3271 3321 3333 pararet,
3354 3279 3499 3336 prte-

1921 3346 2055 3402 dixit
2100 3347 2241 3417 quod
2294 3356 2412 3416 post
2455 3348 2835 3419 quinquaginta
2863 3351 2979 3408 d§es
3017 3354 3136 3408 vita:
3166 3354 3323 3410 linem
3354 3366 3498 3413 esset

1930 3451 2286 3508 accepturus:
2329 3442 2538 3510 excepit
2565 3450 2742 3497 autem
2796 3459 2985 3502 omnes
3029 3448 3119 3517 qui
3149 3449 3343 3504 vellent
3370 3464 3496 3506 eum

1922 3530 2127 3586 videre.
2155 3530 2282 3585 Cum
2312 3542 2490 3587 autem
2546 3533 2787 3590 ecclesia
2836 3553 3049 3607 quoque
3088 3541 3321 3595 venisset
3356 3542 3503 3599 anti-

1919 3630 2047 3688 stes,
2080 3638 2200 3677 eum
2231 3623 2442 3692 quidem
2475 3626 2694 3695 urgebat
2725 3636 2782 3680 ut
2817 3628 3005 3697 iugum
3037 3630 3305 3701 acciperet
3348 3636 3499 3702 pres-

1919 3716 2155 3788 byterii:
2193 3716 2351 3783 Novi,
2400 3718 2604 3781 dicens,
2636 3732 2670 3773 o
2694 3730 2864 3787 pater,
2908 3731 2961 3774 et
3013 3730 3116 3777 ture
3143 3723 3497 3791 philosOphim

1920 3807 2272 3871 altitudinem,
2320 3816 2375 3863 et
2416 3817 2610 3877 quanta
2654 3810 2723 3864 sit
2753 3826 2865 3865 mea
2901 3827 3216 3881 paupertas;
3250 3816 3342 3870 sed
3373 3832 3499 3871 cum

1922 3900 2050 3953 mihi
2077 3900 2146 3954 sit
2168 3901 2370 3954 credita
2428 3902 2763 3969 pontiﬁcatus
2809 3903 3220 3974 admiistratio,
3276 3922 3342 3963 ex
3397 3910 3499 3966 hac

1920 4007 2029 4046 non
2070 4007 2138 4046 ex
2171 3993 2259 4046 illa
2306 3993 2495 4047 ordino
2539 4009 2728 4049 manus
2774 3997 3078 4066 imponens.
3112 4000 3310 4072 Accipe
3339 4018 3494 4077 ergo,

1920 4082 2108 4154 inquit,
2130 4083 2330 4138 donum
2360 4086 2664 4154 sacerdotii,
2696 4102 2814 4144 mea
2841 4090 3051 4159 quidem
3084 4092 3303 4150 dextera
3336 4098 3495 4153 mini-

1920 4186 2145 4239 strante,
2190 4177 2512 4233 sanctissimi
2561 4187 2736 4233 autem
2766 4181 2993 4250 Spiritus
3035 4185 3202 4253 gratia
3243 4190 3498 4257 suppedi-

1923 4277 2085 4323 tante.
2114 4270 2193 4323 Ad
2225 4271 2341 4323 haec
2370 4270 2537 4325 fertur
2564 4271 2763 4327 dixisse
2806 4276 2984 4343 paucis
3007 4286 3125 4345 post
3154 4278 3338 4335 diebus
3369 4281 3498 4336 hinc

1922 4361 2281 4431 migraturus:
2318 4362 2392 4419 De
2447 4363 2547 4431 his,
2583 4365 2770 4435 inquit,
2822 4354 3039 4424 minime
3067 4370 3395 4439 decertaho;
3443 4375 3493 4430 si

1923 4458 2062 4509 enim
2092 4470 2263 4511 essem
2291 4456 2489 4511 diutius
2517 4458 2774 4526 victurus,
2817 4460 3037 4515 omnino
3089 4461 3341 4532 fugissem
3390 4466 3493 4521 hoc

301 4518 466 4625 9’1"”
512 4539 616 4625 93f?
662 4526 863 4580 "mm"
891 4528 956 4582 ad
987 4527 1217 4625 {liquam
1247 4528 1437 4625 ⁵³11⁸⁸³³
1476 4539 1678 4601 Panem
1705 4532 1819 4587 θκί·
1843 4542 1894 4604 Ϊ)
1920 4565 2077 4619 grave
2115 4560 2167 4605 et
2199 4550 2435 4605 terribile
2464 4567 2599 4607 onus
2629 4553 2932 4618 sacerdotii,
2964 4557 3352 4625 pertimescens
3374 4560 3496 4614 red-

233 4619 384 4676 guam
413 4614 694 4679 sustollar,
724 4631 908 4672 eorum
937 4619 1149 4687 adiutus
1177 4622 1442 4689 precibus.

838 4730 1069 4787 CAPUT
1111 4733 1228 4789 XV.

807 4852 1090 4899 Acca-anus
1113 4847 1249 4915 (44),

305 4920 621 4997 Acepsimas
666 4922 766 4979 fuit
806 4926 993 4982 eodem
1043 4940 1299 4997 tempore,
1351 4936 1503 5002 cuius
1544 4938 1678 4993 fama
1710 4939 1820 4996 late

232 5022 417 5081 sparsa
447 5023 535 5067 est
565 5028 661 5082 per
685 5016 955 5072 Orientem
984 5017 1286 5087 (Theodon,
1319 5021 1406 5074 lib.
1443 5038 1492 5076 tv
1515 5023 1677 5089 Ηὶδεη
1703 5043 1818 5097 cap.

233 5101 345 5170 26).
382 5103 429 5159 ls
458 5121 584 5160 cum
613 5106 665 5160 in
704 5107 1024 5164 domuncula
1042 5111 1277 5180 seipsnm
1310 5111 1634 5181 inclusisset,
1662 5131 1820 5172 sexa-

232 5195 376 5263 ginta
406 5210 586 5251 annos
613 5199 892 5269 transegit,
925 5216 1098 5270 neque
1123 5202 1331 5267 videns,
1364 5219 1537 5274 neque
1567 5206 1822 5276 loquens;

232 5283 325 5336 sed
348 5285 403 5337 in
427 5287 671 5352 seipsum
696 5301 1014 5353 conversus,
1032 5298 1085 5344 et
1109 5290 1274 5345 Deum
1298 5293 1505 5348 visione
1525 5296 1821 5365 apprehen-

224 5370 385 5439 dens,
416 5373 572 5428 illinc
594 5392 807 5431 omnem
831 5380 1125 5445 accipiebat
1150 5382 1595 5448 consolationem,
1624 5400 1821 5440 conve-

230 5463 445 5518 nienter
494 5466 795 5535 prophetia:
822 5484 942 5537 quae
980 5469 1151 5524 dicit:
1188 5471 1463 5527 Delectare
1490 5474 1540 5527 in
1574 5474 1817 5542 Domino,

226 5562 283 5611 et
325 5571 421 5613 ora
463 5573 595 5612 eum
644 5569 696 5614 et
738 5560 850 5628 ipse
877 5562 1022 5615 dabit
1050 5563 1143 5616 tibi
1200 5565 1484 5632 petitiones
1526 5567 1701 5622 cordis
1746 5570 1820 5623 tui

227 5644 402 5713 (Psal.
446 5650 665 5718 xxxvi).
699 5650 800 5705 Per
828 5653 1074 5720 exiguam
1105 5664 1281 5709 autem
1313 5655 1593 5723 quamdam
1625 5656 1819 5711 fossam

220 5748 440 5792 manum
500 5740 812 5808 porrigens,
862 5742 1155 5810 accipiebat
1203 5743 1254 5797 id
1307 5746 1449 5813 quod
1499 5746 1819 5802 alicrebatur

516 5851 798 5911 Paxaea.
832 5854 935 5913 LX
953 5855 1118 5913 XIV.

1922 4642 2151 4696 dendam
2181 4643 2408 4712 depositi
2452 4647 2734 4699 rationem.
2768 4646 3030 4713 Quoniam
3079 4659 3255 4703 autem
3285 4666 3386 4705 non
3417 4651 3495 4706 ita

1924 4733 2012 4788 diu
2037 4735 2230 4789 abhinc
2260 4735 2527 4802 recedam,
2561 4737 2626 4790 iis
2663 4754 2780 4807 quae
2812 4739 2896 4792 hic
2921 4749 3043 4794 sunt
3086 4739 3305 4808 relictis,
3330 4742 3498 4812 jussis

1925 4839 2030 4879 non
2078 4826 2273 4879 invitus
2323 4841 2507 4895 pareo.
2545 4828 2733 4882 Statim
2779 4845 2906 4898 ergo
2939 4831 3083 4884 nullo
3107 4831 3354 4903 ducente,
3409 4835 3499 4891 hic

1924 4914 2131 4983 quidem
2164 4914 2381 4970 nectens
2402 4930 2594 4985 genua,
2618 4921 2959 4987 exspectabat
2978 4920 3198 4988 gratiam
3221 4939 3235 4987 ;
3263 4924 3348 4981 ille
3370 4941 3498 4981 vero

1928 5020 2139 5059 manum
2174 5007 2474 5074 imponens.
2526 5020 2636 5063 erat
2685 5011 2999 5064 administer
3048 5011 3301 5080 Spiritus.
3360 5017 3495 5073 Cum

1922 5105 2122 5163 autem,
2154 5108 2369 5167 accepto
2397 5100 2718 5164 sacerdotio,
2752 5100 2970 5157 vixisset
2999 5119 3194 5173 paucos
3222 5106 3356 5176 dies,
3388 5108 3495 5164 vita

1926 5191 2082 5243 vitam
2126 5192 2366 5256 mutavit,
2398 5193 2634 5261 seniique
2663 5202 2716 5246 et
2762 5207 2905 5246 cura:
2936 5205 3231 5265 expertem,
3267 5214 3361 5267 pro
3392 5198 3489 5256 hac

1924 5298 2040 5352 qttze
2068 5284 2248 5338 multis
2269 5286 2413 5339 curis
2440 5295 2521 5339 est
2543 5284 2795 5351 obnoxia,
2827 5289 3049 5357 accepit.

2000 5375 2131 5430 Cum
2165 5376 2361 5430 vellent
2407 5385 2582 5429 autem
2614 5391 2802 5431 omnes
2831 5393 3024 5446 corpus
3073 5395 3282 5450 rapere,
3338 5392 3391 5436 et
3442 5384 3495 5439 in

1928 5468 2109 5521 animo
2141 5468 2399 5521 haberent
2428 5468 2789 5537 unusquisque
2820 5469 2871 5523 in
2902 5471 3074 5524 vicum
3122 5487 3275 5525 suum
3322 5481 3494 5527 trans-

1925 5560 2087 5624 ferre,
2116 5559 2332 5628 quidam
2359 5573 2479 5611 eum
2510 5561 2678 5613 sancti
2722 5558 3090 5631 iusiurandum
3119 5563 3491 5634 signiﬁcasset,

1925 5651 2136 5705 sustulit
2177 5648 2592 5703 contentionem.
2626 5649 2774 5705 Dixit
2806 5651 2946 5705 enim
2993 5662 3235 5707 sanctum
3264 5666 3381 5705 eum
3408 5650 3491 5721 iu-

1928 5740 2212 5813 reiurando
2239 5739 2481 5809 adegisse
2509 5753 2563 5796 ιιι
2602 5758 2721 5797 cum
2755 5745 2803 5798 in
2836 5742 2941 5798 hoc
2988 5744 3105 5799 loco
3135 5744 3368 5800 traderet
3410 5742 3486 5798 δε·

3069 5858 3106 5915 3
