4052 6362
528 280 609 338 τι
1699 282 1786 338 ιιι
1828 280 1999 340 VITIS
2041 280 2108 338 ΡΑ

2222 281 2321 340 ΠΜ
2360 280 2563 341 ωειλ
2602 282 2695 339 IX.
3755 284 3826 338 76

522 396 785 466 pullum.
828 393 904 452 fta
928 394 1088 453 etiam
1133 399 1252 466 post
1280 400 1534 462 mortem,
1561 392 1878 464 frugalitatis
1905 400 1961 449 et
1987 396 2122 449 sim-
2150 396 2200 458 Α
2228 401 2284 448 et
2309 394 2469 449 etiam
2490 394 2581 449 alii
2606 406 2817 460 omnes,
2844 392 2999 466 cuqu
3019 407 3286 461 seorsum,
3320 394 3366 451 si
3398 394 3541 454 Deus
3559 394 3709 461 velit.
3746 396 3826 453 fr

538 490 788 560 plicitatis
813 504 995 546 curam
1046 487 1300 559 gerebant
1328 486 1474 543 cives
1516 487 1811 552 caelorum;
1841 494 1898 542 et
1944 499 2120 555 neque

535 597 658 638 cum
688 581 958 647 vivebant,
992 581 1044 636 in
1073 580 1310 635 animum
1339 594 1573 650 unquam
1605 578 1931 633 induxerunt
1954 586 2012 632 ttt
2038 579 2122 632 eis

533 688 623 728 res
654 673 758 727 ulla
788 687 1009 742 magnos
1032 670 1249 740 spiritus
1289 669 1512 735 faceret,
1541 679 1594 722 et
1623 668 1817 722 mortui
1864 684 1969 722 non
1997 678 2121 721 sunt

532 766 768 836 amplexi
820 766 1080 821 honorem
1143 763 1460 827 hominum;
1512 761 1607 816 sed
1660 768 1829 815 totum
1880 776 2119 816 amorem

535 860 921 916 transtulerunt
942 858 996 913 in
1024 871 1275 927 sponsum
1306 871 1322 920 ;
1366 870 1470 909 non
1500 868 1656 910 secus
1676 869 1739 908 ac
1771 854 1976 923 pudicae
2005 869 2119 907 mu-

533 954 718 1025 iiercs,
751 969 869 1026 quae
894 969 924 1009 a
945 952 1075 1008 solis
1094 950 1407 1022 coniugibus
1428 948 1648 1004 student
1667 957 1720 1003 et
1745 948 1911 1002 amari
1933 955 1991 1003 et
2009 948 2121 1001 lan-

534 1048 675 1116 dari,
724 1047 911 1104 laudes
951 1045 1176 1101 aliorum
1232 1051 1658 1099 contemnentes.
1714 1041 1787 1096 Ea
1839 1040 1905 1095 de
1958 1055 2117 1094 causa

533 1153 765 1210 sponsus
786 1155 880 1196 eos
899 1138 1058 1194 etiam
1093 1137 1136 1191 si
1166 1136 1355 1199 nolint.
1383 1134 1559 1191 reddit
1583 1134 1757 1188 claros
1779 1143 1829 1187 et
1856 1132 2116 1202 insignes,

534 1242 591 1287 et
612 1232 885 1288 hominum
915 1229 1078 1300 gloria
1114 1243 1182 1284 ex
1221 1226 1537 1282 redundanti
1581 1226 1807 1294 quadam
1835 1224 1985 1294 copia
2017 1223 2117 1278 im-

532 1323 715 1395 pertit.
747 1322 880 1376 Cum
920 1321 1066 1376 enim
1093 1320 1212 1390 quis
1239 1318 1425 1373 divina
1458 1330 1802 1385 persequens,
1849 1318 1978 1382 petit
2005 1330 2119 1371 (ιω-

533 1416 706 1481 Icstia,
736 1428 839 1469 una
869 1427 989 1469 cum
1018 1412 1123 1466 illis
1153 1412 1318 1464 multa
1344 1424 1555 1480 quoque
1592 1409 1692 1463 alia
1716 1408 1922 1477 adjicit,
1948 1409 2120 1462 multi-

534 1510 751 1577 nlicatas
780 1507 1013 1578 largiens
1041 1505 1346 1576 petitiones.
1376 1503 1488 1557 Hoc
1514 1503 1674 1558 etiam
1703 1501 1831 1556 diin
1863 1501 1913 1555 in
1941 1500 2117 1556 feren-

527 1576 612 1658 dis
638 1600 843 1672 legibus
871 1576 889 1655 t
921 1598 1091 1654 Petite
1117 1612 1335 1666 regnum
1364 1596 1479 1660 Dei,
1511 1604 1565 1650 et
1586 1595 1876 1666 justitiam,
1910 1602 1968 1650 et
2008 1610 2115 1649 crc-

529 1704 640 1751 tera
669 1694 848 1749 omnia
888 1691 1207 1761 adjicientur
1232 1689 1384 1744 vobis
1431 1688 1583 1762 (Luc.
1634 1691 1756 1759 xtt).
1789 1688 1853 1743 Et
1881 1705 2065 1745 rursus
2096 1706 2110 1744 :

2227 486 2364 543 ciam
2391 487 2743 542 mentionem.

2301 577 2391 634 Sic
2420 589 2597 635 autem
2624 579 2967 650 agricultura:
3016 580 3215 637 divinte
3263 595 3447 637 curam
3498 597 3717 652 gerens,
3767 592 3824 641 et

2222 668 2428 724 animas
2457 670 2615 725 simul
2640 684 2834 724 curans
2861 680 2913 726 et
2941 685 3188 739 corpora,
3211 686 3425 741 parvam
3450 688 3640 742 passus
3663 676 3822 746 εει-ἰ·

2224 760 2485 827 tudinem,
2517 770 2653 815 utet
2684 772 2889 816 naturae
2920 762 3344 819 imbecillitatem
3374 773 3431 818 et
3454 765 3617 820 animi
3647 766 3822 823 disca-

2223 865 2341 904 mus
2372 848 2768 917 fortitudinem,
2815 853 2930 922 ipse
2961 854 3173 923 quidem
3202 857 3433 911 excessit
3457 872 3490 912 e
3511 858 3637 912 vita.

2294 942 2431 997 Aere
2460 954 2636 999 autem
2682 945 2884 999 bellum
2929 945 3072 1000 inter
3098 947 3303 1002 vicinos
3348 958 3595 1004 exortum
3640 958 3726 1006 est
3750 950 3821 1007 de

2219 1048 2465 1103 corpore.
2505 1036 2578 1090 Ex
2612 1036 2855 1091 finitimis
2908 1047 3089 1092 autem
3138 1039 3356 1107 quidam
3387 1042 3537 1096 vicus
3565 1038 3683 1112 (46)
3724 1056 3821 1113 po-

2222 1127 2345 1196 pulo
2396 1126 2890 1197 frequentissimus.
2921 1144 3042 1185 cum
3077 1140 3188 1186 toto
3219 1131 3375 1186 simul
3404 1144 3591 1190 coacto
3620 1134 3821 1211 populo

2218 1219 2548 1285 advenisset,
2582 1222 2717 1275 alios
2742 1222 2957 1291 quidem
3017 1222 3153 1278 fudit
3200 1239 3263 1279 ac
3312 1225 3529 1297 fugavit,
3579 1230 3817 1284 maxime

2223 1324 2401 1368 autem
2433 1314 2790 1382 expetendum
2826 1316 2970 1370 illum
3013 1315 3190 1385 rapuit
3231 1318 3575 1385 thesaurum;
3614 1327 3673 1374 et
3703 1336 3819 1375 ma-

2226 1407 2370 1462 xima
2402 1409 2517 1463 aede
2546 1420 2842 1477 exstructa,
2869 1428 2928 1466 ea
2954 1428 3070 1481 quae
3092 1428 3156 1467 ex
3183 1429 3247 1468 eo
3277 1414 3565 1483 percipitur
3587 1414 3820 1472 utilitate

2222 1500 2471 1554 fruuntur
2498 1501 2549 1555 in
2583 1501 2901 1557 hodiernum
2927 1503 3088 1569 diem,
3124 1504 3334 1573 publico
3356 1520 3417 1560 ac
3444 1505 3647 1562 celebri
3679 1506 3821 1563 festo

2220 1590 2369 1646 illum
2401 1592 2665 1664 insignem
2698 1595 2956 1650 victorem
2990 1596 3342 1653 honorantes.

2288 1682 2395 1738 Nos
2421 1694 2599 1741 autem
2630 1686 2792 1742 etiam
2836 1690 3087 1744 absentes
3139 1690 3364 1745 fruimur
3416 1690 3817 1760 benedictione,

526 1783 626 1852 Qui
658 1782 940 1853 reliquerit
968 1790 1174 1851 patrem
1202 1789 1257 1835 et
1283 1790 1528 1847 matrem,
1561 1788 1617 1835 et
1643 1780 1858 1835 fratrem
1890 1788 1944 1834 et
1974 1780 2109 1835 filios
2142 1775 2189 1836 B
2216 1777 2367 1834 nobis
2394 1780 2537 1835 e-uim
2578 1795 2676 1849 pro
2704 1782 3037 1837 monimento
3065 1783 3263 1838 sufficit
3288 1785 3568 1839 memoria.

528 1886 745 1945 propter
763 1888 942 1930 meum
977 1872 1342 1942 Evangelium,
1371 1870 1533 1926 etiam
1560 1872 1610 1925 in
1642 1871 1744 1926 hoc
1765 1873 1963 1928 saeculo
1985 1887 2108 1928 cen-

528 1967 732 2036 tuplum
755 1966 1001 2036 accipiet,
1031 1974 1084 2019 et
1109 1963 1162 2018 in
1194 1963 1371 2018 futuro
1392 1964 1498 2018 erit
1522 1965 1694 2019 haeres
1723 1964 1843 2019 vita:
1870 1973 2107 2021 aeternae.

528 2058 653 2112 Haec
682 2064 738 2111 et
764 2054 969 2111 dixitet
992 2053 1117 2109 fecit
1148 2053 1362 2125 (Matth.
1393 2053 1532 2124 xix).

598 2144 758 2202 Nobis
790 2159 1000 2216 quoque
1026 2143 1164 2199 adsit
1192 2152 1246 2199 et
1283 2159 1536 2201 sermone
1572 2153 1627 2201 et
1655 2160 1821 2214 opere
1859 2147 2106 2218 eruditPs,

525 2245 789 2293 eteorum
816 2236 1063 2307 precibus
1095 2236 1312 2303 innixis,
1359 2245 1608 2306 tanquam
1654 2250 1898 2308 scopum,
1947 2242 2111 2293 attin-

524 2342 653 2398 gere
673 2329 950 2399 prremium
979 2341 1228 2397 superna:
1256 2327 1572 2393 vocatiOnis,
1604 2344 1726 2400 qua:
1749 2338 1833 2385 est
1863 2328 1915 2385 in
1943 2328 2106 2385 Citri-

523 2427 608 2475 sto
631 2418 757 2476 Iesu
787 2418 1013 2475 Domino
1040 2426 1246 2474 nostro.

1112 2555 1339 2614 CAPUT
1380 2555 1515 2613 XVI.

1150 2705 1296 2748 ωηο
1334 2691 1474 2763 (45).

591 2807 825 2867 Maronis
854 2816 973 2879 post
1019 2808 1161 2864 hunc
1191 2809 1519 2876 meminero;
1553 2824 1677 2866 nam
1718 2811 1763 2865 is
1788 2825 2000 2883 quoque
2025 2812 2106 2868 di-

519 2915 697 2958 vinum
722 2908 1028 2957 sanctorum
1054 2900 1279 2955 chorum
1308 2906 1607 2957 exornavit.
1652 2903 1780 2957 Eam
1808 2903 1951 2959 enim
1981 2919 2104 2973 qum

517 2992 619 3049 sub
660 2992 751 3049 dio
779 2992 840 3048 fit
866 2991 1030 3047 vitam
1066 2992 1369 3064 amplexus,
1393 2995 1677 3065 occupavit
1716 2995 1980 3066 quoddam
2011 3012 2100 3053 ca-

519 3098 733 3148 cumen,
759 3083 901 3154 quod
950 3083 1004 3138 in
1051 3083 1257 3141 honore
1304 3084 1604 3141 habebatur
1631 3085 1701 3141 ab
1746 3088 1811 3143 iis
1835 3088 1924 3158 qui
1954 3097 2107 3144 erant

2809 1872 3034 1930 CAPUT
3075 1874 3237 1929 XVII.

2783 1980 3058 2020 ABBAMIES
3100 1966 3237 2037 (Π).

2287 2052 2395 2109 Nec
2426 2053 2761 2113 admirabilis
2792 2058 3070 2114 Abraamis
3101 2060 3413 2113 memoriam
3449 2058 3526 2114 fas
3553 2070 3638 2116 est
3668 2076 3810 2130 pra-

2214 2148 2526 2212 tcrmittere,
2562 2149 2663 2204 hoc
2695 2160 2980 2220 praetextu,
3011 2152 3151 2219 quod
3203 2162 3321 2220 post
3362 2153 3521 2205 vitam
3553 2154 3812 2209 monasti-

2212 2252 2328 2293 cam
2360 2241 2646 2309 pontiticite
2675 2242 2792 2297 sedi
2827 2242 2983 2298 fuerit
3025 2255 3345 2302 ornamento
3374 2244 3681 2315 (Theodon,
3711 2247 3805 2301 lib.

2212 2347 2262 2386 tv
2290 2331 2451 2400 Hist,
2482 2352 2597 2403 cap.
2649 2334 2768 2403 23).
2826 2337 2956 2391 Nam
3005 2338 3107 2393 hoc
3153 2339 3367 2407 quidem
3417 2352 3562 2395 certe
3591 2340 3808 2395 nomine

2210 2424 2332 2494 jure
2358 2424 2516 2481 fuerit
2537 2427 2749 2499 dignior
2778 2430 2866 2499 qui
2893 2440 3368 2493 commemoretur,
3414 2431 3555 2501 quod
3595 2432 3807 2486 institu-

2212 2525 2323 2571 tutn
2348 2517 2470 2573 vitae
2498 2528 2640 2573 muta
2674 2535 2704 2574 e
2731 2534 2971 2583 coaeaus.
3002 2523 3163 2577 vitam
3214 2539 3319 2578 tton
3354 2526 3673 2589 mutaverit;
3708 2525 3803 2578 sed

2209 2622 2331 2665 cum
2365 2612 2677 2668 monasticae
2706 2614 3109 2669 exercitationis
3165 2615 3436 2671 trans’erit
3490 2612 3803 2677 afflictione,

2208 2711 2266 2757 et
2306 2701 2465 2757 simul
2497 2704 2807 2760 monasticis
2836 2705 3109 2761 laboribus
3138 2716 3192 2761 et
3221 2708 3367 2762 curis
3409 2707 3806 2775 pontificalibus

2207 2794 2620 2862 circumsessus,
2653 2799 2771 2853 vita:
2817 2813 3032 2854 cursum
3065 2800 3352 2870 peregerit.
3408 2801 3575 2856 Porro
3622 2811 3802 2856 autem

2207 2895 2291 2941 est
2320 2886 2407 2942 hic
2433 2903 2647 2959 quoque
2700 2892 2902 2946 fructus
2951 2893 3076 2963 Cyri
3124 2894 3379 2963 regionis.
3423 2894 3520 2948 llic
3569 2896 3725 2950 enim
3745 2905 3802 2950 et

2209 2988 2367 3034 natus
2399 2990 2454 3035 et
2490 2980 2767 3048 educatus,
2798 2984 3015 3053 collegit
3044 3000 3174 3054 opes
3219 2986 3433 3041 virtutis
3464 2990 3802 3043 monasticae.

2208 3068 2309 3139 Qui
2335 3072 2478 3126 enim
2515 3072 2674 3129 simul
2716 3089 2839 3129 cum
2892 3090 2958 3131 eo
2988 3088 3199 3132 versati.
3221 3090 3366 3147 sunt,
3397 3081 3581 3134 dicunt
3602 3096 3726 3135 eum
3753 3094 3805 3138 ει

520 3173 647 3229 "lim
671 3173 851 3243 impii;
879 3184 931 3229 ει
960 3189 1081 3229 cum
1111 3175 1257 3244 quod
1286 3176 1339 3231 in
1373 3191 1439 3232 εο
1464 3186 1581 3232 erat
1611 3180 1864 3247 {emptum
1898 3180 2101 3237 άωηιο.
2131 3163 2179 3226 C
2209 3162 2475 3234 vigilando
2497 3173 2553 3220 et
2580 3166 2768 3222 stando
2789 3167 3153 3238 etjejnnando
3173 3169 3242 3224 ita
3261 3187 3457 3241 corpus
3472 3172 3805 3241 edomuisse,

530 3282 681 3332 num,
715 3266 825 3322 Deo
853 3278 1245 3338 consecrasset,
1285 3267 1340 3324 in
1393 3284 1460 3325 eo
1506 3282 1587 3326 est
1617 3282 1880 3340 versatus,
1942 3290 2103 3343 parvo

519 3360 751 3429 quodam
783 3359 833 3414 in
864 3377 929 3415 eo
958 3361 1062 3415 fixo
1092 3350 1461 3429 tabernaculo,
1492 3378 1600 3434 quo
1645 3375 1822 3421 tamen
1853 3381 1975 3421 raro
2022 3377 2105 3423 est

521 3464 669 3506 usus.
702 3450 815 3505 Non
840 3452 1010 3506 solum
1035 3463 1212 3509 autem
1238 3455 1508 3510 consuetis
1538 3471 1667 3511 ttsus
1693 3466 1777 3512 est
1807 3456 2101 3527 laboribus,

520 3541 620 3596 sed
649 3542 810 3597 etiam
842 3541 974 3595 alios
998 3544 1341 3615 excogitavit,
1387 3547 1730 3603 accumulans
1760 3563 1890 3619 opes
1930 3551 2104 3619 philo-

521 3631 760 3701 sOpbire;
794 3634 1118 3704 agonotlteta
1162 3646 1340 3691 autem
1387 3654 1606 3694 mensus
1636 3649 1720 3695 est
1741 3643 1965 3711 gratiam
1988 3643 2104 3713 ejus

518 3725 808 3782 laboribus.
844 3726 1103 3784 Liberalis
1139 3730 1281 3785 enim
1313 3740 1367 3787 et
1411 3734 1695 3790 munificus
1742 3734 1883 3792 Deus
1918 3740 1966 3791 ci
1997 3748 2104 3794 tam

517 3823 736 3891 copiose
760 3822 911 3878 dedit
954 3823 1153 3880 donum
1183 3828 1542 3897 curationum,
1574 3838 1628 3884 ut
1672 3830 1725 3885 in
1756 3846 1945 3886 omnes
1987 3832 2105 3904 qui-

518 3912 641 3966 dem
684 3925 863 3982 partes
889 3915 1004 3984 ejus
1029 3917 1197 3987 gloria
1224 3922 1541 3989 pervaserit,
1570 3936 1760 3977 omnes
1793 3935 1970 3979 autem
2005 3942 2105 3980 un-

525 4004 686 4072 dique
714 4012 1012 4074 attraxerit,
1062 4009 1231 4082 834
1264 4021 1318 4066 et
1346 4014 1672 4083 experientia
1710 4016 1957 4073 docuerit
1984 4033 2102 4074 eam

521 4098 719 4151 famam
745 4112 864 4155 esse
892 4116 1094 4157 veram.
1128 4102 1319 4159 Videre
1362 4107 1504 4160 enim
1550 4116 1747 4163 eratet
1794 4109 1971 4165 febres
1999 4128 2098 4167 ex-

518 4187 717 4257 stingui
748 4204 869 4244 rore
898 4190 1308 4259 benedictionis,
1359 4206 1413 4251 ct
1443 4198 1719 4253 horrorem
1767 4215 1999 4268 ces-are,
2051 4214 2105 4257 ct

519 4281 789 4335 darmones
822 4283 1021 4354 fugere,
1059 4294 1113 4340 et
1142 4288 1316 4343 varios
1344 4292 1623 4359 omnisque
1650 4295 1861 4362 generis
1889 4295 2105 4351 morbos

522 4386 629 4424 nnc
688 4374 861 4426 curari
911 4376 1325 4434 medicamento.
1378 4381 1571 4436 Medici
1621 4384 1763 4439 enim
1820 4386 2105 4456 unicuique

519 4462 709 4517 morbo
741 4465 996 4522 exhibent
1022 4472 1345 4527 conveniens
1376 4473 1857 4545 medicamentum,
1887 4492 2103 4533 sancto-

2207 3263 2266 3309 ut
2292 3254 2606 3327 longissimo
2660 3268 2904 3329 tempore
2959 3264 3314 3329 permanserit
3352 3264 3665 3330 immobilis,
3698 3268 3801 3319 mi-

2208 3346 2354 3403 nime
2389 3349 2574 3404 Valens
2603 3351 2824 3421 ingredi.
2862 3352 3045 3406 Divina
3087 3365 3263 3409 autem
3299 3357 3633 3424 providentia
3668 3360 3805 3412 libe-

2209 3450 2356 3495 ratus
2386 3441 2455 3495 ab
2485 3442 2575 3496 illa
2602 3443 2991 3510 imbecillitate,
3023 3447 3193 3501 voluit
3224 3451 3400 3518 gravia
3436 3451 3540 3519 pati
3571 3450 3805 3519 pericula

2207 3545 2305 3600 pro
2330 3532 2507 3586 divina
2544 3535 2733 3601 gratia.

2281 3622 2436 3678 Venit
2464 3634 2640 3679 autem
2691 3626 2743 3680 in
2777 3626 3061 3693 Libanum,
3114 3646 3234 3683 cum
3283 3631 3564 3688 didiciSset
3616 3636 3792 3689 vicum

2213 3726 2497 3793 quemdam
2530 3728 2700 3783 teneri
2748 3747 2937 3799 magna
2990 3733 3278 3799 impietatis
3321 3735 3570 3803 caligine;
3598 3748 3653 3791 et
3686 3753 3807 3806 per-

2208 3830 2337 3871 sona
2372 3821 2688 3874 mercatoris
2732 3823 2876 3876 vultu
2905 3824 3079 3877 celato
3110 3826 3425 3893 monasticn,
3458 3842 3579 3881 cum
3623 3829 3689 3881 iis
3717 3828 3807 3897 qui

2205 3910 2365 3963 simul
2413 3911 2766 3966 versabantur
2810 3913 2987 3968 ferens
3026 3916 3287 3970 cattistros
3335 3930 3586 3986 tanquam
3641 3930 3805 3971 nuce-5

2208 4012 2486 4069 empturus
2516 4003 2682 4073 (hunc
2713 4007 2852 4059 enim
2889 4006 3115 4061 fructum
3163 4010 3428 4079 prmcipue
3478 4009 3682 4065 ferebat
3723 4005 3807 4058 vi-

2206 4094 2347 4163 cus),
2382 4110 2501 4148 cum
2530 4096 2747 4151 domum
2785 4100 3152 4163 condnx'sset,
3185 4110 3239 4155 et
3279 4104 3601 4172 aliquantum
3638 4114 3804 4168 pecu-

2207 4188 2305 4241 nia:
2340 4201 2694 4259 praerogasset
2726 4193 3147 4258 possessoribus,
3195 4211 3226 4264 q
3252 4197 3391 4248 iievit
3428 4192 3641 4261 quidem
3689 4201 3801 4245 tres

2210 4292 2263 4336 et
2287 4293 2515 4352 quatuor
2546 4284 2685 4338 dies.
2736 4286 2933 4339 Deinde
2964 4288 3215 4356 paulath
3246 4288 3481 4341 divinum
3513 4301 3805 4357 aggressus

2206 4385 2288 4429 est
2344 4377 2602 4441 officium,
2640 4389 2795 4432 utt‘tts
2825 4395 2954 4435 \‘ttce
2985 4382 3274 4435 ttiutlct‘ata.
3308 4381 3589 4450 Postquam
3622 4392 3804 4434 autent

2205 4480 2487 4523 senserunt
2529 4470 2870 4537 psalmodias,
2932 4488 3109 4543 prmco
3156 4474 3371 4542 quidem
3412 4474 3684 4541 clamavit,
3742 4481 3802 4527 et

519 4569 636 4606 rum
666 4562 840 4609 autent
862 4557 1171 4626 deprecatio
1199 4572 1280 4618 est
1302 4579 1586 4621 commune
1614 4570 1852 4624 omnium
1885 4572 2102 4627 morbo.

2217 4575 2399 4613 omnes
2445 4563 2781 4617 convocavit.
2819 4564 2979 4617 Erant
3011 4578 3189 4619 autem
3223 4565 3381 4619 simul
3412 4564 3719 4636 congregati
3750 4574 3808 4620 et

522 4664 638 4702 rum
672 4652 991 4708 remedium.

592 4742 706 4797 Non
738 4745 907 4799 solum
938 4757 1115 4803 autem
1171 4749 1483 4805 medebatur
1528 4752 1938 4822 a‘gritudinibus
1984 4772 2104 4811 cor-

521 4835 684 4902 poris,
717 4836 811 4891 sed
841 4841 1002 4893 etiam
1033 4840 1223 4896 animis
1251 4844 1660 4899 Convenientetn
1691 4846 1985 4901 exhibebat
2011 4864 2105 4902 cu-

521 4927 813 4994 rationem;
848 4931 1004 5001 ltttjus
1053 4934 1265 5003 quidem
1318 4936 1617 5000 avaritiam,
1666 4936 1811 4991 illius
1848 4952 1975 4992 tero
2013 4955 2105 4991 cu-

519 5033 645 5073 rans
675 5020 1031 5087 iracundiam;
1067 5037 1120 5079 ct
1148 5028 1235 5080 uni
1259 5028 1472 5097 quidem
1515 5030 1775 5084 exhibens
1803 5030 2101 5085 doctrinam

521 5112 923 5182 moderationis,
964 5119 1113 5172 alteri
1160 5135 1286 5175 vero
1314 5120 1650 5190 disciplinam
1677 5122 1899 5192 justitim
1919 5164 1934 5189 ,
1962 5133 2015 5178 et
2042 5124 2104 5178 il-

519 5201 622 5257 !ins
650 5205 863 5274 quidem
917 5210 1185 5279 castigans
1240 5208 1723 5278 intemperantiam,
1786 5215 1924 5271 tl.ius
1975 5232 2103 5270 vero

521 5294 759 5351 excitans
791 5298 1186 5357 hebetudinetn.
1230 5302 1337 5357 llac
1366 5311 1520 5357 utens
1549 5305 1890 5374 agricultura,
1926 5306 2105 5361 effecit

520 5385 714 5442 inultas
740 5388 947 5457 plautas
973 5391 1349 5462 philosophiae;
1373 5404 1426 5449 et
1458 5393 1666 5449 hortum
1696 5396 1783 5464 qui
1807 5412 1947 5449 nunc
1977 5413 2099 5467 ger-

519 5478 685 5534 minat
717 5480 769 5533 in
794 5482 1014 5551 regione
1063 5485 1211 5554 Cyri,
1268 5487 1381 5552 ipse
1442 5486 1549 5539 Deo
1597 5485 1875 5555 plantavit.
1934 5487 2103 5557 llnjus

519 5570 859 5638 plantationis
887 5591 1022 5645 opus
1049 5587 1131 5631 est
1156 5593 1379 5647 magnus
1407 5577 1658 5643 Iacobus,
1683 5578 1747 5632 ad
1774 5594 1933 5648 quem
1956 5580 2103 5649 quis-

518 5661 656 5725 jiam
682 5679 872 5720 vocem
901 5665 1316 5725 illamltraxcrit
1357 5667 1723 5737 protiheticatn
1757 5686 1770 5723 :
1824 5670 2099 5742 Tanquam

514 5755 707 5812 cedrus
734 5772 854 5829 qua
876 5760 1031 5815 estin
1062 5760 1259 5815 Libano
1283 5759 1721 5829 multiplicahitur
1754 5762 1923 5832 (Prol.
1959 5765 2098 5834 xei);

2211 4650 2307 4704 viri
2332 4661 2386 4704 et
2418 4652 2567 4721 pueri
2614 4661 2670 4706 ct
2715 4655 2998 4718 ntulit-res;
3031 4665 3086 4710 et
3129 4672 3173 4709 ca
3199 4656 3419 4709 nfractis
3461 4655 3804 4710 extrinsecus

2213 4745 2433 4809 foribus,
2463 4745 2692 4814 desuper
2735 4762 2800 4799 ex
2853 4757 2991 4801 tecto
3040 4748 3263 4801 multum
3296 4748 3567 4815 pulverem
3598 4756 3804 4812 cut-ge-

2211 4845 2391 4889 rentes
2446 4836 2790 4906 dejiciebant.
2851 4838 3133 4898 Postquam
3184 4844 3363 4885 autem
3414 4845 3508 4885 eos
3549 4833 3800 4888 viderunt

2213 4931 2463 4986 suffocari
2495 4940 2551 4982 et
2577 4930 2753 4992 obrui,
2787 4939 2840 4982 et
2887 4943 2987 4981 nec
3016 4927 3211 4996 aliquid
3260 4927 3401 4981 aliud
3431 4926 3573 4982 velie
3622 4927 3806 4984 facere

2214 5038 2313 5078 nec
2341 5022 2539 5084 dicere,
2570 5020 2661 5073 sed
2691 5021 2861 5073 solum
2899 5020 3007 5073 Deo
3048 5034 3235 5087 preces
3274 5019 3487 5083 otferre.
3519 5020 3802 5077 seniorum

2207 5113 2412 5167 monitu
2442 5112 2765 5165 destiterunt
2803 5112 2870 5165 ab
2902 5111 3131 5165 insania.
3166 5111 3388 5179 Deinde,
3431 5113 3633 5180 apertis
3662 5110 3800 5167 foti-

2206 5206 2323 5270 bus,
2356 5220 2477 5259 cum
2520 5220 2613 5259 eos
2664 5204 2983 5259 evulsissent
3033 5204 3102 5259 ab
3147 5218 3365 5275 aggere,
3398 5202 3676 5275 jusserunt
3703 5219 3802 5260 eos

2204 5301 2383 5352 statim
2408 5299 2575 5353 abire.
2604 5298 2704 5352 Sed
2729 5300 2919 5353 eodem
2954 5308 3196 5367 tempere
3210 5307 3472 5354 venerunt
3492 5308 3799 5361 exactores.

2205 5394 2293 5461 qni
2335 5405 2428 5445 eos
2455 5390 2731 5461 vectigalia
2761 5394 3024 5462 cogebant
3064 5392 3368 5459 exsolvere,
3399 5400 3457 5447 et
3508 5392 3645 5447 alios
3674 5397 3799 5463 qui-

2204 5484 2326 5538 dem
2373 5499 2439 5538 ex
2478 5484 2543 5538 iis
2573 5483 2900 5550 vinciebant,
2950 5484 3082 5537 alios
3112 5498 3240 5537 vcro
3270 5500 3364 5552 per
3413 5483 3799 5539 contumeliam

2206 5576 2508 5631 efficiebant
2539 5576 2891 5630 verberibus:
2925 5575 3020 5629 sed
3065 5576 3146 5630 vir
3190 5573 3279 5630 il'e
3327 5575 3557 5641 divinus,
3595 5576 3798 5631 nullius

2204 5687 2271 5727 ex
2305 5672 2369 5725 iis
2397 5686 2516 5741 qua:
2539 5672 2590 5725 in
2621 5671 2763 5741 ipsos
2785 5671 2922 5725 facta
2955 5681 3109 5724 erant
3140 5670 3471 5736 recordatus,
3503 5670 3795 5725 Dominum

2208 5763 2444 5828 imitans,
2470 5763 2559 5835 qui
2592 5764 2735 5819 cruci
2786 5761 3000 5830 affixus,
3050 5776 3235 5818 eorum
3276 5762 3365 5832 qui
3416 5760 3515 5816 hoc
3556 5761 3796 5817 fccc.aut

3436 5870 3467 5895 ἡ
