4052 6362
290 307 358 362 rr
1426 278 1880 373 PlilLO‘I‘HEUS,
1920 319 2036 360 uva
2077 303 2527 363 THEOPlllLES.
3505 306 3581 372 78

294 436 480 480 curam
511 424 755 495 gerebat,
783 420 959 477 oravit
987 418 1108 476 illos
1133 426 1414 475 exactores
1440 428 1497 473 ut
1523 418 1801 474 moderate
1823 432 1885 473 ac
1918 422 1965 483 Α
1991 416 2201 476 Etenim
2234 430 2411 476 tantus
2441 421 2534 477 ille
2564 420 2706 477 Elias
2739 422 2966 492 primum
2990 423 3210 495 quidem
3243 438 3306 480 ex
3332 432 3582 485 torrente

294 515 594 574 clementer
619 516 916 589 exigerent.
942 515 1079 571 Cum
1108 524 1287 571 autem
1338 515 1682 586 fidejussores
1710 516 1889 585 requi-

295 608 538 677 siissent,
567 624 664 664 sua
690 617 885 678 sponte
912 607 1146 678 suscepit
1177 607 1605 678 fidejussionem,
1625 615 1684 664 et
1706 608 1890 678 paucis

298 713 421 771 post
448 701 641 758 diebus
665 713 879 757 centum
904 716 1099 755 aureos
1128 714 1189 755 se
1207 699 1454 754 daturum
1485 709 1568 755 est
1593 700 1887 770 pollicitus.

298 791 402 857 Qui
428 799 606 848 autem
636 793 815 863 gravia
847 792 936 848 illa
984 792 1064 847 eis
1115 792 1373 858 fecerant,
1431 790 1587 846 valde
1642 789 1888 845 admirati

300 885 402 941 viri
430 885 836 956 benignitatem,
870 887 938 941 de
968 887 1034 942 iis
1081 888 1299 957 quidem
1345 901 1466 956 qua:
1509 886 1624 940 ausi
1680 886 1892 940 fuerant

303 986 495 1047 petunt
515 978 750 1042 veniam,
775 987 966 1047 rogant
992 987 1171 1032 autem
1197 988 1255 1031 ut
1282 979 1395 1047 ipse
1419 977 1510 1031 fiat
1549 991 1734 1032 eorum
1765 990 1895 1046 prae-

302 1085 420 1137 ses;
450 1085 621 1140 neque
644 1070 789 1127 enim
817 1071 1049 1126 habebat
1078 1072 1225 1127 vicus
1265 1069 1564 1137 dominum,
1595 1080 1753 1125 erant
1795 1085 1893 1123 au-

304 1175 414 1216 tem
444 1160 547 1229 ipsi
578 1169 636 1215 et
658 1161 907 1231 agricola:
937 1169 993 1216 et
1038 1160 1262 1215 domini.
1305 1160 1534 1214 Centum
1581 1167 1758 1214 autem
1799 1175 1896 1213 au-

303 1266 448 1319 reos,
476 1268 599 1308 cum
626 1254 862 1309 venisset
896 1254 948 1307 in
988 1251 1285 1319 civitatem,
1329 1253 1438 1323 (est
1485 1259 1666 1307 autem
1695 1252 1745 1308 ei
1798 1267 1896 1307 no-

304 1358 430 1400 men
479 1343 697 1417 Emesa)
746 1355 803 1400 et
852 1356 1011 1401 notos
1065 1346 1275 1416 aliquos
1328 1344 1643 1412 invenisset,
1692 1346 1897 1416 accepit

302 1445 515 1491 mutuo.
547 1436 752 1492 Deinde
800 1437 853 1491 in
897 1438 1072 1491 vicum
1123 1451 1396 1502 reversus,
1452 1436 1541 1493 die
1596 1438 1897 1505 prmstiluto

307 1528 659 1599 impletquod
691 1529 1031 1599 promiserat.
1054 1529 1188 1585 Cum
1217 1530 1320 1586 hoc
1354 1531 1474 1600 ejus
1500 1530 1764 1585 vidissent
1786 1537 1900 1582 stu-

302 1622 473 1685 dium,
515 1624 886 1678 vehementius
913 1623 966 1679 id
990 1623 1059 1679 ab
1085 1638 1152 1679 eo
1177 1623 1536 1679 contendunt.
1565 1622 1700 1679 Cum
1732 1622 1775 1677 is
1806 1639 1901 1677 au-

307 1721 415 1766 tem
442 1725 502 1766 se
528 1712 583 1767 id
613 1712 875 1770 facturum
907 1723 1052 1769 esset
1080 1714 1374 1785 pollicitus,
1400 1714 1445 1769 si
1475 1729 1534 1770 se
1580 1715 1901 1785 polliceieo-

1990 525 2183 581 aquam
2230 511 2428 582 hausit,
2458 514 2654 569 deinde
2681 513 2842 569 etiam
2873 530 2994 569 cum
3038 516 3105 570 ad
3138 516 3348 571 viduam
3392 531 3581 573 acces-

1992 604 2157 659 sisset
2185 604 2595 676 Sarepbtanam,
2623 606 2722 660 sibi
2753 608 2983 676 primum
3008 606 3167 678 jussit
3196 621 3387 679 aquam
3414 605 3580 665 τίσει·-

1991 695 2072 761 ri,
2106 695 2302 751 deinde
2331 710 2543 767 panem.
2573 698 2677 754 Sed
2713 699 2797 754 hic
2820 700 2902 754 vir
2921 699 3270 768 admirabilis,
3305 710 3416 757 toto
3444 711 3586 758 temo

1995 804 2126 858 pore
2155 790 2532 859 pontiﬁcatus,
2566 808 2737 863 neque
2781 808 2972 863 panem
2998 834 3013 860 ,
3046 809 3219 865 neque
3262 795 3528 864 legumina
3562 838 3579 862 ,

1995 895 2171 951 neque
2214 880 2361 937 olera
2391 897 2511 952 qua:
2559 883 2668 955 igni
2716 884 3272 954 appropinquassent,
3302 887 3579 954 comedit;

1994 986 2171 1042 neque
2199 986 2391 1043 aquam
2419 972 2550 1029 bibit
2576 1012 2591 1039 ,
2625 989 2743 1043 qua:
2772 974 2840 1029 ab
2873 976 2937 1029 iis
2962 976 3053 1044 qui
3097 975 3148 1030 in
3178 975 3262 1031 his
3288 976 3449 1033 rebus
3478 978 3591 1037 sibi

1992 1061 2143 1118 docti
2173 1072 2302 1119 sunt
2324 1063 2425 1119 visi
2456 1074 2673 1135 propter
2700 1080 2853 1121 usum
2877 1067 3181 1122 existimata
3210 1078 3294 1123 est
3322 1069 3492 1140 prima
3520 1083 3591 1125 ex

1997 1154 2307 1222 elementis;
2340 1155 2435 1210 sed
2469 1156 2726 1226 lactucas,
2760 1158 2963 1231 intyba,
2994 1168 3049 1215 et
3076 1161 3194 1230 apia
3220 1204 3235 1231 ,
3270 1171 3321 1216 et
3347 1162 3538 1217 similia
3565 1203 3584 1231 ,

2002 1246 2181 1301 Cibum
2214 1246 2450 1303 ducebat
2474 1257 2528 1304 et
2553 1258 2761 1319 potum,
2793 1251 3053 1320 pistorum
3079 1260 3134 1307 et
3158 1267 3449 1323 eoquorum
3488 1269 3581 1309 ar-

1999 1348 2081 1395 tes
2126 1340 2421 1397 ostendens
2464 1356 2931 1412 supervacaneas;
2985 1355 3228 1415 tempore
3270 1356 3447 1401 autem
3495 1360 3593 1401 au-

2002 1432 2169 1486 tumni
2190 1472 2207 1498 ,
2243 1433 2447 1488 fructus
2471 1434 2519 1487 ei
2551 1434 2697 1489 illum
2728 1452 2879 1490 usum
2912 1437 3221 1507 implebant.
3255 1437 3380 1494 ﬂare
3408 1447 3590 1494 autem

2001 1522 2248 1579 sumebat
2275 1532 2395 1593 post
2419 1524 2655 1580 officium
2688 1528 3070 1596 vespertinum.
3099 1528 3231 1585 Cum
3264 1544 3460 1601 corpus
3487 1546 3592 1587 au-

2005 1624 2113 1671 tem
2154 1616 2351 1671 talibus
2395 1628 2740 1672 consumeret
2789 1620 3090 1685 laboribus,
3121 1622 3172 1675 in
3209 1620 3434 1677 aliorum
3464 1637 3593 1678 cura

2004 1708 2238 1778 gerenda
2271 1719 2386 1765 erat
2418 1709 2771 1775 insatiabilis;
2800 1712 3208 1768 advenientibus
3235 1713 3377 1769 enim
3411 1714 3595 1785 hospi-

303 1812 393 1858 tur
417 1804 776 1861 cdificaturos
796 1808 1101 1874 ecclesiam,
1126 1820 1382 1879 rogarunt
1414 1819 1470 1863 ut
1490 1810 1675 1864 statim
1696 1825 1888 1881 aggre-

2012 1802 2144 1855 Eibus
2172 1811 2289 1855 erat
2336 1811 2388 1857 et
2418 1811 2562 1857 totus
2593 1813 2808 1872 paratus
2836 1847 2849 1871 ,
2882 1806 3129 1875 egregius
3158 1815 3335 1861 autem
3367 1815 3422 1862 et
3451 1810 3592 1863 sele-

302 1896 590 1965 derentur;
622 1909 678 1955 et
701 1900 1042 1957 deduxerunt
1077 1903 1291 1957 beatum
1317 1904 1509 1968 virum,
1541 1905 1747 1973 aptiora
1782 1909 1893 1958 loi-a

302 1988 380 2044 illi
409 1991 705 2047 indicantes
736 2011 749 2048 :
782 2002 836 2048 et
867 2009 1005 2048 unus
1034 1993 1249 2063 quidem
1283 1994 1445 2059 hunc,
1479 1995 1617 2049 alius
1641 2010 1770 2050 vero
1804 1995 1886 2049 lo-

301 2096 430 2137 cum
462 2081 609 2137 illum
652 2082 923 2139 laudabat.
983 2083 1118 2139 Cum
1171 2094 1350 2141 autem
1397 2084 1561 2156 835
1617 2084 1895 2141 meliorem

297 2172 576 2242 elegisset,
617 2181 674 2229 et
696 2171 1043 2230 fundamenta
1065 2175 1306 2245 jecisset,
1353 2184 1550 2230 tectum
1583 2174 1733 2231 brevi
1767 2187 1893 2231 tem-

303 2279 433 2333 pore
461 2265 733 2335 imposuit.
763 2269 1000 2337 Cumque
1036 2268 1198 2324 finem
1242 2270 1540 2340 accepisset
1583 2268 1893 2336 redilicium,

295 2354 460 2426 jussit
509 2366 570 2411 ut
620 2357 966 2414 admitterent
1016 2357 1372 2415 sacerdotem.
1406 2358 1541 2415 Cum
1589 2368 1766 2415 autem
1814 2359 1897 2415 di-

297 2454 567 2503 eerentse
594 2448 795 2503 nullum
826 2448 989 2504 alium
1019 2449 1309 2519 electurus,
1332 2458 1389 2505 et
1415 2457 1668 2520 rogarent
1690 2458 1749 2505 ut
1767 2465 1890 2507 cum

302 2537 566 2595 baberent
591 2546 648 2595 et
675 2549 878 2610 patrem
907 2550 963 2596 et
988 2548 1282 2611 pastorem,
1326 2540 1524 2611 accipit
1548 2541 1774 2612 gratiam
1815 2555 1897 2595 sa-

301 2630 553 2688 cerdotii.
580 2633 867 2704 Postquam
895 2641 1077 2690 autem
1106 2648 1229 2688 cum
1258 2634 1341 2689 eis
1382 2641 1629 2689 versatus
1654 2641 1737 2688 est
1785 2643 1895 2690 tres

302 2737 500 2789 annos,
531 2733 587 2779 et
614 2739 709 2780 eos
749 2724 970 2796 pulchre
1009 2725 1232 2781 deduxit
1276 2725 1343 2780 ad
1391 2740 1482 2781 res
1509 2725 1747 2794 divinas,
1771 2741 1894 2782 cum

302 2814 577 2872 effecisset
612 2825 668 2871 ut
697 2832 836 2872 unus
864 2832 932 2873 ex
964 2818 1044 2873 eis
1091 2820 1180 2889 qui
1220 2819 1384 2875 simul
1439 2828 1596 2875 erant
1646 2822 1764 2876 vice
1810 2821 1896 2877 sui

304 2909 691 2979 prtefieeretur,
722 2913 789 2965 ad
818 2912 1173 2967 monasticum
1206 2913 1365 2969 rediit
1391 2912 1776 2968 habitaculum.

384 3002 451 3055 Et
480 3017 569 3069 ne,
597 3004 642 3058 si
670 3004 847 3058 omnia
868 3004 1007 3059 illius
1036 3019 1271 3069 narrem,
1299 3003 1585 3074 prolixiori
1613 3015 1734 3058 utar
1764 3020 1897 3059 nar-

308 3095 543 3159 ratione,
572 3110 694 3150 cum
718 3096 772 3151 in
804 3096 887 3150 his
908 3097 1347 3166 resplenduisset,
1374 3095 1431 3149 fit
1456 3095 1743 3150 Carrarum
1768 3110 1900 3165 pon-

2001 1904 2119 1949 ctus
2167 1896 2320 1965 panis
2374 1897 2452 1951 eis
2480 1896 2847 1965 ofl‘crebatur,
2890 1908 2944 1954 et
2995 1900 3173 1953 vinum
3222 1899 3549 1956 odoriferum
3576 1944 3590 1964 .

2003 1992 2282 2059 piscesque
2310 2002 2363 2047 et
2395 1992 2566 2056 olera,
2595 2004 2646 2047 et
2679 2007 3012 2063 quaecunque
3034 2002 3159 2048 sunt
3177 1993 3257 2049 eis
3285 1995 3594 2064 conjuncta.

2001 2079 2304 2148 Quinetiam
2337 2082 2450 2150 ipse
2476 2099 2690 2153 quoque
2713 2084 2935 2139 meridie
2965 2086 3237 2140 assidebat
3265 2085 3599 2143 convivanti-

2002 2170 2124 2238 bus,
2158 2186 2349 2227 eorum
2382 2190 2499 2243 quae
2522 2175 2927 2243 apponebantnr
2950 2184 3130 2244 partes
3162 2178 3447 2247 unicuique
3467 2176 3602 2233 oﬂ’e.

2004 2278 2160 2329 rens;
2194 2273 2250 2321 et
2276 2265 2412 2318 dans
2443 2265 2726 2336 unicuique
2756 2266 2971 2332 calices,
3005 2275 3059 2321 et
3085 2268 3277 2335 juliens
3307 2268 3510 2336 bibere,
3544 2280 3603 2325 et

2001 2368 2123 2409 eum
2147 2354 2239 2426 qui
2267 2364 2386 2410 erat
2430 2355 2673 2424 ejusdem
2719 2371 2903 2412 secum
2953 2358 3185 2414 nominis
3229 2358 3463 2427 imitans,
3508 2374 3601 2430 pa-

2004 2445 2322 2514 triarcham,
2358 2448 2598 2516 inquam,
2631 2448 2721 2517 qui
2763 2449 3103 2506 ministrabat
3130 2450 3348 2521 quidem
3376 2450 3605 2523 hospiti-

2002 2535 2123 2604 bus,
2154 2537 2249 2594 sed
2278 2553 2383 2593 non
2417 2539 2575 2594 simul
2609 2540 3016 2596 convivabatur.

2070 2629 2309 2685 Interdiu
2339 2638 2517 2686 autem
2543 2647 2764 2687 versans
2787 2633 2839 2687 in
2864 2633 3087 2703 judieiis
3116 2648 3302 2691 eorum
3332 2636 3421 2708 qui
3450 2632 3596 2692 inter

2008 2736 2071 2778 se
2101 2722 2379 2793 litigabant
2420 2733 2476 2780 et
2518 2724 2888 2795 decertabant,
2920 2727 3042 2783 aliis
3067 2729 3280 2799 quidem
3312 2731 3604 2800 persuade-

2000 2814 2092 2870 bat
2120 2825 2176 2870 ut
2207 2815 2347 2871 inter
2372 2831 2433 2871 se
2465 2817 2692 2872 invicem
2726 2818 3223 2885 reconciliarentur,
3256 2820 3391 2875 alios
3417 2829 3597 2876 autem

2002 2910 2231 2979 cogebat
2253 2910 2342 2979 qui
2372 2910 2480 2965 leni
2509 2920 2565 2965 et
2587 2921 2881 2965 mansueta:
2904 2910 3159 2965 doctrinae
3183 2926 3287 2967 non
3314 2912 3598 2981 parebant.

2002 2999 2191 3054 Nullus
2229 3009 2408 3055 autem
2439 3000 2667 3070 injustus
2708 3002 2950 3067 recessit,
2994 3017 3090 3057 sua
3130 3003 3351 3059 audacia
3403 3005 3600 3061 adver-

2007 3103 2100 3145 sus
2124 3089 2329 3159 justum
2361 3090 2589 3147 victoria
2622 3092 2841 3161 putitus.
2880 3092 2939 3147 Ei
2970 3095 3111 3148 enim
3138 3095 3225 3165 qui
3256 3095 3450 3165 injuria
3477 3096 3598 3152 afﬁL

312 3187 469 3243 tifex.
504 3185 629 3242 Erat
657 3196 834 3244 autem
863 3203 929 3244 ea
961 3188 1174 3254 quidem
1211 3187 1404 3241 civitas
1443 3185 1795 3241 circumsesa
1838 3186 1907 3241 ab
1934 3182 1982 3248 C
2012 3181 2275 3249 ciebatur,
2296 3182 2428 3254 justi
2462 3193 2666 3254 partem
2697 3199 2915 3255 semper
2941 3184 3170 3252 addens,
3194 3187 3454 3243 reddebat
3476 3192 3602 3244 eum

313 3282 582 3339 rbrietate
613 3283 900 3354 impietatis
920 3324 934 3347 ,
967 3292 1018 3338 et
1068 3282 1299 3352 seipsam
1329 3279 1554 3336 dederat
1597 3279 1907 3334 debaccha-

314 3378 454 3433 tioni
498 3378 835 3441 da’monum;
868 3378 961 3432 sed
1000 3392 1121 3431 cum
1152 3386 1294 3430 esset
1320 3374 1538 3444 dignata
1568 3372 1725 3443 hujus
1756 3374 1908 3443 agri-

316 3472 554 3536 cultura,
577 3481 633 3528 et
661 3474 958 3539 accepisset
977 3472 1151 3542 ignem
1179 3471 1335 3539 hujus
1355 3468 1635 3531 doctrinae.
1660 3482 1909 3538 perman-

315 3564 394 3618 sit
416 3564 632 3634 quidem
681 3563 847 3619 libera
878 3578 906 3616 a
942 3564 1209 3631 prioribus
1241 3560 1505 3623 sentibus,
1540 3575 1682 3616 nunc
1726 3570 1906 3615 autem

316 3657 539 3710 uberem
572 3655 771 3724 profert
800 3666 1034 3725 segetem
1059 3655 1310 3724 Spiritus,
1337 3664 1663 3708 maturarum
1694 3652 1907 3724 frugum

318 3748 436 3803 Deo
462 3747 700 3802 oﬂ'erens
731 3747 1050 3816 manipulos.
1082 3746 1188 3801 Sed
1225 3762 1329 3800 non
1359 3747 1476 3801 sine
1508 3745 1688 3800 labore
1709 3744 1792 3799 vir
1818 3744 1908 3799 di-

318 3842 481 3897 vinus
538 3842 675 3897 hanc
730 3842 967 3897 exercuit
1016 3840 1391 3912 agriculturam
1423 3879 1442 3907 ,
1497 3837 1593 3893 sed
1638 3836 1911 3892 laboribus

320 3944 487 3989 utens
516 3933 1012 4001 innumerabilibus,
1045 3943 1306 3988 eteorum
1336 3931 1423 4001 qui
1451 3928 1766 3999 corporibus
1799 3944 1912 3984 me-

320 4025 524 4082 dentur
551 4037 723 4083 artem
767 4027 1003 4092 imitans,
1036 4027 1224 4096 partim
1256 4025 1474 4096 quidem
1516 4024 1727 4079 dulcem
1758 4022 1913 4077 adhi-

330 4117 467 4172 bens
494 4117 949 4183 adhortationem,
985 4123 1176 4188 partim
1206 4134 1336 4173 vero
1364 4116 1580 4172 acribus
1618 4124 1774 4169 utens
1801 4127 1914 4168 me-

326 4213 670 4279 dicamentis,
701 4230 1083 4284 nonnunquam
1132 4228 1260 4269 vero
1299 4220 1355 4268 et
1393 4225 1555 4267 urens
1581 4219 1636 4266 et
1679 4225 1869 4266 secans
1892 4251 1907 4277 ,

330 4304 513 4361 effecit
558 4309 694 4362 hanc
723 4308 1026 4361 sanitatem.
1073 4306 1335 4360 Doctrina:
1364 4314 1542 4358 autem
1584 4311 1640 4359 ct
1667 4302 1759 4357 alii
1796 4302 1914 4370 ejus

327 4396 629 4470 diligentia:
658 4401 781 4455 vitm
826 4414 1037 4469 quoque
1078 4398 1277 4453 lumina
1307 4396 1775 4467 suifragabantur;
1808 4393 1913 4449 illis

323 4490 473 4544 enim
503 4491 785 4546 illuminati
813 4536 825 4555 ,
863 4501 915 4545 et
946 4489 1233 4545 audiebant
1260 4505 1321 4544 ea
1350 4503 1470 4560 quae
1500 4488 1833 4555 dicebautur,
1861 4495 1915 4541 et

326 4596 397 4639 ea
425 4596 545 4653 qua:
575 4584 771 4638 fiebant
799 4586 1042 4639 lubenter
1072 4582 1423 4651 accipiebant.

398 4676 537 4731 Toto
562 4678 707 4732 enim
760 4689 997 4745 tempore
1044 4693 1149 4745 quo
1177 4675 1277 4730 fuit
1304 4674 1547 4737 antistes,
1602 4671 1651 4726 ei
1696 4669 1912 4741 quidem

328 4768 431 4825 fuit
462 4772 611 4840 panis
661 4786 1090 4839 supervacancus
1113 4811 1129 4836 ,
1163 4784 1298 4839 aqua
1347 4783 1563 4839 quoque
1608 4766 1873 4835 superflua
1900 4808 1913 4829 ,

326 4860 530 4916 inutilis
556 4870 735 4916 autem
781 4861 981 4928 lectus,
1015 4869 1070 4914 et
1098 4874 1534 4929 snpervacaneus
1579 4872 1710 4911 usus
1754 4857 1916 4925 ignis.

330 4953 502 5009 Noctu
530 4955 672 5009 enim
702 4952 1051 5024 quadraginta
1081 4952 1330 5022 hymnos,
1361 4964 1495 5020 quos
1524 4950 1662 5003 inter
1686 4961 1747 5002 se
1780 4948 1919 5000 invi-

332 5065 453 5105 cem
485 5048 755 5119 loquendo
786 5056 840 5102 et
869 5045 1242 5116 respondendo
1268 5045 1449 5098 dicunt
1472 5085 1487 5111 ,
1520 5041 1797 5112 implebat,
1827 5057 1922 5095 ea-

330 5156 450 5196 rum
480 5155 600 5207 quae
626 5137 962 5193 intercedunt
1011 5151 1227 5207 precum
1274 5134 1555 5205 duplicans
1597 5146 1920 5196 numerum;

332 5233 596 5302 reliquum
628 5242 807 5285 autem
841 5231 1013 5284 noctis
1056 5229 1109 5283 in
1160 5228 1291 5284 sede
1321 5227 1581 5294 sedebat,
1618 5224 1924 5279 concedens

337 5324 613 5394 palpebris
644 5332 703 5376 ut
748 5320 1136 5390 aliquantulum
1183 5319 1544 5389 quiescerent.
1578 5318 1753 5386 Atque
1781 5316 1922 5384 quod

337 5432 445 5475 non
475 5417 529 5472 in
569 5418 686 5471 solo
714 5417 928 5486 quidem
977 5429 1114 5484 pane
1158 5414 1287 5468 vivit
1333 5411 1516 5476 homo,
1548 5410 1683 5465 dixit
1709 5407 1922 5480 quidem

329 5509 728 5579 contemplator
757 5508 847 5562 Dei
894 5509 1106 5577 Moyses
1135 5505 1315 5575 (Deut.
1365 5502 1524 5572 vni);
1558 5501 1803 5558 meminit
1833 5516 1928 5554 an-

331 5616 438 5660 tem
460 5608 619 5674 hujus
643 5617 857 5673 quoque
881 5603 987 5657 vici
1043 5601 1321 5666 Dominus,
1345 5598 1779 5669 provocationem
1811 5595 1928 5650 dia-

332 5700 443 5757 boli
465 5713 723 5756 recusans
744 5696 961 5767 (Matth.
981 5695 1078 5767 tv).
1102 5695 1253 5764 Quod
1276 5702 1454 5750 autem
1477 5694 1639 5749 etiam
1661 5690 1776 5747 sine
1790 5705 1925 5759 aqua

336 5794 444 5850 vivi
476 5793 672 5862 possit,
704 5807 732 5845 a
764 5791 909 5847 nullo
933 5789 1052 5845 loco
1078 5789 1273 5845 divina;
1299 5788 1590 5857 Scriptum
1619 5785 1927 5842 didicimus.

2014 3274 2485 3346 inexpugnabilem
2512 3318 2529 3344 ,
2560 3288 2615 3333 et
2652 3294 2718 3332 eo
2748 3278 2837 3348 qui
2886 3278 3102 3335 volebat
3131 3279 3378 3350 injuriam
3426 3281 3607 3339 facere

2011 3373 2375 3442 superiorem.
2404 3374 2709 3444 Similisque
2727 3386 2847 3429 erat
2867 3376 3073 3444 optimo
3095 3377 3322 3444 medico,
3346 3378 3436 3447 qui
3462 3366 3610 3433 Sem-

2013 3480 2110 3535 per
2138 3468 2388 3539 prohibet
2417 3482 2512 3524 eos
2542 3468 2796 3523 humores
2826 3470 2916 3539 qui
2967 3470 3291 3539 redundant,
3322 3481 3377 3527 et
3406 3487 3607 3543 procu-

2013 3570 2096 3618 rat
2123 3576 2179 3617 ut
2202 3563 2272 3618 sit
2299 3562 2437 3618 inter
2471 3565 2723 3618 materias
2752 3566 3058 3634 aequalitas.

2086 3655 2240 3710 Hunc
2287 3669 2500 3725 quoque
2546 3655 2881 3711 desideravit
2930 3658 3113 3714 videre
3159 3659 3451 3730 imperator
3502 3662 3610 3731 (est

2012 3746 2158 3803 enim
2192 3747 2352 3801 allata
2396 3745 2558 3813 fama,
2591 3764 2711 3818 qum
2743 3749 2896 3804 facile
2940 3752 3116 3805 omnia
3166 3768 3283 3822 qua:
3314 3752 3453 3808 bona
3481 3762 3611 3810 sunt

2012 3852 2069 3895 et
2096 3855 2215 3910 quae
2244 3842 2381 3895 mala
2411 3841 2730 3913 signiﬁcat),
2762 3854 2819 3897 et
2863 3843 2931 3897 ad
2973 3860 3030 3899 se
3060 3846 3383 3914 accersivit,
3416 3856 3471 3903 et
3510 3864 3607 3904 ve-

2015 3933 2170 3988 niens
2199 3936 2448 3989 salutavit
2491 3944 2546 3990 et
2587 3936 2803 4005 excepit
2832 3950 2924 3993 :et
2953 3951 3166 4010 agreste
3197 3939 3323 3996 illud
3374 3942 3608 3998 cilicium

2020 4039 2115 4081 sua
2148 4042 2383 4098 purpura
2412 4030 2739 4084 existimavit
2772 4033 3135 4099 prmstantius.
3166 4033 3283 4091 Jam
3313 4052 3443 4092 vero
3472 4039 3613 4109 regi-

2016 4134 2205 4173 narum
2251 4134 2466 4189 quoque
2497 4120 2694 4176 chorus
2735 4121 2856 4193 ejus
2901 4133 2956 4178 et
3006 4140 3195 4182 manus
3228 4127 3513 4198 prehendit
3558 4142 3613 4187 et

2015 4224 2222 4280 genua;
2253 4212 2531 4282 virumque
2580 4216 2839 4283 rogabant
2881 4216 2971 4285 qui
3018 4233 3117 4273 nec
3161 4221 3348 4277 audire
3388 4222 3604 4293 quidem

2019 4315 2229 4375 poterat
2257 4307 2491 4376 linguam
2525 4308 2788 4363 Graecam.
2821 4309 2971 4365 Adeo
3000 4321 3052 4367 et
3097 4298 3311 4386 regibus
3337 4326 3392 4371 et
3432 4318 3612 4372 omni-

2020 4399 2119 4453 bus
2155 4397 2462 4453 hominibus
2490 4413 2578 4454 res
2605 4402 2810 4456 honore
2844 4413 2900 4457 et
2929 4407 3232 4460 reverentia
3263 4406 3419 4476 digna
3464 4407 3610 4462 vidc-

2021 4499 2106 4545 tur
2137 4490 2496 4559 philosophia.

1944 4566 1998 4627 D
2093 4580 2233 4650 Quin
2266 4580 2429 4636 etiam
2461 4581 2549 4635 ubi
2577 4581 2804 4638 obierint
2838 4584 2872 4638 ii
2916 4587 3002 4655 qui
3046 4586 3162 4657 ejus
3192 4596 3317 4642 sunt
3341 4599 3612 4646 amatores

2022 4683 2077 4726 et
2095 4679 2409 4741 sectatores,
2430 4672 2687 4739 majorem
2711 4686 3071 4745 assequuntur
3084 4678 3325 4745 gloriam.
3350 4679 3416 4733 Et
3440 4692 3616 4749 potest

2026 4766 2241 4835 qudem
2272 4766 2370 4820 hoc
2410 4766 2534 4820 sciri
2567 4767 2726 4821 etiam
2754 4783 2820 4822 ex
2850 4770 3033 4825 multis
3078 4771 3215 4835 aliis,
3247 4772 3340 4826 sed
3387 4772 3468 4827 vel
3502 4792 3616 4828 nia-

2029 4857 2169 4912 xime
2198 4855 2409 4926 quidem
2432 4872 2499 4912 ex
2536 4857 2602 4911 iis
2625 4875 2743 4927 qua:
2763 4860 2952 4915 divino
2979 4861 3102 4916 huic
3130 4862 3245 4917 viro
3272 4865 3607 4921 acciderunt.

2031 4953 2315 5021 Postquam
2343 4952 2487 5006 enim
2516 4952 2678 5016 obiit,
2712 4962 2767 5009 et
2809 4953 2908 5008 hoc
2940 4956 3154 5009 rescivit
3186 4957 3493 5027 imperator,
3519 4976 3618 5015 vo-

2030 5043 2126 5097 luit
2152 5043 2368 5112 quidem
2397 5058 2518 5098 eum
2550 5043 2823 5113 deponere
2856 5045 2908 5098 in
2936 5045 3113 5116 aliqua
3141 5049 3257 5104 aede
3278 5064 3461 5116 sacra;
3491 5067 3615 5107 cum

2028 5148 2208 5191 autem
2240 5135 2593 5190 intellexiSset
2621 5136 2762 5202 pium
2792 5151 2913 5191 esse
2942 5147 2997 5192 et
3027 5138 3311 5196 honestum
3342 5152 3398 5197 ut
3439 5145 3617 5215 gregi-

2031 5230 2130 5282 bus
2179 5226 2495 5281 redderetur
2540 5241 2737 5293 corpus
2777 5230 3029 5297 pastoris,
3079 5230 3192 5302 ipse
3218 5233 3435 5303 quidem
3464 5247 3519 5290 et
3563 5236 3619 5291 id

2035 5321 2257 5377 deduxit
2286 5319 2615 5389 prarcedens,
2640 5328 2691 5373 et
2715 5321 3018 5389 reginarum
3041 5326 3236 5380 chorus
3256 5342 3616 5398 consequens,

2041 5427 2341 5482 omnesque
2367 5421 2421 5466 et
2447 5411 2789 5479 magistratus
2810 5421 2865 5468 et
2889 5413 2978 5483 qui
3008 5417 3075 5472 ab
3100 5418 3164 5473 iis
3186 5420 3490 5489 regebatur,
3521 5436 3617 5490 po-

2036 5507 2211 5575 pulus,
2242 5503 2549 5572 militesque
2577 5511 2631 5556 et
2659 5503 2869 5573 privati.
2899 5507 3072 5563 Tanto
3098 5510 3275 5565 studio
3302 5526 3425 5567 eum
3465 5527 3621 5567 acce-

2035 5600 2109 5668 pit
2140 5606 2195 5653 ct
2224 5594 2413 5653 civitas
2438 5592 2721 5663 Antiochi,
2752 5606 2807 5652 et
2843 5614 2961 5669 quae
2989 5614 3108 5656 eam
3135 5611 3261 5656 sunt
3289 5617 3617 5669 consecutae,

2034 5689 2207 5744 donec
2240 5685 2484 5757 pervenit
2509 5684 2576 5741 ad
2605 5702 2854 5759 magnum
2884 5689 3029 5745 illum
3068 5691 3306 5748 fluvium.
3337 5693 3416 5749 Ad
3450 5693 3619 5761 ripam

2038 5779 2204 5853 836
2234 5784 2415 5833 autem
2450 5776 2733 5848 Euphratis
2761 5779 3155 5835 concurrebant
3178 5781 3395 5852 quidem
3429 5780 3575 5834 cives
3611 5829 3621 5840 .
