4052 6362
486 330 573 398 ,79
1660 328 1747 382 DIE
1794 328 1964 383 νιτιδ
2004 328 2082 381 I‘A

2189 325 2280 382 un
2322 303 2521 383 uncti
2567 326 2654 382 ix.
3709 328 3782 379 se

502 455 557 499 et
581 442 975 499 concurrebant
1003 440 1162 496 etiam
1194 442 1451 512 hospites,
1480 444 1873 518 concurrebant
1914 442 2074 496 etiam
2105 446 2150 501 Α
2180 442 2418 495 Struebat
2459 443 2769 508 auferrent,
2806 450 2861 496 et
2899 442 3195 507 intrarent;
3241 451 3444 498 etcum
3495 442 3575 498 eis
3619 443 3778 499 exhi-

502 535 725 600 rustici;
757 534 886 601 quin
917 533 1076 587 etiam
1106 532 1140 586 li
1166 533 1316 587 .itiuii
1355 533 1674 589 festinabant
1698 534 1763 588 ad
1807 534 2085 589 fruendum
2190 530 2393 587 buisset
2420 532 2716 588 doctrinam
2747 548 2815 587 ex
2847 533 3042 589 divinis
3065 533 3312 603 eloquiis,
3338 533 3560 603 jubebat
3583 548 3777 589 rursus

504 625 903 682 benedictione.
927 624 1148 679 Lectum
1176 637 1353 679 autem
1384 627 1532 679 multi
1555 626 1913 693 sequebantur
1939 626 2086 680 licto-

504 734 614 784 res,
644 733 739 773 eos
786 717 1134 783 percutienda
1172 729 1435 772 terrentes
1465 719 1553 787 qui
1591 734 1784 787 corpus
1814 730 1959 773 veste
1988 735 2086 772 uu-

500 810 627 863 dare
657 810 1010 874 conabantur,
1042 818 1097 861 et
1126 810 1412 875 cupiebant
1440 811 1586 864 illinc
1616 825 1820 879 pannos
1846 826 2083 866 sumere.

502 901 572 954 Et
593 901 789 957 licebat
816 902 1002 956 audire
1038 900 1171 955 alios
1199 901 1412 971 quidem
1444 903 1730 969 psallentes
1756 944 1771 969 ,
1803 902 1933 955 alios
1959 916 2085 956 vero

505 992 881 1064 lamentantes.
921 993 1035 1047 Alia
1065 993 1204 1046 enim
1249 992 1451 1045 deflens
1479 1008 1601 1046 eum
1643 992 1864 1046 vocabat
1901 993 2084 1058 ιη·ωεί-

503 1083 651 1148 dem,
682 1081 783 1138 alia
815 1098 942 1137 vero
974 1072 1221 1144 altorem,
1249 1082 1348 1136 alia
1384 1093 1560 1136 autem
1596 1091 1863 1151 pastorem
1892 1093 1946 1138 et
1974 1098 2084 1135 ma-

504 1174 731 1243 gistrum
757 1192 771 1227 :
799 1186 851 1228 et
880 1175 1017 1227 alius
1045 1172 1258 1242 quidem
1299 1174 1597 1243 lacrymaus
1644 1173 1951 1227 nominabat
1995 1188 2085 1243 pa-

507 1280 668 1334 trem,
699 1270 833 1322 alius
859 1284 985 1321 vero
1016 1267 1313 1335 adjutorem
1338 1276 1392 1320 et
1414 1275 1746 1331 curatorem;
1778 1277 1832 1321 et
1858 1283 1976 1321 cum
2006 1274 2084 1320 tot

503 1360 748 1414 laudibus
776 1370 825 1413 et
850 1359 1322 1413 lamentationibus
1354 1368 1594 1413 sanctum
1629 1360 1757 1413 illud
1784 1370 1838 1413 ct
1867 1375 2079 1414 sacrum

500 1466 694 1519 corpus
724 1452 974 1517 sepulcro
998 1450 1342 1504 mandavere.

577 1546 690 1613 Ego
720 1554 895 1597 autem
923 1544 1218 1597 admiratus
1245 1544 1385 1613 quod
1416 1558 1535 1597 cum
1566 1546 1687 1597 vine
1716 1553 1973 1598 mutasset
2004 1545 2083 1599 in-

498 1636 769 1698 stitutum,
808 1637 966 1688 vitam
1011 1649 1116 1687 non
1168 1650 1268 1686 una
1296 1635 1716 1694 conitnutaverit,
1749 1650 1922 1700 neque
1955 1635 2080 1688 dum

502 1734 648 1780 esset
692 1726 936 1788 antistes,
986 1726 1266 1779 remissmn
1305 1741 1367 1779 ac
1395 1727 1623 1779 solutum
1657 1725 1777 1779 vita:
1805 1742 1972 1795 genus
2013 1728 2081 1780 sit

2191 624 2452 679 abeuntes
2478 638 2639 694 portas
2665 628 2830 680 lutum
2858 628 3149 694 imponere.
3178 627 3370 680 Verum
3401 643 3524 682 cum
3556 629 3779 681 omnino

2190 717 2357 769 satius
2384 717 2763 781 existimasset,
2792 720 2949 771 etiam
2971 733 3090 772 cmn
3122 720 3303 786 paucis
3328 722 3496 772 vitare
3519 733 3777 789 congres-

2189 810 2421 874 sionem,
2452 810 2654 864 aditum
2681 812 2897 865 omnino
2921 812 3207 877 obstruxit,
3240 812 3313 864 illi
3342 822 3509 880 porta:
3538 814 3778 866 maxime

2186 904 2403 955 admoto
2436 902 2637 970 lapide.
2674 903 2776 956 Per
2819 905 3103 973 quamdam
3146 913 3321 958 autem
3363 903 3564 957 fossam
3607 905 3779 959 collo-

2186 993 2446 1062 quebatur
2474 994 2686 1062 quidem
2727 1009 2847 1047 cum
2900 996 3077 1061 paucis
3107 1011 3175 1050 ex
3227 995 3578 1049 familiaribus
3606 1037 3619 1059 ,
3669 997 3768 1049 sed

2186 1100 2290 1138 non
2323 1086 2619 1140 videbatur.
2669 1086 2759 1140 Sic
2806 1086 2949 1140 enim
2982 1087 3300 1155 providerat.
3332 1086 3478 1140 Illinc
3504 1098 3684 1140 autem
3717 1088 3783 1138 ιΙο

2188 1175 2275 1228 lud
2320 1192 2532 1246 queque
2570 1179 2823 1248 exiguum
2864 1179 3159 1247 accipiebat
3197 1186 3605 1234 nutrimentum.
3638 1179 3781 1233 Rur-

2183 1280 2274 1319 sus
2303 1278 2477 1321 antcnt
2504 1283 2623 1321 cum
2655 1270 2904 1322 omnibus
2932 1271 3161 1336 colloqui
3193 1271 3533 1339 denegasset,
3573 1286 3659 1325 nte
3681 1286 3773 1324 so-

2186 1359 2292 1411 lum
2325 1359 2464 1413 dulci
2495 1360 2581 1413 illa
2607 1369 2661 1413 et
2694 1361 2800 1414 l.‘eo
2826 1368 2976 1428 grata
3007 1376 3137 1414 voce
3166 1361 3503 1427 dignabatur,
3535 1373 3588 1415 et
3620 1362 3774 1416 abire

2184 1452 2452 1503 volentem
2484 1467 2570 1504 me
2597 1466 2740 1519 saepe
2772 1452 3059 1513 detinebat,
3087 1452 3155 1505 de
3182 1455 3341 1506 rebus
3364 1453 3634 1505 disserens
3664 1467 3779 1505 cte-

2186 1537 2427 1592 lestibos.
2457 1541 2588 1593 Cum
2615 1540 2766 1594 multi
2791 1552 2968 1594 autem
2988 1542 3052 1593 ad
3077 1557 3197 1595 enni
3225 1542 3490 1603 venirent,
3521 1552 3573 1593 et
3596 1554 3780 1609 postu-

2183 1629 2355 1683 Iarent
2391 1631 2584 1684 bonum
2620 1632 3025 1692 benedictionis.
3059 1642 3113 1686 et
3153 1649 3272 1687 eum
3321 1648 3463 1702 aegre
3497 1631 3664 1688 feriet
3694 1644 3779 1686 tu~

2187 1723 2435 1784 multum,
2470 1738 2568 1776 nec
2596 1733 2926 1777 senectutem
2958 1724 3323 1784 considerans,
3367 1740 3466 1777 nec
3495 1737 3773 1792 urgentem

497 1817 797 1885 amplexus,
830 1818 924 1871 sed
954 1816 1356 1871 exercitationis
1399 1820 1707 1873 itioniasticm
1748 1818 1957 1874 labores
1989 1820 2082 1872 ad-
2115 1815 2159 1874 Β
2188 1824 2445 1881 reputans
2480 1814 2893 1867 imbecillitatem
2922 1854 2934 1875 ,
2968 1816 3196 1868 transilit
3242 1816 3436 1868 fossam
3466 1831 3582 1883 qua:
3614 1830 3713 1869 nec
3741 1831 3773 1867 δ

494 1911 723 1975 auxerit,
752 1926 872 1964 eum
900 1913 1143 1964 recensui
1179 1911 1231 1964 in
1261 1911 1479 1964 historia
1526 1911 1906 1965 monachorum
1939 1931 1952 1965 :
1983 1926 2081 1965 nec

495 2003 693 2058 recessi
725 2004 792 2058 ab
820 2019 882 2059 eo
926 2004 1012 2072 qui
1052 2005 1100 2059 ei
1154 2004 1350 2072 placuit
1378 2004 1568 2060 ordine
1591 2047 1605 2072 ,
1642 2004 2074 2062 benedictionem

493 2110 707 2168 quoque
734 2096 802 2152 ab
828 2113 895 2154 eo
922 2098 1260 2153 desiderans.

1051 2188 1275 2244 CAPUT
1313 2187 1500 2243 XVIII.

1072 2296 1323 2337 EUSBBIUS
1374 2281 1513 2351 (48).

568 2366 723 2428 Prius
749 2371 905 2427 dictis
931 2374 1128 2427 sanctis
1153 2390 1404 2444 magnum
1431 2376 1646 2444 quoque
1667 2373 1861 2429 addam
1908 2375 2080 2431 Euse-

493 2460 665 2527 bium,
692 2464 779 2529 qui
806 2477 910 2516 non
937 2464 1097 2531 longo
1120 2464 1333 2531 quidem
1364 2465 1555 2518 abhinc
1577 2476 1815 2535 tempore
1841 2475 1924 2520 est
1946 2482 2081 2520 mor-

495 2563 618 2609 tuus
656 2556 965 2625 (Πισαίων-η
1014 2557 1104 2612 lib.
1130 2573 1178 2611 tv
1216 2557 1378 2624 lliu.,
1410 2574 1524 2626 cap.
1565 2559 1679 2627 213).
1725 2560 1857 2612 Cum
1903 2560 2080 2613 nsuhis

493 2658 670 2704 autem
695 2650 848 2705 annis
871 2650 1111 2719 vixisset,
1140 2653 1370 2719 tempori
1396 2651 1611 2719 quidem
1635 2652 1895 2719 aequalem
1921 2652 2081 2705 suSti-

493 2740 612 2794 nuit
656 2741 892 2796 laborem
922 2781 937 2808 ,
971 2740 1137 2796 labori
1182 2753 1358 2795 autem
1398 2742 1658 2811 aequalem
1697 2743 1854 2796 simul
1883 2743 2082 2811 delegit

488 2834 769 2903 ‘virtutem.
820 2833 1095 2902 Multiplex
1143 2842 1322 2887 autem
1381 2835 1588 2888 lucrum
1639 2849 1707 2888 ex
1746 2850 1813 2888 eo
1857 2836 2077 2899 retulit;

493 2926 865 2995 magnitudine
890 2925 1031 2981 enim
1060 2926 1551 2982 rcmunerationum
1576 2926 1894 2996 agonotheta
1923 2942 2083 2995 supe-

492 3024 579 3070 rat
604 3017 922 3071 certamina.
955 3016 1051 3070 llic
1081 3032 1208 3086 ergo
1233 3034 1352 3072 cum
1380 3018 1551 3086 primo
1590 3019 1815 3072 aliorum
1852 3018 1971 3072 Iidei
1996 3019 2078 3073 sui

494 3124 674 3162 curam
717 3109 1074 3175 credidisset,
1118 3126 1223 3179 quo
1267 3110 1343 3164 illi
1388 3112 1692 3176 ducebant,
1742 3113 2073 3177 ducebatur;

492 3209 658 3275 (erant
684 3204 824 3256 enim
854 3203 953 3271 ipsi
974 3218 1186 3272 quoque
1209 3203 1306 3257 viri
1332 3204 1497 3257 divini
1523 3205 1837 3276 virtutisque
1865 3205 2080 3260 athleta:
2110 3196 2152 3258 C

494 3302 551 3346 et
596 3293 1016 3359 exercitatores;
1066 3303 1120 3348 et
1161 3310 1282 3349 cum
1326 3295 1504 3364 aliquo
1547 3306 1787 3364 tempore
1834 3312 1954 3352 cum
2001 3299 2081 3353 eis

496 3398 641 3442 esset
667 3395 937 3453 versatus,
964 3397 1018 3443 et
1045 3388 1179 3444 bene
1207 3397 1456 3459 recteque
1482 3389 1831 3461 philosnphixe
1854 3392 2082 3462 accepis-

494 3488 579 3533 set
611 3480 890 3535 scientiam
916 3520 931 3543 ,
966 3479 1127 3533 vitam
1168 3485 1521 3537 monasticam
1562 3493 1644 3538 est
1688 3487 1995 3553 amplexus;
2026 3492 2081 3539 et

495 3586 620 3627 cum
654 3570 920 3641 Quoddam
950 3570 1167 3624 densum
1217 3572 1413 3628 montis
1455 3583 1769 3641 occupasset
1816 3577 2083 3640 (imminet

497 3672 676 3717 autem
708 3661 757 3716 ei
786 3660 931 3715 vicus
961 3660 1243 3728 maximus,
1274 3677 1431 3733 quem
1468 3664 1743 3718 nominant
1770 3665 2041 3734 Asicham)
2062 3708 2076 3733 ,

493 3751 641 3809 fossa
672 3752 1012 3808 solummodo
1060 3752 1219 3818 facta,
1253 3766 1306 3809 et
1337 3755 1597 3822 lapidibus
1629 3771 1697 3811 ne
1729 3756 1837 3809 luto
1866 3757 2079 3827 quidem

492 3846 797 3917 conjunctis
846 3845 996 3918 (49),
1030 3846 1127 3901 sub
1172 3847 1259 3901 dio
1304 3849 1560 3919 reliquam
1612 3851 1870 3918 transegit
1919 3851 2080 3904 vitam

486 3924 729 4007 'seipsum
762 3939 1024 4009 affligens,
1056 3949 1203 3994 veste
1226 3940 1437 4009 quidem
1477 3950 1694 4009 opertus
1725 3941 1976 4010 pellicea;
2007 3943 2084 3997 ci—

503 4044 630 4085 cere
659 4042 837 4084 autem
887 4041 939 4085 et
992 4030 1124 4085 fabis
1172 4048 1306 4101 aqua
1361 4034 1671 4089 madefactis
1713 4050 1772 4089 se
1820 4039 2077 4089 nutriens.

496 4122 804 4189 Quinetiam
838 4123 1124 4193 aliquando
1148 4141 1356 4194 quoque
1398 4128 1713 4182 vescebatur
1740 4130 1929 4184 caricis
1957 4170 1971 4194 ,
2005 4128 2082 4184 sic

497 4226 769 4282 utcunque
818 4228 1019 4268 couaus
1073 4225 1376 4273 sustentare
1417 4220 1836 4275 imbecillitatem
1884 4236 2078 4290 corpo-

495 4305 592 4359 ris.
624 4302 865 4376 Cumque
900 4306 964 4359 ad
990 4321 1252 4363 summam
1284 4311 1615 4377 pervenisset
1643 4322 1997 4380 senectutem,
2023 4324 2081 4369 ut

492 4397 654 4451 etiam
681 4396 869 4454 dentes
917 4398 1173 4468 plurimos
1205 4403 1503 4473 amisisset,
1540 4421 1713 4473 neque
1743 4406 1964 4461 mutavit
2004 4410 2081 4463 ci-

492 4491 646 4557 bum,
676 4506 849 4562 neque
880 4491 1283 4550 habitationem.
1331 4497 1436 4551 Sed
1468 4507 1523 4551 et
1570 4514 1692 4551 cum
1728 4500 1902 4554 hieme
1947 4515 2080 4554 con-

2185 1904 2419 1956 robnstzs
2447 1904 2660 1972 quidem
2696 1914 2749 1958 et
2776 1905 3075 1957 volentibus
3103 1904 3259 1959 facile
3288 1905 3502 1958 transiii
3539 1916 3769 1973 poterat;

2184 2004 2235 2045 et
2266 2008 2386 2044 cum
2425 1993 2490 2045 ad
2529 1995 2810 2060 quamdam
2845 1994 3190 2062 propinquam
3222 1997 3453 2048 venisset
3482 1999 3777 2049 monacho-

2182 2097 2299 2135 rum
2332 2086 2578 2147 classem,
2613 2100 2772 2152 parva
2804 2101 2987 2138 rursus
3017 2085 3158 2139 fossa
3197 2094 3313 2139 acta
3343 2086 3409 2138 ad
3443 2085 3577 2139 muri
3604 2100 3776 2155 angu-

2182 2172 2311 2238 lum,
2344 2192 2463 2229 CIIII)
2495 2179 2765 2232 censuetis
2792 2178 3102 2232 decertabant
3131 2180 3422 2233 laboribus.

2255 2268 2420 2337 Ilujus
2450 2278 2623 2322 autem
2666 2272 2840 2338 gregis
2887 2272 3213 2338 prazl'ectus,
3246 2271 3328 2324 vir
3373 2286 3518 2325 omni
3571 2273 3775 2326 virtuto

2184 2363 2391 2431 p'enus,
2416 2362 2547 2415 dixit
2577 2378 2695 2415 cum
2728 2378 2847 2416 cum
2873 2362 3197 2416 comedisset
3218 2364 3520 2431 quindecim
3542 2366 3775 2426 caricas,

2186 2455 2514 2520 transegisse
2563 2463 2767 2523 septem
2821 2455 3183 2509 hebdomadas
3213 2457 3384 2509 sancti
3416 2457 3629 2524 jejunii.
3663 2457 3776 2511 Iloc

2183 2560 2361 2601 autem
2390 2549 2554 2601 subiLt
2582 2561 2881 2614 certamen,
2914 2564 3034 2603 cum
3070 2551 3295 2605 vixisset
3338 2550 3454 2619 plus
3479 2566 3639 2620 quam
3670 2565 3775 2606 no-

2186 2644 2399 2708 nag'uta
2433 2656 2626 2705 annos,
2656 2639 3023 2697 imbecillitate
3048 2652 3225 2697 autem
3257 2660 3374 2713 qua:
3425 2646 3630 2699 narrari
3663 2660 3771 2700 non

2183 2739 2357 2797 potest
2407 2740 2551 2783 esset
2573 2730 2834 2785 allectos:
2874 2733 2966 2787 sed
3016 2733 3436 2789 imbecillitatem
3483 2737 3779 2804 superabat

2182 2821 2342 2875 animi
2370 2822 2619 2876 alacritas
2643 2864 2659 2890 ,
2691 2832 2746 2878 et
2776 2824 2869 2879 Dei
2920 2840 3072 2880 amor
3098 2828 3273 2880 omnia
3308 2826 3485 2881 facilia
3520 2830 3778 2884 reddebat

2181 2922 2236 2966 et
2257 2915 2527 2981 expedita.
2550 2915 2687 2968 Cum
2713 2915 2797 2969 hic
2823 2917 3016 2971 talibus
3040 2917 3439 2973 circumflueret
3460 2919 3772 2990 sudoribus,

2182 3007 2423 3075 pervenit
2453 3007 2516 3059 ad
2548 3019 2740 3062 metam
2789 3024 2998 3076 cursus,
3027 3022 3081 3065 et
3123 3013 3500 3081 agonothetam
3532 3013 3720 3069 videns
3749 3054 3764 3075 .

2180 3107 2235 3153 et
2260 3114 2513 3154 coronam
2544 3100 2872 3157 desiderans.

2263 3193 2375 3263 Ego
2404 3204 2580 3247 autem
2616 3210 2748 3266 rogo
2779 3207 2833 3249 ut
2902 3197 3046 3252 illam
3087 3213 3187 3254 con
3219 3214 3385 3270 equar
3434 3200 3772 3255 intercessio-

2186 3298 2332 3348 nem,
2356 3302 2512 3353 quam
2546 3287 2647 3341 huc
2677 3302 2846 3357 usque
2890 3293 3100 3359 percepi
3131 3293 3255 3346 dum
3293 3303 3435 3348 esset
3468 3294 3648 3348 adhuc
3684 3307 3775 3347 su-

2184 3385 2410 3442 perstes.
2435 3376 2607 3432 Credo
2634 3381 2774 3433 enim
2805 3396 2926 3434 enm
2956 3382 3137 3437 vivere
3187 3393 3241 3439 et
3278 3386 3474 3441 habere
3503 3387 3774 3453 puriorem

2185 3466 2252 3521 ad
2284 3467 2449 3523 Deum
2481 3469 2754 3527 ﬁduciam.

2774 3565 2995 3622 CAPUT
3039 3568 3182 3625 XIX.

2728 3672 3035 3715 sauuasus
3098 3661 3231 3732 (50).

2257 3741 2340 3799 ale
2356 3743 2533 3800 virtuti
2567 3747 2812 3818 injuriam
2844 3750 3018 3806 facere
3044 3754 3350 3823 arbitratus,
3379 3757 3422 3810 si
3446 3756 3688 3812 admirab
3711 3760 3724 3813 l
3747 3771 3775 3814 ι

2185 3834 2457 3893 Salamani
2492 3839 2652 3894 vitam
2683 3845 2912 3911 posteris
2946 3860 3051 3900 non
3089 3847 3476 3917 significat-ero,
3515 3852 3609 3906 sed
3640 3851 3777 3905 obli-

2192 3930 2353 3984 vione
2383 3931 2629 3986 obrutam
2657 3934 2819 4005 837
2853 3937 3168 4005 neglexero,
3204 3942 3511 3995 summatim
3558 3941 3775 3996 aderam

2185 4022 2565 4080 narrationem.
2600 4026 2692 4080 Est
2720 4026 2940 4095 quidam
2966 4029 3113 4083 vicus
3139 4032 3203 4084 ad
3235 4030 3584 4088 Occidentem
3631 4031 3773 4084 tlnvii

2199 4114 2518 4186 Euphratis,
2552 4118 2652 4188 ipsi
2688 4123 2816 4187 ripa:
2864 4123 3169 4189 imminens,
3204 4133 3424 4178 vocatur
3450 4133 3627 4178 autem
3672 4124 3774 4177 Ca-

2187 4222 2435 4277 persana.
2468 4212 2563 4265 llic
2593 4224 2658 4265 ex
2704 4227 2769 4266 eo
2799 4222 2948 4268 ortus
2974 4255 2988 4278 ,
3016 4230 3137 4269 cum
3168 4204 3330 4269 vitam
3361 4215 3776 4285 amplecteretur

2182 4301 2438 4368 quietam,
2469 4312 2523 4355 et
2553 4303 2601 4355 in
2632 4303 2747 4357 vico
2774 4305 2860 4373 qui
2890 4314 2972 4358 est
3009 4321 3075 4360 ex
3116 4306 3342 4361 adveiso
3372 4322 3589 4375 parvam
3625 4305 3775 4359 inve-

2185 4393 2352 4445 nisset
2380 4393 2776 4460 domunculam,
2809 4399 3045 4466 seipsum
3070 4399 3120 4453 in
3143 4414 3203 4453 ea
3234 4399 3476 4462 inclusit,
3513 4412 3611 4453 nec
3631 4400 3773 4451 o-tio

2185 4485 2394 4553 relicto,
2427 4502 2524 4542 nec
2575 4490 2829 4546 fenestra.
2865 4492 3043 4547 Semel
3084 4502 3262 4547 autem
3308 4492 3362 4546 in
3394 4508 3537 4546 anno
3578 4501 3775 4546 ινιτ-«ιη

492 4582 788 4653 gelaretnr,
812 4597 865 4639 et
894 4596 1077 4640 testate
1107 4599 1375 4651 ureretur,
1401 4587 1606 4643 forti-er
1636 4589 1842 4644 ferebar
1868 4600 2079 4645 contra-
2110 4570 2160 4631 1.)
2188 4575 2415 4640 fodiens,
2467 4579 2761 4645 accipiebat
2813 4583 2972 4639 totius
3017 4584 3574 4663 anni”nutrimeutum
3601 4622 3616 4647 ,
3648 4596 3770 4637 cum

495 4675 603 4729 rias
633 4676 916 4745 qualitates
945 4678 1087 4733 aeris
1112 4719 1126 4743 ,
1158 4678 1347 4734 faciem
1393 4682 1606 4750 quidem
1642 4681 1845 4738 habens
1882 4700 2075 4740 corru-

496 4774 701 4835 gatam,
728 4768 959 4822 arefacta
983 4778 1160 4823 autem
1189 4773 1365 4825 omnia
1392 4775 1628 4827 membra
1654 4776 1917 4841 corporis.
1950 4776 2081 4830 Tam

499 4857 679 4911 multis
701 4870 875 4914 autem
901 4874 1093 4930 corpus
1116 4864 1449 4931 consumpsit
1473 4865 1759 4931 laboribus,
1779 4874 1834 4918 ut
1858 4880 1924 4919 ne
1948 4881 2078 4919 zona

498 4949 709 5020 quidem
741 4964 976 5009 maneret
997 4970 1156 5022 super
1189 4955 1415 5017 lumbos,
1449 4957 1542 5009 sed
1572 4960 1790 5011 caderet
1817 4957 2078 5022 inferius;

498 5039 630 5095 nihil
660 5043 798 5097 enim
822 5055 936 5100 erat
960 5047 1097 5116 quod
1124 5054 1357 5109 Vetaret;
1387 5063 1505 5101 nam
1530 5049 1785 5102 etelunes
1807 5058 1861 5102 et
1886 5064 2084 5104 coxen-

498 5132 646 5187 dices
688 5138 985 5207 consumpti
1019 5148 1207 5205 erant,
1239 5149 1289 5191 et
1333 5154 1479 5192 wine
1515 5138 1721 5192 facilem
1765 5140 2080 5195 descensum

501 5222 813 5291 praebebant
837 5227 900 5281 ad
931 5228 1201 5284 inferiora.
1226 5228 1424 5282 Zonam
1456 5230 1633 5298 itaque
1662 5230 1839 5286 adsuit
1866 5232 2078 5298 Iunii-te,

505 5315 606 5370 bac
638 5325 840 5374 ratione
872 5329 928 5374 ut
956 5328 1121 5375 staret
1149 5320 1487 5390 excogitaus.

572 5410 734 5481 IEgre
760 5411 963 5470 ferebat
995 5423 1175 5469 autem
1208 5408 1525 5469 cenversari
1558 5430 1678 5469 cum
1718 5416 1919 5472 multis.
1952 5416 2080 5473 Nam

498 5518 617 5556 cum
640 5503 871 5560 divinam
892 5506 1395 5575 contemplationem
1424 5506 1634 5561 visione
1654 5508 1866 5564 assidue
1894 5524 2083 5577 appreo

499 5593 775 5665 henderct,
808 5607 1038 5653 mentem
1067 5597 1133 5652 ab
1154 5611 1215 5652 ea
1243 5597 1459 5651 nolebat
1481 5596 1796 5652 abstrahere
1825 5616 1838 5662 ;
1870 5598 1964 5653 sed
2002 5608 2082 5652 ta-

503 5702 624 5743 men
649 5691 750 5747 etsi
778 5701 923 5747 esset
949 5707 1133 5747 amore
1176 5700 1281 5745 tam
1313 5688 1616 5746 vehementi
1653 5690 1926 5759 praeditus,
1964 5708 2084 5761 per-

502 5782 739 5840 mittebat
764 5786 1026 5854 aliquibus
1058 5802 1120 5842 cx
1153 5785 1321 5851 notis.
1358 5794 1416 5839 ut
1464 5784 1513 5839 id
1544 5783 1683 5854 quod
1732 5792 1935 5853 portam
1986 5784 2083 5839 ob-

2184 4668 2335 4721 nullo
2363 4685 2592 4738 unquam
2627 4670 2843 4727 homine
2886 4673 3131 4742 loquens.
3166 4674 3331 4744 quue
3370 4673 3551 4729 facere
3593 4689 3775 4742 perse-

2187 4761 2411 4823 veravit,
2445 4777 2547 4815 non
2595 4778 2758 4831 parvo
2806 4773 3066 4834 tempore,
3094 4765 3188 4820 sed
3238 4765 3569 4836 longissimo.
3607 4764 3775 4817 Porro

2190 4865 2367 4908 autem
2402 4856 2635 4923 pontifex
2666 4857 2898 4912 civitatis
2925 4860 3078 4926 cujus
3106 4870 3220 4912 erat
3251 4859 3293 4911 is
3325 4872 3489 4922 vcus,
3524 4872 3646 4912 cum
3677 4857 3776 4913 viri

2192 4944 2461 5000 didicisset
2495 4948 2744 5002 virtutem
2772 4992 2786 5016 ,
2820 4950 3046 5004 accessit
3072 4992 3086 5017 ,
3125 4951 3309 5004 volens
3337 4952 3384 5004 ei
3415 4948 3547 5003 dare
3577 4950 3776 5005 donmn

2192 5040 2480 5093 sacerdotii
2508 5057 2520 5105 ;
2554 5051 2606 5094 et
2632 5041 2969 5096 domuncula:
3001 5041 3238 5112 perfossa
3268 5042 3440 5111 aliqua
3474 5052 3622 5110 parte
3647 5082 3662 5107 ,
3696 5050 3776 5097 est

2193 5130 2503 5200 ingressus;
2538 5142 2589 5186 et
2634 5148 2850 5186 manum
2893 5134 3165 5201 imposuit,
3199 5145 3253 5189 et
3281 5132 3482 5202 peregit
3510 5133 3775 5201 precatio-

2192 5239 2310 5278 nem
2331 5266 2345 5288 ,
2380 5233 2434 5279 et
2462 5240 2605 5293 saepe
2633 5224 2847 5293 quidem
2878 5226 2929 5280 ei
2955 5226 3112 5289 dixit,
3143 5236 3194 5279 et
3217 5241 3336 5294 quae
3366 5227 3431 5279 ad
3462 5240 3585 5279 eum
3613 5225 3774 5279 adve-

2191 5326 2340 5370 nerat
2369 5317 2595 5386 gratiam
2629 5317 2967 5386 signilicavit.
2999 5317 3131 5369 Cum
3168 5317 3363 5371 nullam
3384 5324 3560 5370 autem
3588 5329 3772 5369 vocem

2189 5408 2470 5473 audiisset,
2500 5408 2629 5461 abiit
2651 5408 2847 5477 jubens
2899 5417 2957 5463 ut
3007 5407 3148 5462 fossa
3182 5420 3367 5461 rursus
3395 5406 3773 5460 aedificaretur.

2190 5501 2487 5572 Aliquando
2517 5510 2694 5556 autem
2727 5517 2911 5556 rursus
2943 5502 3029 5570 qui
3070 5508 3224 5556 erant
3254 5501 3393 5554 illius
3422 5499 3523 5553 vici
3570 5515 3635 5554 ex
3668 5514 3775 5570 quo

2191 5608 2307 5651 erat
2342 5596 2631 5664 profectus,
2663 5609 2784 5649 cum
2834 5606 2994 5649 noctu
3046 5594 3267 5647 ﬂuvium
3315 5591 3652 5662 traiecissent
3678 5632 3692 5655 ,
3722 5598 3773 5645 et

2192 5693 2407 5747 domum
2441 5689 2832 5758 perfodissent,
2865 5706 2987 5746 eum
3029 5690 3351 5758 accipientes
3387 5703 3484 5743 nec
3513 5690 3768 5744 resisten-

2195 5792 2298 5838 tem
2334 5795 2428 5835 nec
2457 5778 2733 5847 iubentem
2758 5819 2772 5845 ,
2810 5780 2859 5834 in
2895 5796 3047 5837 suum
3096 5780 3270 5836 vicum
3298 5790 3687 5851 etpor'arunt;
3718 5784 3772 5831 et
