4052 6362
284 384 351 445 “ai
1373 377 1826 442 PIIILUTIIEL'S,
1867 393 1983 432 at":
2023 377 2462 434 TIIEQPIIILES.
3491 384 3561 440 82

282 514 409 558 eum
440 498 598 555 talem
625 498 691 554 ad
721 474 993 554 orientem
1015 495 1446 553 construxissent
1472 494 1871 558 demnnculam,
1905 496 1947 555 Α
1979 509 2076 563 gus
2102 495 2244 549 enim
2270 495 2411 549 baud
2443 495 2598 566 longe
2626 496 2834 566 aberat)
2879 505 2933 552 et
2961 511 3057 567 pro
3097 496 3251 553 altari
3281 512 3406 558 usus
3449 501 3564 553 dia-

287 607 413 648 eum
443 591 688 659 protinus
721 590 1071 644 incluserunt.
1110 587 1199 642 Ille
1228 597 1406 640 autem
1445 586 1695 639 similiter
1723 583 1877 652 quie-

287 690 396 737 tem
421 684 614 755 agebat
636 696 755 735 cum
788 681 879 735 illo
909 680 1153 747 loquens.
1189 678 1386 732 Paucis
1417 688 1595 731 autem
1626 685 1745 745 post
1764 676 1878 730 die-

285 772 410 837 bus,
438 774 529 841 qui
575 780 734 826 erant
775 771 917 826 illius
948 770 1047 825 vici
1095 771 1181 839 qui
1223 779 1306 823 est
1341 784 1407 824 ex
1448 768 1711 833 adversi),
1753 781 1875 821 cum

289 874 453 919 noctu
481 880 669 919 rursus
685 865 921 934 aggressi
944 873 1146 928 essent,
1175 873 1227 917 et
1249 863 1467 917 domum
1495 861 1874 927 perfodissent,

282 956 352 1010 ad
387 973 447 1011 se
475 957 831 1025 abduxerunt,
862 972 1036 1026 neque
1056 957 1533 1020 contradicenlem,
1568 969 1663 1009 nec
1689 962 1744 1007 ut
1768 967 1880 1005 ma-

285 1058 446 1102 neret
495 1058 771 1117 urgentem
799 1090 816 1116 ,
866 1063 1042 1117 neque
1085 1062 1269 1102 rursus
1320 1054 1568 1115 prompto
1612 1054 1667 1100 et
1713 1044 1876 1098 alacri

276 1140 472 1193 animo
501 1139 866 1195 recedentem.
898 1140 971 1194 Ita
1001 1139 1233 1208 seipsum
1259 1138 1476 1192 omnino
1503 1137 1703 1191 m‘undo
1732 1152 1879 1190 mor-

282 1243 439 1287 tuum
490 1232 797 1297 constituit,
840 1241 896 1286 et
938 1232 1283 1300 apostolicam
1325 1230 1469 1283 illam
1514 1244 1700 1284 vocem
1753 1242 1879 1282 vere

282 1323 540 1393 loquens,
570 1323 791 1379 dicebat
819 1343 829 1377 :
854 1324 988 1379 Cum
1023 1322 1238 1377 Christo
1266 1336 1382 1375 sum
1408 1321 1719 1376 cruciﬁxus.
1748 1319 1881 1374 Vivo

282 1426 491 1484 autem,
512 1416 625 1486 jam
652 1432 761 1471 non
792 1432 912 1486 ego,
946 1416 1076 1470 vivit
1096 1432 1226 1470 vero
1255 1416 1305 1468 in
1332 1430 1417 1469 me
1438 1416 1700 1468 Christus.
1732 1413 1881 1478 Quod

280 1516 468 1560 autem
500 1522 644 1561 nunc
670 1508 792 1561 vivo
816 1507 871 1561 in
897 1506 1132 1574 Christo,
1164 1507 1214 1558 in
1246 1504 1349 1559 fide
1383 1507 1501 1557 vivo
1529 1503 1647 1558 Filii
1684 1503 1773 1557 Dei
1793 1503 1883 1572 qui

284 1612 378 1651 me
405 1596 617 1661 dilexit,
649 1608 703 1652 et
729 1613 829 1668 pro
851 1614 937 1653 me
964 1598 1199 1666 seipsum
1228 1597 1373 1651 dedit
1394 1594 1592 1665 (Colat.
1624 1594 1705 1664 η).
1731 1594 1878 1651 Talis

250 1672 253 1679 ’
282 1688 376 1742 hic
397 1704 611 1758 quoque
635 1690 750 1746 fuit.
778 1690 1056 1746 Sufﬁciunt
1084 1691 1226 1745 enim
1251 1689 1364 1745 bam
1386 1690 1454 1744 ad
1494 1690 1882 1745 ostendendum

282 1794 462 1839 totum
488 1784 609 1852 ejus
639 1783 761 1837 vita:
791 1783 1116 1837 inStitutum.

1977 602 2235 642 eonorum
2267 588 2512 644 manibus
2532 628 2547 654 ,
2581 590 2863 660 mysticum
2886 631 2901 655 ,
2932 591 3202 656 divinum,
3235 602 3288 646 et
3331 591 3566 648 salutare

1980 678 2148 733 obtuli
2179 680 2526 735 sacriﬁcium.
2560 680 2650 736 Ille
2679 691 2856 737 autem
2887 684 3032 740 omni
3057 684 3281 755 spiritali
3309 686 3567 755 impleba-

1980 778 2065 824 tur
2093 770 2383 836 voluptate,
2413 782 2467 826 et
2496 774 2832 828 existimabat
2856 776 3091 842 seipsum
3122 778 3315 833 coelum
3349 779 3528 833 videre
3547 795 3559 807 ’

1978 860 2294 931 dicebatque
2320 877 2378 918 se
2403 880 2670 934 nunquam
2702 875 2902 921 tantam
2934 869 3141 936 cepisse
3173 870 3430 924 laetitiam.

2053 953 2165 1023 Ego
2202 965 2379 1011 autem
2420 970 2541 1010 cum
2584 958 2654 1012 ab
2693 973 2756 1014 eo
2783 959 2936 1014 valde
2976 959 3162 1016 fuerim
3194 963 3442 1029 dilectus,
3471 954 3568 1033 ptr-

1976 1044 2088 1097 tavi
2133 1060 2218 1098 me
2247 1055 2301 1100 et
2340 1046 2390 1101 ei
2434 1047 2679 1116 injuriam
2722 1065 2843 1105 esse
2888 1050 3147 1107 facturum
3188 1055 3233 1108 si
3265 1070 3370 1109 non
3404 1057 3565 1111 etiam

1983 1144 2251 1188 mortuum
2293 1134 2648 1201 laudaverim,
2680 1147 2734 1193 et
2761 1140 2901 1206 aliis,
2937 1142 2981 1195 si
3013 1159 3116 1197 non
3150 1143 3284 1200 hanc
3309 1147 3569 1214 Optimam

1982 1226 2371 1296 philosophiam
2417 1228 2495 1283 eis
2526 1233 2896 1299 proposuerim
2940 1232 3270 1294 imitandam.
3300 1236 3432 1290 Cum
3465 1238 3569 1291 ita-

1980 1335 2087 1391 que
2111 1336 2251 1375 nune
2277 1336 2503 1377 oravero
2531 1332 2590 1377 ut
2618 1324 2734 1393 ejus
2762 1339 3060 1397 consequar
3088 1329 3364 1405 auxilium,
3394 1330 3570 1401 impo~

1985 1427 2106 1466 nam
2136 1413 2295 1467 ﬁnem
2323 1417 2642 1470 narrationi.

2569 1509 2797 1567 CAPUT
2838 1512 2981 1570 XXI.

2581 1619 2802 1659 MCOBUS
2845 1603 2978 1675 (5'2).

2056 1693 2318 1759 Quoniam
2360 1708 2547 1749 eorum
2594 1696 2681 1765 qui
2710 1695 2820 1765 jam
2864 1706 2989 1751 sunt
3031 1698 3258 1754 victores
3292 1700 3570 1766 declarati,

1988 1786 2199 1840 virtutis
2226 1784 2571 1852 athletarum,
2600 1787 2891 1841 certamina
2924 1788 3313 1857 recensuimus,
3346 1805 3576 1846 summa-

364 1874 479 1945 Ego
507 1883 682 1927 autem
711 1888 833 1927 cum
866 1874 1290 1929 benedictionem
1318 1874 1386 1927 ab
1415 1888 1480 1929 eo
1523 1889 1730 1944 quoque
1761 1889 1881 1944 per-
1914 1870 1960 1929 B
1988 1878 2081 1931 tim
2114 1888 2391 1934 narrantes
2426 1888 2482 1935 et
2511 1895 2646 1950 quos
2676 1882 2729 1934 in
2764 1880 3072 1935 meditando
3103 1896 3390 1952 suscepere
3421 1885 3573 1939 labo:

284 1981 515 2035 cepero,
539 1965 607 2020 ad
641 1966 803 2020 alium
838 1966 1093 2019 tuansibo.

902 2056 1131 2112 CAPUT
1174 2056 1288 2111 XX.

930 2165 1087 2205 NABIS
1120 2149 1257 2220 (51).

370 2244 466 2297 Est
494 2242 710 2297 lIomeri
748 2241 963 2311 quidam
994 2244 1144 2295 vicus
1175 2243 1262 2310 qui
1293 2255 1322 2294 a
1353 2241 1507 2296 nobis
1538 2251 1758 2297 vocatur
1785 2253 1887 2297 Ne-

292 2339 389 2391 tis.
430 2336 562 2392 Cum
607 2336 747 2405 apud
789 2352 909 2390 eum
943 2351 1157 2403 parvam
1188 2336 1468 2403 quamdam
1499 2336 1882 2391 domunculam

286 2426 622 2482 aediﬁcasset
663 2426 880 2480 divinus
911 2426 1092 2489 Maris,
1136 2427 1187 2478 iu
1219 2440 1278 2480 ea
1312 2427 1607 2493 permansit
1651 2427 1889 2483 inclusus

288 2517 513 2587 triginta
537 2527 591 2571 et
618 2528 823 2586 septem
853 2518 1027 2572 annis.
1061 2519 1135 2571 lix
1166 2527 1349 2571 monte
1379 2527 1556 2572 autem
1590 2534 1757 2588 prope
1785 2522 1891 2575 sito

284 2630 358 2670 ea
412 2615 741 2683 suscipiebat
786 2617 1014 2669 multum
1061 2615 1317 2669 bmnoris.
1394 2614 1660 2684 Tempore
1709 2623 1889 2668 autem

293 2708 497 2761 hiemis
522 2708 766 2777 qutedam
797 2723 1009 2777 quoque
1047 2718 1211 2778 gutta}
1250 2722 1403 2774 aquae
1447 2707 1499 2761 in
1526 2722 1643 2761 eam
1674 2720 1895 2761 emana-

294 2801 453 2857 bant.
495 2800 765 2867 Quantum
812 2810 989 2855 autem
1024 2800 1147 2855 hinc
1175 2800 1355 2854 damni
1404 2800 1607 2854 oriatur
1651 2800 1892 2869 corpori-

300 2895 431 2960 bus,
463 2896 637 2949 sciunt
666 2905 720 2950 et
749 2895 896 2950 cives
924 2904 979 2950 et
1007 2894 1221 2960 rustici;
1251 2909 1372 2948 nam
1400 2893 1464 2948 iis
1483 2909 1694 2964 quoque
1723 2894 1810 2962 qui
1843 2895 1894 2948 in

296 2987 450 3056 agris
478 2986 738 3052 habitant,
785 2986 1052 3041 manifesti
1099 2996 1224 3040 sunt
1272 2987 1440 3040 morbi
1483 2988 1572 3056 qui
1600 3002 1666 3041 ex
1694 3002 1761 3040 eo
1804 3002 1897 3039 na-

302 3086 557 3134 scuntur.
606 3078 714 3135 Sed
750 3086 925 3133 tamen
957 3094 1022 3131 ne
1054 3079 1168 3134 Ita'c
1196 3079 1409 3148 quidem
1440 3094 1600 3135 sacro
1626 3079 1704 3133 illi
1734 3078 1895 3146 capiti

302 3180 695 3239 persuaserunt
739 3181 793 3225 ut
831 3178 1063 3225 mutaret
1097 3170 1509 3236 domunculam;
1555 3171 1648 3225 sed
1692 3171 1900 3226 fortiter

303 3272 363 3318 et
385 3270 698 3318 constanter
730 3265 1024 3332 permansit
1056 3264 1227 3317 donec
1250 3278 1464 3317 cursum
1494 3262 1806 3317 confecerit.

382 3355 521 3423 Quin
552 3359 712 3410 etiam
755 3356 989 3425 priorem
1021 3370 1232 3426 quoque
1278 3355 1442 3409 vitam
1493 3354 1749 3423 transegit
1775 3369 1900 3410 cum

304 3451 524 3505 virtutis
553 3450 826 3504 laboribus
857 3468 869 3503 :
901 3450 1040 3503 unde
1079 3460 1132 3503 et
1179 3450 1389 3518 corpori
1436 3457 1492 3502 et
1534 3449 1731 3502 anima:
1762 3463 1901 3502 con-

306 3542 547 3596 servavit
576 3541 874 3596 eastitatem
901 3558 915 3607 ;
966 3540 1125 3608 idque
1171 3540 1284 3609 ipse
1315 3538 1443 3593 mihi
1473 3548 1660 3607 aperte
1689 3540 1899 3610 signiﬁ-

302 3634 477 3697 cavit,
501 3633 700 3688 docens
728 3634 828 3689 sibi
861 3633 1122 3688 mansisse
1149 3646 1342 3701 corpus
1369 3632 1629 3701 integrum
1648 3640 1701 3686 et
1728 3631 1903 3685 incor-

309 3735 556 3795 ruptum,
588 3733 644 3781 et
669 3728 829 3795 quale
859 3740 1132 3794 egressum
1163 3732 1331 3778 fuerat
1359 3740 1423 3778 ex
1456 3735 1696 3777 materno
1724 3732 1898 3791 utero,

306 3817 477 3887 idque
504 3833 623 3873 cum
654 3818 851 3871 multos
878 3817 1094 3886 quidem
1114 3798 1245 3870 dies
1294 3814 1459 3869 fesms
1488 3824 1783 3884 martyrum
1815 3830 1904 3868 ce-

310 3909 578 3964 lebrasset
605 3925 725 3964 cum
767 3920 912 3964 esset
958 3910 1297 3972 adolescens,
1328 3908 1473 3961 vocis
1521 3916 1697 3962 autem
1743 3906 1900 3960 boni-

316 4010 425 4054 tate
452 4000 797 4056 demulsisset
826 4002 1104 4069 populum.
1135 4001 1269 4054 Nam
1314 4012 1365 4055 et
1394 4001 1622 4070 plurimo
1662 4008 1903 4062 tenuiore

313 4096 676 4161 perseveravit
729 4096 975 4161 psallere,
1023 4102 1079 4146 et
1120 4092 1215 4145 fuit
1258 4093 1452 4161 insigni
1506 4090 1903 4161 pulchritudine

307 4186 574 4250 corporis.
609 4186 712 4240 Sed
749 4196 923 4239 tamen
956 4200 1054 4239 nec
1098 4186 1305 4253 species
1332 4184 1596 4253 corporis,
1631 4198 1729 4237 nec
1755 4182 1902 4237 vocis

309 4277 547 4342 claritas,
596 4293 697 4332 nec
730 4294 846 4346 qua:
895 4277 944 4332 ei
986 4294 1105 4331 eum
1152 4279 1331 4331 multis
1384 4277 1903 4332 intereedcbatcon-

309 4368 539 4436 gressio,
564 4370 754 4423 anima:
781 4371 1163 4438 pulchritudini
1194 4372 1387 4440 aliquid
1419 4372 1724 4425 detrimenti
1758 4380 1899 4425 attu-

311 4460 374 4512 lit
402 4460 530 4514 :sed
570 4462 755 4515 vivens
800 4463 1049 4515 similiter
1089 4472 1248 4531 atque
1300 4464 1332 4515 ii
1379 4463 1468 4529 qui
1514 4471 1638 4516 sunt
1685 4462 1900 4527 inclusi,

310 4566 426 4603 suae
471 4566 651 4605 curant
693 4553 911 4621 gerebat
962 4555 1174 4607 animm.
1224 4553 1481 4607 Virtutem
1514 4563 1691 4607 autem
1741 4556 1898 4608 auxit

312 4656 526 4709 quoque
555 4643 826 4698 laboribus
853 4660 989 4714 quos
1019 4648 1319 4700 sustinebat
1346 4646 1603 4699 inclusus.

388 4732 500 4802 Ego
541 4735 696 4803 hujus
744 4751 888 4805 saepe
938 4753 1063 4791 usus
1108 4754 1225 4791 sunt
1272 4737 1696 4803 consuetudine;
1742 4735 1903 4805 jussit

312 4826 457 4880 enim
490 4827 839 4897 mihiaperiri
866 4833 1092 4894 ostium;
1122 4832 1412 4899 quinetiam
1441 4831 1902 4897 complectebatur

312 4934 403 4974 me
433 4919 758 4985 venientem,
807 4931 860 4976 et
901 4921 971 4977 de
1017 4923 1373 4993 phiIOSOphia,
1425 4925 1538 4977 fusa
1590 4925 1900 4995 prolitaqne

312 5012 568 5065 utebatur
597 5011 864 5068 oratione.

384 5104 556 5158 Porro
580 5112 758 5158 autem
788 5103 874 5159 bic
905 5119 1117 5174 quoque
1146 5104 1246 5159 fuit
1274 5105 1620 5175 simplicitate
1651 5106 1895 5175 insignis,

308 5203 364 5250 et
392 5194 572 5250 varios
612 5210 796 5251 mores
819 5197 1041 5251 omnino
1068 5197 1411 5252 abhorrebat.
1453 5198 1686 5265 Inopiam
1717 5208 1895 5253 autem

310 5288 481 5360 magis
508 5289 695 5345 dilexit
721 5305 877 5360 quam
904 5305 1139 5345 summas
1167 5291 1369 5360 copias.
1396 5291 1688 5360 Nonaginta
1717 5301 1894 5347 autem

310 5396 480 5436 annos
523 5392 703 5447 natus,
754 5385 1006 5440 utebatur
1056 5384 1293 5439 vestibus
1340 5385 1605 5439 contextis
1648 5399 1715 5439 ex
1758 5385 1896 5441 villis

307 5474 567 5542 caprinis.
598 5474 760 5528 Panis
786 5486 964 5530 autem
994 5488 1047 5531 et
1077 5490 1260 5544 parum
1285 5476 1412 5531 salis
1434 5477 1745 5531 nutrimenti
1776 5479 1895 5548 ejus

308 5583 463 5623 usum
498 5570 808 5637 implebant.
854 5571 988 5626 Cum
1019 5582 1197 5628 autem
1229 5574 1389 5644 longo
1420 5585 1661 5644 tempore
1685 5573 1897 5629 deside-

310 5668 484 5714 rasset
537 5659 720 5715 videre
763 5660 942 5715 olferri
993 5663 1232 5731 spiritale
1276 5671 1332 5719 et
1375 5664 1657 5734 mysticum
1690 5663 1899 5719 sacriﬁ—

307 5753 474 5817 cium,
505 5756 714 5823 rogavit
755 5764 811 5809 ut
847 5755 1011 5810 divini
1040 5756 1165 5811 doni
1199 5757 1305 5812 illic
1338 5759 1491 5813 ﬁeret
1530 5756 1750 5813 oblatio.
1784 5755 1897 5827 Ego

308 5858 438 5917 vero
468 5845 715 5907 lubenter
750 5848 933 5918 parui;
966 5856 1017 5902 et
1046 5849 1179 5917 jussi
1216 5864 1363 5906 sacra
1397 5864 1523 5906 vasa
1551 5847 1727 5905 afferri
1778 5860 1895 5921 (pa-

1988 1984 2096 2033 res,
2127 1980 2179 2023 et
2210 1985 2342 2040 quos
2388 1972 2439 2024 in
2470 1971 2855 2026 certaminibus
2884 1973 3125 2041 perpessi
3170 1984 3289 2027 sunt
3321 1973 3572 2041 sudores,

1984 2062 2150 2133 838
2176 2069 2231 2117 et
2272 2064 2425 2131 longe
2467 2062 2796 2118 clarissimas
2842 2074 2895 2118 et
2937 2064 3168 2119 maxime
3221 2064 3455 2135 insignes
3500 2066 3578 2118 vi-

1988 2152 2207 2220 ctorias,
2241 2168 2339 2222 age
2374 2168 2558 2208 eorum
2589 2169 2801 2223 quoque
2828 2170 2915 2225 qui
2948 2155 3123 2210 adhuc
3162 2167 3286 2210 sunt
3316 2157 3579 2222 supersti—

1992 2255 2091 2309 tes,
2134 2254 2189 2299 et
2228 2246 2509 2315 magniﬁce
2557 2247 2855 2313 decertant,
2901 2257 2956 2300 et
2996 2248 3328 2301 contendunt
3372 2247 3576 2316 priores

1991 2339 2205 2393 vincere
2255 2339 2539 2392 sudoribus
2565 2380 2577 2400 .
2624 2340 2743 2392 vita:
2775 2339 3011 2392 instituta
3053 2339 3478 2402 couscribamns,
3527 2348 3581 2393 et

1994 2428 2222 2497 posteris
2267 2430 2447 2484 utilem
2496 2429 2860 2499 relinquamus
2911 2429 3240 2482 memoriam.
3299 2429 3581 2496 Quomodo

1992 2524 2136 2578 enim
2178 2537 2361 2578 eorum
2401 2523 2490 2592 qui
2533 2521 2661 2576 olim
2705 2521 3087 2589 resplendnere
3117 2530 3422 2575 sanctorum
3455 2521 3581 2575 vita:

1994 2615 2293 2669 institutum
2320 2614 2546 2682 posteris
2573 2612 2858 2666 maximam
2886 2613 3061 2666 attulit
3085 2612 3395 2678 utilitatem;
3426 2614 3495 2666 ita
3520 2612 3583 2667 iis

1993 2707 2082 2777 qui
2125 2720 2223 2761 nos
2251 2714 2648 2776 consequentur
2683 2714 2841 2761 erunt
2882 2704 3204 2775 exemplaria
3234 2719 3419 2759 eorum
3460 2720 3583 2758 nar-

1997 2800 2255 2855 rationes.

2068 2890 2281 2944 Initium
2329 2896 2506 2943 autem
2553 2888 2743 2943 ducam
2776 2904 2802 2942 a
2837 2903 3029 2957 magno
3054 2888 3290 2953 Jacobo;
3342 2889 3388 2943 is
3439 2888 3582 2943 enim

1998 2988 2055 3035 et
2085 2989 2324 3048 tempore
2349 2988 2405 3033 et
2433 2978 2619 3031 labore
2644 2988 2729 3031 est
2754 2977 2901 3045 prior
2926 2978 3067 3043 aliis,
3100 2987 3155 3032 et
3183 2978 3272 3048 qui
3305 2993 3428 3033 eum
3456 2988 3586 3032 sunt

2000 3072 2255 3136 :emulati,
2287 3071 2486 3125 faciunt
2513 3069 2850 3125 admirabilia
2879 3080 2932 3124 et
2957 3085 3075 3140 quae
3098 3080 3220 3125 sunt
3245 3079 3441 3139 praeter
3469 3070 3587 3141 upi-

2004 3164 2237 3218 nionem.
2293 3162 2551 3217 Usnvenit
2593 3172 2793 3229 autem,
2845 3164 3027 3216 nescio
3074 3163 3367 3231 quomodo,
3423 3173 3480 3217 ut
3534 3176 3588 3217 et

1926 3251 1973 3315 C
2004 3272 2187 3311 eorum
2216 3244 2323 3324 “qui
2371 3263 2741 3316 excesserunt,
2791 3263 2847 3308 et
2892 3268 3079 3309 eorum
3128 3255 3217 3322 qui
3263 3254 3437 3310 adhuc
3465 3269 3588 3311 sunt

2001 3346 2336 3414 superstites,
2369 3344 2470 3401 hoc
2500 3346 2569 3399 sit
2594 3345 2823 3414 primum
2862 3359 3076 3399 nomen.
3124 3344 3335 3401 Etenim
3375 3348 3589 3416 quando

2004 3439 2221 3493 narravi
2249 3453 2434 3492 eorum
2466 3438 2589 3491 vita:
2618 3437 2939 3499 institutum,
2973 3436 3179 3490 initium
3212 3440 3414 3507 sumpsi
3447 3455 3477 3493 a
3507 3439 3589 3493 di~

2001 3533 2128 3588 vino
2164 3533 2254 3587 illo
2289 3533 2491 3587 Jacobo
2518 3531 2606 3602 qui
2631 3530 2898 3586 Persicum
2937 3531 3083 3584 illum
3125 3534 3421 3588 exercitum
3456 3534 3591 3589 fudit

2003 3626 2115 3679 suis
2158 3623 2431 3692 precibus;
2479 3633 2534 3677 et
2580 3638 2700 3677 cum
2749 3624 3078 3679 corruissent
3118 3624 3263 3680 urbis
3310 3642 3586 3681 murorum

2005 3715 2258 3778 ambitus,
2286 3731 2457 3785 neque
2482 3717 2724 3784 permisit
2754 3715 2939 3771 urbem
2968 3719 3106 3784 capi,
3135 3726 3189 3772 et
3209 3722 3382 3789 coegit
3406 3720 3590 3790 fugere

2006 3807 2367 3872 adversarios,
2400 3822 2519 3860 cum
2555 3807 2604 3860 in
2638 3822 2731 3861 eos
2780 3808 3013 3861 misisset
3042 3808 3335 3862 exercitum
3368 3825 3603 3863 musca-7

2007 3916 2125 3956 rum
2155 3909 2209 3954 et
2241 3901 2469 3954 culicum
2500 3899 2637 3972 (53).
2669 3899 2769 3967 Qui
2802 3915 2929 3969 ergo
2958 3900 3034 3954 illi
3062 3901 3239 3956 simile
3284 3918 3475 3957 nomen
3506 3918 3590 3958 eSt

2005 3997 2248 4061 sortitus,
2280 4005 2332 4047 et
2360 4006 2437 4048 est
2467 3994 2515 4049 ei
2564 3994 2754 4047 similis
2786 3993 3047 4059 moribus,
3078 3995 3148 4048 sit
3178 3998 3376 4062 primus
3414 3996 3467 4050 in
3498 4012 3587 4051 or-

2008 4088 2131 4142 dine
2177 4087 2495 4141 athletarum
2546 4086 2634 4154 qui
2689 4085 2866 4140 adhuc
2914 4095 3039 4140 sunt
3083 4089 3419 4156 superstitea,
3480 4105 3593 4144 nntt

2006 4185 2256 4251 quou?am
2290 4180 2528 4248 ejusdem
2576 4187 2660 4233 est
2708 4179 2937 4232 nominis
2983 4180 3271 4250 particeps.
3316 4182 3408 4236 sed
3457 4197 3601 4253 quo-1

2009 4275 2147 4327 niam
2180 4283 2263 4328 est
2293 4274 2434 4327 illius
2465 4274 2712 4326 virtutem
2757 4273 3057 4338 aemulatus,
3103 4282 3157 4328 et
3186 4276 3279 4328 fuit
3324 4275 3441 4345 ipse
3469 4277 3588 4330 aliis

2007 4371 2285 4437 exemplar
2313 4370 2684 4440 philosophize.
2720 4370 2850 4423 Nam
2874 4385 2994 4424 cum
3038 4370 3194 4425 simul
3238 4387 3356 4425 cum
3390 4371 3587 4440 inelyte

2008 4465 2097 4517 illo
2130 4465 2345 4517 Marone
2394 4472 2535 4516 esset
2585 4470 2849 4526 versatus,
2901 4472 2955 4517 et
3002 4463 3118 4532 ejus
3165 4450 3357 4517 divinas
3404 4462 3590 4516 fuisset

2005 4556 2264 4608 doctrina:
2296 4556 2580 4622 particeps,
2621 4552 2922 4607 obscuravit
2955 4565 3334 4623 praeceptorem
3367 4554 3587 4623 majori-

1930 4641 2104 4699 Dbus
2154 4644 2443 4698 laboribus.
2500 4644 2592 4698 Ille
2638 4644 2778 4697 enim
2811 4653 2866 4697 et
2896 4660 3167 4699 murorum
3218 4653 3583 4713 tegumentum

2006 4738 2188 4792 habuit
2231 4739 2484 4809 templum
2524 4739 2719 4794 veteris
2748 4739 2966 4807 erroris,
2999 4748 3051 4792 et
3080 4754 3143 4793 ex
3188 4738 3412 4807 pellibus
3455 4753 3586 4793 cun-

2006 4839 2207 4884 textum
2235 4831 2348 4884 ﬁxit
2405 4831 2835 4893 tabernaculum;
2878 4840 2932 4884 et
2964 4845 3031 4885 eo
3066 4838 3238 4894 utens,
3294 4829 3481 4887 imbris
3532 4846 3587 4888 et

2006 4925 2142 4979 nivis
2170 4922 2456 4991 effugiebat
2479 4925 2705 4991 impetus
2731 4938 2743 4975 :
2772 4922 2857 4976 hic
2889 4930 3063 4975 autem
3104 4921 3185 4974 his
3215 4923 3460 4976 omnibus
3494 4940 3588 4977 va-

2007 5017 2120 5071 lere
2162 5016 2346 5085 jussis,
2377 5024 2431 5067 ll.
2460 5014 2823 5078 tabernaculo,
2856 5022 2910 5066 et
2940 5013 3173 5080 tugurio,
3218 5022 3271 5068 et
3311 5029 3585 5071 murorum

2005 5117 2332 5178 legumento,
2353 5122 2450 5176 pro
2480 5116 2619 5162 tecto
2651 5107 2809 5161 habet
2829 5106 3045 5171 coelum,
3074 5108 3371 5163 contrarios
3398 5124 3589 5165 omnes

2003 5200 2142 5255 aeris
2188 5200 2415 5268 impe‘us
2456 5199 2765 5253 sustinens:
2794 5212 2933 5251 nunc
2962 5198 3173 5267 quidem
3218 5200 3389 5267 pluvia
3423 5201 3592 5257 vehe-

2004 5291 2166 5345 menti
2199 5291 2443 5354 obrulus,
2468 5304 2605 5343 nunc
2634 5296 2808 5342 autem
2834 5287 3002 5357 glacie
3030 5299 3083 5344 et
3102 5289 3227 5345 nive
3250 5293 3582 5361 congelalus,

2001 5384 2287 5452 aliquando
2315 5392 2489 5438 autem
2525 5380 2687 5436 radiis
2716 5382 2843 5436 solis
2870 5389 3038 5438 tostus
3054 5393 3111 5439 et
3138 5392 3378 5453 exustus,
3409 5392 3462 5441 et
3489 5386 3582 5439 ade

2004 5492 2188 5532 versus
2230 5478 2406 5531 omnia
2457 5490 2516 5529 se
2562 5476 2770 5531 fortiter
2820 5488 2874 5534 et
2919 5487 3229 5534 constanter
3269 5492 3485 5548 gerens,
3530 5487 3582 5532 et

2004 5578 2252 5636 tanquam
2302 5570 2354 5621 in
2403 5569 2579 5623 alieno
2609 5578 2821 5625 certans
2866 5585 3116 5640 corpore,
3160 5578 3214 5623 et
3254 5568 3584 5625 contendens

2001 5660 2214 5714 vincere
2261 5667 2502 5713 naturam
2546 5660 2786 5729 corporis
2837 5662 3112 5717 alacritate
3151 5660 3334 5715 animi.
3375 5660 3585 5715 Hortali

2001 5753 2141 5807 enim
2179 5750 2278 5805 hoc
2307 5759 2360 5805 et
2387 5752 2588 5820 patibili
2619 5768 2843 5824 corpore
2874 5754 3110 5818 indutus,
3143 5753 3308 5807 vitam
3336 5754 3444 5824 agit
3473 5760 3583 5805 tan-

2001 5859 2156 5913 quam
2203 5844 2544 5912 impatibilis;
2588 5857 2640 5901 et
2671 5848 2830 5903 vitam
2870 5848 3237 5917 incorpoream
3274 5848 3324 5901 iu
3355 5860 3608 5915 corporu-~
