4052 6362
426 325 512 393 ιτθ
1599 320 1685 375 ns
1732 321 1901 377 VITIS
1942 317 2219 375 carrum
2260 296 2460 376 LIBEft
2506 320 2593 375 ix.
3648 323 3719 373 so

442 448 496 494 ct
520 436 913 493 concurrebant
941 435 1100 490 etiam
1133 435 1390 505 hospites,
1419 437 1811 510 concurrebant
1853 435 2012 490 etiam
2043 440 2088 495 Α
2119 436 2356 489 Struebat
2398 436 2709 501 auferrent,
2745 444 2800 490 et
2838 435 3134 501 intrarent;
3180 445 3382 492 etcum
3432 436 3513 493 eis
3557 438 3715 494 exhi-

441 529 664 593 rustici;
696 529 823 595 quin
854 527 1014 581 etiam
1044 526 1078 580 li
1104 527 1255 581 .itimi
1294 527 1613 583 festinabant
1636 527 1701 581 ad
1745 527 2024 583 fruendum

442 620 840 676 benedicdone.
865 618 1086 673 Lectum
1115 631 1292 673 autem
1322 621 1470 673 multi
1493 619 1851 687 sequebantur
1877 620 2025 674 licto-

442 728 552 778 res,
583 726 677 767 eos
724 711 1071 777 percutienda
1111 723 1373 767 terrentes
1404 713 1491 781 qtti
1530 727 1722 781 corpus
1752 722 1897 767 veste
1926 728 2025 766 nu-

439 804 565 857 dare
596 805 947 869 conabantur,
979 812 1034 856 et
1064 804 1350 869 cupiebant
1378 805 1524 858 illinc
1555 820 1758 871 pannos
1784 820 2022 860 sumere.

440 895 511 949 Et
531 896 727 951 licebat
755 896 939 950 audire
975 895 1109 949 alios
1137 895 1350 966 quidem
1383 896 1669 963 psallentes
1695 938 1709 964 ,
1741 896 1872 949 alios
1897 910 2023 950 vero

443 987 819 1057 lamentantes.
858 988 973 1042 Alia
1002 988 1142 1040 enim
1187 986 1389 1039 deflens
1418 1002 1539 1040 eum
1581 986 1803 1040 vocabat
1839 987 2023 1053 ιη’πεί-

442 1078 589 1143 dent,
621 1075 722 1132 alia
754 1093 880 1132 vero
912 1067 1158 1138 altorem,
1187 1076 1287 1130 alia
1322 1087 1499 1130 autem
1535 1085 1801 1145 pastorem
1830 1087 1885 1132 et
1912 1092 2022 1130 nta-

442 1168 669 1238 gistrum
696 1186 710 1222 :
738 1180 789 1222 et
819 1170 954 1221 alius
983 1167 1196 1236 quidem
1237 1168 1536 1237 Iacrymatts
1582 1168 1889 1221 nominabat
1933 1184 2024 1237 pa-

446 1274 607 1329 trem,
637 1264 772 1317 alius
798 1278 924 1315 vero
954 1261 1251 1329 atljtttorcm
1277 1270 1330 1314 et
1352 1269 1685 1325 curatorem;
1716 1272 1771 1315 et
1796 1278 1914 1316 cum
1946 1269 2023 1314 tot

441 1354 686 1408 laudibus
714 1364 764 1407 et
790 1353 1261 1407 lamentationibus
1293 1362 1533 1407 sanctum
1568 1354 1696 1407 illud
1722 1364 1777 1408 et
1806 1369 2017 1408 sacrum

437 1460 632 1513 corpus
662 1446 912 1511 sepulcro
936 1444 1281 1498 mandavere.

514 1540 627 1607 Ego
658 1548 833 1591 autem
858 1539 1156 1591 admiratus
1183 1537 1324 1607 quod
1355 1552 1474 1591 cum
1504 1540 1625 1592 vita:
1655 1548 1911 1592 mutasset
1942 1540 2021 1593 in-

436 1631 707 1693 stitutum,
745 1632 903 1683 titam
949 1644 1054 1682 non
1106 1644 1206 1681 una
1235 1630 1655 1689 commutaverit,
1688 1644 1859 1695 neque
1894 1630 2017 1683 dum

440 1729 586 1775 esset
630 1721 874 1783 antistes,
923 1721 1204 1774 remissum
1244 1736 1306 1774 ac
1335 1721 1563 1774 solutum
1596 1720 1717 1774 vita:
1744 1736 1910 1789 genus
1951 1722 2019 1774 sit

2128 524 2332 580 buisset
2359 525 2656 581 doctrinam
2686 542 2756 581 ex
2786 527 2980 583 divinis
3004 527 3250 597 eloquiis,
3277 528 3499 598 iubebat
3521 543 3714 584 rursus

2129 617 2391 672 abeuntes
2416 630 2579 687 portae
2604 622 2770 674 lutum
2796 622 3089 688 imponere.
3118 621 3309 674 Verum
3340 638 3462 677 cum
3494 624 3715 676 omnino

2128 710 2296 763 satius
2322 710 2703 775 existitnasset,
2731 714 2889 765 etiam
2911 728 3029 766 cum
3061 714 3242 780 paucis
3266 716 3434 767 vitare
3456 728 3713 784 congres-

2127 803 2359 869 sionem,
2391 804 2594 857 aditum
2620 806 2837 859 omnino
2860 806 3146 871 obstruxit,
3179 806 3250 858 illi
3280 816 3447 874 portte
3476 808 3715 860 maximo

2125 898 2341 949 admoto
2375 896 2575 964 lapide.
2614 897 2716 950 Per
2759 898 3043 966 quamdam
3085 907 3260 952 autem
3301 896 3502 951 fossam
3544 899 3715 952 collo-

2125 988 2385 1056 quebatur
2413 989 2625 1055 quidem
2667 1003 2786 1041 cum
2839 990 3017 1055 paucis
3047 1004 3114 1044 ex
3165 989 3517 1042 familiaribus
3543 1031 3557 1053 ,
3606 992 3704 1043 sed

2125 1094 2229 1132 non
2261 1080 2557 1134 videbatur.
2608 1080 2698 1134 Sic
2745 1080 2887 1133 enim
2922 1081 3239 1148 prmiderat.
3272 1080 3415 1134 Illinc
3442 1093 3621 1134 autem
3654 1081 3719 1132 tl-

2127 1169 2215 1223 Iud
2259 1186 2471 1240 quaque
2510 1172 2762 1241 exiguum
2803 1173 3099 1240 accipiebat
3136 1180 3543 1227 nutrimentum.
3576 1173 3717 1227 Rur-

2121 1275 2212 1314 sus
2242 1272 2415 1315 autem
2443 1276 2561 1315 cum
2594 1263 2843 1316 omnibus
2871 1264 3100 1330 colloqui
3132 1264 3472 1333 denegasset,
3511 1280 3596 1319 tne
3618 1280 3709 1318 so-

2124 1353 2231 1405 lum
2263 1353 2403 1407 dulci
2433 1354 2519 1408 illa
2546 1362 2599 1407 et
2632 1354 2739 1407 lJeo
2765 1362 2915 1421 grata
2947 1370 3076 1408 voce
3105 1355 3442 1421 dignabatur,
3473 1367 3526 1409 et
3558 1356 3711 1409 abire

2123 1446 2390 1497 volentem
2423 1460 2508 1497 me
2536 1460 2679 1512 saepe
2711 1445 2999 1508 detinebat,
3027 1446 3094 1499 de
3122 1449 3280 1500 rebus
3303 1446 3572 1499 disserens
3601 1461 3717 1499 cte-

2124 1531 2366 1586 Iestibtts.
2396 1534 2526 1586 Cum
2554 1533 2705 1588 multi
2729 1546 2908 1588 autem
2928 1537 2992 1587 ad
3017 1551 3136 1589 eum
3164 1536 3428 1597 venirent,
3460 1546 3511 1587 et
3534 1548 3719 1604 postu-

2121 1623 2293 1677 larent
2329 1625 2522 1677 bonuttt
2558 1625 2964 1685 benedictionis.
2998 1637 3052 1680 et
3092 1643 3211 1681 eum
3260 1642 3402 1696 wgre
3435 1625 3602 1681 ferret
3631 1638 3718 1680 tu-

2124 1717 2373 1778 multum,
2408 1732 2506 1770 nec
2535 1727 2866 1771 senectutem
2897 1718 3263 1778 considerans.
3305 1734 3405 1771 nec
3434 1730 3711 1787 urgentem

435 1812 735 1880 amplexus,
768 1812 861 1865 sed
891 1810 1294 1865 exercitationis
1338 1814 1647 1867 Ittonasticm
1687 1813 1895 1868 labores
1927 1814 2019 1866 ad-
2052 1809 2097 1868 Β
2127 1818 2384 1875 reputans
2418 1807 2832 1862 imbecillitatem
2862 1849 2874 1869 ,
2907 1810 3135 1862 transilit
3181 1810 3375 1862 fossam
3404 1826 3520 1877 qua:
3552 1825 3650 1864 nec
3679 1825 3710 1861 ξι

432 1906 661 1969 auxerit,
690 1921 810 1959 eum
838 1908 1081 1959 recensui
1117 1906 1169 1959 in
1198 1905 1418 1959 historia
1465 1906 1844 1961 tnouachnruttt
1877 1925 1890 1959 :
1920 1920 2018 1959 nec

433 1998 631 2052 recessi
663 1998 730 2053 ab
758 2014 820 2053 eo
864 1999 950 2067 qui
991 2000 1039 2053 ei
1092 1999 1289 2067 placuit
1317 2000 1507 2055 ordine
1530 2042 1544 2067 ,
1582 1999 2012 2056 benedictionem

432 2104 646 2163 quoque
672 2091 739 2147 ab
766 2108 832 2149 eo
860 2092 1199 2148 desiderans.

989 2183 1214 2239 CAPUT
1252 2181 1439 2238 XVIII.

1009 2291 1262 2331 EUSEBIUS
1313 2276 1452 2345 (48).

506 2360 662 2422 Prius
688 2365 844 2422 dictis
869 2369 1067 2422 sanctis
1092 2385 1344 2438 magnum
1370 2370 1585 2438 quoque
1606 2367 1799 2423 addam
1846 2369 2018 2426 Euse-

433 2454 604 2520 bium,
631 2457 719 2523 qui
745 2472 848 2511 nou
876 2458 1035 2525 longo
1059 2459 1272 2526 quidem
1303 2459 1494 2512 abhinc
1516 2470 1754 2529 tempore
1779 2469 1863 2514 est
1884 2476 2019 2514 mor-

434 2558 557 2603 tuus
595 2550 903 2619 (Theodon,
952 2551 1043 2605 lib.
1068 2567 1117 2605 tv
1156 2550 1317 2618 (list,
1349 2569 1463 2621 cap.
1504 2553 1618 2621 21$).
1664 2554 1796 2606 Cum
1841 2554 2019 2607 usultis

432 2653 609 2697 autem
633 2645 788 2698 annis
810 2644 1049 2713 vixisset,
1078 2647 1309 2714 tempori
1335 2646 1549 2714 quidem
1573 2645 1833 2714 aequalem
1859 2646 2019 2699 susti-

433 2734 551 2788 nuit
594 2735 831 2789 laborem
861 2775 876 2801 ,
910 2734 1076 2790 labori
1121 2748 1297 2789 autem
1337 2737 1595 2805 aequalem
1635 2736 1793 2789 simul
1822 2736 2020 2805 delegit

428 2827 708 2903 virtutem.
759 2826 1034 2896 blultiplex
1082 2837 1260 2881 autem
1320 2829 1526 2882 lucrum
1578 2843 1644 2882 ex
1684 2844 1751 2883 eo
1795 2830 2015 2894 retulit;

432 2919 804 2988 magnitudine
830 2919 970 2975 enim
999 2920 1489 2975 renutnerationttm
1515 2921 1832 2990 agonothela
1861 2936 2021 2990 supe-

430 3017 517 3063 rat
543 3012 861 3065 certamina.
894 3010 989 3064 Hic
1020 3026 1148 3081 ergo
1172 3028 1291 3066 cum
1319 3012 1490 3081 pritno
1529 3013 1753 3067 aliorum
1791 3013 1910 3067 fidei
1935 3014 2017 3068 sui

432 3116 614 3155 curam
657 3103 1013 3170 credidisset,
1057 3120 1161 3173 quo
1206 3104 1281 3159 illi
1327 3106 1630 3171 ducebant,
1681 3108 2012 3172 ducebatur;

440 3203 597 3249 erant
623 3198 764 3250 enim
793 3197 891 3265 ipsi
914 3212 1125 3266 quoque
1149 3197 1245 3252 viri
1270 3198 1436 3252 divini
1462 3200 1775 3271 virtutisque
1803 3200 2018 3255 athleta:
2048 3190 2090 3252 C

432 3296 490 3340 et
535 3287 955 3354 exercitatores;
1005 3298 1059 3343 et
1100 3304 1221 3343 cum
1266 3290 1443 3359 aliquo
1486 3301 1726 3359 tempore
1772 3307 1893 3346 cum
1940 3294 2019 3347 eis

434 3393 580 3436 esset
606 3390 876 3448 versatus,
903 3392 957 3437 et
984 3382 1118 3438 bene
1146 3392 1394 3454 recteque
1421 3384 1769 3455 philosophice
1792 3386 2020 3456 accepis-

433 3483 519 3527 set
550 3474 828 3529 scientiam
854 3514 870 3539 ,
904 3474 1065 3528 vitam
1107 3479 1459 3532 monasticam
1500 3488 1582 3533 est
1626 3482 1934 3547 amplexus;
1964 3486 2020 3533 et

434 3580 558 3621 cum
593 3565 858 3635 quoddam
889 3565 1105 3619 d0tsum
1156 3567 1351 3622 montis
1393 3578 1708 3636 occupasset
1755 3570 2021 3634 (imminet

436 3666 615 3711 autem
647 3656 695 3711 ei
724 3656 869 3711 vicus
899 3655 1181 3724 maximus,
1213 3672 1368 3727 quem
1406 3659 1682 3712 nominaut
1708 3659 1980 3728 Asicbam)
2000 3702 2015 3727 ,

432 3745 579 3803 fossa
611 3747 950 3803 solummodo
998 3747 1158 3813 facta,
1192 3760 1244 3804 et
1275 3749 1536 3817 lapidibus
1567 3766 1636 3805 ne
1668 3751 1776 3803 luto
1805 3750 2018 3821 quidem

432 3841 735 3911 conjunctis
784 3840 934 3912 (49),
968 3841 1065 3896 sub
1110 3842 1197 3896 dio
1243 3844 1499 3913 reliquam
1551 3844 1809 3913 transegit
1857 3845 2018 3899 vitam

425 3919 668 4001 seipsmu
700 3934 962 4003 affligens,
994 3944 1141 3990 veste
1164 3936 1376 4004 quidem
1416 3944 1632 4004 opertus
1665 3936 1914 4005 pellicei;
1946 3938 2023 3992 ci—

442 4039 568 4079 cere
597 4036 775 4078 autem
825 4036 878 4079 et
930 4025 1063 4080 fabis
1110 4042 1244 4095 aqua
1299 4028 1611 4084 madefactis
1652 4044 1711 4083 se
1760 4033 2015 4084 nutriens.

434 4116 742 4182 Quinetiam
776 4118 1063 4188 aliquando
1086 4136 1295 4187 quoque
1336 4122 1652 4176 vescebatur
1679 4124 1868 4177 caricis
1896 4164 1911 4188 ,
1944 4122 2021 4178 sic

436 4196 708 4276 utcunque
757 4222 957 4262 conatis
1012 4219 1315 4267 sustentare
1357 4213 1775 4269 imbecillitatem
1823 4229 2017 4283 corpo-

434 4299 531 4352 ris.
563 4296 803 4369 Cumque
838 4299 904 4354 ad
929 4314 1191 4355 summam
1222 4304 1555 4370 pervenisset
1582 4315 1936 4373 senecmtem,
1962 4316 2020 4362 ut

432 4391 593 4445 etiam
620 4390 808 4448 dentes
856 4392 1112 4461 plurimos
1144 4396 1442 4464 amisisset,
1479 4414 1652 4465 neque
1683 4398 1903 4453 mutavit
1943 4402 2019 4456 ci-

431 4484 584 4552 bum,
616 4500 787 4556 neque
819 4485 1222 4542 habitationem.
1270 4489 1374 4543 Sed
1407 4499 1462 4543 et
1510 4506 1631 4543 cum
1667 4492 1841 4545 hieme
1886 4508 2018 4547 con-

2123 1897 2357 1951 robttstts
2385 1898 2598 1966 quidem
2635 1908 2688 1952 et
2715 1899 3014 1952 volentibus
3042 1897 3199 1952 facile
3228 1899 3441 1953 transiti
3477 1910 3705 1966 poterat;

2122 1999 2173 2039 ct
2204 2002 2324 2038 cum
2363 1987 2427 2039 ad
2467 1989 2749 2054 quamdam
2784 1988 3129 2056 propinquant
3162 1991 3393 2043 venisset
3421 1994 3715 2043 monacho-

2119 2092 2237 2129 rum
2270 2080 2516 2142 classem,
2551 2094 2712 2147 parva
2744 2094 2926 2132 rursus
2956 2079 3097 2133 fossa
3136 2088 3252 2133 acta
3283 2080 3347 2132 ad
3382 2080 3515 2134 muri
3542 2094 3714 2149 angu-

2120 2166 2249 2233 lum,
2282 2186 2401 2224 cum
2433 2173 2705 2227 consuetis
2731 2173 3042 2227 deccrtabat
3070 2174 3360 2228 laboribus.

2192 2263 2358 2332 Ilujus
2387 2273 2562 2317 autem
2604 2266 2779 2333 gregis
2826 2267 3108 2333 prtul'ectus
3134 2304 3151 2331 ,
3185 2266 3267 2318 vir
3311 2281 3457 2319 omnt
3509 2268 3715 2320 virtuto

2122 2357 2329 2425 p'cttus,
2354 2357 2486 2410 dixit
2515 2373 2635 2410 eum
2667 2372 2787 2411 cum
2813 2357 3136 2411 comedisset
3158 2358 3459 2426 quindecim
3481 2361 3721 2420 caricas,

2124 2450 2453 2515 transegisse
2502 2459 2705 2518 septem
2760 2450 3123 2504 hebdomadas
3152 2452 3323 2504 sancti
3355 2452 3567 2520 jejunii.
3600 2452 3715 2506 Iloc

2121 2554 2299 2596 autem
2329 2544 2493 2596 subiit
2521 2556 2820 2609 certamen,
2853 2559 2973 2598 cum
3009 2546 3234 2599 vixisset
3277 2546 3392 2614 plus
3418 2561 3577 2615 quam
3607 2560 3714 2601 uo-

2124 2638 2337 2702 ttaglnta
2372 2651 2565 2700 annos,
2595 2634 2962 2693 imbecillitate
2987 2647 3165 2691 autem
3196 2655 3313 2707 qua:
3364 2641 3568 2693 narrari
3601 2655 3711 2695 non

2122 2734 2296 2791 potest
2346 2726 2772 2780 essetall'ectus:
2813 2728 2905 2780 sed
2956 2728 3374 2783 imbecilliuttetu
3422 2731 3719 2798 superabat

2120 2815 2281 2869 animi
2309 2816 2558 2871 alat-ritas
2581 2859 2597 2884 ,
2630 2826 2685 2872 et
2716 2819 2808 2873 Dei
2860 2835 3011 2874 amor
3038 2823 3212 2874 omnia
3247 2821 3424 2876 facili
3458 2825 3719 2878 reddebat

2120 2916 2175 2960 et
2196 2909 2466 2976 expedita.
2488 2909 2625 2962 Cum
2651 2909 2735 2963 hic
2762 2911 2956 2965 talibus
2980 2912 3377 2967 circumflueret
3398 2914 3712 2983 sudoribus,

2119 3001 2361 3069 pervenit
2391 3001 2455 3053 ad
2486 3013 2679 3056 metam
2728 3019 2937 3071 cursus,
2965 3016 3020 3059 et
3062 3007 3439 3076 agonothetam
3471 3008 3659 3063 videns
3686 3048 3702 3069 .

2119 3101 2173 3147 et
2199 3109 2451 3148 Coronam
2482 3094 2812 3151 desiderans.

2202 3188 2313 3257 Ego
2342 3198 2518 3241 autem
2555 3205 2686 3261 rogo
2717 3202 2772 3244 ut
2841 3192 2985 3247 illam
3026 3207 3126 3248 con
3158 3208 3324 3264 equar
3373 3194 3711 3249 iutercessio~

2124 3292 2270 3342 nem,
2295 3296 2451 3348 quam
2485 3281 2585 3336 huc
2616 3298 2785 3352 usque
2828 3287 3039 3353 percepi
3070 3287 3195 3341 dum
3232 3297 3375 3342 esset
3408 3288 3585 3342 adhuc
3621 3301 3716 3341 su-

2122 3380 2349 3437 persles.
2372 3370 2546 3427 Credo
2572 3376 2713 3428 enim
2744 3390 2864 3430 eum
2893 3378 3075 3433 vivere
3126 3388 3180 3434 et
3216 3380 3413 3435 habere
3441 3381 3716 3448 puriorem

2124 3461 2190 3515 ad
2223 3461 2388 3518 Deum
2419 3464 2693 3522 fiduciam.

2712 3560 2933 3617 CAPUT
2977 3563 3121 3620 XIX.

2668 3667 2973 3711 SALMIANUS
3036 3656 3169 3727 (50).

2196 3735 2279 3793 ale
2295 3738 2472 3795 virtuti
2506 3742 2750 3813 iujttriam
2783 3746 2956 3801 facere
2982 3749 3288 3817 arbitratus,
3318 3750 3360 3804 si
3383 3751 3624 3807 admirab
3648 3754 3661 3807 Ι
3684 3765 3719 3807 ι

2124 3828 2396 3887 Salamani
2430 3833 2590 3889 vitant
2621 3839 2850 3904 posteris
2883 3854 2988 3894 non
3027 3841 3414 3911 significarem,
3452 3845 3545 3900 sed
3576 3845 3720 3899 obli-

2131 3925 2292 3979 vione
2323 3926 2567 3981 obrutam
2595 3929 2758 3999 837
2791 3932 3106 3999 neglexero,
3142 3936 3448 3989 sunnnatim
3496 3935 3721 3990 afferam

2123 4017 2502 4075 narrationem.
2538 4020 2630 4074 Est
2658 4020 2877 4090 quidam
2904 4024 3051 4077 vicus
3077 4026 3142 4079 ad
3174 4024 3521 4082 Occidentem
3568 4024 3716 4078 ﬂuvii

2137 4108 2456 4179 Euphratis,
2490 4112 2590 4182 ipsi
2626 4117 2753 4180 ripa:
2802 4117 3107 4185 imminens,
3143 4128 3362 4173 vocatur
3388 4128 3566 4173 autem
3608 4118 3718 4171 Ca-

2125 4215 2373 4270 persana.
2407 4206 2501 4258 llic
2531 4218 2596 4259 ex
2642 4221 2707 4260 eo
2737 4216 2886 4262 ortus
2911 4249 2926 4273 ,
2954 4226 3074 4264 cum
3105 4199 3268 4264 vitam
3300 4210 3719 4279 amplecteretur

2121 4294 2375 4361 quietam,
2407 4305 2460 4348 et
2490 4297 2539 4349 in
2570 4296 2685 4351 vico
2712 4299 2798 4367 qui
2829 4308 2910 4353 est
2947 4315 3013 4355 ex
3053 4301 3279 4355 advetso
3310 4317 3527 4369 parvam
3563 4300 3718 4353 iuve-

2123 4387 2290 4439 nisset
2318 4385 2714 4454 domunculatn,
2747 4393 2983 4460 seipsum
3008 4393 3057 4447 itt
3081 4409 3142 4447 ea
3172 4394 3413 4456 inclusit,
3451 4406 3548 4447 nec
3568 4394 3716 4446 ostio

2123 4479 2331 4547 relicto,
2365 4495 2461 4536 nec
2513 4484 2767 4539 IelICSll‘a.
2804 4487 2981 4541 Semel
3022 4496 3200 4541 autem
3246 4486 3301 4541 in
3332 4502 3475 4540 anno
3516 4496 3719 4540 terram

430 4577 727 4647 gelaretur,
751 4591 803 4633 et
832 4590 1016 4634 testate
1045 4590 1314 4643 ureretur,
1340 4579 1545 4635 forti'er
1575 4580 1781 4636 ferebat
1807 4592 2018 4638 contra-
2048 4562 2099 4623 1)
2126 4568 2351 4634 fodiens,
2404 4573 2700 4639 accipiebat
2750 4576 2911 4633 totius
2955 4577 3513 4656 annimnulrimeututn
3538 4617 3553 4642 ,
3584 4590 3713 4631 cum

433 4669 542 4723 rias
572 4669 854 4739 qualitates
884 4671 1026 4726 aeris
1051 4712 1065 4735 ,
1096 4669 1286 4726 faciem
1332 4674 1545 4742 quidem
1581 4673 1783 4730 habens
1820 4692 2013 4733 corru-

433 4768 639 4829 gatam,
667 4762 898 4816 arefacta
922 4770 1098 4815 autem
1129 4765 1303 4817 omnia
1331 4766 1568 4819 membra
1593 4768 1855 4833 corporis.
1888 4770 2019 4823 Tam

435 4851 616 4905 multis
639 4863 814 4907 autem
840 4868 1032 4922 corpus
1055 4855 1388 4922 consumpsit
1412 4856 1698 4922 labor'.bus,
1717 4867 1772 4910 ut
1797 4873 1861 4912 ne
1884 4874 2015 4913 zona

434 4944 646 5015 quidem
679 4956 916 5001 maneret
936 4961 1095 5013 super
1129 4946 1353 5010 lumbos,
1388 4948 1481 5000 sed
1510 4951 1729 5003 caderet
1756 4949 2015 5016 inferius;

434 5034 566 5090 nihil
596 5037 736 5090 enim
760 5046 875 5091 erat
899 5037 1037 5107 quod
1063 5044 1297 5102 vetaret;
1325 5055 1443 5093 nam
1469 5040 1723 5095 ett-.lnnes
1745 5051 1798 5095 et
1824 5057 2022 5096 coxen-

434 5127 582 5182 dices
625 5129 925 5198 consumpti
958 5138 1147 5195 erant,
1178 5141 1229 5181 et
1272 5146 1417 5183 zonae
1453 5131 1659 5185 facilem
1703 5132 2017 5187 descensum

437 5216 751 5286 praebebant
776 5218 840 5271 ad
871 5218 1140 5274 inferiora.
1165 5219 1362 5274 Zouatn
1394 5222 1570 5291 itaque
1599 5223 1777 5279 adsuit
1804 5226 2015 5291 tunicae,

441 5309 543 5365 bac
575 5318 779 5364 ratione
811 5319 867 5364 ut
896 5318 1060 5364 staret
1088 5312 1425 5382 excogitaus.

509 5404 673 5473 Αὔετο
699 5402 903 5460 ferebat
936 5413 1114 5459 autem
1146 5398 1461 5461 canversari
1495 5423 1615 5462 cum
1655 5410 1857 5465 multis.
1889 5410 2017 5465 Nam

435 5512 555 5550 cum
578 5495 810 5551 divinant
832 5498 1332 5565 contemplationem
1362 5499 1571 5554 visione
1592 5500 1804 5556 assidue
1831 5516 2020 5570 appre-

435 5587 714 5655 ltenderet,
748 5597 977 5643 mentent
1006 5587 1071 5643 ab
1092 5602 1153 5643 ea
1180 5590 1396 5644 nolebat
1418 5590 1734 5645 abstrahere
1762 5608 1777 5653 ;
1808 5591 1902 5645 sed
1939 5600 2019 5644 ta-

439 5696 562 5738 men
587 5682 689 5738 etsi
717 5692 862 5738 esset
888 5698 1070 5738 amore
1114 5692 1218 5737 tam
1250 5681 1555 5738 vehementi
1592 5681 1863 5751 prceditus,
1902 5699 2021 5753 per-

438 5776 677 5833 mittebat
702 5777 963 5847 aliquibus
996 5793 1057 5833 ett
1091 5776 1259 5844 notis,
1296 5785 1355 5830 ut
1403 5776 1451 5831 id
1483 5775 1621 5845 quod
1670 5783 1873 5844 portatu
1924 5776 2019 5831 ob-

2122 4661 2273 4715 nullo
2300 4679 2530 4733 unquam
2565 4665 2781 4720 homine
2825 4667 3069 4736 loquens.
3104 4669 3268 4737 quue
3307 4667 3490 4723 facere
3531 4683 3721 4737 perse«

2125 4755 2348 4818 veravit,
2382 4771 2485 4809 nou
2533 4772 2696 4825 parvo
2744 4766 3003 4827 tempore,
3031 4759 3127 4814 sed
3176 4759 3508 4829 longissimo.
3545 4758 3721 4811 Porro

2127 4857 2305 4901 autem
2339 4851 2573 4916 pontifex
2604 4851 2836 4906 civitatis
2863 4854 3016 4919 cujus
3043 4864 3158 4906 erat
3188 4853 3231 4905 is
3263 4866 3427 4917 V.Cll3,
3464 4866 3583 4906 cum
3613 4850 3719 4907 viri

2129 4938 2399 4995 didicisset
2433 4942 2681 4996 virtutem
2710 4986 2724 5009 ,
2757 4944 2983 4998 accessit
3009 4986 3023 5010 ,
3063 4944 3247 4998 volens
3275 4947 3322 4998 ei
3353 4942 3485 4998 dare
3515 4944 3721 4999 doutnn

2129 5034 2419 5087 sacerdotii
2446 5050 2458 5099 ;
2492 5045 2545 5088 et
2570 5035 2907 5089 domunculae
2939 5034 3176 5105 perfossa
3206 5036 3379 5105 aliqua
3412 5047 3559 5104 parte
3583 5076 3598 5100 ,
3632 5045 3721 5091 est

2129 5123 2400 5193 ingressus
2428 5141 2441 5191 ;
2475 5135 2527 5179 et
2572 5141 2787 5178 manum
2830 5128 3103 5194 imposuit,
3137 5138 3191 5182 et
3220 5126 3420 5196 peregit
3448 5126 3719 5195 precatio-

2130 5231 2247 5271 nem
2269 5258 2284 5280 ,
2318 5225 2372 5271 et
2399 5232 2542 5285 saepe
2571 5218 2784 5286 quidem
2815 5219 2865 5274 ei
2893 5220 3050 5283 dixit,
3080 5230 3132 5274 et
3156 5235 3274 5288 qua:
3304 5220 3368 5272 ad
3401 5234 3523 5273 eum
3551 5218 3717 5273 adve-

2128 5319 2278 5363 nerat
2307 5309 2533 5377 gratiam
2566 5310 2903 5379 signiﬁcavit.
2936 5311 3068 5363 Cum
3105 5311 3301 5364 nullam
3322 5317 3498 5364 autem
3525 5323 3716 5363 vocem

2126 5399 2408 5464 attdiisset,
2438 5400 2568 5453 abiit
2589 5400 2784 5469 jubens
2836 5410 2895 5456 ut
2944 5400 3086 5456 fossa
3119 5415 3305 5456 rursus
3334 5400 3719 5480 aedificaretur.

2127 5492 2425 5563 Aliquando
2455 5502 2631 5549 autem
2664 5510 2848 5550 rursus
2880 5495 2967 5563 qui
3008 5503 3162 5550 erant
3193 5496 3331 5549 illius
3360 5494 3461 5548 vici
3508 5509 3572 5547 ex
3604 5508 3721 5564 quo

2128 5599 2244 5642 erat
2279 5587 2569 5656 profectus,
2600 5602 2721 5643 cum
2771 5600 2932 5643 noctu
2984 5587 3205 5642 [luvium
3254 5585 3629 5656 traiecissent,
3660 5593 3719 5640 et

2129 5684 2344 5738 domum
2379 5682 2735 5751 perfodissent
2756 5725 2771 5750 ,
2803 5700 2925 5741 eum
2968 5684 3289 5753 accipientes
3325 5697 3422 5738 nec
3451 5683 3716 5738 resisten-

2131 5783 2235 5829 tem
2271 5787 2365 5827 nec
2394 5772 2671 5841 jubentcm
2695 5814 2709 5841 ,
2747 5775 2796 5829 itt
2833 5790 2985 5831 suum
3034 5774 3208 5831 vicum
3236 5783 3625 5846 expor‘aruttt;
3658 5778 3721 5845 et
