4052 6362
268 408 339 467 81
1362 400 1814 465 Ριὶιιυτιιευε,
1856 416 1971 455 Slve
2011 401 2450 457 TilEtll‘lllLES.
3480 406 3551 462 81

266 539 398 583 eum
427 523 587 580 talem
613 522 679 579 ad
708 523 981 578 Orientem
1003 519 1434 577 construxisseut
1461 517 1858 581 demunculam,
1893 519 1936 578 Α
1967 533 2064 587 gus
2090 519 2232 573 enim
2258 518 2399 573 haud
2431 518 2586 589 longe
2614 518 2823 588 aberat)
2867 528 2922 574 et
2949 533 3045 589 pro
3085 519 3240 576 altari
3269 535 3395 580 usus
3438 522 3552 575 dia-

274 631 402 673 eum
432 616 676 684 protinus
709 614 1059 669 incluserunt.
1098 611 1188 666 Ille
1217 621 1394 664 autem
1434 609 1683 663 similiter
1711 606 1865 676 quie-

275 715 385 762 tem
410 707 603 779 agebat
625 721 744 759 cum
776 705 868 759 illo
897 705 1141 772 loquens.
1178 702 1374 756 Paucis
1406 712 1584 754 autent
1615 708 1733 769 post
1752 699 1867 754 die-

274 797 399 861 bus,
428 799 517 866 qui
564 804 722 849 erant
764 795 906 850 illius
936 794 1036 849 vici
1084 794 1170 863 qui
1212 803 1294 847 est
1329 807 1396 848 ex
1437 791 1699 856 adverso,
1741 805 1863 844 cum

280 898 442 943 noctu
469 903 658 943 rursus
673 889 909 958 aggressi
932 897 1135 952 essent,
1164 898 1216 942 et
1238 886 1455 940 domum
1483 884 1862 951 perfodissem,

274 980 342 1035 ad
376 997 436 1035 se
464 982 820 1049 abduxerunt,
850 996 1025 1051 neque
1045 980 1522 1043 contradicentem,
1557 993 1652 1033 nec
1677 985 1732 1030 ut
1756 991 1868 1029 nta-

278 1082 436 1127 ueret
483 1082 759 1141 urgentem
788 1114 805 1141 ,
855 1087 1031 1141 neque
1074 1086 1258 1126 rursus
1309 1078 1557 1139 prompto
1601 1078 1655 1124 et
1702 1068 1865 1122 alacri

270 1165 460 1218 animo
489 1164 855 1219 recedentem.
887 1164 960 1219 Ita
990 1164 1222 1232 seipsum
1248 1162 1465 1215 omnino
1492 1161 1692 1215 m‘undo
1721 1175 1867 1214 mor-

276 1268 427 1312 tuum
478 1256 786 1320 constituit,
829 1266 884 1311 et
926 1256 1273 1324 apostolicam
1314 1254 1458 1307 illam
1504 1268 1689 1307 vocem
1742 1266 1868 1305 vere

276 1348 529 1418 loquens,
559 1348 780 1403 dicebat
808 1367 818 1401 :
842 1348 977 1403 Cum
1011 1346 1227 1401 Christo
1255 1360 1372 1399 sum
1397 1344 1709 1399 crucifixus.
1736 1343 1870 1397 Vivo

276 1450 480 1509 autem,
501 1440 614 1511 jam
641 1456 750 1495 non
780 1456 900 1510 ego.
934 1440 1065 1494 vivit
1086 1456 1216 1493 vero
1244 1440 1295 1491 itt
1321 1454 1405 1492 me
1427 1438 1689 1492 Christus.
1721 1436 1871 1502 Quod

274 1540 457 1585 autem
490 1546 633 1585 nunc
660 1533 782 1585 vivo
804 1532 861 1585 in
886 1529 1120 1597 Christo,
1154 1530 1204 1582 in
1235 1528 1338 1582 ﬁde
1372 1530 1490 1581 vivo
1518 1526 1636 1581 Filii
1674 1526 1762 1580 Dei
1783 1526 1873 1595 qui

279 1636 368 1675 me
394 1620 606 1685 dilexit,
637 1632 691 1676 et
718 1638 818 1692 pro
840 1638 925 1676 me
952 1621 1188 1689 seipsum
1217 1620 1362 1674 dedit
1383 1618 1581 1688 (Galat.
1613 1617 1694 1688 η).
1720 1618 1868 1674 Talis

237 1697 245 1703 ”
277 1712 366 1766 hic
386 1728 600 1782 quoque
624 1714 739 1770 fuit.
767 1714 1045 1770 Sufﬁciunt
1073 1715 1215 1769 enim
1240 1713 1353 1768 hac
1375 1713 1443 1768 ad
1483 1713 1871 1768 ostendendum

276 1818 451 1863 totum
478 1808 598 1876 ejus
628 1807 750 1861 vita:
781 1807 1105 1861 institutum.

1966 625 2224 665 eonorum
2256 612 2500 666 manibus
2520 652 2535 678 ,
2569 612 2851 683 mysticum
2875 653 2889 678 ,
2920 614 3190 678 divinum,
3224 624 3277 668 et
3320 614 3554 670 salutare

1969 701 2136 756 obtuli
2168 703 2514 758 sacriﬁciunt.
2549 704 2638 759 llle
2667 714 2844 759 autem
2875 706 3020 761 omni
3046 706 3270 777 spiritali
3297 708 3555 776 impleba-

1969 802 2054 847 tur
2082 794 2371 859 voluptate,
2403 805 2456 849 et
2485 797 2820 851 existimabat
2844 799 3080 864 seipsum
3110 801 3303 856 ccelum
3337 802 3547 856 videre'

1967 883 2283 954 dicebatque
2308 901 2367 941 se
2392 903 2658 957 nunquam
2691 898 2890 943 tantam
2922 892 3130 958 cepisse
3162 892 3418 946 laetitiam.

2040 977 2154 1045 Ego
2190 989 2368 1034 autem
2409 994 2529 1033 cum
2573 980 2643 1035 ab
2681 996 2744 1036 eo
2772 982 2925 1036 valde
2964 982 3150 1039 fuerim
3182 985 3430 1051 dilectus,
3460 976 3557 1055 ptr-

1970 1066 2076 1121 tavi
2121 1083 2207 1121 me
2236 1079 2290 1123 et
2329 1069 2378 1123 ei
2423 1070 2669 1138 injuriant
2711 1088 2832 1127 esse
2875 1073 3135 1129 facturum
3178 1077 3221 1129 si
3254 1093 3359 1131 tton
3394 1079 3553 1133 etiam

1972 1168 2239 1211 mortuum
2282 1158 2637 1225 laudaverim,
2668 1170 2723 1216 et
2750 1163 2890 1229 aliis,
2926 1165 2969 1218 si
3001 1181 3105 1219 non
3138 1165 3273 1223 hanc
3298 1168 3556 1237 Optimam

1971 1249 2360 1319 philosophiam
2405 1251 2483 1305 eis
2514 1256 2884 1322 proposuerim
2929 1255 3258 1316 imitandam.
3289 1259 3420 1313 Cum
3453 1260 3557 1313 ita-

1970 1358 2076 1414 que
2098 1360 2240 1398 nunc
2266 1359 2492 1400 oravero
2519 1355 2578 1400 ut
2607 1347 2723 1416 ejus
2751 1362 3049 1419 consequar
3078 1352 3352 1427 auxilium,
3382 1352 3559 1423 impo-

1975 1450 2095 1489 nam
2125 1436 2284 1491 ﬁnem
2312 1440 2631 1493 narrationi.

2557 1532 2785 1589 CAPUT
2826 1535 2970 1592 ΧΧΙ.

2569 1641 2791 1681 tacoeus
2834 1625 2967 1697 (52).

2046 1716 2307 1781 Quoniam
2350 1731 2536 1772 eorum
2583 1719 2670 1787 qui
2698 1718 2809 1789 jam
2853 1727 2978 1774 sunt
3020 1720 3248 1777 victores
3280 1722 3559 1787 declarati,

1977 1808 2189 1863 virtutis
2216 1808 2559 1875 athletarum,
2588 1810 2880 1864 certamina
2913 1810 3302 1879 recensnimus,
3335 1827 3564 1868 summa-

355 1899 469 1969 Ego
497 1906 671 1952 autem
700 1912 822 1952 cum
855 1898 1278 1952 benedictionetn
1308 1898 1375 1950 ab
1403 1912 1469 1953 eo
1512 1912 1719 1968 quoque
1750 1912 1871 1967 per-
1902 1894 1949 1952 B
1977 1901 2071 1954 tim
2104 1910 2381 1957 narrantes
2417 1911 2471 1957 et
2501 1919 2635 1972 quos
2664 1905 2718 1957 in
2753 1903 3061 1959 meditando
3092 1919 3379 1975 suscepere
3410 1907 3561 1962 labo'—

280 2005 505 2059 cepero,
529 1990 597 2045 ad
631 1991 792 2044 alium
827 1990 1083 2044 transibo.

891 2080 1120 2136 CAPUT
1162 2080 1277 2135 XX.

920 2189 1076 2228 tutus
1109 2173 1246 2243 (5t).

362 2268 456 2320 Est
483 2266 700 2321 Homeri
738 2266 952 2335 quidam
984 2268 1134 2319 vicus
1164 2267 1251 2334 qui
1282 2279 1312 2318 a
1343 2265 1496 2319 nobis
1528 2274 1747 2320 vocatur
1775 2277 1877 2321 nte-

289 2364 378 2415 tis.
419 2361 552 2416 Cum
596 2360 737 2429 apud
778 2376 899 2414 eum
933 2375 1147 2427 parvam
1177 2359 1457 2427 quamdam
1488 2359 1871 2414 domunculatn

285 2450 612 2506 aedificasset
653 2450 870 2504 divinus
900 2450 1081 2514 Maris,
1126 2451 1175 2501 itt
1208 2464 1267 2503 ea
1301 2450 1596 2517 permansit
1641 2451 1879 2506 inclusus

285 2541 503 2612 triginta
527 2551 581 2595 et
607 2552 813 2610 septem
843 2542 1017 2596 annis.
1050 2543 1125 2595 Ex
1155 2550 1338 2595 monte
1368 2550 1545 2596 autem
1580 2558 1747 2611 prope
1775 2546 1881 2598 sito

284 2654 351 2694 ea
402 2639 732 2707 suscipiebat
776 2641 1003 2694 multum
1051 2639 1306 2693 humoris.
1384 2637 1651 2707 Tempore
1699 2647 1879 2691 autem

289 2731 488 2786 hiemis
512 2732 755 2801 quzedam
787 2747 998 2800 quoque
1037 2741 1201 2801 gutta:
1240 2745 1393 2797 aqua:
1436 2731 1489 2784 in
1516 2745 1633 2785 cant
1664 2744 1884 2784 emana-

287 2825 442 2881 bant.
485 2825 754 2892 Quantum
801 2834 979 2879 autem
1014 2823 1137 2879 hinc
1164 2824 1344 2877 damni
1393 2824 1597 2878 oriatur
1641 2823 1882 2892 corpori-

290 2920 421 2984 bus,
452 2920 627 2973 sciunt
655 2929 710 2974 et
738 2919 886 2974 cives
914 2927 969 2974 et
996 2918 1211 2983 rustici;
1241 2932 1362 2971 nam
1390 2917 1454 2971 iis
1473 2932 1685 2987 quoque
1713 2918 1800 2986 qui
1833 2918 1884 2971 in

284 3011 440 3081 agris
468 3011 729 3077 habitant,
774 3010 1043 3065 manifesti
1088 3019 1214 3064 sunt
1260 3010 1430 3064 morbi
1473 3012 1561 3079 qui
1591 3026 1657 3064 ex
1685 3025 1751 3063 eo
1794 3025 1887 3063 na-

290 3111 548 3158 scuntur.
596 3102 704 3159 Sed
740 3110 916 3158 tamen
947 3119 1013 3156 ne
1044 3103 1158 3158 ha-c
1186 3103 1399 3172 quidem
1430 3118 1591 3158 sacro
1617 3103 1694 3157 illi
1724 3102 1886 3170 capiti

290 3205 684 3264 persuaserunt
728 3205 784 3249 ut
821 3203 1053 3249 mutaret
1088 3194 1499 3260 domunculam;
1545 3195 1638 3248 sed
1681 3194 1891 3250 fortiter

290 3296 352 3342 et
374 3295 688 3342 constanter
721 3290 1015 3357 permansit
1046 3288 1217 3342 donec
1239 3302 1454 3341 cursum
1484 3285 1797 3341 confecerit.

371 3379 511 3447 Quin
541 3384 701 3434 etiam
746 3380 979 3450 priorem
1011 3394 1222 3450 quoque
1268 3379 1432 3433 vitam
1484 3378 1740 3446 transegit
1766 3392 1890 3433 cum

292 3476 514 3529 virtutis
543 3474 817 3529 laboribus
848 3491 860 3526 :
892 3474 1031 3527 unde
1070 3484 1123 3527 et
1169 3474 1380 3542 corpori
1427 3481 1482 3526 et
1524 3472 1721 3526 anima:
1752 3486 1891 3526 con-

293 3566 537 3621 servavit
566 3565 865 3620 castitatem
892 3582 906 3631 ;
956 3565 1115 3632 idque
1161 3564 1274 3633 ipse
1306 3562 1433 3617 tnilti
1462 3572 1650 3631 aperte
1679 3562 1889 3633 signiﬁ-

290 3658 466 3722 cavit,
490 3657 690 3712 docens
718 3658 819 3713 sibi
851 3657 1112 3712 mansisse
1139 3670 1333 3725 corpus
1360 3656 1619 3724 integrum
1638 3664 1691 3710 et
1719 3655 1893 3708 incor—

296 3759 546 3819 ruptum,
579 3758 635 3805 et
660 3752 820 3820 quale
850 3765 1122 3819 egressum
1154 3756 1321 3802 fuerat
1349 3763 1414 3802 ex
1446 3759 1686 3801 materno
1715 3756 1889 3815 utero,

294 3841 466 3911 idque
494 3857 614 3896 cum
645 3842 842 3895 multos
868 3824 1236 3910 quidemdies
1284 3839 1449 3893 feSIos
1478 3848 1773 3907 martyrum
1806 3853 1894 3891 ce-

297 3934 569 3988 lebrasset
596 3949 716 3988 cum
758 3944 903 3988 esset
949 3934 1287 3997 adolescens,
1316 3932 1464 3986 vocis
1511 3940 1687 3986 autem
1733 3930 1890 3984 boni-

303 4036 414 4078 tate
441 4025 787 4080 demulsiSset
818 4027 1094 4093 populum.
1125 4025 1259 4078 Nam
1304 4036 1355 4078 et
1384 4025 1612 4094 plurimo
1652 4032 1893 4087 tempore

299 4120 668 4186 perseveravit
721 4119 967 4185 psallere,
1015 4125 1070 4170 et
1111 4115 1206 4169 fttit
1248 4117 1443 4185 insigni
1496 4114 1894 4185 pulchritudine

292 4209 565 4275 corporis.
600 4209 703 4264 Sed
740 4219 915 4263 tamen
947 4223 1045 4263 nec
1089 4210 1296 4276 species
1323 4208 1586 4277 corporis,
1622 4222 1719 4261 nec
1745 4207 1893 4261 vocis

296 4302 539 4365 claritas,
587 4316 689 4355 nec
722 4317 838 4370 qua:
887 4301 935 4356 ei
978 4317 1096 4355 cum
1143 4303 1321 4355 multis
1374 4301 1741 4356 intercedebat
1765 4317 1893 4355 con-

294 4393 529 4460 gressio,
556 4394 745 4447 anima:
772 4394 1155 4462 pulchritudini
1186 4396 1378 4463 aliquid
1410 4396 1715 4448 detrimenti
1749 4403 1889 4449 attu-

298 4484 521 4538 litzsed
562 4485 746 4539 vivens
792 4487 1041 4540 similiter
1079 4495 1239 4555 atque
1290 4488 1323 4539 ii
1370 4488 1458 4553 qui
1505 4496 1629 4540 sunt
1675 4486 1890 4552 inclusi,

296 4589 417 4628 sua:
461 4590 642 4629 curant
684 4577 903 4645 gerebat
954 4579 1166 4631 attitnzc.
1215 4578 1472 4631 Virtutem
1506 4587 1683 4631 autent
1732 4580 1888 4632 auxit

298 4681 518 4734 quoque
548 4668 818 4722 laboribus
846 4684 981 4738 quos
1010 4671 1309 4723 sustinebat
1337 4670 1594 4723 inclusus.

378 4756 491 4827 Ego
532 4759 688 4827 hujus
736 4775 880 4829 saepe
929 4777 1054 4814 usus
1100 4778 1216 4815 sum
1263 4761 1687 4827 consuetudine;
1733 4759 1893 4830 jussit

298 4851 447 4905 enim
482 4851 615 4905 mihi
634 4852 830 4921 aperiri
857 4856 1084 4918 ostium;
1114 4856 1404 4923 quinetiam
1432 4855 1892 4921 complectebatur

300 4958 395 4997 ttte
424 4944 750 5020 venientem,
799 4954 852 4999 et
893 4944 962 5000 de
1009 4947 1364 5016 philosophia,
1416 4949 1529 5002 fusa
1581 4948 1891 5018 prolixaque

296 5035 561 5088 utebatur
589 5035 856 5091 oratione.

379 5127 547 5182 Porro
572 5135 750 5182 autem
780 5127 867 5182 hic
896 5143 1108 5198 quoque
1137 5128 1237 5183 fuit
1266 5130 1612 5199 simplicitate
1642 5130 1886 5199 insignis,

293 5227 356 5274 et
386 5219 564 5275 varios
604 5234 787 5274 mores
812 5221 1033 5276 omnino
1061 5221 1403 5276 abhorrebat.
1444 5222 1676 5289 Inopiam
1708 5233 1886 5277 autem

295 5312 473 5383 magis
501 5312 687 5369 dilexit
713 5329 870 5385 quam
896 5328 1131 5369 summas
1159 5316 1361 5384 copias.
1388 5315 1680 5384 Nonaginta
1708 5325 1885 5371 autem

295 5421 473 5459 annos
515 5416 694 5471 natus,
746 5408 999 5463 utebatur
1047 5408 1285 5463 vestibus
1332 5410 1597 5463 contextis
1639 5423 1706 5464 ex
1749 5409 1887 5464 villis

292 5498 558 5565 caprinis.
589 5498 753 5553 Panis
779 5511 956 5554 autem
986 5512 1038 5555 et
1069 5514 1252 5569 parum
1277 5500 1404 5555 salis
1425 5501 1737 5555 nutrimenti
1768 5502 1888 5571 ejus

294 5608 456 5647 usum
490 5592 819 5661 implebant.
846 5594 979 5650 Cum
1011 5606 1188 5652 autem
1220 5598 1381 5668 longo
1412 5609 1653 5668 tempore
1678 5597 1889 5652 deside-

296 5692 476 5739 rasset
529 5683 713 5739 videre
755 5684 934 5739 otl‘erri
985 5687 1223 5755 spiritale
1267 5695 1324 5743 et
1366 5688 1649 5758 mysticum
1682 5686 1891 5742 sacriﬁ-

291 5776 465 5841 cium,
497 5779 705 5846 rogavit
748 5788 803 5832 ut
839 5778 1001 5833 divini
1032 5780 1156 5835 doni
1191 5781 1297 5836 illic
1330 5783 1482 5837 ﬁeret
1522 5780 1742 5837 oblatio.
1775 5778 1888 5850 Ego

291 5882 430 5939 ure
460 5870 708 5929 lubenter
743 5872 925 5941 parui;
958 5880 1009 5926 et
1038 5873 1171 5941 jussi
1207 5889 1355 5930 sacra
1389 5888 1515 5931 vasa
1542 5871 1719 5929 afferri
1770 5883 1887 5945 (pa-

1977 2008 2085 2056 res,
2117 2003 2170 2046 et
2200 2008 2331 2062 quos
2377 1994 2428 2047 in
2460 1994 2844 2049 certaminibus
2874 1996 3114 2064 perpessi
3159 2007 3277 2049 sunt
3310 1996 3561 2063 sudores,

1973 2086 2140 2156 838
2165 2092 2220 2140 et
2262 2087 2414 2154 longe
2457 2085 2785 2141 clarissimas
2831 2096 2884 2141 et
2927 2086 3158 2141 maxime
3209 2087 3444 2157 insignes
3489 2089 3567 2141 vi-

1977 2176 2197 2243 ctorias,
2231 2192 2329 2246 age
2364 2190 2548 2231 eorum
2578 2192 2790 2246 quoque
2818 2193 2904 2249 qut
2937 2178 3113 2233 adhuc
3151 2189 3276 2233 sunt
3305 2179 3568 2245 supersti-

1982 2279 2081 2333 tes,
2123 2278 2178 2323 et
2218 2269 2499 2338 magniﬁce
2547 2270 2844 2335 decertant,
2890 2279 2945 2323 et
2985 2270 3317 2324 contendunt
3361 2269 3566 2339 priores

1980 2362 2194 2416 vincere
2245 2362 2529 2415 sudoribus
2555 2402 2567 2423 ,
2613 2363 2732 2415 vitae
2763 2361 3000 2415 instituta
3042 2362 3467 2425 conscribamus,
3516 2370 3571 2415 et

1983 2451 2212 2522 pasteris
2257 2452 2437 2507 utilem
2488 2451 2849 2522 relinquamus
2899 2452 3230 2505 memoriam.
3288 2451 3570 2519 Quomodo

1982 2548 2126 2601 enim
2168 2560 2351 2601 eorum
2391 2546 2480 2614 qui
2522 2544 2650 2599 olim
2695 2543 3076 2612 reSpIendnere
3106 2553 3412 2597 sanctorum
3444 2543 3571 2597 vita:

1984 2639 2283 2692 institutunt
2310 2637 2536 2705 posteris
2563 2635 2847 2689 maximam
2875 2635 3051 2689 attulit
3075 2634 3385 2700 utilitatem;
3416 2638 3485 2689 ita
3509 2634 3573 2690 iis

1983 2731 2071 2801 qui
2115 2744 2212 2784 nos
2240 2737 2638 2799 consequentur
2672 2737 2830 2784 erunt
2871 2727 3194 2797 exemplaria
3224 2742 3409 2782 eorum
3450 2743 3573 2781 nar-

1987 2824 2245 2878 rationes.

2059 2913 2271 2967 lnitium
2319 2919 2495 2966 autem
2543 2911 2732 2965 ducam
2766 2927 2791 2964 a
2827 2925 3019 2980 magno
3044 2910 3280 2976 Jacobo;
3333 2911 3378 2966 is
3428 2911 3572 2966 enim

1988 3011 2045 3058 et
2075 3012 2314 3071 tempore
2339 3010 2395 3056 et
2424 3001 2608 3055 labore
2634 3010 2718 3054 est
2744 3000 2891 3069 prior
2916 3000 3058 3066 aliis,
3090 3010 3144 3055 ct
3174 3001 3263 3070 qui
3295 3016 3418 3055 eum
3447 3010 3576 3054 sunt

1991 3096 2245 3160 mmulati,
2277 3094 2476 3148 faciunt
2503 3092 2841 3148 admirabilia
2870 3103 2922 3146 et
2947 3108 3065 3163 quae
3088 3104 3210 3148 sunt
3236 3102 3431 3162 praeter
3460 3093 3577 3164 opi-

1996 3189 2227 3243 nionem.
2283 3185 2540 3241 Usuvenit
2582 3195 2783 3253 autem,
2836 3186 3018 3239 nescio
3064 3186 3357 3255 quomodo,
3413 3195 3471 3240 ut
3524 3199 3578 3240 et

1916 3276 1963 3339 C
1994 3295 2177 3335 eorum
2208 3270 2313 3347 “qui
2361 3287 2731 3339 excesserunt,
2781 3286 2837 3332 et
2883 3291 3069 3332 eorum
3118 3278 3207 3345 qui
3253 3277 3426 3332 adhuc
3455 3291 3578 3333 sunt

1990 3370 2326 3438 superstites,
2360 3368 2460 3424 hoc
2490 3370 2559 3422 sit
2584 3368 2813 3437 primum
2853 3382 3066 3423 nomen.
3114 3367 3325 3423 Etenim
3365 3371 3578 3439 quando

1995 3462 2211 3517 narravi
2240 3476 2424 3515 eorunt
2456 3462 2579 3515 vita:
2608 3460 2929 3523 institutum,
2963 3459 3169 3514 initium
3203 3463 3404 3529 sumpsi
3437 3478 3466 3515 a
3496 3462 3579 3516 di-

1991 3557 2118 3612 vino
2154 3556 2244 3611 illo
2280 3556 2481 3611 Jacoho
2508 3554 2596 3625 qui
2621 3554 2888 3609 Persicum
2928 3554 3074 3607 illutn
3116 3556 3411 3611 exercitum
3447 3557 3581 3611 fudit

1993 3650 2105 3703 suis
2149 3647 2421 3715 precibus;
2469 3657 2525 3700 et
2571 3662 2690 3700 cum
2740 3647 3068 3702 corruissent
3108 3647 3253 3702 urbis
3300 3664 3576 3705 murorum

1996 3739 2249 3801 ambitus,
2277 3754 2449 3808 neque
2473 3740 2714 3807 permisit
2745 3739 2929 3793 urbem
2957 3741 3096 3807 capi,
3125 3749 3180 3794 et
3199 3744 3373 3811 coegit
3396 3742 3579 3812 fugere

1997 3831 2358 3895 adversarios,
2391 3845 2509 3883 cum
2546 3831 2595 3882 in
2629 3845 2721 3885 eos
2771 3830 3003 3883 misisset
3032 3830 3325 3885 exercitum
3359 3848 3587 3886 musca-

1996 3940 2116 3979 rum
2146 3933 2200 3978 et
2232 3924 2460 3977 culicum
2491 3922 2627 3996 (55).
2660 3922 2759 3990 Qui
2791 3938 2918 3992 ergo
2948 3922 3025 3976 illi
3052 3923 3230 3979 simile
3274 3941 3466 3980 nomen
3496 3941 3580 3981 εει

1996 4020 2238 4085 sortitus,
2271 4028 2323 4071 et
2350 4030 2428 4071 est
2458 4017 2506 4071 ei
2555 4018 2744 4069 similis
2777 4016 3038 4083 moribus,
3068 4017 3139 4071 sit
3168 4021 3367 4084 primus
3405 4019 3457 4073 in
3488 4034 3578 4073 or-

1998 4112 2122 4166 dine
2168 4110 2486 4164 athletarum
2536 4110 2625 4177 qui
2680 4107 2856 4163 adhuc
2905 4118 3029 4163 sunt
3074 4112 3409 4178 superstites,
3470 4128 3586 4166 non

1997 4208 2247 4275 quoniam
2280 4202 2519 4271 ejusdem
2567 4211 2651 4255 est
2699 4203 2927 4255 nominis
2974 4203 3262 4273 particeps.
3307 4204 3398 4258 sed
3447 4221 3591 4276 quo-

2000 4299 2137 4352 niam
2171 4306 2254 4351 est
2284 4297 2424 4350 illius
2456 4297 2704 4349 virtutem
2748 4296 3047 4361 tumulatus,
3093 4305 3147 4351 et
3177 4299 3270 4351 fuit
3314 4298 3433 4369 ipse
3459 4300 3578 4353 aliis

1997 4394 2276 4460 exemplar
2303 4393 2676 4464 philosopltim.
2711 4393 2841 4446 Nant
2864 4408 2985 4447 cum
3028 4394 3185 4448 simul
3228 4410 3347 4449 cmn
3380 4393 3578 4464 inclyto

1998 4489 2087 4541 illo
2119 4488 2337 4541 Marone
2384 4495 2527 4539 esset
2577 4493 2841 4549 versatus,
2892 4496 2945 4541 et
2993 4486 3108 4554 ejus
3155 4472 3347 4540 divime
3395 4485 3581 4540 fuisset

1995 4580 2254 4632 doctrinae
2287 4579 2570 4645 particeps,
2612 4576 2913 4630 obscuravit
2946 4588 3325 4646 prmceptorcm
3359 4576 3577 4646 majori-

1920 4666 1970 4723 D
1997 4668 2095 4723 bus
2144 4668 2434 4721 laboribus.
2491 4668 2583 4721 llle
2629 4668 2770 4721 enim
2803 4676 2857 4722 et
2887 4683 3158 4722 murorum
3208 4677 3574 4736 tegumentum

1996 4762 2179 4816 habuit
2221 4763 2475 4833 templum
2514 4763 2710 4817 veteris
2739 4762 2958 4831 erroris,
2990 4771 3042 4815 et
3071 4777 3134 4816 ex
3179 4762 3404 4830 pellibus
3445 4776 3577 4817 con-

1997 4864 2197 4909 textum
2227 4854 2339 4908 ﬁxit
2395 4854 2827 4915 tabernaculum;
2869 4863 2923 4907 et
2956 4868 3021 4909 eo
3057 4862 3229 4917 utens,
3285 4853 3472 4910 iutbris
3523 4869 3578 4911 et

1997 4950 2133 5003 nivis
2161 4946 2447 5017 effugiebat
2469 4949 2696 5015 impetus
2722 4962 2735 4999 :
2762 4946 2848 4999 hic
2880 4953 3054 4998 autem
3095 4944 3176 4997 Itis
3206 4946 3452 5000 omnibus
3484 4962 3579 5000 va-

1998 5041 2111 5095 lere
2153 5040 2337 5109 jussis,
2368 5048 2421 5092 tt
2450 5037 2814 5101 tabernaculo,
2848 5044 2902 5089 et
2932 5036 3164 5103 tugurio,
3209 5046 3263 5091 et
3302 5053 3577 5094 murorum

1996 5141 2322 5202 tegumenta,
2344 5146 2439 5201 pro
2470 5140 2609 5186 tecto
2641 5130 2801 5184 habet
2820 5129 3036 5195 coelum,
3065 5131 3362 5187 contrarios
3389 5146 3580 5188 omnes

1994 5224 2134 5278 aeris
2179 5224 2405 5292 impe'us
2446 5222 2756 5276 sustinens:
2786 5234 2925 5274 nunc
2954 5222 3164 5290 quidem
3208 5223 3380 5290 pluvia
3415 5224 3584 5279 vehe-

1996 5315 2157 5369 nteuti
2190 5315 2433 5378 obrutus,
2458 5328 2594 5366 nunc
2624 5319 2800 5365 autem
2825 5311 2993 5381 glacie
3022 5323 3074 5367 et
3094 5312 3218 5367 nive
3241 5315 3573 5385 congelatus,

1992 5408 2277 5475 aliquando
2306 5415 2479 5461 autem
2514 5404 2678 5459 radiis
2707 5405 2835 5459 solis
2862 5413 3029 5461 tostus
3045 5416 3101 5463 et
3130 5415 3370 5476 exustus,
3400 5415 3453 5463 et
3481 5408 3573 5461 adc

1995 5515 2179 5555 versus
2221 5502 2395 5554 omnia
2447 5513 2506 5552 se
2552 5499 2762 5555 fortiter
2812 5512 2866 5557 et
2911 5511 3220 5557 constanter
3260 5515 3476 5571 gerens,
3521 5510 3573 5555 et

1995 5602 2243 5659 tanquam
2294 5594 2344 5645 in
2393 5592 2569 5646 alieno
2599 5601 2813 5648 certans
2859 5608 3107 5663 corpore,
3151 5602 3205 5647 et
3245 5592 3575 5647 contendens

1992 5684 2205 5738 vincere
2252 5690 2492 5736 naturant
2536 5684 2778 5754 corporis
2828 5686 3103 5739 alacritate
3142 5683 3325 5737 animi.
3366 5682 3575 5738 Hortali

1992 5777 2133 5830 enim
2170 5774 2270 5829 hoc
2298 5783 2351 5830 et
2378 5776 2579 5844 patibili
2610 5791 2835 5848 corpore
2866 5777 3102 5841 indutus,
3135 5777 3298 5830 vitam
3327 5777 3435 5846 agit
3464 5784 3572 5830 tan-

1993 5882 2148 5937 quam
2195 5867 2534 5936 impatibilis;
2579 5881 2631 5925 et
2662 5872 2821 5927 vitam
2862 5871 3228 5938 incorpoream
3264 5869 3314 5923 iu
3346 5886 3595 5940 corpore-
