4052 6362
463 425 532 482 85
1611 411 1699 467 DE
1742 407 1920 465 VITIS
1958 405 2063 463 PA?

2169 408 2239 463 JH
2280 359 2481 466 L'IBER
2521 406 2607 466 IX.
3672 408 3745 471 ιι

462 531 755 599 meditans,
797 531 993 586 clamat
1021 542 1142 582 cum
1170 526 1328 581 beato
1355 523 1516 578 Paulo
1546 540 1559 575 :
1590 523 1646 577 lu
1670 537 1833 578 carne
1859 518 2047 574 ambu-
2079 519 2128 578 Α
2158 517 2294 575 ferre
2320 521 2427 576 vim
2450 523 2578 578 solis
2613 522 2919 587 radiorum;
2952 532 3007 578 et
3051 524 3232 594 rogavi
3263 533 3316 578 ut
3349 522 3475 580 mihi
3504 522 3744 597 aliquam

460 630 657 694 lantes,
682 640 789 680 non
816 620 1107 678 secundum
1133 633 1354 675 carnem
1382 617 1688 673 militamus.
1716 615 1877 669 Arma
1900 614 2043 668 enim

462 730 646 775 nostra
692 732 796 771 non
840 723 965 772 sunt
1002 713 1272 777 carnalia.
1314 710 1407 765 scd
1441 708 1673 779 potentia
1715 707 1826 762 Deo
1854 706 1921 761 ad
1947 707 2045 761 de-

461 813 811 867 Itructionem
864 810 1338 869 munimentorum,
1381 805 1723 860 destruentes
1768 799 2047 868 cogitatio~

461 919 562 959 nes
590 910 647 958 et
682 916 895 957 omnem
939 899 1269 955 altitudinem
1295 912 1415 966 qua:
1449 908 1509 950 se
1544 893 1755 949 extollit
1792 891 2048 946 adversus

463 996 560 1055 Dei
600 996 982 1067 cognitionem,
1020 1001 1075 1048 et
1117 989 1445 1056 raptivantes
1474 1001 1687 1041 omnem
1718 983 2048 1039 intellectum

462 1088 532 1145 ad
581 1087 674 1143 Dei
715 1082 1068 1141 obedientiam
1114 1078 1204 1149 (11
1227 1078 1346 1134 Cor.
1388 1079 1466 1146 π).
1514 1074 1620 1130 Sed
1673 1075 1787 1129 haec
1834 1072 2050 1143 quidem

466 1178 759 1237 certamina
789 1194 907 1247 qua:
936 1183 1060 1229 sunt
1096 1188 1259 1241 super
1285 1180 1552 1234 naturam,
1586 1168 1636 1221 in
1669 1165 1963 1221 minoribus
1990 1178 2052 1219 se

466 1273 770 1328 exercendo
817 1269 1087 1324 laboribus
1136 1274 1217 1318 cst
1264 1264 1575 1319 meditatus.
1648 1259 1776 1314 Nam
1828 1273 1949 1313 eum
1998 1261 2050 1311 iit

465 1380 628 1434 parva
656 1362 879 1434 quadam
909 1356 1231 1413 domuncula
1269 1370 1329 1410 se
1367 1355 1515 1423 prius
1546 1351 1875 1414 inelusisset,
1904 1357 1957 1425 et
1986 1347 2056 1403 ab

465 1455 708 1510 externis
756 1450 1073 1506 tumultibus
1119 1447 1348 1501 animam
1395 1443 1698 1503 liberasset,
1729 1449 1781 1494 et
1809 1437 2056 1493 recorda-

467 1546 595 1598 tioui
628 1544 723 1598 Dei
754 1551 987 1599 mentem
1016 1539 1295 1603 affixisset,
1325 1534 1403 1590 sic
1434 1534 1724 1605 perfectam
1756 1544 1807 1587 at
1839 1530 2058 1586 absolu-

467 1650 571 1689 tam
602 1634 964 1691 meditabatur
989 1632 1262 1685 virtutem.

540 1730 674 1785 Cum
704 1737 879 1784 autem
911 1741 971 1782 se
996 1725 1197 1795 optime
1238 1723 1594 1787 exercuisset,
1639 1729 1695 1774 et
1723 1717 1880 1773 bonis
1907 1714 2057 1771 labo-

466 1823 615 1881 ribus
634 1823 864 1878 animam
886 1818 1285 1878 assuefecisset,
1311 1818 1512 1884 majora
1540 1828 1702 1868 ausus
1733 1821 1813 1865 est
1839 1808 2056 1880 aggredi

2151 615 2413 670 modicam
2435 618 2575 686 apud
2603 632 2662 675 se
2691 617 2930 672 umbram
2954 619 3316 689 expanderet:
3344 621 3436 687 qui
3458 629 3743 691 postquam

2147 706 2324 775 jussit,
2359 711 2531 765 tribus
2555 710 2674 766 fixis
2700 711 3071 778 arundinibus,
3105 722 3161 767 et
3193 712 3258 768 iis
3283 712 3494 768 duobus
3522 704 3761 783 imposi-I

2153 800 2222 854 tis
2244 801 2455 867 ciliciis,
2479 804 2724 857 umbram
2748 803 3144 859 adinvenimus.
3167 805 3303 859 Cum
3328 815 3505 861 autem
3528 806 3748 875 jnberet

2154 905 2241 945 me
2269 891 2301 945 ir
2323 894 2494 961 gredi,
2528 893 2708 963 Turpe
2735 904 2840 960 est,
2888 895 3126 963 inquam,
3165 909 3201 949 o
3232 896 3413 967 Pater,
3439 906 3496 951 ιιι
3524 913 3625 966 ego
3652 899 3743 966 qui

2151 996 2269 1035 sum
2297 992 2347 1037 et
2376 983 2587 1052 juvenis
2618 995 2671 1039 et
2699 986 2883 1040 valens
2910 986 3131 1052 viribus,
3166 985 3304 1041 hanc
3332 1003 3587 1059 assequar
3614 1002 3746 1043 con-

2154 1074 2496 1141 solationem,
2523 1088 2577 1130 tu
2605 1087 2783 1131 autem
2815 1078 2906 1146 qui
2934 1086 2989 1133 et
3014 1078 3314 1133 vehementi
3345 1079 3492 1133 febre
3521 1080 3746 1145 teneris,

2154 1176 2207 1221 et
2237 1182 2372 1236 opus
2396 1168 2561 1223 habes
2591 1169 2683 1224 tali
2702 1170 3088 1235 consolatione,
3113 1170 3242 1225 foris
3264 1172 3452 1227 sedeas
3480 1172 3755 1241 accipiens

2158 1256 2415 1325 impetum
2440 1258 2570 1311 radii
2592 1260 2806 1316 solaris.
2834 1260 2891 1315 Si
2917 1260 2993 1315 vis
3014 1276 3162 1331 ergo,
3189 1262 3426 1329 inquam,
3458 1276 3543 1315 tne
3561 1264 3751 1315 umbra

2157 1350 2282 1414 frui,
2316 1352 2391 1405 sis
2436 1351 2565 1406 mihi
2597 1355 2775 1407 socius
2803 1352 2994 1407 modici
3027 1353 3185 1422 hujus
3230 1353 3591 1418 tabernaculi;
3624 1366 3752 1406 nam

2158 1451 2333 1497 tecum
2372 1443 2587 1513 quidem
2629 1445 2751 1498 volo
2802 1461 3052 1512 manere,
3100 1446 3192 1499 scd
3243 1446 3491 1514 prohibet
3540 1444 3749 1499 radius.

2156 1537 2330 1591 Cessit
2361 1538 2536 1608 itaque
2568 1540 2650 1593 his
2689 1540 2864 1594 verbis
2894 1540 3109 1606 auditis,
3140 1550 3196 1595 et
3222 1555 3396 1593 meum
3425 1537 3635 1606 accepit
3662 1552 3753 1592 re—

2161 1629 2420 1685 medinnf.
2449 1632 2512 1685 Et
2534 1634 2783 1701 quoniam
2811 1632 2998 1687 umbra
3032 1632 3341 1686 fruebamur
3370 1632 3755 1693 communiter,

2159 1721 2302 1792 coepi
2335 1739 2520 1778 rursus
2548 1723 2710 1778 alium
2756 1740 3059 1778 sermonem
3090 1724 3304 1790 alfeire,
3338 1732 3392 1777 et
3419 1724 3527 1777 dixi
3562 1741 3575 1775 :
3605 1722 3759 1790 Opus

2160 1828 2242 1868 est
2273 1825 2330 1868 ut
2357 1816 2691 1882 accumbam,
2720 1830 2840 1871 cum
2868 1816 3130 1870 c'ixendix
3160 1831 3263 1869 non
3292 1818 3420 1869 citra
3452 1814 3756 1869 molestiam

467 1912 788 1979 certamina;
821 1920 1019 1966 etcum
1051 1910 1115 1963 ad
1148 1909 1287 1962 hunc
1318 1916 1553 1962 montem
1583 1905 1941 1975 pervenisset,
1967 1901 2059 1972 qui
2101 1896 2143 1955 Β
2177 1906 2406 1976 patiatur
2450 1910 2769 1965 sessionem.
2826 1910 2931 1963 Sed
2973 1925 3159 1964 rursus
3189 1913 3407 1979 rogabat
3435 1907 3650 1979 quidem
3697 1916 3757 1962 ut

469 2005 689 2075 triginta
720 2003 908 2059 stadiis
934 2003 1096 2055 distat
1121 2000 1188 2055 ab
1217 2001 1315 2054 hac
1345 1999 1498 2065 urbe,
1531 2013 1650 2051 eum
1684 1995 1913 2049 reddidit
1942 1993 2062 2048 illu-

470 2103 639 2150 strcm
668 2102 723 2148 et
748 2093 1111 2149 venerandum
1131 2132 1145 2151 .
1188 2091 1274 2158 qui
1302 2097 1419 2146 erat
1444 2089 1573 2143 olim
1605 2087 1864 2142 obscurus
1886 2095 1941 2142 et
1969 2099 2061 2155 pe-

477 2186 623 2241 nitus
664 2185 911 2240 infertilis
939 2203 953 2239 :
985 2199 1127 2239 nunc
1175 2193 1353 2238 autem
1388 2181 1622 2236 creditur
1661 2188 1858 2235 tantam
1905 2192 2058 2234 acce-

470 2276 616 2346 pisse
638 2277 1085 2341 benedictionem,
1118 2287 1172 2327 ut
1202 2285 1342 2328 terra
1371 2289 1488 2342 «jure
1517 2282 1600 2327 est
1644 2270 1888 2341 imposita
1933 2284 2060 2324 con-

474 2376 717 2423 sumatur
744 2368 992 2424 omnibus
1025 2367 1112 2436 qoi
1145 2365 1379 2434 undique
1407 2362 1719 2426 adveniunt,
1757 2359 1823 2414 ad
1856 2359 2059 2413 utilita-

478 2473 585 2515 rem
612 2476 727 2514 eam
760 2459 1183 2529 exportantibns.
1234 2459 1288 2513 In
1335 2472 1400 2511 eo
1430 2457 1588 2511 vitam
1633 2469 1800 2525 agens
1827 2453 2063 2507 cernitur

470 2553 547 2607 ob
571 2553 820 2608 omnibus
858 2550 1253 2614 accedentibus,
1291 2566 1397 2605 non
1432 2549 1652 2611 habens,
1692 2557 1751 2601 ut
1779 2545 1912 2609 dixi,
1939 2559 2063 2613 spe-

478 2646 714 2709 luncam,
746 2660 852 2699 non
893 2644 1318 2707 tabernaculmn,
1352 2658 1456 2696 non
1488 2641 1778 2711 tngutium,
1812 2653 1919 2692 non
1950 2638 2061 2690 fos-

476 2753 616 2802 sam,
648 2752 753 2792 non
785 2751 968 2804 sepem
1000 2751 1118 2804 quae
1148 2751 1269 2787 eum
1301 2734 1589 2788 circumdet
1614 2746 1676 2786 ac
1702 2730 1939 2791 muniat;
1968 2728 2061 2783 sed

477 2829 690 2885 videtur
715 2844 875 2885 orans
900 2838 955 2885 et
978 2832 1281 2899 quiescens,
1324 2837 1376 2881 et
1405 2839 1555 2882 stans
1581 2837 1634 2882 et
1658 2826 1874 2890 sedens,
1898 2833 1952 2879 et
1979 2838 2063 2878 sa-

478 2937 581 2977 nus
608 2929 663 2975 et
687 2934 805 2977 eum
837 2922 1012 2992 aliqua
1047 2929 1260 2976 tenetur
1303 2919 1652 2989 agritudine;
1685 2917 1819 2972 advo
1842 2926 1899 2971 ιιι
1925 2917 2062 2971 assi-

480 3014 584 3067 due
627 3013 981 3080 praesentibus
1024 3012 1271 3067 decertet
1319 3011 1735 3081 spectatoribus,
1781 3017 1836 3063 et
1862 3018 2063 3063 natura!

468 3102 711 3172 expellat
754 3103 1118 3158 necessitates.
1189 3104 1377 3173 Neque
1417 3102 1558 3157 enim
1608 3103 1727 3156 aliis
1761 3100 2064 3155 hominibus

479 3194 565 3264 qui
608 3203 733 3249 sunt
780 3195 1011 3264 ingenue
1053 3204 1338 3265 utcumque
1381 3195 1611 3260 educati,
1645 3196 1881 3250 externis
1916 3210 2061 3263 prat-

2166 1999 2536 2054 accumberem
2583 2017 2597 2053 :
2646 2000 2693 2054 ei
2728 2008 2907 2054 autem
2959 2009 3145 2054 contra
3178 1998 3446 2065 respondi,
3498 2013 3602 2052 non
3631 2011 3759 2053 esse

2166 2090 2501 2144 tolerandum
2532 2100 2588 2143 ut
2614 2105 2713 2160 ego
2742 2090 3121 2145 decumberem
3172 2092 3357 2144 videns
3386 2105 3508 2143 cum
3554 2090 3758 2143 seden-

2166 2192 2292 2236 tent.
2319 2181 2374 2237 Si
2398 2182 2477 2236 vis
2507 2198 2651 2251 ergo,
2679 2183 2917 2248 inquam,
2944 2198 3028 2236 tne
3058 2197 3272 2251 quoque
3301 2180 3401 2234 frui
3428 2181 3523 2233 hac
3549 2181 3756 2249 quiete,

2160 2272 2521 2327 communiter
2549 2272 2951 2336 acctttnbamus,
2989 2287 3022 2324 o
3054 2272 3247 2337 l'ater;
3296 2288 3398 2323 non
3434 2271 3755 2325 erubescant

2164 2369 2307 2424 enim
2339 2369 2484 2423 solus
2514 2367 2865 2423 decumbens.
2905 2367 3035 2421 Cum
3069 2366 3265 2421 talibus
3304 2366 3485 2419 verbis
3512 2365 3758 2435 decepis-

2165 2476 2279 2516 sem
2309 2461 2428 2530 ejus
2457 2460 2815 2526 tolerantiam,
2849 2460 2897 2514 ei
2928 2460 3205 2514 accubitus
3234 2458 3451 2513 exhibui
3479 2458 3753 2514 solatium.

2166 2550 2222 2604 In
2257 2551 2375 2606 solo
2403 2560 2579 2604 autem
2608 2551 2806 2618 jacenti
2834 2564 3027 2605 suaves
3068 2550 3283 2604 adhibui
3313 2565 3611 2619 sermones,
3640 2560 3756 2604 tra-

2164 2642 2366 2697 ducens
2395 2643 2461 2697 ad
2493 2642 2654 2696 animi
2682 2643 3087 2712 jucunditatem.
3116 2643 3272 2697 litanti
3303 2652 3480 2697 autem
3511 2643 3755 2697 immissa

2166 2737 2306 2789 intra
2330 2744 2559 2800 vestem,
2604 2736 2871 2789 tentaham
2915 2736 3031 2804 ejus
3062 2737 3282 2789 dorsum
3332 2736 3612 2790 moderate
3658 2735 3757 2789 ab~

2167 2836 2429 2896 stergere,
2463 2838 2588 2881 tunc
2637 2827 2745 2882 vidi
2790 2842 3039 2897 magnum
3087 2829 3214 2884 ferri
3259 2829 3497 2897 pondus.
3529 2826 3672 2898 quod
3699 2835 3757 2882 et

2169 2917 2382 2974 lumbos
2410 2918 2662 2987 alligabat
2688 2928 2741 2974 et
2779 2921 2976 2975 collum
3022 2937 3035 2972 :
3075 2918 3184 2990 jam
3216 2936 3345 2974 vero
3393 2921 3517 2975 alia:
3542 2935 3758 2991 quoque

2167 3019 2374 3066 calente
2403 3025 2432 3062 a
2462 3010 2666 3065 circulo
2704 3011 2791 3081 qui
2823 3020 2942 3065 erat
2972 3011 3111 3065 circa
3142 3011 3359 3081 collum,
3390 3010 3509 3065 dua:
3538 3011 3758 3080 quidem

2168 3113 2315 3170 ante,
2346 3103 2467 3159 duae
2494 3119 2626 3161 vero
2661 3120 2825 3175 pone,
2852 3105 2917 3159 ad
2967 3104 3276 3161 inferiorem
3318 3105 3578 3161 circulum
3620 3106 3758 3161 obli-

2170 3214 2274 3267 que
2297 3198 2650 3267 pertinentes,
2678 3209 2735 3254 et
2762 3198 2956 3254 littera
2984 3198 3031 3253 Χ
3063 3199 3281 3269 figuram
3313 3198 3610 3253 efficientes
3631 3211 3760 3254 ante

478 3286 720 3341 sentibus
759 3293 846 3342 est
888 3285 1042 3340 facile
1082 3296 1419 3340 excrementa
1450 3302 1690 3356 egerere,
1720 3286 1913 3340 nedum
1944 3286 2058 3339 viro
2085 3277 2134 3342 C
2164 3301 2217 3346 et
2246 3306 2386 3361 pone
2412 3290 2550 3345 duos
2596 3291 2830 3346 circulos
2875 3291 3220 3361 colligebant.
3262 3290 3377 3344 Jam
3406 3305 3536 3344 vero
3566 3305 3760 3345 manus

480 3377 534 3430 in
562 3390 773 3430 summa
800 3373 1140 3444 philosOphia
1180 3376 1493 3432 exercitato.
1539 3376 1597 3429 Et
1631 3376 1745 3430 tunc
1774 3375 1917 3442 dico,
1953 3390 2060 3429 non

482 3467 644 3539 utqui
675 3467 744 3522 ab
769 3467 888 3523 aliis
916 3466 1217 3534 didicerint,
1247 3467 1340 3523 sed
1373 3467 1462 3538 qui
1496 3468 1609 3537 ipse
1641 3469 1887 3522 viderim.
1933 3466 2063 3521 Nam

485 3578 602 3616 cum
630 3562 1029 3632 quatuurdecim
1075 3562 1268 3616 abhinc
1295 3563 1451 3615 annis
1481 3562 1531 3615 in
1563 3577 1781 3629 gravi-tu
1817 3561 2061 3616 morbum

486 3652 794 3717 incidisset,
841 3652 1018 3708 aﬂecit
1058 3654 1305 3723 quidem.
1342 3661 1399 3706 nt
1431 3668 1523 3721 par
1551 3662 1664 3717 est,
1705 3667 1827 3706 eum
1855 3652 1942 3721 qui
1983 3662 2069 3708 est

481 3743 694 3802 mortali
739 3758 967 3811 corpore
996 3743 1270 3815 prtelitus.
1316 3745 1441 3798 Erat
1482 3753 1659 3798 autem
1709 3752 1873 3797 iustus
1906 3746 2071 3798 vehe-

486 3848 659 3900 mens,
683 3844 735 3889 et
760 3834 971 3891 flamma
993 3835 1159 3891 radio:
1177 3851 1261 3889 um
1284 3836 1505 3890 ardebat
1528 3835 1923 3903 vehementius,
1944 3849 2066 3889 cum

484 3927 644 3996 sopiti
686 3927 901 3997 quidem
935 3937 1119 3984 essent
1145 3930 1312 3996 venti,
1346 3944 1436 3984 aer
1468 3939 1647 3984 autem
1677 3937 1919 3983 maneret
1964 3928 2066 3981 im-

485 4018 725 4078 mobilis.
767 4020 895 4075 Erat
940 4030 1116 4076 autem
1164 4023 1381 4076 morbus
1431 4022 1705 4076 inundatio
1749 4022 1899 4076 ﬂava:
1946 4020 2071 4076 bills

486 4126 606 4179 qua:
637 4110 886 4167 deorsum
918 4110 1212 4177 ferebatur,
1254 4123 1306 4168 et
1336 4116 1615 4168 mordebat
1644 4129 1705 4167 ac
1748 4114 2071 4183 comprime-

488 4203 579 4258 bat
627 4204 959 4270 intestinum,
994 4215 1048 4261 et
1074 4209 1299 4276 cogebat
1347 4217 1495 4261 extra
1540 4207 1739 4273 egredi.
1774 4207 1923 4260 Tunc
1958 4222 2072 4261 ma-

486 4312 645 4367 gnam
674 4297 781 4353 vidi
805 4300 1160 4352 tolerantiam.
1186 4298 1316 4353 Nam
1342 4314 1462 4351 cum
1491 4314 1556 4352 ex
1590 4299 1770 4352 multis
1792 4297 1924 4352 vicis
1945 4313 2072 4353 con-

487 4387 696 4458 gregati
722 4397 905 4443 essent
936 4390 1202 4453 homines,
1235 4401 1291 4442 ut
1314 4390 1605 4457 gloriosum
1637 4389 1737 4443 hoc
1764 4404 1960 4456 corpus
1989 4402 2072 4441 sa-

492 4480 744 4543 lutarent,
776 4481 993 4535 sedebat
1018 4481 1074 4534 in
1097 4482 1227 4536 duas
1260 4491 1436 4551 partes
1474 4482 1787 4535 distractus.
1815 4481 1947 4535 Nam
1980 4495 2073 4534 na-

494 4584 608 4655 tura
641 4572 855 4643 quidem
894 4571 999 4625 vim
1028 4572 1281 4627 afferebat
1312 4586 1366 4627 ut
1413 4574 1511 4627 itet
1548 4573 1611 4626 ad
1645 4571 2069 4635 excernendum;

2164 3397 2379 3452 quoque
2405 3382 2628 3437 interius
2661 3383 2801 3437 circa
2831 3382 3040 3439 cubitos
3071 3383 3193 3436 talia
3222 3396 3433 3452 quoque
3460 3381 3561 3435 alia
3593 3380 3759 3436 habe-

2167 3478 2297 3533 bant
2334 3477 2569 3533 vincula.
2598 3475 2731 3532 Cum
2777 3492 2906 3547 ergo
2950 3477 3280 3547 aspexissem
3323 3490 3462 3529 onus
3505 3473 3762 3543 ponderis

2168 3570 2459 3626 multorum
2489 3568 2832 3637 talentorum,
2860 3568 3138 3623 obsecravi
3171 3576 3227 3622 ut
3248 3582 3403 3635 opem
3435 3567 3599 3621 ferret
3627 3579 3756 3619 eor-

2170 3662 2286 3733 pori
2314 3661 2605 3729 laboranti,
2629 3660 2773 3730 quod
2797 3675 2905 3714 non
2929 3669 3138 3729 peierat
3163 3658 3320 3713 simul
3345 3656 3485 3712 ferre
3513 3667 3568 3711 et
3589 3669 3759 3709 onera

2171 3756 2493 3820 voluntaria,
2526 3763 2582 3810 et
2609 3755 3021 3809 involnntariam
3049 3752 3443 3821 mgtitudinem.
3468 3748 3619 3804 Nunc
3641 3748 3753 3817 qui-

2169 3848 2316 3914 dem,
2359 3847 2597 3916 inquam,
2633 3861 2667 3900 o
2693 3845 2872 3910 Pater,
2907 3844 3070 3899 febris
3116 3842 3352 3911 fungitur
3380 3840 3560 3894 officio
3589 3837 3761 3905 ferri;

2170 3956 2293 3995 cum
2325 3956 2385 3995 ea
2411 3952 2589 3997 autem
2629 3938 2943 4004 cessaverit,
2979 3949 3103 3992 tunc
3132 3950 3318 3991 rursus
3344 3935 3556 4004 corpori
3586 3935 3765 4001 impo~

2173 4048 2359 4087 nemus
2398 4033 2634 4087 laborem
2675 4031 2763 4102 qui
2810 4046 2874 4085 ex
2918 4031 3062 4085 ferro
3115 4028 3345 4097 capitur.
3397 4026 3509 4081 Hoc
3542 4037 3761 4094 quoque

2170 4126 2439 4181 concessit
2468 4124 2651 4179 multis
2682 4122 2941 4178 delinitus
2977 4121 3238 4191 ejusmodi
3270 4117 3615 4173 carminibus.
3651 4114 3764 4172 Sed

2175 4227 2301 4273 tunc
2339 4215 2555 4286 quidem
2601 4229 2722 4270 eum
2776 4216 2961 4285 paucis
3009 4218 3320 4282 tegrotasset
3350 4207 3575 4277 diebus,
3605 4204 3768 4261 facile

2172 4306 2470 4365 convaluit.

2250 4400 2436 4456 Postea
2458 4406 2635 4453 autem
2655 4413 2773 4452 cum
2797 4395 2849 4451 in
2869 4394 3114 4449 morbum
3136 4393 3410 4449 incidisset
3431 4392 3734 4462 graviorem
3749 4429 3769 4453 ,

2177 4492 2327 4546 multi
2359 4499 2538 4545 autem
2572 4498 2629 4542 ut
2655 4502 2847 4556 corpus
2877 4493 3127 4555 raperent
3157 4484 3336 4539 multis
3375 4499 3441 4539 ex
3474 4484 3605 4538 locis
3633 4497 3768 4537 con-

2180 4587 2475 4650 venissent,
2501 4582 2783 4637 audientcs
2815 4579 2864 4635 id
2895 4581 3061 4645 cives,
3081 4586 3471 4633 concurrerunt
3498 4591 3690 4631 omnes
3711 4584 3771 4632 et

491 4664 661 4733 pudor
687 4672 863 4719 autem
893 4666 1009 4732 ejus
1052 4678 1170 4732 quae
1211 4663 1398 4717 aderat
1435 4662 1810 4729 tunltitndinis,
1852 4662 2063 4733 cogebat

2180 4679 2373 4733 milites
2401 4688 2454 4732 et
2476 4676 2665 4746 privati
2694 4691 2707 4739 ;
2741 4673 2814 4728 illi
2839 4672 3055 4742 quidem
3085 4671 3313 4739 sumptis
3340 4670 3503 4723 armis
3525 4668 3770 4724 militari-

490 4769 610 4809 eunt
639 4770 857 4811 manere
888 4757 941 4809 in
969 4758 1159 4811 eodem
1206 4764 1342 4809 statu
1383 4766 1435 4810 et
1480 4757 1680 4809 habitu.
1740 4755 1854 4824 Ego
1893 4764 2071 4810 autem

494 4846 596 4900 hoc
620 4847 819 4907 sciens.
849 4863 971 4903 cum
1014 4847 1096 4903 eis
1124 4848 1212 4919 qtti
1243 4858 1604 4901 convenerant
1654 4846 1843 4916 partim
1894 4846 2077 4901 multis

493 4940 575 5008 egi
608 4937 1095 5005 adhortationibus,
1150 4939 1340 5008 partim
1382 4944 1540 4992 ctam
1574 4938 1732 4991 minis
1754 4978 1769 5000 ,
1812 4938 1959 4992 abire
1985 4937 2076 5007 ju-

492 5033 655 5094 bens;
694 5038 964 5098 postremo
984 5040 1159 5085 autem
1186 5014 1286 5084 eos
1316 5030 1583 5098 implicari
1630 5032 1714 5083 vin
1754 5031 1855 5085 uis
1897 5043 2075 5085 sacer-

493 5121 652 5186 dotii,
682 5131 737 5177 et
777 5138 882 5178 non
931 5120 1046 5179 sine
1075 5126 1306 5178 maximo
1351 5124 1536 5177 labore
1592 5139 1817 5193 vespete
1862 5122 2073 5176 tandem

492 5214 794 5270 amandavi.
831 5215 923 5270 Ille
944 5225 1120 5270 autem
1151 5215 1233 5270 vir
1261 5216 1491 5277 divinus,
1520 5231 1585 5267 ne
1613 5230 1733 5267 cum
1781 5212 1816 5267 ii
1861 5213 2075 5282 quidem

495 5305 899 5373 abscessissent,
933 5308 1101 5363 victus
1130 5316 1213 5361 e-t
1257 5325 1283 5360 a
1314 5318 1498 5361 natum
1522 5324 1542 5373 -,
1568 5306 1658 5360 sed
1690 5307 1917 5372 perstitit
1948 5306 2078 5359 tole-

493 5410 643 5465 rans,
693 5397 867 5453 donec
913 5399 1174 5454 accedens
1219 5414 1324 5453 nox
1367 5395 1625 5468 profunda
1670 5395 1845 5466 coegit
1890 5411 2078 5452 omnes

494 5488 714 5546 domum
739 5490 1013 5548 recedere.

567 5601 772 5659 ttursus
800 5611 977 5658 autem
1008 5601 1096 5658 die
1121 5602 1369 5672 sequenti
1390 5617 1510 5657 cum
1543 5601 1609 5655 ad
1639 5619 1758 5655 t-uttt
1792 5601 1959 5672 839
1986 5617 2075 5655 ve-

464 5698 717 5761 ‘ttissem,
751 5706 810 5751 ut
836 5695 943 5751 vidi
986 5706 1175 5752 aestum
1217 5696 1453 5752 evasiss:
1498 5697 1979 5759 vehementiorem,
2022 5705 2076 5749 et

498 5805 596 5858 qua
629 5789 902 5845 laborabat
930 5788 1131 5846 febrem
1175 5789 1299 5859 igne
1333 5789 1666 5844 extrinsecus
1695 5788 1857 5842 allato
1885 5787 2074 5841 nutriri

498 5890 552 5938 at
575 5881 781 5949 augeri,
805 5884 1123 5952 ’prtetexens
1151 5881 1391 5939 dolorem
1439 5881 1650 5950 capitis,
1678 5880 1790 5936 disi
1824 5894 1907 5935 me
1935 5894 2077 5949 aegre

2181 4773 2301 4839 bus,
2332 4770 2386 4824 bi
2416 4784 2550 4825 vero
2580 4770 2984 4827 armisutentes
3011 4764 3356 4835 quibuslibet.
3387 4763 3556 4818 Densa
3584 4771 3769 4817 autem

2180 4873 2230 4919 et
2254 4870 2525 4918 exstructa
2549 4859 2665 4913 acie
2694 4873 2929 4928 pugnare
2956 4864 3256 4921 cteperunt,
3291 4854 3392 4908 tela
3434 4854 3773 4922 eminentes,

2180 4964 2235 5010 et
2264 4953 2442 5008 fundis
2469 4951 2671 5021 lapides
2711 4959 3042 5020 torquentes,
3076 4962 3179 5001 non
3208 4956 3265 4999 ut
3289 4953 3644 5016 percuterent,
3671 4948 3770 5000 sed

2182 5049 2351 5103 solum
2387 5056 2444 5101 ut
2472 5053 2760 5107 terrerent;
2805 5052 2859 5097 et
2905 5042 2982 5095 sic
3019 5039 3255 5107 expulsis
3282 5039 3501 5103 accolis,
3530 5037 3776 5092 victoriis

2180 5139 2372 5209 insigni
2395 5139 2593 5192 athleta
2624 5136 2763 5189 lecto
2785 5135 3057 5202 imposito,
3079 5130 3167 5201 qui
3197 5130 3327 5185 nihil
3369 5131 3636 5185 sentiebat
3676 5145 3775 5185 eo-

2181 5249 2296 5288 rum
2323 5246 2441 5298 qute
2473 5229 2671 5283 fiebant
2697 5228 2844 5296 (nam
2878 5240 2975 5280 nec
3012 5240 3133 5280 cum
3165 5239 3318 5280 coma
3346 5223 3465 5293 ejus
3492 5238 3521 5277 a
3553 5220 3775 5280 rusticis

2182 5327 2471 5381 velleretur
2496 5320 2784 5391 senserat),
2815 5329 3077 5377 venerunt
3106 5319 3158 5373 in
3187 5319 3397 5373 urbem.
3427 5315 3559 5372 Cum
3609 5317 3664 5372 in
3693 5331 3777 5371 te-

2181 5421 2302 5473 dent
2334 5426 2513 5472 autem
2537 5414 2808 5468 venissent
2837 5411 3224 5482 prepheticam,
3255 5410 3318 5480 jn
3361 5410 3689 5464 tuonasterio
3716 5407 3772 5463 ei

2185 5508 2482 5579 propinquo
2507 5507 2698 5561 lectum
2721 5505 3103 5574 deposuerunt.
3147 5502 3307 5558 Venit
3350 5511 3527 5556 autem
3551 5501 3772 5571 quidam

2185 5599 2464 5655 Berhmam
2490 5598 2622 5669 (illic
2644 5596 2785 5651 enim
2811 5605 2935 5649 tunc
2960 5593 3131 5666 eram)
3159 5609 3220 5650 ea
3252 5609 3368 5665 qua:
3398 5593 3536 5647 facta
3559 5593 3774 5649 fuerant

2182 5692 2511 5762 significans,
2539 5699 2593 5745 et
2621 5686 2863 5742 nuntium
2902 5687 3092 5742 mortis
3120 5688 3370 5742 atterens.
3423 5686 3555 5740 Cum
3589 5686 3773 5755 itaque

2183 5782 2362 5838 statim
2390 5780 2767 5845 cucurrissem,
2795 5786 2851 5835 et
2876 5786 3039 5835 totam
3068 5788 3280 5835 noctem
3308 5779 3361 5833 in
3397 5774 3590 5833 itinere
3630 5789 3774 5833 eon-

2186 5873 2563 5944 sumpsissem,
2598 5880 2718 5943 post
2748 5886 2992 5928 auroram
3028 5870 3221 5929 offendi
3252 5870 3547 5938 hominem,
3595 5883 3783 5940 neun
