4052 6362
291 411 361 469 83

1365 414 1824 481 ιιιιιιυτιιευξ,
1867 428 1982 468 stu
2022 414 2475 470 TllEOPllll.ES.

3512 418 3583 472 83

292 535 626 604 loquentem,
654 551 826 605 neque
853 536 1020 590 ullum
1051 553 1117 592 ex
1150 537 1213 592 lis
1246 539 1332 607 qui
1364 537 1582 591 aderant
1613 546 1881 605 potentem
1915 535 1961 594 Α
1991 534 2355 590 inseetabalur
2394 543 2448 587 ut
2485 532 2725 598 hostem;
2768 541 2821 587 et
2846 534 3134 590 ostendens
3161 549 3220 589 se
3249 551 3355 591 non
3382 537 3594 600 vererir

292 640 610 697 agnoscere.
652 627 939 697 Postquam
984 643 1158 682 autem
1185 645 1307 684 eum
1336 649 1451 684 sum
1497 631 1783 694 allocutus,
1830 639 1884 682 et

291 724 510 777 nomine
537 722 716 790 magni
747 723 923 776 Acacii
956 724 1004 776 ei
1031 723 1140 777 dixi
1183 724 1431 784 salutem.
1461 725 1641 777 statim
1670 734 1724 777 et
1754 739 1880 791 ape-

296 813 405 868 ruit
432 813 639 879 oculos,
667 823 721 866 et
744 813 948 881 rogavit
969 817 1238 883 quomodo
1255 831 1313 868 se
1337 815 1576 879 haberet,
1601 826 1651 868 et
1670 814 1884 884 quando

293 901 562 956 venissem
593 912 676 956 est
706 913 1068 972 percontatus.
1100 905 1229 959 Cum
1269 917 1447 960 autem
1498 907 1562 960 ad
1608 908 1720 962 haec
1767 921 1879 962 res-

294 994 624 1065 pendissent,
655 1011 842 1051 rursus
868 1000 1059 1053 clausit
1088 999 1291 1053 oculos.

361 1087 496 1140 Cum
523 1103 651 1142 vero
676 1099 782 1143 tres
811 1089 930 1144 d;cs
961 1092 1361 1159 prreteriissent,
1402 1107 1624 1157 veSpere
1681 1093 1887 1161 rogavit

295 1177 514 1232 ubinam
548 1189 730 1244 esset;
777 1195 898 1234 cum
933 1193 1108 1235 autem
1139 1184 1457 1248 reSt'ivisset,
1491 1199 1631 1252 mgre
1663 1184 1797 1246 tulit,
1832 1192 1885 1238 et

293 1273 502 1340 rogavit
534 1279 590 1324 ut
617 1275 793 1326 statim
820 1288 1007 1327 rursus
1038 1275 1328 1328 referretur
1357 1292 1406 1329 in
1437 1285 1696 1328 montem.
1752 1275 1882 1328 Cum

291 1374 472 1417 autem
497 1364 687 1418 vellem
711 1380 830 1419 eum
863 1375 1116 1434 perpetuo
1139 1368 1425 1419 observare
1446 1377 1500 1421 et
1523 1365 1573 1420 ei
1600 1365 1880 1433 inservire,

289 1453 426 1522 jnssi
460 1469 579 1509 mox
611 1455 735 1509 ferri
767 1455 980 1520 lvctum,
1016 1469 1067 1512 et
1098 1459 1292 1512 deferri
1319 1458 1369 1511 in
1403 1458 1575 1512 locutu
1607 1474 1764 1527 quem
1796 1474 1884 1513 cu-

301 1546 506 1612 piebat.
533 1547 685 1600 Tunc
713 1547 816 1600 vidi
850 1558 1177 1618 quantopere
1208 1551 1273 1604 ab
1302 1551 1593 1604 ambitione
1621 1561 1672 1604 et
1701 1551 1884 1623 glorias

289 1636 578 1704 cupiditate
607 1649 749 1692 esset
775 1638 1003 1693 alienum
1031 1649 1188 1706 caput
1217 1639 1343 1693 mihi
1374 1642 1756 1694 venerandum.
1785 1641 1883 1695 Po-

293 1730 483 1783 stridie
503 1730 644 1784 enim
677 1730 724 1784 ei
763 1731 930 1784 obtuli
958 1731 1046 1802 jus
1071 1737 1292 1802 ptisana:
1315 1748 1434 1788 cum
1473 1733 1524 1786 id
1576 1732 1886 1802 refrigeras-

292 1837 439 1884 sem;
492 1821 617 1875 nihil
664 1826 805 1877 enim
851 1827 1070 1879 munitio
1107 1827 1266 1882 calidi
1309 1841 1522 1880 sumere
1560 1827 1879 1895 patiebatur,

1991 625 2201 678 interim
2245 625 2324 678 ori
2363 624 2555 678 lentem
2603 622 2859 678 admovit.
2929 623 3256 680 Obsecrabat
3299 637 3474 681 autem
3532 628 3578 681 is

1997 717 2082 783 qui
2120 717 2488 771 incessebatur
2514 715 2808 770 maledictis
2840 731 2855 771 :
2886 714 3097 770 dicebat
3140 733 3198 772 se
3237 731 3359 772 esse
3407 718 3583 772 homi-

1990 829 2144 877 uem;
2196 821 2249 866 et
2277 812 2416 882 quod
2449 812 2594 880 prius
2624 811 2852 878 quodam
2889 811 3106 867 adactus
3148 811 3498 884 jurejurando
3525 832 3585 869 se

1991 913 2113 956 ante
2144 918 2418 971 vesperam
2452 903 2520 956 ab
2563 902 2696 956 urbe
2741 917 2865 958 esse
2921 903 3304 972 profecturum,
3349 906 3585 960 venisset

1989 995 2088 1050 hoc
2121 1005 2380 1063 tempore.
2414 994 2502 1050 Ille
2539 1013 2553 1050 :
2589 996 2755 1060 Bono,
2788 997 2978 1064 inquit,
3013 997 3192 1051 animo
3223 1007 3360 1065 esto,
3415 1014 3467 1054 et
3515 1016 3586 1054 ne

1989 1087 2355 1152 extimescito;
2389 1087 2480 1141 sed
2513 1101 2634 1140 cum
2671 1097 2917 1156 precatus
2950 1089 3134 1155 fueris,
3169 1091 3409 1145 receditu
3455 1109 3466 1143 :
3503 1092 3582 1147 sis

1987 1190 2164 1234 autem
2200 1180 2327 1232 mihi
2352 1179 2598 1241 conviva,
2624 1189 2677 1234 et
2699 1182 2802 1233 mei
2832 1180 2938 1234 cibi
2969 1182 3255 1251 particeps.
3287 1182 3454 1238 Simul
3486 1181 3583 1237 au-

1992 1284 2096 1325 tem
2133 1271 2247 1326 haec
2273 1273 2456 1327 dit-ens
2487 1273 2724 1341 implevit
2752 1273 3049 1339 dexteram,
3085 1283 3138 1328 et
3167 1274 3308 1328 lente
3335 1290 3455 1329 eum
3482 1276 3579 1330 im-

1991 1365 2189 1430 pertiit.
2215 1364 2302 1419 Sic
2327 1380 2476 1419 vana:
2505 1365 2692 1435 gloriae
2724 1365 2968 1417 morbum
2999 1379 3118 1417 cum
3143 1365 3262 1420 aliis
3287 1367 3495 1435 expulit
3513 1381 3578 1422 ex

1987 1456 2187 1506 animo.

2064 1545 2136 1600 De
2184 1547 2462 1602 tolerantia
2510 1559 2686 1603 autem
2741 1563 3194 1616 supervacaneum
3242 1559 3325 1604 est
3376 1551 3574 1615 dicere,

1989 1652 2110 1690 cum
2139 1641 2282 1692 visus
2306 1638 2418 1707 ipse
2451 1648 2693 1693 testetur.
2728 1639 2859 1693 Tres
2890 1639 3026 1693 enim
3059 1655 3200 1708 srepe
3226 1641 3342 1695 dies
3371 1650 3425 1696 et
3456 1643 3576 1696 tuti-

1989 1727 2110 1778 dum
2146 1738 2325 1782 noctes
2357 1728 2478 1783 nive
2511 1729 2728 1797 delapsa
2758 1731 2826 1782 ita
2855 1731 2953 1783 l'uit
2982 1731 3226 1795 obrutus,
3273 1746 3472 1802 pronus
3494 1732 3577 1803 ja-

1989 1833 2140 1883 eens,
2174 1829 2226 1872 et
2260 1819 2423 1874 Deum
2455 1835 2638 1883 orans,
2670 1829 2726 1873 ut
2755 1835 2820 1874 ne
2853 1835 3035 1889 parum
3066 1821 3277 1890 quidem
3305 1821 3576 1878 videretur

287 1932 412 1970 cum
447 1932 598 1969 usum
630 1915 766 1984 ignis
795 1919 893 1971 sibi
923 1920 1301 1975 interdixisset.
1347 1919 1478 1974 Cum
1511 1929 1685 1974 autem
1715 1921 1879 1975 nollet
1917 1917 1960 1974 Β
1986 1923 2051 1964 εκ
2084 1909 2272 1977 pannis
2300 1911 2496 1980 quibus
2526 1911 2694 1966 fuerat
2724 1912 2939 1966 ίιιάυιυε
2967 1930 2980 1977 ἓ
3012 1920 3154 1982 δίψει
3179 1921 3356 1970 amem
3385 1916 3577 1971 manis

287 2023 508 2063 sumere
551 2027 563 2059 :
604 2009 766 2064 Nobis
795 2012 1060 2075 omnibus,
1095 2014 1329 2080 iuqnatn,
1361 2028 1393 2064 0
1424 2012 1602 2077 Ilater,
1631 2012 1731 2067 huc
1757 2027 1881 2066 con-

287 2103 447 2166 Cede,
481 2116 820 2156 communem
849 2106 990 2157 enim
1034 2106 1259 2158 salutem
1295 2115 1434 2158 tuam
1462 2104 1706 2158 ducimus
1735 2106 1879 2159 sani-

292 2202 482 2247 tatem.
511 2193 626 2247 Non
651 2194 822 2248 solum
853 2197 994 2248 enim
1025 2211 1083 2250 es
1116 2198 1362 2250 utilitatis
1387 2197 1660 2265 exemplar
1691 2211 1882 2265 propo-

286 2281 476 2344 sitnm,
513 2282 604 2335 sed
633 2283 788 2336 etiam
815 2299 975 2338 orans
1000 2284 1103 2339 fers
1124 2288 1398 2349 auxilium,
1426 2297 1478 2340 et
1503 2287 1590 2342 Dei
1622 2288 1878 2342 concilias

291 2372 448 2424 nobis
481 2373 926 2429 benevolentiam.
953 2377 1103 2441 Quod
1133 2380 1175 2430 si
1195 2387 1246 2430 te
1269 2377 1369 2430 hoc
1389 2377 1525 2432 male
1556 2378 1714 2434 habet
1737 2380 1878 2448 quod

285 2477 393 2514 non
425 2465 498 2516 sis
529 2474 795 2531 assuetus,
829 2470 928 2520 hoc
955 2484 1184 2536 quoque,
1219 2467 1455 2538 inquam,
1489 2485 1522 2523 0
1550 2471 1728 2535 Pater,
1752 2487 1880 2525 cou-

281 2564 490 2607 stanter
523 2557 720 2621 tolera;
769 2567 851 2610 est
897 2558 1038 2612 enim
1071 2559 1168 2613 hoc
1199 2576 1413 2630 quoque
1443 2576 1609 2630 genus
1640 2563 1876 2632 philoso-

261 2638 450 2711 'pliiaz.
493 2646 769 2710 Quomodo
801 2648 941 2701 enim
974 2665 1093 2702 eum
1134 2665 1281 2705 esses
1308 2666 1470 2705 sanus
1499 2653 1673 2706 cilium
1713 2669 1879 2724 appe-

282 2743 431 2801 tens,
473 2735 747 2790 tolerantia
781 2740 952 2792 vicisti
993 2743 1395 2811 appetitionem,
1442 2745 1514 2797 ita
1545 2746 1705 2800 etiam
1737 2764 1877 2803 nunc

281 2826 507 2879 minime
547 2838 802 2896 appetens
851 2833 899 2884 in
935 2835 1200 2889 vescendo
1238 2836 1461 2890 ostende
1509 2837 1870 2894 tolerantiam.

282 2917 414 2972 lltec
429 2934 544 2972 cum
563 2921 820 2987 dicerem,
839 2925 1023 2978 aderat
1040 2926 1197 2980 homo
1218 2927 1308 2983 Dei
1329 2927 1712 2998 l’olycltronius
1732 2930 1870 3000 (54),

282 3013 378 3081 qui
419 3016 468 3066 id
500 3015 640 3084 quod
671 3016 912 3070 diet'bam
944 3018 1256 3086 defendens,
1289 3021 1429 3076 dixit
1467 3039 1526 3078 se
1555 3023 1605 3078 id
1639 3025 1869 3096 primum

279 3108 423 3161 velle
456 3123 690 3176 sumere,
725 3109 881 3180 idque
910 3127 1028 3164 eum
1060 3126 1204 3168 esset
1232 3130 1406 3180 inane,
1437 3131 1556 3170 (um
1588 3130 1732 3183 sape
1756 3129 1873 3184 post

278 3198 620 3266 interjectnm
650 3210 852 3267 septem
882 3201 1086 3256 dierum
1109 3204 1337 3272 spatium
1366 3221 1561 3273 corpus
1583 3209 1870 3262 aleret.\'i-

1991 2013 2042 2056 et
2075 2003 2340 2070 ligonibus
2374 2006 2530 2059 vicini
2563 2005 2612 2059 ei
2641 2007 2813 2061 nivem
2866 2008 3169 2076 impositam
3211 2009 3576 2077 detrahentes,

1988 2109 2108 2146 etnn
2149 2093 2415 2164 jaccnteln
2445 2097 2678 2152 evelluut
2710 2111 2760 2152 et
2797 2100 3054 2153 excitant.
3091 2101 3166 2155 Ex
3205 2103 3272 2156 iis
3305 2102 3576 2161 laboribus

1987 2186 2202 2254 collegit
2247 2192 2383 2241 dona
2431 2189 2625 2243 divinae
2666 2192 2872 2257 gratim,
2920 2208 3144 2262 quorum
3176 2197 3359 2250 Volunt
3386 2211 3573 2255 omnes

1986 2291 2109 2331 esse
2139 2279 2442 2347 participes.
2477 2281 2623 2336 lllius
2652 2287 2794 2338 enim
2845 2283 3214 2342 benedictione
3255 2290 3435 2343 multa:
3460 2293 3576 2360 qui-

1986 2369 2106 2423 dem
2137 2372 2417 2426 exstinetze
2444 2385 2636 2428 suntet
2661 2376 3073 2445 exstinguuntur
3097 2376 3293 2444 febres,
3321 2388 3374 2434 et
3394 2381 3574 2436 multa:

1984 2461 2327 2525 (egritudines
2380 2476 2659 2520 cessarunt
2709 2477 2760 2520 et
2813 2468 3032 2522 omnino
3072 2469 3361 2538 abierunt,
3419 2474 3574 2528 multi

1982 2561 2158 2606 autem
2202 2552 2475 2609 dmmones
2523 2557 2692 2610 coacti
2739 2568 2864 2611 sunt
2915 2560 3131 2626 lugere;
3175 2572 3227 2616 et
3265 2576 3403 2633 aqua
3449 2581 3570 2635 quae

1980 2645 2049 2697 ab
2090 2645 2231 2701 illius
2279 2647 2499 2704 dextera
2544 2649 2876 2704 benedieitur
2931 2653 2990 2706 lit
3039 2654 3276 2711 salutare
3322 2655 3571 2726 pharma-

1979 2752 2123 2792 cum.

2049 2830 2180 2896 Quis
2209 2833 2376 2887 nescit
2409 2851 2628 2903 put-rum
2655 2847 2924 2890 mortuum
2972 2853 3066 2908 per
3105 2840 3223 2908 ejus
3266 2843 3565 2898 orationem

1979 2919 2144 2975 fuisse
2175 2924 2500 2980 excitatum?
2531 2928 2581 2980 in
2613 2929 2933 2982 suburbanis
2979 2932 3122 2984 enim
3152 2931 3383 2988 civitatis
3410 2947 3568 2990 erant

1975 3014 2089 3078 ejus
2121 3028 2388 3083 parentes,
2422 3021 2509 3082 qui
2557 3021 2750 3074 multos
2794 3021 3009 3090 quidem
3061 3023 3199 3079 filios
3239 3036 3565 3096 genuerunt,

1977 3119 2164 3158 omnes
2194 3116 2370 3161 autem
2393 3110 2702 3164 immaturos
2719 3112 2783 3164 ad
2808 3115 3109 3182 sepulcrum
3133 3119 3566 3176 transmiserunt.

1976 3194 2201 3261 Quando
2231 3215 2358 3266 ergo
2391 3199 2475 3256 hic
2509 3203 2726 3259 ultimus
2764 3215 2920 3259 natus
2973 3207 3068 3262 fuit
3117 3209 3279 3277 filius,
3333 3215 3567 3270 cucurrit

274 3297 400 3341 ctus
428 3304 556 3359 ergo
589 3290 850 3355 oratione,
881 3308 1040 3346 unum
1065 3293 1203 3362 juris
1246 3297 1494 3363 poculum
1540 3297 1736 3352 clausis
1777 3301 1869 3355 deo

1979 3298 2128 3356 pater
2155 3291 2221 3345 ad
2256 3291 2524 3348 hominem
2563 3296 2676 3362 Dei,
2712 3313 2904 3366 rogans
2937 3308 2992 3352 ut
3023 3302 3065 3354 is
3098 3301 3308 3372 longam
3343 3303 3567 3362 haberet

277 3378 428 3431 misit
470 3381 658 3446 oculis,
688 3383 828 3451 quod
858 3384 1070 3452 quidem
1094 3385 1329 3440 solemus
1355 3387 1531 3445 facere
1565 3403 1688 3445 cum
1727 3406 1873 3445 ama-

277 3485 374 3524 ras
403 3470 630 3524 bibimus
664 3476 925 3541 pauones.

351 3580 516 3651 840
554 3583 816 3650 Quoniam
863 3597 1039 3640 autem
1086 3589 1248 3657 pedes
1274 3607 1506 3661 quoque,
1536 3593 1624 3660 qui
1653 3605 1872 3664 propter

275 3672 700 3732 imbecillitatem
735 3681 1031 3749 ingressum
1064 3683 1372 3750 amiserant,
1421 3687 1467 3739 ei
1519 3685 1700 3741 lavare
1752 3702 1872 3756 per-

275 3769 578 3835 suasimus;
606 3787 782 3840 operte
812 3774 1037 3841 pretium
1065 3777 1312 3830 existimo
1345 3779 1477 3832 hanc
1504 3794 1719 3849 quoque
1747 3782 1868 3850 ejus

273 3859 472 3912 animae
503 3863 711 3925 aperire
734 3864 1122 3934 pbil05ophiam
1146 3885 1162 3934 ;
1196 3884 1358 3936 prope
1379 3870 1520 3924 enim
1543 3872 1724 3926 aderat
1747 3887 1870 3943 scy-

277 3952 436 4018 phus.
471 3950 650 4005 Voluit
681 3965 857 4008 autem
891 3958 1104 4025 quidam
1140 3973 1204 4012 ex
1250 3959 1314 4012 its
1357 3960 1444 4026 qui
1498 3962 1870 4019 ministrabant

273 4058 401 4095 eum
435 4048 670 4098 canistro
702 4056 898 4117 tegere,
937 4059 992 4101 ut
1021 4065 1123 4103 neu
1153 4053 1424 4106 videretur
1453 4054 1519 4108 ab
1550 4055 1612 4110 iis
1660 4060 1748 4124 qui
1800 4058 1866 4112 ad

279 4136 458 4200 ipsum
484 4138 788 4193 veniebant.
827 4140 916 4195 Ille
947 4152 1122 4195 autem
1159 4161 1169 4194 :
1202 4142 1331 4211 Cur,
1365 4146 1553 4215 inquit,
1607 4147 1864 4218 scyphum

277 4232 455 4299 tegis?
483 4231 612 4287 Cum
644 4235 690 4288 is
727 4247 902 4290 autem
926 4239 1146 4293 dixisset
1179 4258 1192 4292 :
1225 4241 1300 4295 Ne
1325 4241 1563 4296 videatur
1594 4245 1659 4297 ab
1682 4244 1745 4298 iis
1776 4245 1864 4314 qui

275 4324 497 4377 veniunt
531 4327 596 4379 ad
621 4331 1091 4397 contemplandum
1126 4351 1138 4385 :
1173 4332 1344 4395 Absit,
1378 4335 1565 4403 inquit,
1595 4353 1627 4390 ο
1670 4338 1763 4402 lili,
1799 4354 1866 4394 ne

274 4414 417 4470 celes
451 4416 692 4472 ltomines
719 4419 832 4491 (53)
857 4437 917 4475 ea
946 4438 1062 4491 qua:
1084 4434 1205 4478 sunt
1232 4435 1414 4494 aperta
1440 4427 1549 4480 Deo
1578 4434 1865 4484 universo-

278 4525 427 4574 rum;
483 4512 556 4565 illi
597 4516 738 4567 euitn
788 4516 888 4570 soli
920 4517 1107 4571 volens
1147 4519 1350 4583 vivere,
1384 4522 1580 4574 nullam
1614 4522 1862 4580 humana:

273 4601 461 4667 gloria:
478 4618 656 4656 curam
677 4622 822 4670 gero.
843 4609 978 4674 Quid
1001 4611 1141 4662 enim
1159 4626 1243 4662 me
1260 4610 1476 4678 juverit,
1498 4611 1540 4664 si
1567 4611 1617 4665 hi
1647 4614 1859 4681 quidem

275 4709 364 4748 me
390 4696 555 4762 magis
574 4697 847 4752 laborasse
875 4709 926 4751 et
954 4702 1138 4768 majori
1157 4701 1540 4756 exercitatione
1564 4718 1714 4757 USlllll
1741 4720 1863 4760 esse

272 4787 548 4851 solverint,
580 4788 718 4843 Deus
751 4806 876 4844 vero
909 4793 1136 4846 minori?
1164 4809 1266 4846 non
1299 4809 1415 4849 sunt
1449 4798 1591 4849 enim
1627 4798 1678 4850 hi
1711 4798 1861 4852 dato-

274 4893 362 4930 res
389 4879 646 4932 mercedis
675 4895 768 4950 pro
814 4881 1107 4949 laboribus,
1153 4885 1245 4938 sed
1281 4885 1417 4939 Deus
1448 4895 1532 4941 est
1559 4889 1862 4956 suppedita-

271 4981 379 5025 tor.
407 4970 541 5036 Quis
571 4988 701 5041 ergo
747 4987 847 5026 nan
901 4976 1056 5030 valde
1079 4977 1372 5030 admiretur
1397 4985 1452 5030 et
1476 4993 1775 5045 sermones,
1807 4990 1861 5035 et

272 5072 507 5117 tuentem
565 5082 682 5134 qua:
727 5081 1006 5120 sermones
1063 5069 1265 5138 genuit,
1307 5085 1423 5140 quin
1453 5071 1597 5126 omni
1629 5071 1857 5128 humana

268 5157 433 5224 gloi-ia
461 5156 597 5212 adeo
619 5158 717 5212 fuit
745 5162 1031 5226 superior?

341 5249 471 5304 Tale
499 5249 624 5318 quid
673 5252 833 5306 etiam
881 5255 1012 5307 alias
1056 5255 1272 5308 tuemini
1302 5257 1579 5312 accidisse.
1611 5257 1736 5311 Erat
1767 5272 1860 5312 ve-

271 5355 420 5408 sper,
446 5350 500 5394 et
522 5343 685 5396 altum
714 5358 906 5411 vesper
932 5354 986 5398 et
1017 5353 1224 5413 tempus
1261 5347 1573 5401 comedendi
1603 5363 1617 5403 :
1642 5359 1858 5418 accepta

269 5446 398 5503 ergo
425 5443 562 5488 testa
587 5435 852 5505 apposita,
878 5436 1188 5493 madefactae
1215 5439 1369 5492 lentis
1394 5441 1570 5495 cibum
1595 5445 1816 5512 sumpsit
1841 5463 1856 5510 ;

268 5524 487 5580 idenim
510 5535 628 5582 erat
653 5528 702 5582 ei
731 5528 1064 5584 alimentum.
1097 5531 1252 5584 Venit
1280 5543 1457 5586 autem
1483 5535 1693 5602 quidam
1724 5552 1753 5589 a
1781 5539 1857 5591 ci-

266 5615 454 5680 vitate.
500 5618 585 5672 cui
613 5629 726 5672 erat
755 5619 1038 5674 commissa
1063 5623 1303 5690 quredam
1335 5624 1580 5679 militaris
1621 5628 1851 5682 exactio.

266 5703 315 5760 Is
347 5717 526 5762 autem
554 5723 676 5764 cum
706 5725 828 5765 eum
861 5712 1041 5778 procul
1074 5712 1313 5778 vidi-set,
1362 5715 1555 5768 lentem
1596 5730 1700 5770 non
1757 5717 1855 5772 de-

269 5804 462 5868 posuit,
492 5804 587 5859 sed
617 5805 793 5860 cibum
824 5806 1037 5862 demisit
1066 5816 1124 5861 ut
1153 5821 1530 5876 consueverat;
1556 5822 1610 5867 et
1630 5829 1748 5868 eum
1777 5819 1856 5868 vi-

270 5894 412 5952 sione
443 5896 888 5962 apprehendisset
909 5915 1026 5952 eum
1051 5915 1170 5955 esse
1193 5902 1510 5960 (temonem.
1539 5919 1658 5958 eum
1682 5907 1855 5960 verbis

1977 3384 2160 3451 vitam,
2192 3394 2245 3440 et
2283 3387 2540 3456 pollicens
2568 3405 2626 3444 se
2655 3407 2776 3445 eum
2809 3408 2929 3448 esse
2961 3394 3070 3449 Deo
3096 3396 3394 3452 dicaturum
3421 3399 3467 3454 si
3489 3401 3564 3456 vi-

1977 3485 2145 3530 veret.
2175 3478 2304 3530 Cum
2337 3480 2514 3548 itaque
2544 3482 2758 3538 vixisset
2789 3494 3020 3552 quatuor
3049 3487 3224 3554 annis,
3250 3489 3371 3543 vita:
3403 3490 3562 3546 finem

1976 3571 2212 3640 aet-epit;
2264 3585 2412 3638 pater
2435 3584 2609 3628 autem
2639 3577 2823 3632 aberat
2853 3597 2863 3630 :
2897 3582 3186 3635 adveniens
3211 3592 3386 3638 autem
3419 3585 3564 3642 videt

1975 3675 2094 3713 CU-‘ll
2129 3673 2348 3729 repente
2373 3664 2573 3720 efl'erri.
2623 3666 2754 3720 Cum
2783 3683 2907 3723 eum
2939 3670 3112 3739 itaque
3138 3687 3168 3726 e
3195 3672 3333 3727 lecto
3359 3675 3563 3744 rapuis-

1973 3761 2055 3806 set
2083 3771 2091 3802 :
2119 3754 2360 3820 Oportet,
2397 3757 2584 3827 inquit,
2611 3775 2696 3814 me
2735 3761 2955 3826 implere
2989 3763 3331 3831 promissum,
3381 3777 3436 3821 et
3470 3767 3572 3824 Dei

1973 3843 2175 3897 homini
2235 3847 2457 3903 reddere
2511 3850 2588 3902 vel
2640 3863 2928 3905 rnortuutn.
2972 3852 3274 3924 Detulitquc
3313 3865 3369 3910 ut
3415 3857 3580 3926 prius.

1971 3936 2126 4004 dixit,
2158 3948 2212 3992 et
2236 3949 2360 3994 ante
2391 3941 2552 4007 pedes
2579 3953 2792 3997 sanctos
2821 3945 2964 3998 illum
3021 3948 3214 4015 posuit,
3249 3949 3434 4005 dicens
3469 3952 3574 4006 illa-

1972 4044 2090 4098 qua:
2121 4030 2234 4085 suis
2255 4047 2465 4102 quoque
2493 4033 2702 4088 dixerat
2730 4036 3056 4093 domesticis.
3084 4039 3253 4093 llomo
3280 4050 3457 4096 autem
3477 4042 3559 4096 di-

1972 4121 2125 4174 vinus
2153 4135 2273 4176 cum
2315 4132 2439 4177 ante
2467 4139 2523 4176 se
2557 4127 2818 4192 posuisset
2865 4145 3108 4198 puerum,
3155 4131 3306 4185 flexis
3334 4133 3574 4203 genibus.

1969 4215 2156 4268 Orabat
2187 4231 2386 4283 pronus
2417 4218 2538 4272 vita:
2576 4227 2631 4273 et
2659 4221 2846 4274 mortis
2890 4237 3082 4291 rogans
3116 4223 3418 4279 Dominum.
3457 4226 3559 4281 γε.

1970 4321 2124 4374 spere
2149 4315 2326 4362 autem
2364 4323 2494 4377 puer
2541 4310 2708 4364 edidit
2739 4328 2945 4378 vocem,
2993 4324 3046 4367 et
3095 4327 3294 4383 patrem
3329 4319 3556 4373 vocavit.

1969 4400 2100 4454 Cum
2132 4403 2207 4456 sic
2235 4404 2493 4458 sensisset
2521 4404 2600 4458 vir
2645 4405 2735 4460 ille
2781 4407 2991 4460 divinus
3034 4409 3172 4476 quod
3211 4425 3336 4463 suas
3369 4426 3558 4479 preces

1969 4495 2297 4562 suscepisset
2329 4495 2600 4560 Dominus,
2647 4506 2703 4552 et
2744 4499 2903 4551 vitam
2935 4516 3099 4567 puero
3135 4503 3552 4570 suppeditasset,

1969 4588 2224 4653 surrexit,
2258 4599 2310 4642 et
2340 4603 2405 4643 eo
2437 4590 2657 4642 adorato
2691 4592 2780 4659 qni
2833 4591 2955 4645 facit
3006 4592 3330 4646 voluntatem
3363 4596 3557 4648 timen-

1896 4686 1942 4746 D
1972 4682 2102 4732 tium
2127 4694 2271 4747 eum,
2303 4690 2356 4734 et
2385 4683 2530 4734 audit
2557 4697 2740 4736 eorum
2777 4699 2963 4748 preces
2994 4682 3161 4746 (Paul.
3196 4686 3394 4754 chtv),
3440 4686 3558 4742 linit

1970 4773 2286 4836 orationem,
2317 4783 2370 4827 et
2401 4773 2564 4827 ﬁlium
2597 4775 2831 4828 reddidit
2876 4776 3032 4844 patri.
3069 4776 3176 4830 lloc
3203 4786 3258 4831 et
3291 4792 3391 4847 ego
3423 4779 3553 4844 vidi,

1968 4873 2021 4918 et
2055 4875 2257 4932 patrem
2303 4864 2480 4918 audivi
2526 4876 2854 4935 narrantem,
2885 4877 2933 4920 et
2970 4869 3148 4919 multis
3174 4867 3288 4922 aliis
3317 4871 3557 4926 narravit

1971 4957 2284 5010 miraculum
2318 4958 2692 5024 apostolicum,
2719 4973 2839 5013 cum
2882 4960 3043 5012 sciret
3072 4959 3252 5015 multis
3291 4962 3554 5018 audituris

1970 5049 2202 5102 futurum
2235 5049 2284 5103 id
2317 5050 2673 5105 conducibile.

2040 5164 2205 5218 Porro
2225 5175 2401 5218 autem
2427 5163 2541 5233 ejus
2563 5179 2775 5233 quoque
2793 5178 2909 5216 sum
2927 5177 3244 5220 consecutus
3261 5168 3548 5224 auxilium:

1967 5256 2122 5308 unius
2151 5264 2325 5308 autem
2372 5262 2463 5308 aut
2508 5254 2734 5308 duorum
2770 5253 2958 5308 faciant
2992 5259 3336 5326 mentionem,
3368 5259 3554 5314 existi.

1965 5361 2118 5399 mans
2150 5346 2337 5415 ingrati
2370 5361 2489 5401 esse
2515 5345 2676 5400 animi
2707 5361 2769 5401 ea
2800 5347 3010 5402 silentio
3041 5352 3334 5418 praeterire,
3358 5360 3412 5405 et
3445 5369 3568 5406 nqu

1967 5439 2161 5493 docere
2187 5454 2382 5508 genera
2406 5438 2670 5492 beneﬁcii.
2699 5439 3070 5496 Exsecrandus
3093 5443 3324 5497 Marcion
3351 5444 3554 5499 multas

1964 5531 2145 5598 spinas
2195 5532 2478 5599 impietatis
2523 5531 2804 5586 seminavit
2845 5533 2897 5586 in
2940 5534 3156 5601 regione
3203 5533 3349 5589 urbis
3378 5533 3546 5604 Cyri;

1961 5640 2054 5681 eas
2080 5642 2200 5679 cum
2229 5639 2456 5679 conarer
2485 5625 2714 5683 evellere
2744 5629 3021 5693 radicitus,
3053 5645 3267 5684 omnem
3308 5629 3544 5684 laborem

1962 5718 2227 5781 subibant,
2275 5727 2330 5770 et
2359 5717 2609 5773 omnibus
2638 5721 2900 5776 machinis
2929 5721 3140 5777 assidue
3187 5720 3391 5776 utebar.
3443 5723 3546 5789 Qui

1963 5821 2137 5864 autem
2159 5824 2272 5864 mea
2301 5809 2608 5866 fruebantur
2635 5815 2859 5878 cultura,
2882 5829 3003 5868 cum
3031 5831 3116 5870 me
3130 5831 3195 5870 eo
3216 5817 3431 5870 nomine
3449 5817 3543 5870 de-

1964 5905 2146 5958 herent
2176 5903 2419 5974 diligere,
2462 5923 2556 5974 pro
2582 5922 2664 5973 ea,
2697 5919 2750 5963 ut
2783 5907 3089 5976 prophetica
3129 5908 3324 5976 dicam,
3358 5907 3566 5964 detr.»

3613 5417 3630 5450 Δ
3701 5427 3714 5436 ι
