4052 6362
500 360 525 384 ν

498 358 563 408 ξϊῑ
1632 362 1715 416 DE
1760 362 1928 417 ΗΠΒ
1968 359 2243 415 ΡᾹΠῖωί
2289 365 2485 420 LIBER
2531 369 2618 422 lx.
3699 375 3769 432 88

502 475 699 529 hebant
730 477 893 543 mihi;
923 491 1024 546 ego
1043 487 1218 533 autem
1246 478 1486 545 orabam,
1529 488 1581 534 et
1619 480 1915 535 reddebant
1945 480 2081 534 mala
2112 480 2157 537 A
2189 494 2293 534 non
2327 483 2434 535 ulla
2460 483 2644 553 gloria:
2674 483 2920 538 inductus
2949 487 3240 557 cupiditate
3267 488 3388 561 (fuit
3416 488 3559 545 enim
3586 489 3770 547 divina

487 562 596 638 'pro
625 564 799 634 bonis,
841 578 895 623 et
939 570 1117 624 odium
1144 586 1241 640 pro
1269 571 1551 626 dilectione
1582 587 1695 625 mea
1728 570 1899 643 (Psnl.
1928 588 2076 638 cvm,

498 661 719 730 xxxrv);
748 670 799 714 et
827 663 1045 731 magicis
1075 671 1285 718 utentes
1316 665 1615 732 praestigiis,
1648 677 1699 718 et
1729 665 2076 733 malignorum

496 752 616 805 freti
642 766 742 819 ope
767 751 1090 816 dtemonum,
1124 754 1450 819 conabantur
1490 754 1687 809 bellum
1718 770 1906 825 gerere
1936 754 2075 822 quod

494 840 596 895 sub
617 842 788 897 visum
820 858 923 896 non
955 844 1203 910 caderet;
1251 854 1307 900 et
1358 855 1515 899 noctu
1543 847 1684 899 venit
1715 846 1925 915 quidam
1968 846 2078 899 ila--

494 949 620 987 ιιιοιι
641 933 876 989 exitialis
906 941 1162 1000 clamans,
1211 947 1263 991 et
1291 936 1465 1005 lingua
1496 945 1651 991 utens
1681 938 1897 1008 Syriaca
1927 956 1938 990 :
1967 936 2077 993 Cur

495 1037 551 1081 tu
580 1028 777 1083 bellum
807 1031 947 1096 geris
967 1045 1087 1084 cum
1117 1030 1417 1085 Marciane?
1447 1046 1541 1085 cur
1570 1030 1703 1085 hanc
1726 1047 1953 1100 pugnam
1983 1031 2076 1084 ad-

490 1133 681 1175 versus
722 1136 842 1176 eum
887 1122 1159 1191 suscipis?
1206 1123 1444 1191 Quanam
1479 1125 1521 1176 is
1555 1134 1605 1178 te
1643 1139 1872 1193 unquam
1896 1123 2075 1178 aliecit

490 1212 982 1268 molestia?desiue
1008 1215 1330 1286 belligerari,
1363 1215 1562 1270 desiste
1602 1230 1629 1267 a
1675 1216 2069 1285 malevolentia,

494 1313 588 1357 aut
606 1303 778 1359 disces
802 1306 1130 1374 experientia
1153 1320 1404 1376 quantum
1430 1308 1624 1361 bonum
1648 1308 1714 1362 sit
1734 1311 1902 1377 quies.
1924 1311 2073 1366 Scias

490 1396 633 1464 quod
666 1404 716 1451 te
736 1399 843 1466 jam
878 1400 1080 1466 pridem
1112 1399 1495 1465 confodisscm,
1537 1401 1635 1455 nisi
1676 1403 1896 1456 chorum
1931 1419 2073 1457 mar-

490 1496 667 1558 tyrum
698 1498 750 1544 te
776 1491 1166 1545 custodientem
1185 1491 1432 1547 vidissem
1452 1506 1570 1547 eum
1587 1493 1804 1549 Jacobo.
1832 1496 1953 1550 llzcc
1973 1511 2073 1565 ego

486 1581 695 1648 audivi,
719 1592 772 1635 et
793 1580 899 1635 dixi
922 1583 1133 1637 cuidam
1154 1582 1316 1655 841
1341 1599 1400 1638 ex
1424 1584 1774 1639 fatniharihus
1794 1586 1880 1655 qui
1907 1601 2071 1655 prope

488 1690 578 1730 me
604 1675 905 1730 dormiebat
937 1693 949 1730 :
984 1676 1171 1745 Audis,
1211 1678 1447 1746 inquam,
1482 1693 1600 1748 qua:
1646 1679 1930 1732 dicuntur?
1978 1680 2071 1733 llle

484 1780 616 1818 vero
651 1784 661 1817 :
692 1766 907 1833 Omnia,
941 1766 1127 1835 inquit,
1152 1766 1364 1832 audivi;
1397 1777 1447 1821 et
1470 1783 1588 1822 cum
1613 1770 1800 1822 vellem
1829 1786 2068 1839 surgere,

2184 573 2363 625 anima
2392 576 2457 627 ab
2502 590 2566 628 eo
2599 576 2728 630 vitio
2761 578 3158 649 remotissima),
3193 583 3284 635 sed
3315 596 3435 636 cum
3461 582 3611 638 illum
3643 584 3769 652 qui~

2181 662 2301 716 dam
2328 681 2453 719 usus
2477 680 2536 718 ea
2561 668 2821 735 coegisse:
2842 667 3017 723 dicere
3038 685 3158 739 qua:
3176 670 3387 726 volebat
3407 673 3606 727 celare.
3630 674 3770 745 Sup-

2181 754 2298 822 plex
2324 754 2391 807 ab
2421 770 2485 808 eo
2530 757 2917 812 contendebant
2965 770 3024 813 ut
3064 771 3244 816 oraret
3281 763 3449 818 Deum
3481 766 3768 820 universo-

2180 859 2318 908 rum,
2343 845 2665 901 utrcdderet
2688 849 2812 902 mihi
2840 860 3073 919 segetem
3097 854 3348 907 mundam
3380 870 3407 906 a
3438 854 3678 919 zizaniis,
3713 864 3769 911 et

2178 949 2206 988 a
2231 937 2522 991 seminibus
2547 940 2807 993 hmreticis
2820 956 2935 994 eam
2959 943 3178 996 omnino
3201 944 3473 1011 liberaret;
3506 962 3591 1001 me
3620 949 3765 1001 enim

2178 1027 2334 1082 valde
2365 1039 2592 1097 angenat
2629 1030 2969 1085 abominandi
2999 1034 3281 1090 Marcionis
3304 1052 3460 1091 error
3502 1038 3591 1105 qui
3640 1039 3765 1107 plu-

2177 1119 2693 1175 rinmminvaluerat.
2722 1123 2858 1177 Dixit
2882 1125 3058 1191 itaque
3088 1141 3116 1180 a
3141 1142 3226 1180 me
3253 1140 3437 1182 oratus
3468 1145 3481 1181 :
3508 1128 3616 1183 Nec
3649 1144 3757 1193 me,

2178 1227 2278 1267 nec
2303 1213 2408 1266 ullo
2454 1214 2560 1267 alio
2611 1215 2703 1268 tibi
2754 1232 2885 1283 opus
2916 1225 3001 1269 est
3046 1219 3111 1271 ad
3174 1218 3338 1273 Deum
3376 1220 3765 1289 intercessore;

2177 1300 2342 1356 habes
2386 1306 2528 1358 enim
2569 1305 2824 1361 Joannem
2858 1307 3005 1361 illum
3038 1308 3324 1377 insignem,
3361 1310 3519 1366 Verbi
3542 1328 3759 1379 vocem,

2179 1391 2387 1447 Domini
2417 1409 2824 1462 praecursorem,
2864 1396 2958 1449 has
2982 1413 3076 1466 pro
3106 1409 3156 1452 te
3186 1415 3371 1467 preces
3393 1402 3610 1457 assidue
3634 1402 3766 1458 offe-

2176 1495 2401 1540 rentem.
2428 1486 2561 1540 Cum
2591 1498 2765 1541 autem
2789 1505 2887 1557 ego
2911 1490 3171 1555 dicerem,
3203 1508 3285 1543 uie
3313 1502 3366 1546 et
3393 1493 3511 1562 ejus
3540 1495 3766 1550 credere

2174 1579 2544 1641 orationibus,
2596 1581 2895 1634 etaliorum
2937 1595 3241 1637 sanctorum
3291 1587 3655 1653 apostolorum
3713 1597 3768 1643 et

2175 1671 2577 1740 pr0phctarum,
2607 1689 2831 1742 quorum
2863 1677 2928 1728 ad
2961 1693 3057 1730 nos
3089 1692 3255 1741 nuper
3283 1678 3477 1732 delata:
3526 1688 3651 1733 sunt
3681 1696 3767 1735 rc-

2176 1761 2355 1833 liquiaa
2390 1781 2403 1817 :
2440 1763 2587 1830 Esto,
2642 1767 2833 1833 inquit,
2884 1767 3024 1820 bono
3070 1770 3279 1831 animo;
3311 1771 3473 1823 hahcs
3504 1764 3763 1825 Joannem

484 1864 540 1909 et
570 1858 860 1925 respicere,
882 1864 937 1911 et
958 1860 1097 1911 scire
1124 1858 1241 1926 quis
1273 1858 1597 1928 loqueretur,
1626 1869 1711 1913 tua
1737 1876 1896 1914 causa
1922 1863 2071 1930 quie-
2100 1854 2146 1914 Β
2178 1854 2483 1923 Baptistam.
2518 1858 2623 1911 Sed
2654 1874 2750 1911 nec
2777 1859 2853 1913 sic
2899 1876 3018 1913 cum
3072 1876 3259 1929 [iussus
3303 1877 3420 1914 sum
3452 1863 3635 1928 silere,
3668 1863 3763 1915 sed

484 1950 563 2015 vi,
596 1964 717 2002 cum
750 1957 799 2003 te
828 1962 1065 2017 putarem
1094 1951 1393 2019 quiescere.
1427 1952 1598 2005 Ambo
1631 1954 1806 2022 itaque
1844 1968 2069 2019 surgen-

478 2040 570 2095 ‘tes
602 2041 953 2110 respeximus,
984 2057 1159 2112 neque
1182 2043 1341 2096 ullum
1374 2045 1459 2112 qui
1488 2054 1792 2099 moveretur
1817 2047 2069 2115 vidimus,

480 2148 583 2187 nec
623 2135 710 2204 qui
750 2135 1055 2203 loqueretur
1084 2134 1406 2190 audivimus.
1432 2137 1519 2189 Illa
1558 2139 1714 2191 verba
1743 2139 1830 2191 alii
1858 2154 2071 2208 quoque

480 2227 571 2296 qui
598 2227 876 2281 nobiscum
911 2227 1221 2282 habitabant
1247 2229 1583 2283 audiverunt.
1620 2231 1883 2285 Intellexit
1914 2233 2071 2299 igitur

480 2317 624 2385 quod
655 2327 945 2388 martyrum
993 2319 1205 2388 quidem
1250 2320 1470 2374 chorum
1519 2321 1726 2375 dicebat
1774 2322 2067 2394 Lecythum

481 2411 584 2463 olei
609 2419 919 2480 martyrum,
944 2411 1169 2481 quicum
1191 2429 1220 2467 a
1243 2413 1423 2467 multis
1445 2416 1766 2482 martyribus
1785 2416 2065 2470 collectam

480 2501 702 2559 haberet
744 2502 1193 2568 benedictiOuem,
1227 2504 1491 2574 pendebat
1516 2522 1545 2559 a
1576 2522 1695 2559 meo
1726 2507 1863 2560 lecto
1911 2525 1922 2560 :
1968 2506 2069 2561 sub

483 2609 608 2648 meo
646 2603 823 2648 autem
852 2594 1025 2663 capite
1055 2607 1173 2650 erat
1198 2598 1373 2664 magni
1408 2596 1589 2651 Jacobi
1625 2604 1772 2651 vetus
1818 2598 2065 2665 amictus,

481 2684 576 2754 qui
617 2685 802 2755 quovis
851 2687 1085 2741 claustro
1133 2688 1475 2741 adamantino
1526 2689 1622 2742 fuit
1661 2690 1789 2743 mihi
1819 2690 2068 2745 validior.

481 2777 621 2844 Quin
652 2778 812 2832 etiam
840 2791 960 2832 cum
997 2793 1183 2833 eorum
1226 2780 1516 2834 maximum
1550 2782 1719 2835 vicum
1766 2795 1939 2835 essem
1989 2783 2069 2835 in-

479 2882 793 2942 gressurus,
828 2870 1020 2926 deinde
1047 2874 1207 2925 multa
1236 2881 1419 2927 essent
1445 2873 1757 2927 intermedia
1786 2889 1904 2943 quae
1936 2874 2067 2927 mihi

479 2960 837 3029 prohibebant
866 2961 1090 3029 exitum,
1118 2964 1234 3017 misi
1258 2965 1322 3017 ad
1354 2979 1528 3019 meum
1554 2964 1763 3030 Isaiam,
1794 2980 1986 3034 rogans
2012 2976 2070 3018 ut

479 3051 716 3106 divinum
748 3067 1110 3124 consequerer
1158 3056 1431 3109 auxilium.
1487 3054 1581 3109 lllc
1614 3071 1759 3121 vero,
1805 3056 1949 3120 Esto,
1984 3058 2064 3111 in-

474 3142 615 3213 quit,
641 3146 782 3199 bono
799 3146 1012 3213 animo;
1044 3147 1214 3203 soluta
1238 3158 1361 3203 sunt
1381 3150 1555 3202 omnia
1580 3150 1669 3203 illa
1688 3151 2066 3217 impedimenta

2176 1944 2344 1999 multo
2367 1946 2534 2016 magis
2564 1950 2813 2016 urgebam
2837 1950 3191 2019 interrogans,
3217 1962 3268 2004 et
3286 1952 3422 2005 scire
3449 1951 3764 2007 desiderans

2180 2050 2277 2090 cur
2305 2037 2421 2105 ejus
2452 2040 2623 2101 potius
2652 2040 3001 2095 meminisset.
3038 2042 3128 2095 Ille
3170 2056 3345 2097 autem
3374 2059 3386 2094 :
3418 2042 3644 2108 Vellem,
3678 2045 3762 2099 in-

2173 2129 2316 2196 qttit,
2350 2130 2599 2198 amplecti
2631 2140 2686 2183 et
2716 2131 3012 2185 deosculsri
3043 2134 3157 2198 ejus
3186 2133 3440 2188 amabiles
3484 2132 3761 2203 reliquias.

2173 2220 2305 2274 Cum
2339 2231 2515 2276 autem
2563 2222 2812 2276 dixissem
2847 2241 2859 2275 :
2895 2224 3007 2277 Νσνιι
3034 2225 3250 2279 allrram
3279 2241 3392 2284 eas.
3419 2226 3517 2279 nisi
3548 2227 3763 2295 pollici-

2175 2327 2258 2370 tus
2290 2316 2455 2371 fueris
2486 2326 2535 2372 te
2557 2332 2620 2371 ea
2639 2318 2901 2372 dicturum
2927 2335 3043 2387 qme
3071 2322 3286 2373 videris.
3318 2324 3487 2389 Atque
3513 2320 3626 2388 ipse
3649 2321 3762 2389 qui-

2172 2407 2295 2462 dem
2322 2417 2404 2462 est
2436 2409 2721 2476 pollicitus,
2756 2424 2856 2475 ego
2896 2426 3024 2464 vero
3054 2411 3312 2479 post.idie
3343 2412 3492 2464 attuli
3543 2426 3606 2466 ea
3636 2425 3757 2477 quae

2171 2503 2529 2561 desiderabat:
2562 2512 2617 2557 et
2646 2519 2764 2557 cum
2796 2518 2979 2557 omnes
3016 2503 3265 2571 juss‘sset
3306 2504 3618 2569 abscedere,
3648 2504 3760 2557 lucc

2171 2594 2300 2647 mihi
2353 2594 2451 2647 soli
2503 2593 2753 2647 narravit.
2784 2594 3007 2659 Quando
3038 2594 3152 2661 bos,
3187 2598 3370 2662 inquit,
3403 2593 3631 2649 civitatis
3661 2610 3761 2662 pa-

2172 2696 2380 2752 tronos,
2410 2687 2553 2756 quia
2585 2687 2854 2742 Pbcenicia
2900 2697 3156 2741 venerant
3196 2696 3250 2740 et
3299 2687 3600 2746 Palar~titta,
3635 2701 3756 2741 cum

2172 2779 2429 2833 Davidica
2460 2780 2714 2848 excep‘sli
2737 2779 2963 2846 chorea,
2990 2779 3135 2832 venit
3162 2778 3287 2832 mihi
3320 2777 3371 2830 in
3401 2790 3634 2832 mentem
3662 2792 3759 2831 co-

2171 2873 2339 2943 gitare
2367 2885 2489 2923 num
2516 2869 2595 2922 Ine.
2625 2878 2805 2924 essent
2838 2869 2980 2923 illius
3010 2868 3229 2938 insignis
3252 2867 3469 2921 Joannis
3495 2868 3754 2936 reliquizr.

2170 2973 2225 3019 et
2254 2981 2357 3018 non
2384 2962 2605 3018 alterius
2645 2966 2891 3033 martyris
2939 2963 3028 3032 qui
3059 2971 3200 3016 esset
3223 2962 3462 3032 ejusdem
3494 2962 3752 3016 nominis.

2171 3056 2300 3112 Post
2337 3073 2503 3110 unum
2533 3071 2659 3124 ergo
2689 3056 2831 3111 diem
2859 3071 2958 3125 ego
2983 3056 3186 3110 stabam
3213 3056 3275 3107 ad
3309 3055 3533 3126 hymnos
3554 3054 3754 3109 decan-

2171 3147 2393 3214 tandos;
2425 3146 2580 3201 video
2609 3159 2783 3202 autem
2828 3146 3109 3213 quemdam
3132 3146 3358 3200 candida
3398 3160 3546 3202 Vt'Sle
3595 3148 3756 3201 indu-

476 3237 651 3293 instar
674 3240 792 3293 tela:
823 3256 1172 3307 aranearum;
1206 3243 1362 3312 idque
1391 3254 1547 3298 noctu
1573 3258 1658 3297 me
1680 3245 1859 3298 docuit
1889 3246 2066 3298 Domi-
2096 3232 2140 3295 C
2174 3250 2308 3303 tmn,
2362 3247 2417 3293 et
2469 3240 2735 3294 dicentem
2765 3255 2779 3290 τ
2820 3238 3007 3292 Frater
3034 3238 3228 3293 Jacobc
3249 3281 3263 3302 ,
3291 3254 3385 3292 cur
3411 3240 3561 3292 nobis
3590 3228 3755 3291 adve4

482 3348 606 3398 nus,
637 3348 742 3387 non
772 3333 1051 3389 insomnis
1072 3336 1412 3399 adumbrans,
1436 3339 1527 3391 sed
1553 3337 2062 3406 reverajosteudcus.

478 3422 602 3477 Vidi
634 3425 798 3488 enim,
828 3425 1026 3489 aiebat,
1076 3440 1197 3480 cum
1240 3428 1553 3495 incepissem
1598 3429 1960 3496 byruuodiam,
2010 3429 2063 3483 in

476 3519 566 3575 illa
599 3531 746 3588 parte
772 3520 821 3573 in
854 3535 955 3589 qua
983 3520 1071 3575 illa
1100 3522 1215 3575 loca
1242 3522 1340 3576 sita
1372 3532 1512 3585 sunt,
1548 3532 1850 3588 serpentem
1879 3541 2068 3592 quern-

482 3613 630 3677 dam,
655 3613 790 3683 ignis
813 3616 1041 3682 speciem
1068 3631 1174 3685 [me
1195 3631 1254 3671 se
1279 3617 1557 3683 ferentem,
1581 3619 1667 3687 qui
1688 3619 1755 3671 ah
1776 3619 2066 3674 Occidente

475 3711 719 3778 reptabat
746 3708 796 3761 in
824 3708 1117 3774 Orientem,
1140 3720 1193 3765 et
1212 3710 1473 3766 ferebatur
1501 3712 1841 3779 pertnedium
1861 3728 2060 3766 aerem.

475 3801 607 3855 Cum
656 3804 927 3858 orationes
975 3811 1153 3858 autem
1208 3814 1315 3859 tres
1362 3804 1709 3872 peregissem,
1742 3820 1923 3859 rursus
1956 3806 2061 3858 vidi

474 3893 755 3961 innexum,
775 3906 828 3951 et
849 3896 1193 3951 orbiculatam
1216 3897 1585 3952 ostendentem
1607 3898 1849 3966 liguram,
1871 3910 1923 3951 et
1947 3898 2066 3967 ejus

477 3990 701 4042 caudam
748 3990 911 4058 capiti
958 3993 1319 4060 conjunctam.
1350 3992 1481 4045 Cum
1516 4007 1704 4045 rursus
1731 4006 1908 4046 autem
1941 4004 2063 4047 octo

474 4081 746 4135 orationes
775 4083 1154 4150 absolvissetn,
1203 4083 1392 4151 aSpexi
1442 4099 1563 4137 cum
1612 4084 1661 4137 in
1702 4085 1835 4138 duas
1887 4092 2062 4151 partes

474 4172 766 4226 dissectum
797 4184 851 4227 et
879 4175 930 4229 in
959 4175 1159 4229 fumum
1190 4177 1502 4230 resolutum.
1538 4176 1659 4230 ll.I-c
1693 4177 1806 4243 ipse
1845 4176 2060 4245 quidem

476 4263 556 4317 sic
588 4266 844 4330 przevidit,
873 4282 968 4321 nos
991 4279 1166 4321 autem
1194 4269 1423 4321 vidimus
1448 4268 1647 4323 exitum
1679 4268 1767 4337 qui
1792 4271 2064 4323 consensit

472 4352 593 4424 ejus
624 4355 951 4421 praedic-[iuni
1007 4356 1157 4411 Mane
1198 4359 1341 4411 enim
1372 4357 1497 4411 tnali
1525 4361 1757 4413 auctoris
1797 4358 2061 4413 dmmOuis

472 4445 699 4515 imperio
731 4458 998 4516 parentes,
1034 4449 1121 4517 qui
1151 4449 1274 4504 olim
1308 4452 1522 4518 quidem
1556 4461 1703 4505 erant
1731 4463 1892 4505 secta:
1925 4451 2062 4504 Mar-

473 4541 667 4605 ciooie,
703 4556 843 4594 nunc
874 4550 1048 4595 autem
1076 4554 1196 4596 sunt
1229 4544 1416 4598 classis
1446 4545 1772 4614 apostolica),
1809 4544 1876 4597 ab
1906 4544 2056 4597 Occi-

2173 3330 2444 3384 nientibus
2465 3346 2575 3385 non
2602 3330 2797 3384 venisti
2825 3330 3074 3384 obviam?
3106 3331 3233 3383 Cum
3265 3346 3363 3399 ego
3389 3343 3563 3384 autem
3598 3344 3757 3400 roga-

2171 3436 2282 3474 rem
2305 3422 2520 3491 qninam
2550 3431 2751 3487 eSSent,
2778 3423 3068 3491 respondit,
3101 3422 3282 3476 dicens
3312 3440 3323 3475 :
3354 3421 3452 3487 Qui
3483 3438 3510 3473 a
3536 3421 3756 3475 thni-

2170 3511 2252 3566 cia
2279 3521 2333 3564 et
2380 3512 2658 3566 Palaestina
2690 3528 2857 3581 nuper
2878 3514 3159 3577 venimus;
3191 3525 3245 3568 et
3276 3529 3393 3567 cum
3420 3523 3663 3583 promptu
3688 3523 3745 3566 et

2169 3601 2333 3657 alacri
2391 3602 2569 3654 animo
2617 3616 2713 3656 nos
2760 3617 2946 3656 omnes
2999 3604 3357 3670 excepissent,
3415 3612 3469 3657 et
3492 3613 3670 3671 pastor
3698 3611 3753 3657 et

2170 3693 2415 3762 populus,
2448 3702 2501 3747 et
2538 3693 2703 3762 cives,
2738 3703 2790 3748 et
2818 3694 3020 3761 rustici,
3051 3706 3101 3749 tu
3130 3697 3272 3749 solus
3302 3711 3485 3751 eorum
3529 3695 3751 3750 honoris

2169 3785 2435 3838 nonfuisti
2463 3790 2761 3853 particeps:
2797 3788 3050 3841 innmbat
3081 3800 3255 3842 autem
3288 3804 3403 3842 eam
3435 3804 3551 3858 quae
3574 3789 3747 3841 fuerat

2167 3875 2573 3931 dubitationem.
2602 3880 2676 3930 Ad
2708 3878 2820 3932 hzrc
2844 3894 2971 3948 ergo
2993 3879 3120 3933 dicit
3144 3895 3201 3934 se
3231 3879 3429 3934 dixisse
3454 3897 3466 3932 :
3502 3880 3754 3933 Absenti-

2168 3970 2267 4022 bus
2296 3979 2352 4024 et
2399 3970 2547 4024 vobis
2576 3979 2630 4024 ct
2679 3971 2798 4026 aliis
2829 3979 2884 4026 et
2910 3987 3003 4026 vos
3035 3973 3262 4033 honoro,
3296 3983 3348 4025 et
3386 3971 3549 4027 adoro
3585 3973 3750 4026 Deunt

2166 4061 2554 4115 universorum.
2582 4062 2784 4117 Itursus
2813 4075 2989 4117 autem
3008 4063 3092 4117 die
3115 4064 3354 4131 sequenti
3385 4064 3573 4117 eadem
3603 4074 3747 4117 tem-

2170 4166 2300 4221 pore
2339 4168 2456 4207 cum
2484 4153 2574 4207 ille
2596 4154 2710 4222 ipse
2740 4160 3075 4223 apparuisset
3108 4172 3120 4207 :
3156 4154 3331 4216 Vides,
3366 4153 3551 4222 inquit,
3588 4153 3751 4208 {rater

2164 4246 2381 4314 Jacohe,
2399 4264 2519 4301 eum
2545 4248 2650 4300 illic
2677 4255 2927 4309 stantem,
2959 4249 3109 4317 cujus
3135 4246 3347 4316 quidem
3374 4245 3537 4301 vestis
3562 4255 3751 4300 estcoo

2166 4340 2277 4393 lore
2307 4340 2419 4393 nivi
2447 4340 2659 4405 similis,
2681 4349 2765 4395 est
2788 4350 2966 4394 autem
2993 4356 3155 4410 prope
3200 4342 3349 4393 illum
3378 4343 3577 4409 positus
3610 4340 3751 4411 ignis
3802 4390 3809 4395 .

2163 4429 2426 4484 clibanus.
2452 4431 2581 4484 Cum
2625 4442 2802 4483 autem
2835 4446 2932 4500 ego
2957 4429 3082 4484 illuc
3111 4431 3295 4486 oculos
3326 4433 3737 4492 convertissem.

2163 4533 2219 4578 et
2271 4524 2414 4578 illum
2446 4541 2568 4580 esse
2598 4525 2854 4579 Joannem
2889 4526 3177 4592 Baptistam
3208 4527 3555 4597 conjecissem
3582 4530 3741 4596 (nam

470 4637 634 4689 deum
664 4634 906 4704 mortem
944 4636 1112 4690 "udos
1139 4638 1292 4691 "ubis
1317 4654 1473 4694 enses
1502 4636 1889 4702 "gaudebam;
1926 4637 2053 4690 ιιοη,
2086 4614 2137 4673 D
2161 4628 2216 4674 et
2248 4619 2439 4674 vestitu
2471 4628 2587 4674 erat
2617 4618 2853 4683 indutus,
2886 4629 2939 4672 et
2967 4634 3181 4673 manum
3225 4619 3452 4673 habebat
3487 4631 3542 4673 nt
3572 4620 3748 4688 bapti-

472 4738 652 4782 antem
680 4729 783 4782 diei
818 4729 969 4783 tertia
1005 4729 1164 4783 simul
1210 4732 1403 4795 coacti,
1447 4746 1630 4784 curam
1659 4730 1917 4799 gerebant
1945 4745 2056 4783 sua:

469 4818 643 4873 solum
676 4822 952 4888 custodiae,
987 4821 1123 4875 sicut
1156 4836 1380 4889 serpens
1400 4822 1488 4892 qui
1518 4821 1682 4877 cauda
1715 4831 1871 4889 caput
1899 4837 2055 4876 suum

471 4914 712 4966 contexit
745 4932 756 4967 :
790 4923 974 4968 octava
1006 4926 1182 4969 autem
1214 4914 1465 4982 dispersi,
1494 4914 1753 4968 dederunt
1784 4911 1935 4966 nobis
1979 4912 2057 4965 lo-

472 5018 593 5056 cum
625 5006 955 5073 ingrediendi
983 5007 1034 5061 in
1072 5008 1267 5060 vicum.
1303 5007 1495 5061 Statim
1536 5017 1712 5059 autem
1754 5006 2055 5059 invenimus

472 5107 775 5161 serpentem
807 5097 1001 5152 factum
1024 5114 1087 5153 ex
1118 5099 1239 5154 aris
1272 5100 1518 5162 materia,
1553 5097 1640 5165 qui
1672 5098 1738 5150 ab
1758 5099 1835 5151 eis
1862 5099 2054 5152 adora-

470 5186 647 5240 batur.
672 5185 803 5241 Cum
836 5188 974 5242 enim
1007 5190 1261 5245 adversus
1288 5190 1531 5257 opiﬁcem
1585 5197 1639 5244 et
1680 5189 2047 5245 universorum

470 5289 771 5334 creatorem
803 5281 1000 5336 bellum
1031 5298 1214 5351 apcrzc
1250 5285 1629 5353 suscepissent,
1664 5286 2049 5341 exsecrandum

472 5372 803 5436 serpentem,
842 5381 1096 5442 tanquam
1127 5373 1267 5429 illius
1298 5375 1527 5442 hostem,
1554 5375 1732 5430 colere
1762 5377 2049 5431 contende-

462 5450 619 5517 bant.
641 5463 786 5518 Talia
814 5482 911 5534 ego
936 5465 1192 5523 beneficia
1214 5486 1241 5522 a
1266 5469 1391 5523 tnihi
1408 5470 1710 5525 venerando
1736 5470 1907 5540 capite
1931 5486 2049 5525 sunt

470 5565 813 5610 COHSCCUiiI.

542 5648 801 5713 Quoniam
829 5659 1004 5704 autem
1027 5649 1323 5707 divinarum
1354 5654 1740 5708 revelationum
1780 5654 2053 5708 narratio-

467 5755 592 5795 nem
632 5728 877 5813 ingressa
900 5753 977 5799 cst
1008 5747 1197 5810 oratio,
1228 5761 1323 5816 rge
1368 5746 1595 5821 narrabo
1635 5759 1752 5812 qua:
1780 5744 1953 5799 audivi
1985 5746 2052 5799 ab

476 5835 565 5893 illa
590 5835 761 5911 lingua
788 5839 853 5895 ab
883 5840 1025 5895 onmi
1073 5839 1349 5895 mendacio
1378 5838 1571 5893 a'ieua.
1599 5838 1844 5893 Narravit
1875 5848 2049 5895 autem

2165 4714 2348 4777 zans):
2377 4709 2424 4762 ls
2444 4719 2544 4776 est,
2581 4710 2767 4778 inquit,
2798 4724 2954 4778 quem
2984 4721 3038 4762 tn
3070 4708 3367 4778 conjecisti.
3393 4710 3528 4775 Quin
3557 4711 3742 4773 etiam,

2167 4803 2357 4871 inquit,
2387 4818 2508 4855 cum
2537 4813 2591 4855 tu
2620 4804 2905 4871 aliquando
2931 4812 3090 4856 noctu
3117 4805 3181 4855 ad
3210 4804 3437 4868 primum
3469 4803 3639 4856 vicmn
3672 4804 3743 4855 ad

2162 4896 2450 4949 seditiosos
2494 4911 2589 4950 eos
2634 4896 2888 4949 docturus
2927 4895 3123 4959 abires,
3173 4904 3226 4949 et
3257 4904 3311 4947 ut
3338 4910 3436 4965 ego
3467 4894 3654 4965 majori
3677 4911 3743 4950 ac

2164 4986 2549 5041 vehementiori
2579 4985 2745 5056 842
2784 4986 2963 5040 studio
3002 4986 3109 5039 Deo
3132 4985 3378 5039 olferrem
3408 4988 3741 5051 orationem,

2160 5081 2505 5145 mandasses,
2556 5090 2663 5131 tota
2715 5088 2868 5133 nocte
2914 5078 3122 5147 vigilavi
3174 5090 3369 5147 rogans
3428 5077 3738 5131 Dominum.

2165 5171 2363 5226 Deinde
2391 5171 2570 5224 audivi
2599 5186 2782 5224 vocem
2811 5172 3072 5224 dicentem
3107 5188 3119 5224 :
3154 5171 3228 5224 Nc
3266 5173 3488 5233 timeas,
3518 5185 3553 5224 ο
3582 5170 3742 5224 Jaco-

2162 5267 2257 5329 be;
2311 5278 2535 5334 magnus
2562 5264 2706 5317 enim
2732 5263 2965 5317 Joannes
3007 5264 3243 5331 Baptista
3270 5271 3378 5317 tota
3424 5272 3580 5316 nocte
3622 5271 3741 5315 orat

2162 5356 2326 5410 Deum
2355 5358 2743 5410 universorum.
2772 5355 2929 5409 Facta
2951 5354 3090 5421 enim
3120 5353 3305 5407 luisset
3326 5368 3516 5422 magna
3539 5352 3740 5419 cedes,

2161 5449 2263 5504 nisi
2303 5450 2443 5503 illius
2492 5448 2962 5503 intercessionibus
3007 5448 3191 5502 luisset
3237 5444 3499 5500 exstincta
3535 5445 3737 5499 diaboli

2157 5542 2398 5596 audacia.
2433 5541 2560 5596 Haec
2590 5557 2707 5594 eum
2738 5541 2865 5593 tnihi
2906 5547 3204 5603 narrasset,
3261 5537 3511 5607 prazcepit
3551 5545 3611 5591 ut
3635 5551 3739 5605 ego

2156 5634 2298 5689 solus
2328 5638 2542 5701 scirem,
2592 5642 2647 5686 et
2693 5646 2761 5685 ue
2794 5632 2929 5685 alios
2959 5645 3285 5686 assutncrem
3315 5631 3584 5684 conscios.
3615 5629 3729 5696 Ego

2157 5734 2333 5780 autem
2354 5725 2598 5778 utilitatis
2622 5724 2788 5791 gratia
2811 5738 2915 5777 non
2942 5723 3113 5778 solum
3146 5722 3327 5777 multis
3372 5721 3605 5789 narravi,
3636 5719 3738 5776 sed

2155 5818 2315 5873 etiam
2347 5815 2541 5872 mando
2570 5815 2794 5885 scriptis.
