4052 6362
306 364 376 421 89
1388 363 1847 423 ιδιιιιθτιιιευε.
1883 375 2009 417 sive
2048 362 2495 427 TllEOPHILES.
2582 371 2585 374 ’
3502 373 3577 430 90

335 533 339 536 .
387 482 495 535 Iam
525 493 654 535 vero
692 491 720 532 a
764 493 823 533 se
861 491 1073 548 quoque
1101 476 1313 532 dicebat
1342 491 1460 534 esse
1486 479 1656 533 visum
1696 475 1893 544 Ioseph
1923 475 1966 530 Α
2000 476 2198 546 auriga:
2225 486 2277 532 et
2307 493 2564 567 equo/rum
2588 476 2971 535 biunientium.
3015 480 3099 538 Me
3142 490 3318 540 autem
3352 493 3571 542 contur-

309 572 696 645 patriarcham,
719 570 895 637 capite
920 580 972 625 et
1001 570 1163 623 barba
1192 584 1408 637 canum,
1433 578 1488 625 et
1515 569 1568 623 in
1595 567 1744 623 senio
1774 566 1887 621 fur-

307 682 412 722 mte
442 666 774 720 emittentem
832 663 1169 733 splendoaem
1191 704 1207 728 ,
1240 672 1292 716 et
1323 664 1373 716 in
1419 662 1629 716 virtutis
1685 661 1892 729 fastigio

308 761 542 827 seirsum
568 766 873 812 sanctorum
891 766 1188 810 extremum
1215 756 1598 809 nominautetn.
1617 753 1745 808 Nam
1767 768 1890 807 cum

308 868 431 918 ego,
463 851 671 920 inquit,
706 864 826 903 eum
876 848 1102 916 primum
1147 847 1380 901 dicerem
1430 861 1492 901 ex
1544 845 1607 898 iis
1638 844 1726 914 qui
1769 854 1893 898 sunt

309 942 553 1013 ejusdem
596 956 716 993 cum
772 940 885 1007 ipso
935 938 1118 993 feretri
1151 938 1456 1007 participes,
1489 939 1617 1006 ipse.
1655 935 1890 1004 seipsum

307 1032 619 1087 nominabat
652 1028 921 1083 ultimum.

380 1124 510 1178 Mihi
539 1131 716 1176 autem
761 1120 999 1175 narravit
1040 1120 1199 1175 etiam
1246 1119 1420 1173 varios
1466 1127 1520 1174 et
1571 1116 1891 1184 multiplicvs

303 1214 612 1268 daemonum
638 1212 886 1276 insnltus,
916 1210 1004 1280 qui
1029 1210 1079 1264 in
1109 1211 1279 1277 ipsum
1303 1209 1426 1265 facti
1454 1219 1595 1262 sunt.
1625 1207 1757 1261 Cum
1788 1207 1893 1275 pri-

305 1320 452 1359 mnm
492 1304 661 1366 enim,
691 1302 897 1366 aiebat,
933 1302 1033 1355 hoc
1070 1303 1191 1355 vita:
1222 1315 1390 1369 genus
1435 1315 1551 1351 sum
1596 1300 1887 1366 ingressus,

304 1398 449 1449 visus
482 1405 562 1449 est
593 1394 723 1448 mihi
775 1394 986 1463 quidam
1020 1375 1399 1454 nuduslforma
1432 1389 1682 1458 Ethiops
1713 1391 1889 1459 ignem

303 1504 366 1542 es
408 1488 579 1540 oculis
607 1486 855 1539 emittens
880 1501 895 1549 ;
925 1497 1024 1551 ego
1053 1492 1229 1536 autent
1263 1498 1381 1535 cum
1404 1497 1525 1535 eum
1553 1481 1811 1543 viderem,
1838 1488 1891 1534 ct

304 1580 499 1632 timore
521 1592 637 1630 sum
659 1575 905 1642 affectus,
934 1584 987 1628 et
1016 1576 1080 1627 ad
1129 1590 1315 1645 preces
1365 1588 1677 1636 c.mvcrsus,
1712 1588 1809 1627 nec
1838 1574 1889 1627 in

302 1682 540 1722 annuum
572 1666 826 1719 inducere
855 1666 1004 1735 potui
1029 1674 1086 1718 ut
1106 1667 1280 1718 cibum
1311 1679 1601 1728 sumerem,
1632 1666 1723 1718 illo
1744 1664 1887 1719 enim

303 1774 547 1829 tempere
579 1760 707 1812 mihi
736 1760 1044 1830 appart-bat.
1079 1758 1214 1813 Cum
1250 1771 1425 1813 autem
1448 1770 1653 1826 septem
1685 1766 1739 1812 et
1767 1768 1888 1811 octo

1994 569 2137 623 bavit
2167 571 2242 624 rei
2273 572 2515 638 novitas;
2540 572 2834 642 cogitabam
2863 575 3005 629 enim
3033 575 3173 645 quod
3197 591 3294 630 nec
3318 581 3568 649 princeps

1994 671 2117 714 tunc
2138 662 2355 716 essetin
2390 664 2626 728 civitate,
2673 680 2770 718 nec
2798 680 2859 719 ea
2890 678 3031 720 esset
3062 668 3140 721 via
3180 666 3567 735 vehiculorum,

1993 768 2091 807 nec
2115 765 2325 820 tempus
2369 765 2550 824 aptum
2584 757 2859 811 vehiculis.
2895 759 3017 813 llaec
3052 770 3228 813 autem
3278 775 3400 817 cum
3429 763 3569 831 apud

1993 861 2077 899 me
2122 856 2450 913 reputarem,
2482 849 2795 903 audiebatur
2829 851 3044 918 quidam
3075 853 3329 919 strepitus
3377 868 3573 921 appro-

1994 939 2300 1005 pinquantis
2334 940 2709 1003 rnnltitudinis,
2748 949 2803 994 et
2845 942 3144 997 clamabant
3183 944 3394 1013 quidam
3429 960 3569 1013 pne.

1993 1028 2245 1083 cedentes
2299 1028 2533 1092 lictores,
2584 1031 2879 1095 sibilantes,
2931 1042 2986 1086 et
3038 1037 3104 1087 de
3152 1035 3328 1089 medio
3360 1037 3567 1091 turbam

1993 1119 2295 1186 exigentes,
2317 1129 2369 1174 et
2398 1121 2444 1173 ei
2468 1120 2556 1188 qui
2582 1131 2809 1188 prmerat
2832 1123 2970 1176 viam
2996 1132 3263 1190 parantes.
3281 1126 3570 1196 Postquam

1992 1220 2173 1260 autem
2234 1207 2360 1260 mihi
2403 1208 2498 1261 visi
2557 1220 2680 1263 sunt
2733 1211 2887 1263 valde
2938 1214 3382 1281 appropinquare,
3432 1214 3568 1283 dixi,

1992 1297 2162 1351 aiebat
2194 1314 2206 1350 :
2238 1298 2495 1363 Qu’snam
2524 1314 2603 1365 es,
2637 1311 2685 1353 et
2719 1301 2857 1355 unde
2887 1302 3067 1355 venis?
3095 1312 3148 1356 et
3173 1319 3277 1372 quo
3318 1299 3451 1373 opus
3473 1308 3570 1359 ha-

1994 1388 2126 1442 bens
2163 1389 2354 1443 venisti
2410 1389 2512 1442 hoc
2562 1392 2838 1459 tempore?
2864 1392 3151 1461 Quousque
3195 1395 3501 1460 Iudificaris,
3537 1412 3570 1448 ο

1994 1477 2196 1545 infelix,
2230 1489 2282 1532 et
2329 1479 2561 1533 divinam
2592 1482 2889 1536 contemnis
2940 1482 3287 1551 patientiam?
3321 1486 3431 1540 lloc
3470 1501 3572 1554 ego

1992 1572 2208 1640 quidem
2258 1571 2532 1637 dicebam,
2591 1588 2883 1628 conversus
2913 1574 2979 1627 ad
3026 1576 3325 1643 Urientem,
3377 1589 3425 1631 et
3461 1578 3571 1631 Deo

1994 1680 2179 1734 preces
2222 1666 2475 1721 offerens.
2510 1666 2603 1721 Ille
2632 1677 2808 1721 autem
2856 1669 3011 1722 trusit
3064 1670 3311 1739 quidem,
3342 1671 3435 1724 sed
3463 1684 3568 1725 non

1994 1760 2165 1826 potuit
2191 1756 2445 1826 dejicere,
2489 1759 2932 1814 resistebateuim
2971 1760 3147 1815 divina
3173 1761 3452 1831 gratia,et
3476 1777 3570 1818 ex-

301 1864 355 1908 et
388 1854 574 1907 decuti
606 1852 721 1907 dies
763 1851 1128 1913 transiissent,
1165 1860 1218 1905 et
1242 1851 1462 1920 jejunus
1493 1866 1884 1919 permanerem,
1918 1835 1966 1896 Β
1995 1848 2194 1915 templo
2223 1849 2398 1903 omnia
2419 1847 2508 1903 illa
2540 1858 2885 1905 evanuerunt.

301 1947 519 2000 tandem
558 1945 859 2013 improbum
908 1942 1061 1996 illum
1088 1943 1340 1997 insultum
1372 1953 1738 2003 contemnens,
1771 1940 1886 1995 sedi

299 2046 359 2092 et
381 2037 558 2089 cibum
579 2036 799 2104 sumpsi.
825 2035 917 2089 Ille
946 2045 1120 2088 autem
1147 2050 1265 2088 cum
1300 2033 1434 2087 hanc
1466 2048 1637 2087 meam
1670 2048 1776 2086 non
1807 2041 1890 2086 tu-

299 2128 453 2185 lisset
480 2129 641 2182 animi
668 2128 1109 2197 magnitudinem,
1142 2128 1372 2181 minatus
1394 2136 1474 2182 est
1501 2142 1559 2181 se
1585 2127 1733 2196 virga
1765 2141 1890 2196 per-

301 2236 603 2275 cussurum.
636 2221 746 2290 Ego
776 2229 975 2286 autem,
1028 2219 1214 2287 inquit,
1268 2219 1382 2272 dixi
1411 2234 1429 2273 :
1462 2218 1517 2273 Si
1550 2218 1641 2272 tibi
1670 2218 1884 2286 quidem

300 2318 391 2364 est
419 2311 731 2376 permissum
765 2324 795 2363 a
837 2296 945 2362 Deo
975 2311 1375 2373 universorum,
1420 2316 1660 2377 percute,
1693 2318 1747 2363 et
1779 2309 1891 2375 pla-

303 2417 427 2470 gam
476 2402 719 2457 lubenter
755 2400 1032 2469 accipiam,
1068 2409 1125 2453 ut
1160 2401 1247 2469 qui
1277 2401 1343 2452 ah
1373 2400 1463 2454 illo
1494 2400 1684 2465 feriar;
1718 2400 1809 2454 sed
1841 2400 1888 2454 si

298 2509 409 2547 non
437 2494 502 2546 sit
527 2494 619 2547 tibi
646 2494 983 2562 permissum,
1019 2507 1122 2545 non
1155 2493 1420 2560 percuties
1450 2493 1573 2547 licet
1594 2493 1786 2548 millies
1806 2492 1891 2546 in-

298 2589 507 2642 sanias.
542 2588 633 2641 liis
664 2586 857 2639 auditis
883 2595 1007 2639 tunc
1036 2586 1239 2654 effugit.

377 2677 483 2733 Scd
533 2694 618 2732 me
648 2693 836 2733 rursus
865 2678 1163 2731 clanculum
1208 2688 1460 2747 perpetua
1490 2678 1754 2733 alliciebat
1774 2692 1891 2733 m0—

298 2769 477 2824 lestia.
508 2770 639 2823 Nam
668 2786 855 2836 aquam
905 2784 1027 2839 qua:
1058 2768 1186 2822 mihi
1241 2769 1318 2823 bis
1351 2768 1403 2823 in
1438 2769 1765 2825 hrbdomada
1810 2772 1892 2822 in-

298 2861 458 2915 ferne
487 2862 893 2925 all'erebatur,ci
912 2863 999 2930 qui
1024 2861 1279 2915 afferebat
1305 2875 1613 2927 occurrens,
1641 2874 1691 2915 et
1714 2876 1885 2916 meam

297 2952 529 3007 formam
562 2956 773 3007 imitans
802 2952 1125 3020 accipiebat;
1161 2965 1213 3006 et
1255 2953 1402 3006 illum
1430 2950 1627 3021 jubens
1666 2953 1888 3007 recede-

301 3060 386 3108 re,
418 3044 673 3100 ﬂuentum
713 3028 1038 3100 elfundcbat.
1089 3043 1248 3113 quue
1277 3059 1396 3098 cum
1431 3059 1535 3097 non
1567 3045 1747 3098 solum
1782 3044 1883 3110 bis,

300 3137 400 3191 sed
423 3137 582 3191 etiam
617 3145 699 3192 ter
728 3136 963 3199 fecisset,
1012 3150 1100 3189 me
1152 3136 1269 3189 sitis
1320 3134 1665 3205 perpessione
1714 3134 1885 3189 valide

299 3228 648 3299 oppugnavit.
680 3225 812 3280 Cum
843 3242 970 3295 ergo
1020 3227 1172 3282 valde
1222 3241 1473 3295 angerer,
1526 3227 1706 3295 rogavi
1759 3242 1880 3281 eum
1913 3196 1960 3260 Ο

297 3322 391 3389 qui
423 3322 625 3375 solebat
650 3319 715 3373 ad
747 3334 830 3372 me
858 3318 934 3372 at!
965 3333 1050 3373 rre
1077 3333 1173 3373 our
1207 3316 1317 3387 jam
1348 3318 1646 3387 quindecim
1696 3318 1887 3373 diebus

296 3411 369 3465 ad
401 3424 485 3464 me
528 3425 716 3479 aquam
764 3424 871 3462 non
914 3408 1215 3462 attuli~setz
1250 3408 1295 3460 is
1321 3407 1456 3461 dixit
1485 3422 1542 3462 se
1564 3407 1675 3477 jam
1710 3417 1790 3461 ter
1832 3417 1889 3463 et

296 3513 489 3572 quater
518 3499 777 3562 attulisse.
807 3510 957 3556 etme
982 3502 1272 3568 accepisse.
1306 3501 1370 3554 Et
1391 3501 1503 3567 ubi,
1528 3504 1740 3571 inquam
1758 3518 1882 3571 ego.

296 3604 407 3648 ate
437 3609 552 3647 eam
581 3596 836 3648 alfet'ente
881 3594 1094 3661 accept?
1142 3591 1235 3646 Ille
1267 3593 1441 3646 locum
1479 3594 1734 3647 ostendit.
1773 3595 1883 3650 Etsi

299 3690 518 3755 millies,
551 3691 763 3759 inquam
795 3705 913 3760 ego,
946 3690 1173 3744 meilluc
1196 3689 1537 3745 accedentem
1563 3689 1783 3756 videris,
1814 3703 1885 3743 ne

298 3782 626 3835 vasdederis
651 3782 821 3836 donec
850 3783 912 3835 ad
943 3783 1082 3837 hunc
1110 3782 1286 3837 locum
1314 3781 1546 3837 veneris.

378 3873 470 3928 Sic
500 3890 619 3927 cum
652 3874 735 3927 ha:
764 3888 974 3944 quoque
1003 3876 1117 3945 ejus
1144 3883 1340 3943 apertae
1371 3885 1426 3929 et
1467 3876 1631 3929 irritae
1662 3874 1886 3929 fuissent

299 3963 537 4031 insidiae,
569 3967 701 4019 alias
730 3981 915 4019 rursus
932 3975 1013 4019 est
1046 3980 1344 4034 aggressus.
1382 3965 1522 4019 Dixit
1548 3966 1693 4020 enim
1725 3976 1883 4020 noctu

300 4057 601 4112 Vociferans
632 4076 645 4111 :
678 4059 754 4111 'I'e
797 4067 902 4112 tam
932 4058 1321 4125 tetroimplebo
1348 4058 1535 4127 odore,
1562 4069 1618 4112 et
1646 4059 1738 4111 tibi
1770 4068 1886 4111 tan-

303 4160 411 4204 tam
444 4151 652 4204 inuram
678 4146 972 4216 infamant,
995 4160 1051 4205 ut
1084 4166 1239 4207 nemo
1263 4162 1313 4204 te
1343 4151 1446 4204 ulla
1475 4164 1539 4204 ex
1572 4160 1717 4219 parte
1739 4152 1884 4219 aspi-

302 4244 433 4297 ciat.
468 4242 580 4314 Ego
608 4253 809 4307 autem,
844 4244 1028 4312 inquit,
1059 4244 1122 4296 ad
1149 4243 1263 4296 hazc
1293 4242 1758 4311 respondizAgam
1793 4242 1887 4296 tibi

214 4374 225 4383 .
301 4336 523 4407 gratias.
582 4336 780 4390 Invitus
811 4337 955 4391 enim
986 4348 1133 4390 tuum
1164 4337 1433 4389 inimicum
1467 4335 1731 4389 beneficio
1772 4334 1887 4387 affi-

302 4428 437 4491 cies,
462 4434 517 4480 ut
545 4427 634 4496 qui
664 4424 869 4481 efficias
902 4437 957 4481 ut
988 4427 1155 4495 magis
1187 4442 1368 4481 verser
1396 4426 1450 4480 in
1495 4426 1584 4479 Dei
1620 4425 1886 4479 recorda-

305 4520 470 4573 tione.
496 4519 623 4572 Nam
646 4525 757 4587 tjuo
780 4520 905 4571 mihi
939 4519 1052 4585 plus
1077 4525 1158 4572 est
1187 4518 1315 4584 otii,
1358 4532 1425 4572 eo
1462 4517 1625 4585 magis
1652 4531 1887 4585 occupor

306 4610 360 4663 in
386 4619 643 4679 perpetuo
667 4609 1077 4676 contemplanda
1109 4609 1287 4663 divina
1312 4608 1725 4677 pulchritudine.
1750 4606 1882 4661 Cum

308 4703 489 4768 itaque
520 4702 670 4768 pauci
715 4700 829 4753 dies
860 4701 1264 4769 praeteriissent,
1300 4700 1524 4754 meridie
1572 4709 1884 4752 consuetum

286 4794 569 4862 'peragens
617 4792 871 4856 ofticimn,
912 4792 1111 4857 Video,
1146 4792 1338 4860 inquit,
1378 4791 1509 4843 duas
1538 4792 1794 4845 mulieres
1823 4792 1889 4843 de

306 4897 491 4944 monte
520 4885 928 4940 descendentes.
958 4884 1068 4952 Ego
1095 4895 1271 4937 autem
1303 4898 1422 4939 cum
1456 4882 1504 4935 id
1541 4894 1734 4949 praeter
1762 4896 1893 4934 con—

307 4979 646 5033 suetudinem
694 4994 835 5045 :egre
879 4979 1145 5042 tulissem,
1180 4982 1234 5030 et
1264 4990 1352 5029 cas
1397 4972 1657 5042 lapidibus
1710 4983 1889 5040 petere

312 5088 488 5128 essent
538 5085 842 5140 aggressus,
881 5068 1098 5124 memini
1130 5069 1389 5121 minarum
1422 5066 1664 5119 scelerati
1692 5066 1893 5120 daemo-

310 5166 415 5227 nis,
444 5174 497 5217 et
522 5163 727 5232 conjcci
750 5161 885 5216 hanc
906 5176 1025 5215 esse
1044 5176 1158 5213 eam
1184 5174 1340 5228 quam
1363 5158 1574 5212 dicebat
1594 5156 1886 5210 infamiam.

312 5254 431 5315 Dixi
459 5269 588 5322 ergo
618 5268 804 5321 magna
840 5267 967 5306 voce
1009 5251 1147 5320 quod
1198 5250 1405 5304 etiamsi
1436 5250 1567 5303 meis
1597 5248 1891 5303 insiderent

310 5346 574 5411 Immeris,
610 5362 713 5397 non
738 5360 828 5397 eas
856 5346 1103 5410 impetum
1136 5342 1424 5410 lapidibus,
1446 5356 1543 5395 nec
1577 5356 1889 5409 persequar,

309 5442 404 5496 sed
444 5443 558 5494 sola
593 5450 709 5493 utar
738 5439 1138 5508 drprecatione.
1196 5437 1307 5507 Ego
1351 5435 1562 5505 quidem
1606 5438 1717 5488 haec
1745 5435 1887 5501 dixi,

310 5534 418 5587 illae
443 5548 569 5587 vero
600 5540 951 5594 evanuerunt,
980 5542 1034 5585 et
1057 5544 1304 5584 sermone
1336 5529 1494 5583 tinem
1520 5527 1727 5597 accepit
1758 5526 1893 5580 visio

309 5625 624 5697 spectaculi.

386 5718 513 5772 Post
545 5716 659 5771 hasc
687 5727 890 5780 rursus,
943 5711 1131 5783 inquit,
1190 5721 1350 5766 noctu
1396 5725 1495 5779 ego
1524 5710 1740 5780 quidem
1772 5724 1893 5765 ora-

311 5812 436 5877 bam
464 5828 478 5865 :
505 5809 775 5867 ferebatur
816 5817 990 5863 autem
1023 5803 1250 5860 vehiculi
1302 5802 1574 5873 strepitus,
1612 5811 1663 5858 ct
1694 5802 1895 5858 clamor

1913 4574 1968 4635 l)

2063 1941 2286 1995 Dicebat
2314 1952 2492 1996 autem
2543 1955 2603 1995 se
2647 1940 2807 1994 etiam
2866 1948 3106 2009 tempore
3145 1940 3565 2010 perniciosorum

1991 2031 2207 2086 illorum
2236 2031 2525 2095 latronum,
2560 2031 2777 2101 quando
2806 2047 2871 2087 ex
2904 2032 3101 2086 Isauria
3127 2031 3371 2100 profecti,
3401 2033 3569 2086 maxi-

1990 2139 2130 2177 mam
2156 2132 2357 2191 partem
2386 2122 2619 2178 Orientis
2642 2135 2881 2189 urentes,
2910 2124 3119 2193 pra-das
3140 2134 3388 2193 egerunt,
3420 2124 3579 2180 valde.

1989 2216 2326 2280 extimuisse,
2360 2231 2466 2269 non
2496 2232 2565 2269 ne
2595 2216 2931 2271 occideretur
2958 2220 3160 2285 (neque
3187 2218 3330 2272 enim
3354 2219 3570 2273 teneba-

1991 2313 2078 2359 tur
2108 2316 2255 2360 tanto
2274 2323 2459 2363 amare
2488 2310 2777 2377 corporis),
2801 2308 2894 2361 sed
2922 2323 2988 2361 ne
3021 2317 3298 2376 raperetur
3322 2309 3373 2362 in
3402 2311 3570 2363 servi-

1991 2404 2156 2451 tutem
2188 2399 2499 2467 etcaptivus
2532 2400 2705 2466 fieret,
2751 2399 3144 2467 impietatisque
3183 2407 3237 2452 et
3274 2397 3569 2468 iniquitatis

1992 2489 2203 2543 videret
2250 2489 2635 2552 spectaculum.
2692 2488 2844 2541 lluue
2893 2498 3091 2542 metum
3139 2502 3260 2542 cum
3311 2489 3570 2542 sensisset

1991 2584 2234 2638 diabolus
2266 2584 2432 2655 (saepe
2460 2586 2599 2638 enim
2632 2584 2940 2648 audiverat,
2984 2598 3107 2637 cum
3138 2582 3234 2637 hoc
3279 2582 3421 2635 notis
3458 2580 3569 2633 suis

1990 2676 2265 2743 aperiret),
2298 2676 2533 2729 imitatur
2561 2684 2717 2729 noctu
2743 2675 3001 2729 ululatum
3021 2673 3324 2727 mulierum.
3340 2668 3452 2740 Ego
3473 2684 3567 2723 au—

1992 2773 2123 2835 tem,
2156 2766 2352 2836 inquit,
2376 2765 2596 2820 videbar
2625 2764 2813 2818 audire
2842 2764 2982 2832 quod
3011 2765 3252 2818 venirent
3280 2760 3482 2825 hostes,
3515 2765 3571 2812 et

1987 2857 2129 2926 quod
2155 2859 2285 2912 vicis
2316 2861 2485 2927 ignem
2511 2856 2811 2926 injicerent.
2842 2856 3030 2910 Statim
3050 2869 3177 2925 ergo
3205 2868 3325 2908 cum
3348 2850 3568 2921 capillos

1989 2949 2043 3003 in
2073 2949 2207 3004 duas
2237 2960 2415 3018 partes
2441 2947 2604 3019 843
2648 2949 3123 3012 discrintiuassem,
3149 2958 3199 3000 et
3228 2946 3416 3014 partim
3448 2944 3569 3014 qui-

1988 3042 2153 3097 dema
2180 3043 2402 3109 dextris,
2428 3044 2617 3112 partim
2635 3056 2759 3096 vero
2778 3057 2806 3094 a
2838 3041 3069 3095 sinistris
3093 3040 3158 3094 ad
3184 3049 3368 3108 pectus
3389 3046 3566 3090 trans-

1994 3134 2236 3188 tulissem
2258 3176 2272 3200 ,
2322 3136 2571 3203 parabam
2603 3132 2801 3185 collum
2834 3141 2889 3185 ut
2916 3131 2966 3185 id
2988 3132 3133 3184 ensis
3159 3138 3456 3196 amputaret
3488 3127 3568 3181 fa-

1991 3225 2169 3290 cilius,
2199 3232 2254 3279 et
2304 3223 2452 3279 brevi
2492 3225 2645 3292 plaga
2693 3233 2933 3289 accepta,
2968 3223 3034 3274 ab
3083 3220 3174 3276 illo
3211 3218 3571 3275 abominanda

1990 3319 2250 3374 liberarer
2299 3318 2628 3388 spectaculo.
2685 3314 2818 3370 Cum
2869 3317 2947 3370 sic
2977 3326 3141 3369 totam
3179 3316 3320 3368 illam
3359 3322 3568 3366 noctem

1990 3414 2365 3480 transegissem
2390 3421 2443 3466 et
2458 3410 3043 3465 assidueineursronem
3066 3408 3272 3461 illurqu
3288 3412 3570 3473 exspecta-

1995 3520 2131 3569 rem,
2165 3520 2284 3558 cum
2318 3504 2504 3558 fuisset
2534 3504 2671 3567 dies,
2700 3513 2753 3556 et
2796 3501 3009 3571 quidam
3063 3501 3359 3563 venissent,
3390 3496 3570 3565 rogavi

1990 3599 2240 3667 quidnam
2284 3597 2578 3651 audiissent
2608 3596 2675 3649 de
2709 3594 2922 3648 Isauris.
2972 3593 3044 3646 Illi
3099 3602 3275 3644 autent
3322 3591 3574 3642 dixerunt

1991 3705 2049 3744 se
2074 3691 2203 3743 nihil
2228 3704 2387 3743 nosse
2428 3688 2533 3742 illis
2554 3687 2778 3752 diebus;
2809 3696 2860 3740 et
2886 3687 2964 3739 sic
2990 3686 3199 3748 agnovi,
3234 3682 3425 3753 inquit,
3452 3681 3569 3735 dia-

1991 3780 2223 3835 bolicam
2256 3795 2466 3848 quoque
2494 3779 2636 3831 illam
2668 3778 2831 3831 fuisse
2861 3778 3140 3829 visionem.
3503 3760 3523 3787 ‘

2063 3871 2353 3941 Aliquando
2379 3880 2554 3923 autem
2580 3868 2904 3922 assimilatus
2935 3867 3107 3919 vivido
3135 3874 3188 3917 et
3219 3871 3404 3931 vegeto
3432 3859 3570 3913 ado-

1991 3963 2245 4029 lescenti,
2280 3962 2458 4030 Specie
2483 3962 2701 4024 decoro,
2736 3971 2785 4012 et
2816 3960 2946 4012 ﬂava
2975 3973 3122 4011 COIII'I
3155 3965 3361 4020 ornato,
3387 3955 3450 4007 ad
3483 3968 3571 4007 me

1990 4055 2277 4109 accedebat
2302 4053 2582 4107 subridens
2610 4052 2765 4105 simul
2792 4060 2845 4105 et
2874 4051 3081 4104 ludens.
3117 4049 3224 4118 Ego
3254 4057 3459 4112 autem,
3490 4046 3574 4100 iu-

1990 4150 2124 4219 quit,
2153 4151 2229 4202 ira
2252 4158 2509 4212 armatus,
2534 4145 2809 4213 ejiciebam
2840 4144 3106 4196 insectans
3135 4140 3451 4193 maledictis.
3481 4136 3572 4190 Ille

1991 4251 2167 4295 autem
2209 4241 2583 4311 permanebat,
2618 4246 2833 4305 aSjtet‘ltI
2881 4233 3205 4299 meretricio,
3257 4234 3471 4297 risuque
3517 4239 3573 4284 et

1991 4348 2241 4387 sermone
2271 4334 2339 4384 ad
2371 4329 2692 4398 voluptatem
2725 4326 2987 4379 alliciens.
3020 4324 3166 4376 Tunc
3212 4338 3339 4392 ergo
3370 4336 3572 4388 majore

1993 4422 2068 4475 ira
2099 4421 2371 4491 percitus:
2400 4419 2697 4486 Quomodo,
2732 4417 2968 4480 inquam,
2998 4423 3146 4481 potes
3179 4421 3337 4463 lotam
3372 4420 3565 4462 terram

1992 4514 2162 4576 obire,
2196 4523 2247 4566 ct
2277 4511 2524 4565 omnibus
2552 4510 2687 4562 tales
2718 4521 2903 4576 parare
2932 4502 3185 4556 insidias?
3220 4502 3265 4554 Is
3291 4510 3465 4553 autem
3496 4499 3575 4549 di-

1996 4605 2150 4661 cebat
2174 4620 2233 4657 se
2264 4618 2369 4656 non
2414 4616 2533 4656 esse
2578 4600 2749 4651 Solum
2772 4637 2786 4660 ,
2821 4597 2913 4651 sed
2944 4596 3243 4649 daemonum
3278 4589 3572 4645 multitudi-

1995 4718 2116 4756 ncm
2148 4715 2241 4769 per
2267 4708 2434 4751 totum
2466 4707 2725 4749 terrarum
2756 4693 2941 4746 Orbem
2972 4705 3087 4744 esse
3117 4689 3411 4755 dZSpet-sam
3433 4725 3449 4750 ,
3480 4685 3566 4748 qui

1998 4794 2096 4845 huc
2123 4789 2280 4843 modo
2306 4788 2462 4843 simul
2490 4793 2543 4839 et
2572 4784 2781 4849 ludunt,
2804 4792 2857 4837 et
2882 4783 3021 4835 serio
3045 4789 3238 4847 agunt;
3268 4777 3385 4828 ludo
3410 4775 3575 4837 enim,

1995 4882 2082 4953 qui
2118 4880 2348 4944 videtur,
2379 4877 2593 4931 student
2624 4874 2780 4928 simul
2815 4883 2975 4926 totam
3020 4869 3241 4939 perdere
3290 4867 3575 4920 humanam

1997 4981 2262 5025 naturam.
2310 4969 2375 5023 At
2418 4979 2501 5029 tu,
2534 4967 2775 5020 dicebam
2821 4979 2942 5031 ego,
2974 4961 3090 5025 abi,
3124 4958 3336 5013 Chrism
3384 4959 3475 5011 tibi
3525 4956 3575 5011 id

1998 5065 2239 5132 jubente,
2266 5061 2352 5131 qui
2385 5071 2545 5113 totam
2578 5058 2835 5126 legionem
2868 5069 2960 5121 per
2990 5066 3177 5120 porcos
3212 5051 3500 5105 transmisit
3527 5050 3577 5103 in

2005 5156 2341 5226 profundum.
2379 5153 2589 5206 Audivit
2632 5148 2785 5202 simul
2819 5157 2871 5201 et
2898 5147 3063 5214 fugit;
3101 5160 3199 5199 nec
3242 5145 3449 5198 Domini
3480 5159 3579 5210 ap~

2004 5244 2300 5316 pellatinnis
2342 5244 2444 5296 vim
2494 5242 2691 5302 ferens,
2726 5252 2823 5292 nec
2866 5239 2982 5306 ejus
3022 5238 3200 5291 famuli
3234 5236 3582 5306 philostiphia:

2004 5341 2142 5392 ferre
2169 5338 2352 5391 valens
2379 5332 2738 5402 splendorem.

2076 5430 2242 5483 Porro
2286 5435 2462 5480 autem
2495 5440 2612 5479 eum
2655 5424 2817 5478 multa
2866 5424 2967 5477 alia
3018 5426 3184 5480 sciam
3234 5436 3351 5491 quae
3384 5421 3582 5491 possim

2004 5536 2242 5583 narrare,
2276 5535 2334 5573 ca
2366 5519 2486 5572 nolo
2524 5518 2781 5585 scribere,
2817 5532 2883 5572 ne
2927 5516 3366 5571 imbecillioribus
3396 5527 3578 5566 eorum

2004 5611 2284 5667 multitudo
2323 5624 2482 5665 causa
2530 5610 2599 5664 sit
2636 5607 3219 5664 incredulitatis.-Nam
3268 5607 3332 5659 iis
3370 5603 3581 5673 quidem

2000 5709 2089 5781 qui
2119 5705 2355 5761 divinum
2386 5716 2613 5759 cernunt
2654 5703 2955 5765 hominem,
2989 5699 3117 5753 nihil
3147 5695 3405 5767 ejusmodi
3435 5693 3574 5761 quod

2003 5800 2195 5857 dicitur
2221 5796 2424 5851 videtur
2454 5794 2785 5861 incredibile,
2811 5807 2930 5847 cum
2957 5805 3017 5845 ea
3044 5806 3161 5863 quae
3188 5789 3391 5872 videtur
3416 5785 3480 5837 \i:
3498 5794 3581 5835 tus
