4052 6362
480 349 548 409 ﬂ
1618 347 1709 405 DE
1748 347 1922 405 VITIS
1960 346 2243 404 PATBUM
2292 346 2494 402 LIBER
2534 347 2600 401 IX

480 461 764 522 confirmet
788 474 852 519 ea
880 476 998 534 qua:
1045 460 1314 517 dicuntur.
1342 457 1450 515 Sed
1494 459 1744 530 quoniam
1788 458 2068 515 transmit-
2095 464 2140 523 Α
2172 455 2311 528 phis:
2340 459 2702 511 narrationum
2733 458 2980 513 convivio
3009 459 3262 529 excipere
3306 469 3507 530 possint
3533 474 3632 517 eos
3660 477 3739 532 qu

481 562 662 612 tentur
686 554 752 609 ad
799 563 1045 625 posteros
1073 554 1272 624 scripta
1301 551 1489 608 harum
1521 553 1883 607 narrationum
1916 552 2063 622 (sunt

481 655 663 701 autem
691 644 872 699 multis
897 660 1052 698 aures
1082 644 1249 708 magis
1275 644 1557 699 incredula:
1582 657 1740 713 quam
1770 640 1933 713 oculi)
1967 646 2065 696 im-

482 737 774 793 becillitate
796 739 1100 793 auditorum
1134 745 1415 792 mettemur
1443 738 1825 790 narrationem.

559 829 619 883 Ei
640 843 771 899 ergo
795 830 1127 884 :edificarunt
1154 829 1239 883 alii
1269 843 1481 899 quoque
1508 828 1790 882 maximam
1815 828 1983 883 aedem
2010 829 2063 883 in

481 924 603 978 vico
645 923 960 994 prepinquo,
994 939 1112 994 qua:
1141 936 1246 978 non
1276 922 1437 977 distat
1467 922 1647 976 multis
1687 923 1893 977 stadiis.
1924 922 2065 977 Con-

481 1016 652 1068 ιιι-ιιιί
682 1028 781 1083 ego
810 1028 1021 1085 quoque
1048 1014 1274 1070 loculum
1307 1013 1359 1069 in
1385 1016 1501 1071 aede
1529 1014 1750 1070 victoria
1781 1015 2063 1086 insignium

482 1105 870 1172 apostolorum.
906 1103 1013 1159 Sed
1042 1119 1163 1158 cum
1213 1104 1315 1160 hoc
1360 1105 1665 1160 rescivisset
1704 1105 1790 1159 vir
1826 1105 2061 1173 divinus,

482 1210 630 1266 saepe
661 1212 748 1251 me
776 1196 980 1265 rogavit
1007 1205 1063 1271 ut
1089 1196 1143 1250 in
1172 1196 1267 1251 illo
1293 1205 1472 1251 monte
1502 1211 1697 1265 corpus
1726 1197 2069 1251 mandaretur

486 1286 800 1355 sepulturae.
841 1285 953 1355 Ego
979 1294 1159 1341 autem
1199 1301 1344 1355 smpe
1373 1286 1479 1340 dixi
1524 1288 1663 1357 quod
1706 1300 1811 1341 non
1855 1294 2068 1355 Oportet

481 1392 604 1431 eum
632 1380 719 1446 qui
764 1377 925 1432 vitam
956 1387 1278 1447 praesentem
1306 1392 1409 1431 non
1441 1379 1671 1443 curarit,
1703 1377 1930 1447 sepulcri
1974 1393 2067 1433 cu-

481 1486 594 1524 ram
621 1484 829 1540 gerere.
858 1470 962 1526 Ubi
995 1482 1174 1524 autem
1206 1469 1312 1523 vidi
1344 1469 1446 1524 hoc
1473 1470 1521 1524 ei
1548 1483 1666 1524 esse
1693 1469 1872 1535 cordi,
1903 1471 2065 1524 annui

481 1571 539 1617 et
568 1578 685 1617 sum
718 1577 993 1627 assensus,
1022 1571 1077 1617 et
1118 1561 1227 1615 feci
1250 1571 1307 1616 ut
1345 1560 1681 1616 scinderetur
1704 1575 1825 1615 arca
1855 1572 1908 1615 et
1951 1575 2069 1615 sur-

479 1666 596 1706 sum
627 1650 879 1709 ferretur.
907 1651 1038 1707 Cum
1065 1661 1241 1706 autem
1269 1651 1504 1707 viderem
1536 1652 1766 1721 lapidem
1792 1653 2066 1722 corrumpi
2092 1724 2095 1725 γ

480 1758 512 1798 a
545 1735 757 1815 pruina,
788 1745 972 1814 rogavi
1021 1751 1079 1797 ut
1123 1744 1323 1799 sineret
1361 1758 1500 1798 arcae
1547 1758 1764 1814 parvam
1813 1743 2069 1799 lieri‘do-

2172 551 2439 619 ignorant.
2472 550 2565 605 Ille
2594 561 2771 607 autem
2799 570 2811 604 :
2846 552 2960 608 Non
3002 552 3249 623 alicujus,
3278 553 3480 624 inquit,
3509 555 3756 623 alterius,

2167 642 2262 696 sed
2295 656 2411 697 mea
2441 656 2603 697 causa
2634 645 2752 698 veni
2782 643 2835 698 in
2864 654 3099 699 montem
3118 685 3134 710 ,
3163 656 3361 701 etcum
3391 654 3627 701 scateaut
3659 647 3767 703 ad-

2169 731 2385 787 modum
2426 734 2609 791 multis
2655 744 2994 803 peccatorum
3043 737 3333 803 ulceribus,
3366 738 3591 807 plurima
3617 752 3762 809 opus

2169 825 2341 881 habeo
2393 826 2686 890 medicina;
2731 836 2785 883 et
2833 842 2896 883 ea
2941 827 3010 883 de
3062 842 3222 881 causa
3272 843 3369 883 oro
3425 829 3758 886 clementem

2171 916 2595 983 Dominum,‘ut
2648 916 2814 990 844
2874 919 3006 973 mihi
3064 919 3301 988 praebeat
3358 922 3758 977 medicamenta

2168 1025 2289 1081 qua!
2335 1026 2451 1065 mea
2497 1022 2688 1066 curent
2736 1012 2881 1065 vitia.
2928 1012 3208 1080 Quomodo
3260 1028 3390 1086 ergo
3435 1030 3541 1069 non
3593 1014 3764 1069 luerit

2170 1101 2325 1157 valde
2385 1102 2885 1173 reprehendendum
2941 1114 2996 1159 et
3051 1104 3208 1159 valde
3266 1106 3526 1171 stultum,
3586 1107 3761 1160 inter-

2170 1207 2421 1261 rumpere
2474 1192 2689 1263 quidem
2735 1194 2931 1249 seriem
2979 1195 3264 1262 orationis,
3317 1194 3531 1249 interim
3578 1205 3763 1249 autem

2172 1284 2319 1352 loqui
2347 1301 2467 1339 cum
2501 1285 2841 1339 hominibus?
2868 1285 2924 1343 Si
2953 1286 3099 1340 enim
3128 1286 3381 1351 hominis,
3404 1286 3492 1356 qui
3518 1295 3601 1340 est
3628 1286 3767 1354 ejus-

2170 1376 2290 1431 dem
2335 1378 2489 1446 cujus
2532 1391 2631 1446 ego
2676 1387 2901 1441 naturas,
2948 1392 3123 1431 essent
3174 1377 3423 1441 famulus,
3466 1392 3532 1431 eo
3579 1388 3764 1432 autem

2173 1476 2412 1536 tempore
2438 1483 2545 1535 quo
2573 1476 2655 1522 est
2686 1469 3100 1523 ministrandum
3131 1470 3370 1535 domino,
3401 1469 3679 1524 dimittens
3704 1471 3764 1524 in

2172 1569 2410 1629 tempore
2442 1559 2637 1613 allerre
2668 1561 2846 1615 cibum
2878 1561 2960 1616 vel
2996 1573 3206 1628 pnlum,
3240 1561 3611 1617 confabularer
3639 1576 3763 1616 cum

2170 1650 2349 1720 aliquo
2375 1666 2441 1705 ex
2470 1652 2763 1717 conservis,
2797 1663 2924 1721 quot
2964 1652 3147 1722 plagas
3171 1652 3295 1722 jure
3334 1654 3676 1722 acciperem?
3703 1653 3764 1709 Si

2172 1750 2349 1797 autem
2377 1757 2497 1796 cum
2525 1748 2686 1796 etiam
2731 1744 3077 1799 accessissem
3122 1745 3186 1798 ad
3219 1745 3532 1813 przesidem,
3562 1753 3615 1799 et
3654 1761 3761 1815 qua

480 1835 791 1889 munculatn
820 1853 833 1887 :
866 1835 954 1889 ubi
1000 1842 1176 1889 aut--m
1221 1834 1405 1903 jussit,
1456 1849 1507 1888 et
1557 1836 1794 1904 perferto
1841 1835 2068 1890 (edifich
2100 1836 2147 1897 B
2172 1829 2239 1883 ab
2278 1828 2454 1899 aliquo
2494 1830 2701 1887 afficior
2739 1849 2966 1888 narrans
2996 1835 3276 1904 iujuriaut,
3310 1851 3611 1892 sermonem
3643 1837 3766 1905 qui-

479 1936 678 1979 tectum
718 1924 1068 1993 imposuimus
1100 1942 1115 1979 :
1148 1923 1262 1980 Non
1306 1925 1494 1993 patiar,
1529 1927 1721 1995 inquit,
1756 1928 1855 1982 hoc
1886 1927 2064 1981 vocari

476 2020 785 2083 sepulcrum
814 2014 1028 2081 Jacobi;
1059 2017 1152 2069 sed
1183 2024 1314 2070 voto
1345 2019 1479 2070 hanc
1510 2016 1621 2071 ﬁeri
1665 2020 1834 2072 sedent
1868 2028 2067 2089 marty-

476 2121 595 2163 rum
627 2106 849 2162 victoria
877 2107 1164 2175 insignium
1189 2123 1204 2160 :
1236 2123 1321 2160 tne
1346 2116 1523 2161 autem
1554 2120 1802 2178 tanquam
1832 2109 2061 2178 aliquem

477 2200 795 2270 inquilinum
826 2202 948 2270 poni
977 2200 1028 2255 in
1051 2201 1222 2255 altero
1248 2200 1515 2269 sepulcro,
1544 2209 1600 2254 ιιι
1627 2202 1716 2269 qui
1742 2201 1932 2270 dignus
1961 2200 2062 2256 sim

477 2293 688 2346 habitus
719 2300 775 2346 ut
803 2292 942 2362 apud
973 2306 1068 2346 eos
1107 2292 1424 2348 habitarem.
1469 2292 1653 2361 Neque
1685 2307 1812 2347 vero
1847 2293 1948 2346 hoc
1977 2307 2067 2346 so-

478 2380 587 2437 lum
616 2382 787 2451 dixit,
819 2383 911 2438 sed
948 2383 1108 2438 etiam
1160 2383 1316 2449 fecit;
1348 2392 1404 2439 et
1443 2399 1563 2437 cum
1616 2385 1812 2438 multos
1850 2386 2065 2455 quidem

478 2478 790 2546 pr0phetas,
826 2477 1023 2531 multos
1063 2486 1239 2531 autem
1286 2478 1578 2547 apostolos,
1621 2478 1854 2533 maxime
1883 2489 2063 2534 autem

482 2568 741 2636 plurimos
779 2578 1043 2639 martyres
1092 2570 1325 2639 undique
1366 2570 1699 2639 collegisset,
1748 2585 1843 2626 eos
1889 2570 2066 2639 posuit

480 2660 536 2715 in
569 2674 673 2715 una
702 2674 848 2729 arca,
879 2664 1067 2716 volens
1095 2661 1252 2717 simul
1294 2662 1536 2716 habitare
1565 2677 1685 2716 cum
1719 2665 1910 2732 populo
1940 2678 2063 2718 san-

478 2764 689 2807 ctorum
710 2793 724 2817 ,
759 2764 813 2808 et
841 2752 1152 2808 desiderans
1176 2768 1295 2808 cum
1324 2754 1402 2809 eis
1445 2769 1743 2825 resurgere,
1772 2765 1826 2811 et
1854 2757 2063 2827 digttari

480 2842 574 2899 Dei
600 2843 1071 2913 contemplatione.
1107 2844 1220 2899 Hoc
1242 2855 1420 2901 autem
1446 2846 1644 2901 suflicit
1669 2847 1734 2902 ad
1766 2847 2066 2903 faciendam

478 2932 840 3001 conjecturam
881 2946 1075 3005 quanta
1122 2935 1241 3007 ejus
1286 2946 1430 2993 esset
1479 2942 1759 2995 modestia.
1789 2941 1889 3008 Qui
1920 2943 2063 2999 enim

478 3036 653 3083 tantas
674 3043 803 3099 opes
828 3029 1146 3098 collegerat,
1174 3029 1394 3099 perinde
1414 3046 1476 3085 ac
1497 3031 1544 3086 si
1571 3043 1716 3088 esset
1746 3049 1798 3088 tn
1825 3046 2065 3091 extrema

476 3132 812 3190 paupertate,
840 3122 1167 3177 desideravit
1196 3123 1437 3180 habitare
1477 3137 1724 3197 tanquam
1757 3132 2065 3200 peregrinus

2167 1922 2288 1974 dem
2334 1922 2385 1975 in
2418 1923 2597 1976 medio
2643 1925 3118 1994 ittterrutnperem,
3146 1928 3283 1996 apud
3314 1929 3545 1998 aliquem
3578 1937 3760 1983 autem

2168 2027 2231 2067 ex
2267 2016 2627 2083 praesentibus
2666 2019 2841 2088 aliqua
2871 2020 2972 2074 alia
3005 2022 3161 2074 verba
3207 2019 3481 2088 facerent;
3514 2038 3621 2077 non
3664 2023 3760 2076 tibi

2166 2107 2377 2162 videtur
2401 2109 2562 2177 judex
2596 2111 2645 2163 id
2680 2126 2820 2180 aegre
2862 2126 2981 2167 esse
3024 2113 3248 2179 laturus,
3274 2121 3328 2169 et
3356 2114 3608 2167 auxilium
3640 2114 3763 2183 qui-

2166 2199 2290 2255 dem
2319 2214 2438 2254 esse
2469 2202 2859 2272 dent-gatut'us,
2894 2204 3072 2273 flagris
3120 2216 3295 2258 autem
3345 2216 3600 2271 praeterea
3640 2219 3765 2262 esse

2166 2306 2427 2359 caesurus,
2456 2303 2510 2347 et
2539 2308 2566 2346 a
2602 2295 2854 2349 tribunali
2888 2294 3191 2364 ejecturus‘!
3220 2296 3501 2363 Quomodo
3523 2312 3652 2368 ergo
3676 2306 3764 2352 est

2170 2380 2453 2437 honestum
2495 2393 2549 2437 ut
2578 2399 2764 2438 servus
2791 2386 3004 2452 quidem
3043 2387 3093 2442 in
3125 2387 3428 2453 dominum,
3460 2390 3548 2458 qui
3578 2399 3759 2445 autem

2168 2472 2433 2541 supplicat
2464 2474 2515 2527 itt
2560 2474 2831 2543 judicent,
2866 2476 2939 2531 ita
2989 2488 3045 2530 ιιι
3090 2488 3301 2547 oportet
3339 2494 3398 2534 se
3435 2489 3587 2549 gerat
3618 2497 3630 2536 :
3662 2494 3764 2549 ego

2167 2576 2346 2620 autem
2375 2568 2440 2620 ad
2474 2567 2640 2623 Deum
2683 2577 2736 2622 et
2779 2577 3043 2624 aeternum
3094 2571 3407 2637 Dominum,
3440 2584 3491 2626 et
3520 2572 3761 2628 Judicem

2162 2657 2546 2728 justissimunt,
2574 2669 2629 2717 et
2653 2664 2890 2717 omnium
2921 2665 3119 2732 [legem
3151 2666 3437 2731 accedens,
3468 2682 3535 2723 ne
3565 2668 3762 2722 ειιιιίιίο

2170 2759 2252 2804 ter
2281 2751 2496 2819 quidem
2525 2762 2684 2823 atque
2715 2754 2749 2808 ii
2785 2756 3069 2825 accedam;
3103 2757 3195 2810 sed
3226 2757 3366 2811 inter
3385 2758 3644 2812 orandum
3677 2772 3765 2814 me

2167 2856 2476 2899 convertam
2501 2847 2566 2901 ad
2594 2862 2907 2916 conversos,
2932 2858 2987 2903 et
3014 2849 3227 2919 pro‘ixo
3257 2864 3378 2905 cum
3403 2849 3481 2904 cis
3505 2864 3623 2904 utar
3647 2864 3761 2905 ser-

2170 2938 2367 2993 mone?
2411 2939 2534 2995 llarc
2572 2951 2625 2995 et
2668 2942 2877 3007 audivi,
2907 2952 2963 2996 et
3008 2944 3073 2997 ad
3115 2959 3208 2999 eos
3253 2944 3342 3013 qui
3391 2959 3533 3013 πει-ε
3585 2945 3764 3000 ferunt

2168 3032 2475 3098 transmisi;
2506 3043 2559 3089 et
2587 3034 2715 3089 mihi
2746 3035 2957 3091 videtur
2987 3049 3131 3093 recte
3162 3037 3492 3109 pulchreque
3534 3039 3757 3094 dixisse.

2171 3121 2301 3177 Nam
2334 3135 2527 3193 prmtcr
2553 3141 2612 3180 ea
2644 3142 2763 3196 qua:
2790 3128 2926 3183 dicta
2955 3142 3107 3195 sunt,
3140 3138 3223 3185 est
3260 3130 3423 3183 etiam
3464 3131 3759 3183 amantium

479 3212 615 3281 apud
641 3213 838 3267 divites
863 3227 1212 3268 mercatores.
1244 3216 1439 3282 Quales
1459 3233 1587 3288 ergo
1613 3223 1896 3277 venerandi
1928 3224 2057 3277 mihi
2092 3210 2137 3273 C
2169 3215 2468 3283 proprium.
2500 3232 2687 3272 omnes
2714 3218 2926 3287 quidem
2956 3220 3091 3291 alios
3133 3219 3433 3288 despicere.
3466 3221 3540 3275 ῘΙΙῘ
3574 3231 3756 3276 amem

479 3303 669 3373 capitis
691 3304 799 3358 sint
829 3304 1062 3371 labores,
1086 3315 1139 3358 et
1164 3318 1360 3375 quanta
1391 3312 1705 3375 certamina,
1729 3321 1785 3367 et
1813 3324 2064 3382 quantam

479 3397 705 3464 gratiam
735 3396 1000 3467 acceperit
1024 3396 1299 3465 divinitus,
1332 3408 1385 3453 et
1411 3415 1568 3469 quam
1598 3403 1778 3458 multis
1804 3406 1873 3459 sit
1904 3408 2069 3461 victo-

484 3490 581 3544 riis
613 3489 835 3559 pntitus,
866 3501 915 3544 et
947 3506 1103 3559 quam
1135 3492 1316 3549 multis
1344 3494 1560 3549 coronis
1588 3507 1829 3564 ornatus,
1862 3499 1976 3553 haec
2004 3504 2068 3554 ad

480 3579 873 3635 ostendendum
904 3582 1194 3638 sufficiunt.

555 3671 819 3739 Quoniam
866 3684 1042 3729 autem
1082 3689 1307 3745 asperos
1343 3686 1398 3731 et
1442 3676 1688 3734 difliciles
1728 3681 1845 3750 ejus
1890 3698 2069 3741 mores

480 3770 879 3839 reprehendunt
908 3771 1109 3841 aliqui,
1143 3780 1200 3827 et
1229 3788 1372 3846 aegre
1402 3773 1582 3830 ferunt
1612 3778 1753 3846 quod
1784 3780 2071 3838 solitudine

480 3870 759 3932 tantopere
807 3863 1102 3921 delectetur
1145 3874 1201 3921 et
1247 3869 1445 3937 quiete,
1490 3883 1614 3924 cum
1665 3870 1734 3926 de
1780 3888 1845 3929 eo
1903 3890 2068 3944 pauca

479 3956 685 4023 dixero,
730 3958 999 4027 imponam
1049 3962 1210 4016 linem
1264 3965 1578 4022 narrationi.
1630 3965 1976 4036 Proponitur,
2012 3979 2070 4022 ut

481 4047 586 4118 jatn
618 4049 725 4103 dixi
746 4090 761 4115 ,
790 4053 1144 4119 aspectandus
1172 4055 1239 4109 ab
1266 4058 1513 4114 omnibus
1538 4077 1553 4126 ;
1588 4077 1759 4130 neque
1789 4060 1931 4116 fossa
1962 4062 2069 4117 cir-

481 4144 780 4211 cumdatus,
818 4160 993 4215 neque
1024 4147 1236 4217 tugurio
1267 4149 1450 4216 aliquo
1476 4159 1568 4205 aut
1610 4153 1957 4208 tabernaculo
1989 4164 2069 4207 te-

482 4245 625 4291 ctus.
662 4235 1041 4308 Unusquisque
1071 4248 1249 4294 autem
1280 4256 1347 4295 ex
1379 4241 1444 4297 iis
1470 4244 1559 4313 qui
1588 4245 1836 4313 veniunt,
1865 4262 1894 4299 a
1925 4247 2071 4301 nullo

482 4328 718 4382 clattSer
745 4327 1062 4398 prohibitus,
1086 4332 1265 4385 statim
1298 4334 1581 4399 accedens,
1612 4350 1674 4391 ea
1706 4351 1825 4405 qua:
1854 4338 1964 4391 vult
1994 4338 2072 4393 lo-

485 4421 686 4491 quitur.
731 4420 865 4475 Aliis
902 4432 1080 4476 autem
1132 4424 1461 4479 amatoribus
1510 4425 1670 4495 hujus
1719 4426 2071 4499 philosOphitc

486 4521 609 4566 sunt
639 4521 692 4566 et
724 4511 881 4567 fossae
910 4521 965 4567 et
994 4511 1155 4577 fores,
1182 4522 1237 4567 et
1266 4515 1342 4569 eis
1371 4515 1493 4569 licet
1525 4518 1625 4570 frui
1657 4516 1868 4585 quiete;
1896 4530 1951 4574 et
1976 4517 2068 4590 qui

2174 3307 2275 3361 soli
2321 3323 2478 3377 quem
2527 3319 2709 3364 amant
2752 3321 2805 3367 et
2846 3312 3073 3381 diligunt
3112 3312 3410 3379 adltzerere,
3442 3327 3673 3383 eumque
3711 3323 3766 3368 et

2174 3411 2332 3455 noctu
2380 3403 2671 3463 somniare.
2702 3415 2755 3458 et
2798 3404 3030 3461 interdiu
3079 3406 3283 3462 visione
3329 3405 3760 3477 apprehendere.

2173 3492 2298 3547 ldeo
2328 3493 2457 3548 mihi
2505 3494 2714 3550 videtur
2753 3512 2893 3565 aegre
2942 3497 3102 3561 ferre,
3135 3508 3192 3552 ut
3223 3499 3312 3568 qui
3354 3499 3405 3553 itt
3437 3514 3498 3553 ea
3544 3499 3761 3569 quidem

2172 3600 2328 3654 quam
2352 3585 2625 3641 desiderat
2646 3600 2892 3644 versetur
2912 3589 3388 3659 contemplatione,
3417 3591 3764 3659 prohibeatur

2173 3685 2351 3733 autem
2399 3679 2607 3749 impleri
2656 3681 2952 3751 expetenda
2979 3692 3034 3739 et
3071 3681 3380 3754 dignissima
3406 3700 3526 3755 qua:
3551 3696 3767 3741 ametur

2174 3770 2589 3838 pulchritudine.

2245 3860 2366 3914 ll.ec
2406 3872 2462 3914 ttt
2493 3871 2791 3927 narrantes,
2824 3873 3011 3919 nonut
3050 3866 3278 3921 encomii
3326 3867 3427 3922 ritu
3472 3868 3752 3926 laudantes

2173 3955 2587 4025 conscripsimus
2618 3972 2633 4009 :
2665 3957 2941 4012 brevitatis
2981 3973 3226 4030 magnam
3269 3975 3451 4014 curam
3484 3971 3759 4033 gerentes,

2174 4062 2242 4099 ne
2279 4047 2588 4115 prolixitate
2618 4048 2863 4103 molestia
2898 4048 3125 4105 lectores
3149 4049 3207 4103 af
3210 4052 3510 4107 liceremus.
3534 4052 3686 4120 Quod
3718 4055 3764 4109 si

2174 4138 2340 4193 etiam
2370 4138 2533 4193 fuerit
2565 4139 2686 4193 huic
2707 4151 2979 4207 superstes
3003 4142 3323 4207 narrationi,
3352 4144 3763 4203 innumerabilia

2173 4230 2275 4283 alia
2308 4233 2560 4299 praeclara
2590 4232 2822 4285 facinora
2858 4231 3069 4301 adjiciet
3103 4233 3394 4302 prioribus;
3425 4243 3479 4289 et
3509 4235 3595 4290 illa
3623 4252 3761 4305 quo-

2171 4338 2276 4393 que
2315 4325 2655 4379 conscribent
2692 4324 2813 4390 alii,
2846 4340 2944 4379 nos
2984 4325 3124 4379 enim
3156 4325 3278 4380 hinc
3317 4327 3578 4381 excedere
3608 4328 3764 4383 valde

2171 4417 2434 4486 cupimus.
2470 4417 2686 4471 Pietatis
2731 4426 2909 4471 autem
2949 4418 3302 4472 certaminum
3352 4420 3675 4489 agonotlteta
3707 4430 3763 4475 et

2173 4508 2222 4562 ei
2249 4507 2339 4562 det
2370 4509 2529 4561 linem
2553 4508 2767 4577 dignum
2791 4509 2901 4561 suis
2923 4509 3327 4573 certaminibus,
3360 4518 3686 4579 pra-stetque
3708 4520 3765 4565 ut

481 4613 566 4657 est
605 4604 863 4671 inclusus,
891 4615 1062 4674 aperit
1107 4618 1230 4659 cum
1262 4606 1492 4661 voluerit
1513 4648 1527 4672 ,
1559 4616 1614 4662 ει
1656 4619 1910 4677 quantum
1960 4585 2073 4667 vim
2103 4585 2154 4643 D
2179 4601 2414 4669 reliquus
2434 4615 2623 4655 cursus
2652 4600 2813 4670 priori
2840 4602 3168 4664 consentiat,
3195 4610 3253 4655 ut
3277 4601 3446 4656 victor
3473 4606 3764 4671 perveniat

483 4695 692 4762 dill‘ert,
725 4707 779 4751 et
808 4706 1065 4768 quantum
1098 4698 1209 4751 vult
1250 4698 1501 4767 impletur
1531 4699 1707 4755 divina
1738 4707 2071 4771 contempta-

486 4788 652 4844 tione.
684 4789 779 4844 llic
820 4800 998 4846 autem
1032 4789 1221 4844 borum
1255 4790 1387 4844 nihil
1418 4800 1520 4847 est.
1554 4791 1813 4859 Quocirca
1842 4809 1936 4849 eos
1966 4793 2070 4852 fert

484 4881 764 4951 :egerritnc
789 4884 877 4953 qui
906 4883 958 4938 in
988 4891 1231 4951 tempore
1259 4882 1517 4939 oratiunis
1544 4885 1591 4939 ei
1619 4884 1874 4939 exhibent
1900 4886 2065 4941 mole-

482 4976 673 5038 stium;
703 4981 757 5028 et
782 4976 825 5028 si
864 4989 983 5029 cum
1013 4973 1173 5044 jussit
1218 4975 1462 5044 quidem,
1495 4977 1672 5031 statim
1717 4980 2067 5042 recesserint,

486 5079 675 5119 rursus
720 5066 1061 5135 prosequitur
1102 5068 1419 5121 orationem.
1453 5068 1602 5135 Quod
1643 5068 1688 5123 si
1732 5072 2066 5136 perrexerint

483 5156 739 5211 exhibere
784 5157 1114 5223 molestiam,
1146 5168 1347 5214 etcum
1386 5160 1550 5214 semel
1591 5167 1682 5214 aut
1724 5159 1805 5214 bis
1844 5160 2064 5231 jusserit

484 5265 593 5304 liOtt
626 5249 925 5317 paruerint,
954 5257 1081 5305 tunc
1107 5266 1248 5320 (egre
1278 5249 1453 5306 ferens
1481 5260 1535 5306 et
1565 5252 1848 5321 increpans
1880 5268 2064 5307 autau-

484 5339 597 5395 dat.
624 5340 735 5409 Ego
760 5348 934 5393 autem
957 5340 1025 5396 de
1047 5355 1110 5396 eo
1134 5357 1343 5413 quoque
1365 5342 1651 5411 aliquando
1677 5360 1792 5397 sum
1822 5360 1942 5399 cum
1973 5345 2065 5399 illo

486 5431 719 5499 locutus,
748 5440 802 5486 et
829 5432 939 5486 dixi
981 5432 1190 5501 aliquos
1220 5434 1447 5489 moleste
1478 5433 1621 5490 ferre
1666 5435 1807 5506 quod
1852 5437 2061 5505 expulsi

488 5521 716 5590 fuerint,
744 5528 799 5577 et
825 5536 930 5576 non
962 5521 1157 5576 fuerint
1189 5522 1473 5592 participes
1501 5523 1617 5595 ejus
1647 5526 2060 5593 benedictionis,

484 5622 543 5667 et
568 5615 710 5684 quod
741 5620 1013 5685 oporteret
1057 5628 1151 5669 eos
1179 5614 1268 5684 qui
1302 5612 1401 5669 hac
1431 5614 1499 5668 de
1528 5629 1686 5670 causa
1730 5615 1980 5679 veniunt,
2012 5625 2065 5669 et

484 5703 587 5760 iter
615 5705 903 5760 multorum
944 5702 1150 5760 dierum
1200 5706 1525 5771 conficiunt,
1561 5708 1813 5763 recedere
1847 5724 1950 5761 non
1985 5707 2066 5762 in-

485 5794 784 5868 dignantes,
814 5798 906 5857 sed
939 5798 1099 5854 animi
1131 5796 1313 5853 laititia
1346 5796 1599 5867 reple'os,
1628 5806 1681 5853 et
1707 5800 1794 5869 qui
1829 5800 2064 5870 philoso-

2177 4692 2242 4746 ad
2291 4703 2515 4759 metam,
2555 4704 2609 4747 et
2650 4704 2886 4747 nostram
2932 4693 3346 4749 imbecillitatem
3390 4704 3663 4749 sustentet
3696 4710 3759 4749 ac

2176 4781 2443 4836 sull’ulciat
2463 4784 2574 4837 suis
2598 4783 2947 4850 orationibus,
2970 4793 3026 4838 ut
3051 4786 3384 4852 confirmati,
3413 4786 3608 4842 multas
3629 4804 3762 4858 quas

2179 4874 2264 4927 alii
2298 4875 2347 4928 in
2381 4891 2478 4928 nos
2505 4878 2777 4931 consecuti
2810 4885 2933 4930 sunt
2964 4878 3215 4933 victorias
3242 4878 3321 4933 eis
3364 4880 3681 4951 eripiamus,
3710 4893 3764 4937 et

2177 4967 2407 5023 victores
2432 4986 2463 5024 e
2493 4970 2596 5023 vita
2628 4971 2968 5025 excedamus.

2754 5060 2981 5117 CAPUT
3029 5061 3192 5117 XXII.

2528 5170 2849 5210 'rnxussws
2879 5172 2944 5210 ετ
2984 5171 3229 5210 thtausus
3263 5156 3376 5227 (56)

2247 5244 2489 5301 Helimna
2522 5246 2636 5316 (57)
2668 5257 2749 5301 est
2780 5248 2917 5317 apud
2951 5264 3047 5301 nos
3076 5248 3289 5317 quidam
3323 5250 3489 5314 vicus,
3517 5250 3605 5321 qui
3636 5250 3759 5307 ulint

2172 5338 2386 5408 quidem
2428 5340 2639 5407 excepit
2686 5342 2889 5395 semina
2938 5339 3229 5409 impietatis
3269 5341 3577 5410 Marcionis,
3615 5355 3756 5398 nunt:

2174 5438 2353 5483 autem
2386 5431 2692 5499 evangelica
2725 5431 2918 5487 fruitur
2958 5432 3305 5502 agricultura.
3338 5433 3464 5501 Ejus
3492 5434 3557 5487 ad
3605 5433 3759 5488 Meri-

2173 5519 2313 5575 die.u
2346 5533 2426 5574 est
2469 5522 2683 5592 quidam
2729 5522 2906 5587 collis,
2955 5538 3126 5593 neque
3171 5524 3326 5579 valde
3365 5540 3545 5593 asper,
3592 5541 3760 5594 neque

2173 5613 2459 5667 admodum
2490 5614 2726 5669 acclivie.
2758 5616 2811 5668 lu
2844 5629 2909 5669 eo
2949 5616 3305 5671 monasticuat
3351 5617 3432 5670 md
3460 5616 3633 5671 licavit
3663 5618 3756 5671 ha—

2176 5704 2460 5760 bitaculum
2494 5706 2801 5760 Thalassius
2829 5706 2909 5760 vir
2950 5707 3304 5774 admirabilis,
3339 5710 3429 5777 qui
3459 5716 3540 5762 est
3580 5706 3759 5763 multis

2174 5799 2389 5871 quidem
2440 5800 2557 5857 aliés
2602 5813 2811 5871 quoque
2860 5800 3012 5857 bonis
3052 5810 3360 5866 exornatus,
3409 5801 3501 5856 sed
3550 5814 3759 5857 morum
