4052 6362
294 375 369 430 9:
1379 369 1835 435 PIIILOTHEUS,
1875 386 1991 426 stu
2032 371 2481 434 TIIEOPIIILES.
3503 381 3573 439 96

291 485 634 557 simplicitate
665 483 1180 552 mansuetudiucque
1209 491 1263 538 et
1293 484 1662 540 moderatione
1687 497 1876 539 omnes
1906 487 1959 544 A
1985 487 2078 552 vit,
2103 499 2157 543 et
2185 489 2236 544 ei
2265 507 2479 547 manum
2509 491 2780 557 admovit;
2834 508 2897 548 os
2922 504 3096 551 autem
3149 493 3316 550 bestia
3369 494 3423 550 In
3448 508 3570 551 eam

294 578 542 634 homines
561 578 643 630 sui
674 576 929 644 temporis
953 575 1246 644 superavit.
1275 574 1386 630 lIoc
1406 586 1582 630 autem
1607 575 1751 639 dico,
1775 590 1882 630 non

294 682 352 726 ut
379 673 468 740 qui
500 670 600 724 soli
629 669 842 723 credam
872 668 1106 734 anditui,
1141 667 1234 722 sed
1272 668 1362 736 qui
1395 668 1511 738 ejus
1541 668 1702 723 etiam
1744 668 1884 723 recc-

294 763 393 817 rim
424 760 743 830 periculum.
771 759 848 814 Ad
878 764 1049 813 virum
1077 761 1218 812 enim
1248 774 1392 827 saepe
1422 759 1654 838 accessi,
1683 768 1737 814 et
1765 758 1884 828 ejus

293 871 411 909 sum
440 869 581 922 saepe
606 867 731 906 usus
756 855 904 905 suavi
930 853 1338 908 consuetudine.

365 946 536 999 Abeo
566 945 617 998 in
649 943 748 998 hoc
782 945 896 996 loco
927 943 1020 996 luit
1049 942 1287 996 initiatus
1315 958 1405 1010 qut
1435 957 1576 997 nunc
1604 942 1673 996 ab
1702 941 1880 996 omni-

291 1039 392 1091 bus
423 1037 739 1090 decantatnr
770 1036 1056 1099 Litnnmus,
1089 1043 1144 1088 et
1175 1049 1294 1088 cum
1338 1033 1624 1088 admodum
1661 1033 1877 1102 juvenis

290 1128 360 1181 ad
383 1129 529 1181 illam
551 1127 886 1195 pervenisset
907 1126 1224 1194 palaestram,
1245 1125 1463 1194 pulchre
1482 1127 1534 1178 in
1555 1125 1654 1179 hac
1672 1139 1881 1179 summa

295 1220 676 1273 instituebatur
724 1218 1076 1286 pItilosojihia.
1110 1218 1177 1272 Et
1223 1218 1453 1286 primum
1499 1216 1714 1285 quidem
1758 1231 1880 1270 cum

293 1309 525 1377 linguam
569 1309 730 1364 sciret
761 1323 881 1363 esse
909 1307 1199 1375 lubricam,
1231 1307 1406 1361 adhuc
1434 1306 1750 1362 adolescens
1781 1306 1882 1360 hoc

292 1402 394 1456 sibi
425 1401 699 1454 constituit
741 1399 1010 1454 silentium
1053 1398 1200 1468 (58),
1232 1399 1534 1467 mansitque
1568 1397 1883 1465 longissimo

294 1503 540 1560 tempore
568 1506 688 1545 cum
733 1490 948 1544 nemine
977 1490 1265 1560 quidquam
1312 1490 1560 1559 loquens.
1593 1489 1880 1557 Postquam

288 1595 468 1638 autem
501 1582 664 1636 divini
694 1581 832 1634 illius
857 1580 1000 1635 senis
1022 1580 1277 1633 doctrina:
1301 1580 1430 1634 satis
1456 1580 1552 1633 fuit
1584 1579 1880 1648 particeps,

292 1685 348 1728 et
375 1689 435 1728 se
459 1673 697 1728 ostendit
717 1686 1025 1740 expressam
1054 1671 1196 1724 illius
1221 1672 1429 1724 virtutis
1457 1670 1766 1738 imaginem,
1791 1684 1882 1721 ac-

288 1767 453 1822 Cessit
480 1764 546 1818 ad
579 1779 830 1833 magnum
865 1763 1008 1817 illum
1041 1762 1342 1826 Maronem,
1375 1762 1527 1831 cujus
1557 1763 1705 1830 prius
1741 1776 1878 1831 quo-

1991 583 2280 636 convertit.
2312 583 2446 640 Cum
2471 592 2649 640 autem
2678 599 2862 640 rursus
2884 588 3096 641 sinistra
3123 597 3264 642 esset
3297 600 3422 640 usus
3443 596 3502 641 ut
3521 587 3573 642 ei

1987 686 2346 738 succurreret,
2380 677 2430 730 in
2457 692 2574 732 eam
2599 693 2812 749 quoque
2833 680 2993 733 traxit
3023 682 3152 732 iram
3187 679 3389 732 lit-sliat.
3417 678 3572 733 Post-

1987 777 2144 830 quam
2182 776 2358 820 antem
2392 763 2625 835 fuitejus
2655 769 2801 822 furor
2827 771 3126 824 exsatiatus
3158 769 3256 837 (illi
3283 767 3426 823 enim
3451 767 3572 836 plus

1985 871 2140 923 quam
2166 857 2348 912 decem
2383 876 2591 915 morsus
2619 861 2841 932 intulit),
2877 875 3001 920 tunc
3027 865 3236 933 quidem
3266 871 3490 926 recessit
3510 880 3570 926 et

1984 965 2133 1004 suam
2159 968 2439 1008 cavernam
2472 958 2706 1023 repetiit.
2727 957 2822 1012 Ille
2852 970 3029 1015 autem
3059 963 3292 1034 undijuc
3322 967 3573 1021 maximis

1985 1044 2326 1099 cruciabatur
2348 1047 2639 1104 doloribus.
2669 1050 2774 1105 Sed
2807 1068 2978 1121 neque
3007 1064 3130 1108 tunc
3174 1072 3363 1123 passus
3387 1069 3470 1113 est
3497 1059 3572 1113 ttti

1987 1146 2101 1191 arte
2135 1139 2417 1194 medicina:
2457 1159 2468 1193 :
2502 1143 2596 1195 sed
2642 1145 2953 1198 vulneribus
3003 1146 3245 1202 adhibuit
3275 1149 3392 1202 sola
3447 1147 3601 1216 Iideiﬁ

1986 1230 2399 1295 medicamenta,
2429 1234 2712 1302 crucisque
2738 1236 3096 1306 signaculum,
3141 1249 3195 1292 et
3243 1241 3569 1303 orationem,
3598 1231 3602 1274 έ

1986 1331 2039 1374 et
2065 1321 2602 1378 Dei'invocationem.
2646 1325 2770 1379 Ideo
2799 1337 2996 1391 autem,
3047 1338 3102 1382 ιιι
3129 1330 3398 1394 existimo,
3431 1331 3574 1385 Deus

1989 1413 2365 1467 universorum
2397 1416 2638 1482 permisit
2665 1416 2808 1469 illam
2853 1417 3071 1470 bestiam
3122 1419 3174 1472 in
3201 1421 3330 1474 illttd
3360 1436 3570 1476 sacrum

1985 1518 2183 1572 corpus
2212 1504 2412 1571 furere,
2446 1514 2503 1559 ut
2525 1506 2722 1560 divinae
2746 1507 2888 1561 illius
2911 1511 3102 1563 aninttc
3126 1513 3376 1565 omnibus
3413 1527 3571 1580 apere

1987 1602 2090 1645 tam
2123 1594 2433 1648 ostenderet
2474 1597 2836 1650 tolerantiam.
2869 1595 2998 1649 Nam
3037 1598 3152 1666 ejus
3193 1614 3403 1669 quocue
3432 1600 3574 1668 quod

1984 1687 2229 1754 generosi
2259 1695 2312 1740 et
2341 1686 2492 1741 tortis
2514 1688 2677 1741 animi
2707 1687 2807 1742 Job
2832 1688 2970 1743 idem
2989 1690 3227 1744 videmus
3255 1691 3419 1747 tuisse
3447 1708 3573 1746 con-

1984 1781 2182 1833 silium.
2214 1779 2346 1833 Sivit
2377 1781 2519 1833 enim
2544 1797 2666 1834 eum
2695 1783 2940 1836 maximis
2966 1783 3135 1852 iisque
3150 1785 3325 1839 omnis
3353 1786 3570 1853 generis

290 1873 398 1926 que
444 1855 784 1909 meminimus
816 1853 1049 1924 (Supra,
1080 1871 1123 1908 τ.
1153 1855 1268 1910 Ilii.
1304 1854 1545 1908 Accessit
1585 1862 1761 1906 autem
1792 1867 1883 1907 eo-

1990 1870 2177 1940 agitati
2207 1870 2477 1933 ﬂuctibus,
2508 1887 2627 1926 cmn
2663 1873 2977 1939 sapientiam
3011 1874 3386 1944 gubernatoris
3415 1877 3573 1930 vellet

291 1948 414 1998 dem
450 1957 691 2014 tempore
723 1958 826 2012 quo
856 1943 1068 1996 divinus
1095 1957 1304 2011 quoque
1333 1942 1583 1996 Iacobus.
1617 1943 1746 1996 (lum
1789 1957 1884 1995 au-

292 2045 399 2089 tem
429 2051 492 2089 ex
521 2049 588 2088 eo
612 2049 822 2103 quoque
849 2048 1090 2101 magnam
1130 2034 1453 2101 percepisset
1483 2034 1802 2098 utilitatem,
1831 2042 1886 2086 et

295 2144 419 2197 quae
451 2127 554 2181 sub
583 2126 672 2181 dio
694 2129 869 2196 agitur
898 2128 1060 2179 vitam
1090 2137 1233 2181 esset
1275 2126 1575 2190 aemulatus,
1607 2127 1886 2194 occupavit

293 2220 440 2274 aliud
482 2220 682 2273 montis
724 2234 979 2273 cacumen
1011 2219 1150 2286 quod
1197 2220 1439 2272 imminet
1483 2219 1694 2271 cuidam
1742 2219 1880 2282 vico,

291 2330 453 2382 quem
486 2316 761 2366 nominaut
807 2312 1106 2381 Targallam
1154 2312 1296 2379 (53).
1329 2311 1382 2365 In
1422 2327 1487 2365 eo
1519 2311 1663 2381 degit
1712 2327 1885 2378 usque

294 2407 347 2462 In
394 2407 708 2461 hodiernum
753 2406 924 2468 diem,
957 2420 1059 2458 non
1093 2405 1292 2458 habens
1323 2404 1736 2466 domunculam,
1777 2421 1883 2460 non

296 2499 732 2563 tabernaculum,
785 2513 890 2551 non
938 2499 1237 2566 tugurium,
1281 2498 1373 2550 sed
1421 2498 1536 2550 solo
1581 2498 1886 2553 continetur

295 2600 452 2658 septo
481 2591 621 2658 quod
663 2597 743 2642 est
785 2589 1103 2641 :PtIiIicatum
1138 2603 1202 2639 ex
1250 2586 1510 2654 lapidibus
1550 2586 1684 2655 (60).
1717 2587 1887 2641 liabet

293 2689 475 2733 autem
503 2678 770 2748 quoddam
805 2694 1020 2746 parvum
1051 2679 1242 2730 ostium
1272 2677 1380 2730 luto
1410 2678 1626 2731 assidue
1656 2679 1877 2732 obstru-

294 2782 443 2825 ctum
481 2790 493 2825 :
537 2771 677 2841 quod
731 2771 1139 2824 advenientibus
1185 2770 1398 2839 quidem
1445 2771 1560 2824 aliis
1607 2786 1876 2837 nunquam

295 2865 506 2933 aperit,
542 2864 669 2917 mihi
701 2872 876 2917 autem
924 2864 1021 2917 soli
1069 2864 1343 2916 accedenti
1377 2863 1477 2918 hoc
1521 2865 1781 2931 permittit
1809 2864 1888 2918 fa-

293 2969 442 3010 cere.
478 2955 549 3008 Ea
579 2955 648 3009 de
672 2970 829 3008 causa
870 2959 1222 3022 undeqnaque
1243 2964 1637 3024 congregantur
1674 2957 1884 3025 plurimi

296 3061 419 3100 cum
452 3061 625 3100 meum
672 3046 956 3099 adventum
1009 3045 1308 3109 senserint,
1353 3045 1722 3100 desiderantes
1764 3062 1887 3101 esse

298 3137 408 3190 mei
434 3139 702 3206 ingressus
724 3137 1034 3204 participes.
1056 3138 1184 3190 Cum
1211 3138 1272 3188 iis
1289 3146 1464 3190 autem
1491 3137 1578 3205 qui
1601 3137 1886 3205 aliquando

297 3227 367 3280 ad
400 3229 567 3294 ipsunt
597 3229 850 3292 veniunt,
883 3229 1102 3297 loquens
1132 3243 1225 3296 per
1255 3244 1469 3296 parvam
1499 3231 1781 3298 quamdam
1810 3231 1886 3285 fe-

295 3329 534 3374 nestram
556 3360 570 3383 ,
598 3334 693 3374 eos
730 3321 963 3388 impertit
1009 3321 1406 3385 benedictione,
1439 3336 1533 3387 per
1561 3335 1676 3375 eam
1721 3323 1885 3391 pluri-

296 3411 402 3464 mis
431 3411 711 3465 sanitatem
745 3412 998 3479 largiens.
1028 3412 1329 3466 Servatoris
1359 3415 1500 3468 enim
1534 3415 1700 3468 nostri
1731 3425 1884 3470 utens

295 3501 537 3567 nomine,
566 3513 620 3556 et
651 3504 870 3557 morbos
900 3519 1111 3558 cessare
1140 3503 1296 3565 facit.
1327 3517 1378 3559 et
1407 3506 1675 3561 darmones
1704 3514 1886 3577 expel-

302 3595 401 3660 lit,
432 3606 485 3650 et
509 3598 796 3665 apostolica
827 3599 1062 3650 imitatur
1090 3599 1367 3654 miracula.

376 3708 492 3762 Non
525 3711 692 3763 solum
725 3719 899 3763 autem
933 3709 995 3763 iis
1024 3710 1113 3778 qui
1139 3711 1204 3763 ad
1239 3711 1408 3778 ipsum
1439 3713 1660 3767 veniunt
1688 3729 1883 3784 suppe-
1912 3746 1924 3756 -

304 3802 445 3856 ditat
472 3802 821 3865 curationem,
849 3803 942 3856 sed
973 3818 1090 3856 eam
1116 3819 1326 3871 quoque
1352 3820 1723 3872 saepenumero
1751 3821 1881 3874 pra:-

294 3891 408 3947 buit
444 3907 543 3945 suo
572 3893 800 3958 corpori.
836 3893 964 3947 Eum
1013 3896 1153 3947 enim
1195 3893 1304 3962 jam
1348 3896 1553 3963 pridem
1609 3899 1884 3952 invaserat

295 3984 518 4038 morbus
557 3983 783 4038 colicus.
811 3985 979 4052 Quam
1027 3987 1136 4040 sint
1187 3996 1363 4040 autem
1409 4003 1560 4042 acres
1596 3990 1684 4058 qui
1717 4005 1782 4043 ex
1819 4005 1885 4044 eo

297 4077 545 4130 oriuntur
573 4074 787 4129 dolores
815 4088 867 4130 et
895 4077 1188 4139 cruciatus,
1222 4079 1422 4144 Optime
1449 4079 1664 4148 quidem
1706 4081 1885 4135 sciunt

298 4169 389 4237 qui
421 4167 570 4222 illum
611 4176 734 4220 sunt
775 4169 1013 4236 experti;
1057 4171 1231 4223 sciunt
1270 4180 1446 4224 autem
1487 4173 1521 4225 ii
1552 4188 1762 4240 quoque
1792 4176 1882 4240 qui

297 4261 418 4328 ejus
457 4259 605 4314 fuere
649 4270 998 4328 spectatores.
1033 4261 1428 4316 Provolvuntur
1454 4265 1597 4317 enim
1638 4263 1886 4319 similiter

299 4364 460 4422 atque
488 4355 520 4407 ii
551 4353 638 4421 qui
668 4353 812 4408 rabie
841 4356 1123 4422 agitantur,
1145 4355 1308 4426 845
1335 4355 1435 4408 huc
1458 4367 1509 4410 et
1532 4354 1658 4410 illuc
1682 4372 1740 4412 se
1767 4372 1884 4410 ver-

302 4455 498 4507 tentes,
527 4454 580 4500 et
606 4445 796 4499 crebro
827 4446 991 4513 pedes
1017 4450 1366 4502 extendentes
1392 4459 1445 4502 et
1469 4449 1881 4512 contrahentes;

301 4552 681 4607 nonnunquam
713 4549 888 4594 autem
937 4539 1126 4592 sedent
1165 4548 1218 4593 et
1248 4551 1469 4609 surgunt
1495 4554 1548 4594 et
1579 4542 1881 4607 ambulant,

1987 1964 2234 2016 omnibus
2259 1963 2564 2018 ostendere.
2592 1963 2868 2018 Undenatu
2900 1966 3042 2019 enim
3072 1967 3204 2020 alias
3222 1967 3572 2036 cognovisse<

1988 2069 2107 2106 mus
2140 2055 2219 2107 vel
2251 2053 2398 2107 illius
2453 2055 2843 2119 fortitudinem,
2879 2056 2960 2110 vel
3006 2055 3162 2125 hujus
3212 2058 3573 2121 tolerantiam,

1988 2145 2089 2199 nisi
2115 2147 2166 2199 in
2197 2161 2292 2200 eos
2319 2151 2520 2215 quaevis
2574 2147 2676 2202 tela
2709 2149 3031 2217 conjiciendi
3075 2151 3229 2205 datus
3259 2160 3404 2208 esset
3427 2153 3576 2207 locus

1989 2235 2208 2290 inimico
2231 2237 2463 2306 pictatis.

2059 2328 2230 2396 Atque
2258 2333 2322 2382 ad
2359 2329 2453 2382 viri
2479 2331 2692 2398 quidem
2744 2330 3080 2384 tolerantiam
3121 2332 3416 2387 docendam
3462 2336 3574 2388 hare

1990 2419 2284 2483 sufﬁciunt,
2314 2420 2657 2474 clementiam
2679 2432 2856 2474 autem
2881 2431 2934 2475 et
2957 2421 3336 2490 benignitatem
3360 2426 3574 2477 aliunde

1989 2513 2353 2566 ostendemus.
2383 2512 2514 2566 Nam
2539 2529 2658 2567 cum
2693 2516 2886 2567 multos
2914 2515 3030 2567 visu
3064 2517 3316 2582 privatos,
3381 2528 3433 2570 ct
3483 2517 3574 2584 qui

1989 2602 2296 2656 mendicare
2325 2605 2652 2670 cogebantur
2692 2615 3108 2674 congregasset,
3143 2617 3193 2660 et
3225 2609 3471 2675 utrinque
3505 2609 3570 2660 ad

1990 2695 2260 2748 Orientem
2308 2705 2362 2749 et
2403 2696 2744 2752 Occidentem
2789 2697 2869 2751 eis
2904 2698 3201 2752 habitacnla
3229 2701 3567 2763 acditieasset,

1984 2785 2146 2854 jussit
2186 2803 2237 2840 ιιι
2281 2788 2358 2841 eis
2401 2787 2595 2855 degere
2627 2829 2642 2853 ,
2715 2798 2770 2843 et
2822 2789 2988 2843 Deum
3034 2790 3294 2855 laudare,
3343 2790 3574 2844 alimen-

1991 2887 2102 2932 tum
2179 2881 2258 2932 eis
2313 2880 2680 2934 necessarium
2753 2881 3070 2948 prmcipiens
3121 2882 3450 2948 suppeditari
3506 2883 3574 2935 ab

1990 2970 2092 3024 illis
2117 2969 2202 3037 qtti
2225 2969 2289 3022 ad
2315 2970 2485 3036 ipsum
2507 2972 2810 3024 veniebant.
2840 2971 2955 3036 Ipse
2983 2981 3160 3023 autem
3190 2971 3396 3024 medius
3436 2970 3575 3024 inter

1991 3075 2089 3116 eos
2113 3061 2370 3125 inclusus,
2403 3072 2455 3115 ct
2488 3062 2652 3116 hoset
2682 3064 2800 3116 illos
2831 3063 3016 3117 incitat
3045 3065 3107 3116 ad
3128 3063 3491 3132 hymnodiatu,
3523 3073 3576 3118 et

1993 3153 2116 3208 licet
2145 3168 2238 3208 eos
2269 3154 2452 3207 audire
2483 3155 2650 3209 Deum
2681 3155 2898 3211 assidue
2940 3156 3238 3212 laudantes.
3300 3158 3467 3211 Tanta
3495 3171 3576 3212 est

1914 3249 1957 3309 C
1991 3246 2107 3313 ejus
2140 3259 2395 3314 perpetua
2426 3247 2726 3317 benignitas
2755 3250 2806 3302 in
2848 3263 2940 3303 eos
2957 3251 3043 3319 qui
3077 3259 3198 3303 sunt
3224 3249 3462 3318 ejusdem
3487 3265 3576 3318 ge—

1992 3339 2154 3394 neris.
2193 3339 2389 3392 Eorum
2414 3350 2589 3393 autent
2620 3356 2742 3410 qua:
2771 3343 2872 3396 sub
2903 3343 2988 3396 dio
3008 3343 3374 3412 suscipiuntur
3400 3351 3578 3397 certae

1991 3433 2211 3495 minutn,
2274 3433 2374 3502 ipsi
2417 3442 2470 3487 et
2521 3450 2713 3504 magno
2758 3434 2958 3490 Jacobo
3016 3445 3101 3490 est
3147 3435 3286 3490 idem
3343 3446 3573 3506 tempus.

1987 3524 2105 3580 Jam
2139 3526 2280 3581 enim
2315 3527 2653 3596 complerunt
2683 3528 3012 3598 trigesimum
3045 3538 3294 3582 octavum
3351 3543 3571 3584 annum.

2546 3617 2772 3673 CAPUT
2806 3618 2991 3672 XXIII.

2128 3722 2374 3773 manus,
2400 3724 2620 3775 novsss,
2652 3726 2966 3777 ANTIOCIIUS,
3008 3727 3262 3766 ANTONIUS
3293 3713 3426 3781 (GI).

2062 3800 2172 3854 Iloc
2204 3803 2326 3854 vita:
2361 3802 2951 3856 institutumzen'tulatus
2980 3820 3192 3872 quoque
3213 3814 3292 3858 est
3319 3803 3574 3871 Joannes,
3629 3814 3636 3821 '

1987 3893 2070 3947 vir
2100 3903 2292 3958 przclet‘
2353 3906 2546 3948 czetera
2594 3895 2770 3947 clarus
2819 3895 3036 3948 leuitate
3065 3904 3116 3947 et
3146 3897 3573 3950 mansuetudine.

1989 3985 2039 4040 Is
2068 3999 2187 4039 cum
2227 4000 2412 4053 rupem
2445 3984 2728 4054 quamdam
2762 3987 2912 4038 valde
2941 4000 3208 4054 asperam,
3240 3989 3574 4056 tempeatati-

1991 4074 2200 4143 busque
2224 4075 2534 4139 obnoxiam,
2582 4086 2633 4128 et
2681 4075 2744 4128 ad
2777 4074 3206 4143 Septentrionem
3268 4087 3575 4146 tergentem

1990 4179 2330 4238 occupasset,
2365 4172 2414 4222 itt
2440 4171 2526 4223 illa
2563 4168 2673 4239 jam
2701 4169 2958 4240 transegit
2990 4171 3170 4238 viginti
3204 4171 3438 4240 quinque
3474 4185 3573 4224 an-

1994 4276 2111 4324 nos,
2138 4262 2279 4315 aeris
2308 4260 2605 4315 contrarios
2643 4262 2913 4329 excipiens
2955 4264 3202 4330 impetus.
3257 4264 3370 4316 Alia
3399 4275 3576 4316 autem

1988 4355 2190 4421 omnia,
2224 4370 2292 4408 ne
2321 4355 2524 4424 singula
2561 4369 2865 4423 persequar,
2901 4355 3048 4409 cibus
3084 4365 3135 4408 et
3160 4357 3326 4408 vestis
3365 4365 3420 4408 et
3451 4356 3574 4410 ferri

1992 4447 2247 4515 pendera,
2280 4456 2405 4499 sunt
2435 4446 2501 4499 iis
2527 4448 2615 4514 qui
2643 4449 2788 4514 prius
2820 4446 2946 4499 dicti
2974 4456 3092 4499 sunt
3123 4447 3336 4500 similia.
3364 4446 3455 4499 Est
3484 4461 3576 4500 au-

1992 4550 2098 4591 tem
2131 4540 2378 4592 humanis
2395 4539 2641 4592 omnibus
2669 4539 2802 4593 adeo
2824 4541 3087 4609 superior,
3120 4548 3178 4592 ut
3208 4538 3356 4591 nullo
3384 4553 3449 4592 ex
3496 4538 3578 4592 eis

301 4629 534 4695 aliquam
580 4627 773 4697 quietis
825 4631 961 4682 viam
1005 4643 1336 4697 querentes;
1375 4642 1426 4684 et
1479 4633 1598 4685 ideo
1648 4634 1886 4689 assident
1915 4641 1962 4700 ι)
1997 4631 2200 4684 fruatur
2225 4630 2434 4685 solatio.
2457 4631 2686 4684 Aﬂ‘cram
2715 4641 2892 4685 autem
2924 4631 3080 4700 hujus
3099 4637 3171 4685 rei
3199 4630 3576 4684 iudiciumevi-

305 4719 531 4785 balneis,
565 4737 705 4789 smpe
733 4737 795 4775 ex
828 4736 895 4775 eo
924 4723 1154 4788 aliquam
1205 4723 1524 4790 accipientes
1563 4723 1888 4777 coiisolatio-

303 4825 447 4865 nem.
485 4811 550 4866 Et
579 4813 700 4881 quid
743 4828 877 4880 Opus
914 4822 995 4866 est
1040 4813 1260 4882 longiori
1311 4815 1381 4866 u'i
1432 4819 1672 4883 oratione
1718 4817 1769 4869 in
1823 4818 1887 4870 iis

301 4904 679 4959 enumerandis
707 4921 824 4973 qua:
855 4914 977 4958 sunt
1003 4915 1185 4974 aperta
1214 4915 1266 4958 ct
1295 4907 1574 4960 manifesta
1605 4910 1886 4964 omnibus?

301 4995 435 5049 Cum
467 4996 568 5050 hoc
597 4998 783 5050 morbo
808 4997 1118 5058 colluctatis,
1146 5006 1195 5048 et
1223 5006 1296 5048 tot
1328 4999 1589 5064 tantisque
1615 5001 1882 5055 cruciatus

302 5089 600 5154 doloribus,
634 5105 738 5142 non
770 5089 1051 5142 medicina:
1090 5089 1293 5156 accepit
1337 5090 1630 5151 auxilium,
1665 5108 1767 5143 non
1803 5094 1882 5143 le-

302 5191 446 5233 ctum
475 5180 679 5251 ingredi
709 5182 988 5248 sustinuit,
1023 5195 1126 5233 non
1155 5195 1182 5232 a
1213 5181 1614 5234 medicamentis
1639 5192 1726 5235 attt
1751 5183 1881 5237 cibis

301 5283 385 5326 est
430 5283 722 5337 recreatus,
756 5271 849 5326 sed
891 5272 941 5325 itt
994 5272 1171 5325 tabula
1225 5271 1370 5324 humi
1414 5271 1627 5341 jacente
1670 5275 1884 5338 sedens,

303 5365 546 5420 oratione
573 5374 628 5418 ct
655 5365 828 5418 crucis
857 5364 1130 5433 signaculo
1159 5373 1240 5417 est
1286 5373 1521 5426 curatus,
1557 5376 1607 5419 et
1648 5366 1884 5421 carmine

304 5458 502 5514 divina:
530 5458 901 5527 appellationis
925 5457 1086 5525 sojiiit
1113 5458 1398 5510 cruciatus.

379 5553 548 5609 Porro
569 5563 747 5608 autem
775 5567 896 5607 cum
951 5553 995 5606 is
1023 5566 1237 5621 quoque
1267 5564 1424 5605 noctu
1457 5552 1739 5618 aliquando
1768 5568 1881 5606 am-

302 5645 537 5710 bularet,
564 5644 785 5699 calcavit
829 5643 1193 5698 dormientem
1234 5644 1491 5711 viperam.
1533 5643 1606 5696 Ea
1637 5658 1766 5697 vero
1789 5659 1884 5712 ap-

298 5737 640 5806 prehendens
673 5738 901 5806 plantam
918 5734 1087 5805 pedis,
1114 5736 1163 5789 in
1179 5750 1294 5790 eam
1317 5736 1507 5790 dentes
1537 5735 1728 5792 inlixit.
1751 5737 1883 5791 Cum

298 5843 474 5886 autem
503 5831 621 5899 pedi
653 5839 936 5884 conaretur
963 5843 1117 5898 opem
1144 5830 1299 5886 terre,
1328 5844 1384 5885 se
1408 5829 1625 5898 quidem
1652 5829 1878 5884 inclina-

1991 4723 2146 4776 dens.
2182 4722 2313 4776 Nam
2359 4739 2478 4776 cum
2510 4733 2729 4790 propter
2779 4734 2949 4776 tormn
2989 4724 3106 4790 ejus
3154 4722 3469 4776 herbacettm
3498 4721 3576 4774 vir

1993 4813 2212 4882 quidam
2245 4815 2412 4867 bonus
2447 4815 2738 4881 plantasset
2767 4814 3123 4883 amygdalum,
3182 4821 3234 4865 ct
3287 4827 3348 4866 ea
3379 4811 3574 4867 deinde

1992 4907 2316 4974 procedente
2341 4919 2580 4976 tempore
2606 4908 2768 4959 arbor
2797 4906 3072 4966 evasisset,
3107 4905 3241 4959 adeo
3272 4916 3328 4958 ut
3356 4904 3405 4958 ei
3456 4921 3574 4958 unt-

1994 5000 2141 5051 brain
2173 5000 2454 5066 prtebcret,
2479 5012 2531 5053 et
2557 4999 2743 5052 oculos
2761 5007 3020 5065 pasceret,
3045 4996 3204 5065 jussit
3228 5013 3344 5052 eam
3362 4999 3573 5053 exscin-

1990 5089 2066 5155 tli,
2096 5100 2150 5143 ut
2173 5107 2234 5144 ex
2263 5108 2323 5146 ea
2357 5094 2550 5145 nullam
2583 5094 2846 5160 acciperet
2877 5094 3282 5147 recreationem.

2071 5183 2177 5236 Iloe
2207 5185 2324 5238 vita.-
2359 5185 2654 5240 institutum
2683 5183 2960 5248 amplexus
2979 5200 3189 5253 quoque
3220 5194 3302 5238 est
3340 5183 3572 5253 Moyses,

1991 5275 2043 5328 in
2073 5277 2180 5326 alto
2204 5277 2429 5345 quodam
2459 5275 2653 5329 montis
2677 5275 2894 5339 vertice,
2914 5276 3000 5345 qui
3021 5276 3428 5345 impendetvico
3460 5276 3570 5329 Βο-

1990 5381 2112 5430 tum,
2131 5365 2438 5421 decertans.

2064 5457 2130 5512 Et
2161 5459 2456 5512 Antiochus
2487 5459 2568 5512 vir
2589 5472 2774 5523 senex,
2807 5460 2894 5530 qui
2926 5462 2979 5513 in
3011 5470 3190 5514 monte
3217 5460 3453 5514 maxime
3475 5459 3570 5512 de-

1989 5563 2133 5606 serto
2167 5567 2384 5620 parvum
2415 5561 2626 5620 septum
2656 5553 2940 5606 exstruxit.

2066 5646 2129 5699 Et
2161 5644 2451 5708 Antonius,
2483 5645 2568 5712 qui
2599 5645 2650 5699 in
2697 5659 2920 5714 corpore
2939 5644 3088 5700 senio
3125 5642 3369 5700 confecto
3409 5655 3564 5710 aequo

1991 5742 2234 5792 decertat
2257 5743 2416 5804 atque
2442 5739 2685 5806 juvenes.

2064 5830 2156 5884 Est
2187 5837 2362 5882 autem
2391 5829 2467 5885 eis
2492 5832 2677 5888 eadem
2703 5832 2885 5894 vestis,
2912 5837 2964 5883 et
2992 5826 3164 5890 cibus,
3197 5837 3248 5882 et
3277 5834 3472 5890 status,
3520 5829 3571 5876 et
