4052 6362
472 356 544 413 95
1605 354 1692 408 DE
1734 351 1910 407 Ἠτιὸ
1948 348 2048 403 ΡΑ·

2152 349 2226 403 L‘ll
2269 348 2465 404 LlBEll
2510 351 2600 406 IX.
3667 360 3753 415 κ

469 472 665 539 oratio,
695 471 1046 542 nocturnique
1063 471 1307 528 etdiurni
1328 469 1556 534 labores;
1586 479 1640 524 et
1661 466 2052 536 neclongitudo
2081 460 2290 523 Alium
2333 462 2640 520 conferens.
2695 464 2786 520 Bst
2827 467 2967 520 enim
3017 467 3265 524 similiter
3314 468 3497 525 divino
3546 471 3749 527 ileon-

466 567 750 635 tcmporis,
783 582 882 622 nec
911 576 1179 629 senectus,
1212 578 1311 619 nec
1352 573 1552 617 natura:
1582 561 1922 616 imbecillitas
1950 574 2049 614 eo-

468 673 589 713 rum
619 668 838 727 superat
869 659 1226 716 tolerantiam.
1281 656 1372 710 sed
1424 656 1478 710 in
1531 654 1609 708 eis
1645 653 1799 707 ﬂoret
1827 668 1890 706 ac
1910 654 2052 722 viget

466 750 746 806 labtirantli
775 752 1031 804 studium.
1076 751 1225 804 Alios
1275 762 1485 817 quoque
1536 747 1795 814 plurimos
1824 747 2052 798 athletas

468 840 632 897 habet
658 842 712 895 in
740 843 1010 896 montibus
1032 850 1087 895 et
1115 840 1258 909 agris
1291 840 1428 893 Dens
1467 839 1679 891 virtutis
1706 837 2049 907 agonotheta,

466 951 606 1005 quos
638 952 744 990 non
764 947 843 989 est
858 948 1173 990 enumerare
1201 934 1376 1000 facile,
1393 932 1586 987 nedum
1610 931 1772 985 vitam
1803 931 2054 983 uniuscu-

463 1025 663 1097 jusque
690 1027 947 1083 scribere.

540 1118 677 1173 Cum
708 1134 838 1188 ergo
868 1116 1222 1174 sufﬁcientem
1246 1131 1313 1171 ex
1330 1115 1407 1169 eis
1431 1114 1711 1167 utilitatem
1739 1112 1821 1177 iis,
1855 1111 1943 1178 qui
1974 1112 2054 1164 lu-

466 1212 612 1265 crari
644 1212 931 1277 voluerint,
988 1209 1302 1279 adjecerim,
1337 1222 1425 1262 me
1452 1216 1757 1260 convertam
1799 1203 1863 1255 ad
1903 1202 2050 1256 aliud

467 1313 634 1368 genus
664 1300 1004 1366 narrationis,
1047 1312 1241 1369 rogans
1270 1307 1329 1353 ut
1365 1297 1468 1352 sim
1495 1309 1680 1350 eorum
1710 1306 1922 1363 quoilue
1952 1291 2050 1347 be—

467 1389 791 1448 nedictionis
814 1391 1103 1463 particeps.

1025 1483 1253 1539 CAPUT
1284 1482 1474 1539 XXIV.

810 1591 1028 1632 ZEBINAS
1053 1592 1124 1630 IT
1155 1587 1545 1630 rocvcnttostcs
1571 1571 1710 1644 (62).

536 1669 789 1725 Zebinam
813 1669 1102 1737 praedicant
1129 1681 1296 1737 usque
1326 1667 1379 1720 in
1412 1665 1726 1718 hodiernum
1759 1662 1923 1725 diem,
1953 1660 2049 1730 qui

463 1772 523 1818 ιιι
554 1762 704 1816 illum
727 1759 1150 1829 viderent,digni
1174 1755 1496 1812 sunthabiti.
1526 1756 1691 1809 Aiunt
1715 1762 2048 1815 antemeum,

2156 554 2561 611 snsde~iderto.
2603 566 2659 609 et
2690 564 2777 608 est
2819 558 3045 610 terrenis
3081 559 3330 614 omnibus
3378 566 3641 629 superior,
3685 575 3751 619 et

2154 647 2369 707 corpori
2395 645 2638 713 alligatus
2657 654 2891 700 mentem
2924 648 3078 700 habet
3108 648 3327 714 alatam,
3346 662 3401 705 et
3426 667 3544 721 qua:
3572 654 3753 711 Iertur

2152 735 2407 796 sublime,
2436 751 2726 806 acremque
2764 736 2960 805 trajicit
2999 747 3051 791 et
3084 739 3361 807 ctherem,
3392 751 3448 797 et
3487 746 3640 800 calis
3683 748 3753 802 ﬁt

2153 828 2452 894 SUbl'ltllOI',
2495 839 2547 883 et
2581 839 2837 897 perpetuo
2857 829 3093 884 divinam
3127 834 3336 888 visione
3380 840 3755 905 apprehendit

2152 920 2682 986 Contemplationem,
2714 936 2813 975 nec
2840 932 3019 989 potest
3049 923 3195 978 illinc
3223 941 3454 995 unquam
3504 940 3744 985 mentem

2152 1009 2467 1076 detrahere;
2510 1014 2637 1081 quin
2664 1015 2825 1067 etiam
2853 1030 2974 1067 cum
3026 1016 3093 1069 i's
3140 1018 3229 1086 qui
3270 1020 3557 1076 adveniunt
3577 1026 3749 1079 collo-

2153 1116 2342 1169 quens,
2374 1118 2606 1167 superna
2647 1115 2827 1159 mente
2858 1116 3127 1173 peragrat.

2227 1192 2359 1260 Ejus
2386 1204 2563 1247 autem
2589 1209 2683 1263 per
2706 1203 2871 1248 totam
2904 1208 3117 1249 noctem
3157 1197 3392 1268 vigiliam
3430 1208 3489 1256 et
3543 1204 3742 1258 statio.

2154 1297 2276 1336 nem
2301 1283 2424 1337 hinc
2450 1284 2636 1339 didici.
2663 1285 2795 1339 Cum
2819 1301 2939 1339 eum
2959 1288 3194 1341 viderem
3226 1289 3387 1344 simul
3417 1300 3473 1346 et
3496 1307 3619 1347 cum
3650 1311 3745 1348 sc-

2152 1373 2244 1428 nio
2283 1375 2684 1431 conﬂictantem
2741 1385 2952 1431 etcum
3006 1379 3394 1446 imbecillitate,
3442 1392 3497 1437 et
3536 1386 3740 1439 nullam

2151 1473 2372 1524 omnino
2403 1471 2687 1527 habentem
2718 1487 2908 1527 curam
2941 1475 3207 1540 corporis,
3261 1477 3457 1544 saepius
3487 1489 3745 1545 precatus

2158 1560 2209 1615 ei
2242 1563 2504 1628 persuasi,
2535 1572 2586 1615 ut
2621 1563 3082 1627 duosassumeret,
3107 1565 3197 1633 qui
3226 1566 3385 1619 simul
3414 1566 3738 1632 habitarent,

2152 1660 2208 1704 et
2244 1651 2477 1720 aliquam
2509 1653 2929 1707 consolationem
2957 1655 3119 1709 abeis
3158 1656 3444 1725 acciperet.
3475 1660 3747 1726 Quoniam

2155 1751 2335 1796 autem
2377 1744 2529 1811 petiit
2556 1748 2698 1799 viros
2737 1745 2932 1801 virtute
2960 1747 3155 1813 claros,
3204 1749 3291 1819 qui
3347 1766 3522 1817 perse
3549 1754 3599 1805 in
3631 1754 3753 1809 alio

466 1866 594 1907 cum
648 1850 713 1905 ad
771 1826 1430 1917 extremam'penenissa
1476 1854 1828 1906 εεηεεωιεω,
1862 1843 2049 1897 iisdem
2084 1826 2133 1885 B
2158 1834 2419 1903 degebant
2460 1840 2805 1902 monasterio,
2861 1840 2965 1894 illis
3002 1856 3214 1911 quoque
3240 1844 3369 1895 viris
3406 1845 3740 1901 admirandis

461 1955 584 1996 esse
612 1940 883 1994 laboribus
913 1954 1063 1992 nsum
1094 1954 1259 2007 usque
1289 1938 1353 1992 ad
1384 1939 1541 1991 linem
1569 1954 1582 1990 :
1628 1950 1747 2001 nec,
1775 1935 1900 1988 licet
1926 1949 2050 2003 gra-

463 2030 682 2084 vissimo
704 2038 1036 2099 premeretur
1049 2032 1220 2094 senio,
1245 2046 1308 2083 ex
1338 2028 1717 2083 certaminibus
1745 2027 2049 2096 juventutis

461 2121 665 2189 aliquid
693 2122 1023 2176 immutasse.
1087 2121 1386 2188 Superabat
1438 2129 1640 2185 autem,
1692 2129 1746 2172 ut
1773 2118 2045 2184 dixerunt,

463 2228 653 2268 omnes
675 2216 754 2269 sui
788 2216 1042 2283 temporis
1071 2214 1313 2269 homines
1344 2213 1655 2268 assiduitate
1676 2212 1950 2266 orationis.
1990 2211 2047 2266 In

465 2322 528 2364 ea
558 2324 699 2362 entm
729 2310 818 2362 diu
836 2322 1100 2364 noctumte
1129 2324 1370 2372 versans,
1404 2322 1509 2360 non
1542 2307 1715 2360 solum
1747 2320 1852 2359 non
1882 2316 2046 2358 salte-

461 2399 638 2469 hatur,
672 2401 767 2456 sed
799 2403 958 2455 etiam
987 2401 1310 2454 desiderium
1340 2398 1609 2453 efﬁciebat
1653 2396 2041 2451 vehementius.

464 2492 602 2557 Quin
632 2493 796 2546 etiam
848 2508 968 2547 cum
1001 2493 1066 2547 iis
1094 2492 1182 2561 qui
1225 2491 1290 2545 ad
1346 2492 1515 2560 ipsum
1543 2489 1829 2542 veniebant
1866 2487 2048 2555 paucis

460 2582 758 2654 disserens,
793 2595 897 2635 non
925 2591 1131 2650 poterat
1158 2582 1208 2634 in
1237 2581 1474 2634 animum
1507 2578 1675 2649 846
1703 2578 1958 2631 inducere
1987 2585 2047 2630 ut

460 2671 833 2739 cogitationem
860 2687 890 2726 a
912 2673 1062 2728 castis
1092 2673 1410 2734 deduceret;
1436 2671 1530 2726 sed
1560 2671 1738 2724 statim
1762 2669 1953 2723 abillis
1979 2669 2047 2722 li-

460 2759 698 2826 beratus,
730 2771 787 2816 ut
814 2777 915 2817 nec
950 2761 1211 2815 tantillum
1238 2762 1452 2829 quidem
1475 2762 1544 2814 ab
1567 2761 1631 2814 iis
1651 2773 1770 2830 qua:
1795 2767 1923 2813 sunt
1951 2757 2045 2813 Dei

462 2854 839 2909 universorum
881 2865 1180 2925 separatus,
1211 2855 1472 2909 ollerebat
1495 2869 1680 2908 rursus
1705 2851 2047 2921 deprecatio-

460 2960 605 3001 nem.
642 2946 927 3016 Postquam
958 2956 1136 3003 autem
1162 2965 1264 3001 non
1310 2947 1652 3018 permittebat
1680 2957 1932 3003 senectus
1985 2957 2045 3003 ut

458 3038 593 3093 citra
616 3041 917 3095 molestiam
949 3052 1091 3096 stare
1121 3051 1301 3110 posset
1328 3041 1568 3104 as~idue,
1617 3043 2042 3097 sustentaculum

436 3128 510 3187 ei
536 3129 810 3197 praebebat
838 3130 1113 3196 baculum;
1147 3132 1232 3185 cui
1259 3133 1490 3195 innixus,
1536 3131 1813 3185 Dominum
1843 3142 1895 3185 et
1925 3132 2042 3185 lau-

2157 1928 2437 1993 persuasi,
2492 1937 2545 1981 ut
2576 1928 2739 1983 divini
2773 1930 3005 1984 hominis
3033 1947 3213 1985 curam
3243 1935 3491 1988 omnibus
3531 1953 3741 2005 prmpo-

2152 2026 2363 2070 nercnt.
2404 2016 2441 2070 li
2474 2033 2591 2072 cum
2642 2035 2804 2086 parvo
2857 2030 3098 2087 tempore
3126 2038 3246 2076 cum
3274 2040 3340 2078 eo
3381 2026 3736 2095 habitassent,

2151 2108 2324 2160 conati
2352 2120 2476 2162 sunt
2504 2110 2705 2178 lugere,
2731 2126 2824 2179 per
2843 2122 3053 2167 noctem
3078 2114 3222 2167 illam
3252 2132 3354 2169 non
3380 2118 3610 2172 ferentes
3624 2130 3741 2174 sta-

2152 2200 2371 2254 tionem.
2430 2202 2562 2255 Cum
2603 2214 2780 2256 autem
2810 2204 2977 2258 virum
3008 2206 3245 2259 divinum
3278 2208 3637 2274 obsecrarem,
3672 2222 3737 2267 ut

2150 2292 2519 2347 imbecillitate
2534 2296 2773 2363 corporis
2803 2298 3077 2350 metiretur
3092 2298 3327 2352 laborem
3351 2316 3366 2354 :
3391 2301 3502 2355 Non
3532 2305 3729 2369 solum,

2149 2393 2339 2459 inquit,
2367 2408 2460 2446 eos
2493 2410 2595 2447 non
2627 2411 2760 2463 cogo
2790 2404 2931 2450 stare
2953 2412 3158 2450 mecum
3180 2398 3414 2463 assidue,
3444 2401 3536 2454 sed
3568 2401 3731 2454 etiam

2148 2498 2291 2551 smpe
2322 2485 2570 2552 prtecipio
2596 2499 2651 2538 ut
2674 2487 3011 2541 decumbant.
3031 2488 3106 2540 Illi
3136 2499 3338 2555 autem,
3371 2491 3433 2543 Et
3461 2491 3735 2559 quomodo

2148 2589 2446 2643 possemus,
2467 2576 2701 2639 aiebant,
2719 2580 2884 2644 ecqui
2905 2579 2956 2632 in
2987 2579 3257 2633 laboribus
3280 2583 3561 2635 consenuit
3584 2592 3731 2636 stan-

2148 2672 2222 2727 te,
2242 2675 2296 2718 et
2319 2665 2738 2721 imbecillitatem
2756 2671 2995 2735 corporis
3010 2669 3359 2738 despiciente,
3375 2671 3717 2735 decumbere,

2146 2770 2267 2810 cum
2298 2758 2467 2811 sitnus
2497 2760 2610 2812 sani
2643 2771 2696 2813 et
2728 2760 2779 2813 in
2809 2761 2982 2814 media
3023 2762 3225 2816 (etate?
3288 2760 3393 2817 Sed
3439 2764 3739 2819 venerandi

2146 2850 2362 2919 quidem
2394 2851 2524 2904 mihi
2548 2851 2740 2920 capitis
2773 2862 3067 2909 nocturnos
3099 2854 3309 2907 Ι.ιι›‹πεδ
3343 2854 3420 2907 sic
3450 2855 3632 2909 didici.
3666 2856 3737 2910 lli

2146 2954 2211 2994 au
2238 2955 2321 2995 ein
2346 2943 2445 2994 viri
2477 2941 2797 3009 procedente
2823 2954 3061 3012 tempore
3110 2946 3208 2998 sibi
3242 2955 3438 2999 tantam
3473 2962 3743 3015 paravere

2147 3032 2422 3099 virtutem,
2459 3044 2514 3086 ttt
2541 3049 2660 3087 eum
2695 3034 2793 3089 hoc
2816 3051 3009 3105 magno
3037 3036 3403 3092 virocamdem
3438 3052 3741 3109 perseque-

2147 3135 2334 3181 rentur
2359 3127 2769 3198 philosophiam.

460 3218 624 3272 dabat
644 3228 699 3274 et
722 3221 931 3277 orabat.
978 3221 1110 3275 Cum
1152 3234 1328 3276 autem
1363 3231 1557 3290 prmler
1597 3222 1703 3275 alia
1738 3224 1875 3276 bona
1902 3231 2043 3277 esset
2073 3207 2120 3270 C
2223 3219 2281 3271 Et
2325 3219 2532 3289 Moyses
2561 3222 2770 3289 quidem
2817 3220 2941 3289 (hoc
2983 3231 3066 3275 est
3094 3224 3234 3277 enim
3276 3224 3323 3278 ei
3347 3226 3567 3293 nomen)
3605 3241 3731 3294 per-

459 3321 683 3365 ornatus
704 3326 885 3366 amore
916 3312 966 3365 in
986 3312 1242 3380 hospites,
1272 3313 1491 3377 iubebat
1514 3313 1709 3366 multos
1744 3327 1810 3367 ex
1861 3312 1924 3365 iis
1955 3312 2046 3379 qui

461 3402 525 3455 ad
557 3403 729 3468 ipsum
757 3405 1062 3468 veniebant,
1090 3412 1403 3470 ex~pcctarc
1430 3418 1731 3469 vesperam.
1758 3404 1834 3458 Illi
1862 3414 2045 3457 autem

461 3493 712 3547 timentes
734 3502 922 3547 netota
948 3503 1104 3548 nocte
1128 3495 1235 3548 illic
1258 3503 1482 3555 starent,
1500 3494 1675 3562 aliqua
1704 3508 1799 3547 sua
1832 3494 2045 3562 negotia

461 3589 868 3649 praetextentes,
893 3597 952 3637 se
973 3583 1166 3637 abillis
1187 3584 1554 3638 subducebant
1583 3584 1875 3639 laboribus.

534 3670 684 3727 llunc
732 3671 822 3728 ille
853 3689 1065 3743 quoque
1095 3690 1317 3743 magnus
1359 3676 1653 3730 admiratus
1681 3684 1767 3730 est
1797 3676 1999 3731 Marum
2029 3694 2041 3729 :
2116 3713 2131 3729 .

406 3778 416 3787 '
463 3770 519 3817 et
540 3765 805 3818 omnesad
837 3779 895 3820 se
926 3766 1201 3821 venientes
1223 3767 1289 3821 ad
1321 3770 1466 3823 illum
1495 3770 1573 3825 ire
1596 3770 1839 3838 jubebat,
1870 3777 1926 3824 et
1951 3786 2047 3825 ac-

461 3855 642 3922 cipere
667 3855 786 3925 ejus
809 3857 1395 3924 benedictionem,eum
1421 3873 1625 3931 patrem
1653 3874 1705 3917 et
1735 3865 2046 3932 magistrum

467 3946 772 4009 nominans,
793 3956 847 4002 et
878 3951 1038 4005 totius
1056 3953 1267 4007 virtutis
1287 3956 1561 4022 exemplar
1583 3955 2049 4025 vocans..liogavit

462 4046 643 4091 autem
676 4047 735 4091 ut
766 4041 816 4090 in
843 4041 1029 4095 eodem
1062 4058 1273 4113 quoque
1306 4047 1552 4114 sepulcro
1592 4058 1916 4113 poneretur;
1949 4048 2044 4102 scd

468 4143 574 4182 non
593 4131 853 4196 siverunt,
871 4134 960 4202 qui
976 4148 1171 4201 corpus
1190 4136 1315 4189 illud
1331 4152 1540 4191 sacrum
1559 4138 1890 4205 diripuerunt
1905 4138 2046 4207 (65),

464 4228 519 4274 et
562 4221 614 4274 in
664 4238 786 4276 etim
837 4223 1012 4279 locum
1074 4242 1230 4295 quem
1280 4229 1510 4283 diximus
1566 4231 1872 4285 detulerunt
1909 4232 2046 4301 (64).

470 4310 695 4367 Divinos
734 4324 912 4369 autem
952 4316 1179 4373 Zebinas
1210 4335 1327 4372 cum
1360 4329 1483 4374 autc
1521 4336 1645 4376 eum
1703 4322 1942 4387 ohiissct,
1995 4324 2047 4376 iu

468 4405 588 4457 vico
627 4404 675 4457 ei
719 4408 1034 4476 propinquo,
1080 4410 1122 4463 is
1160 4419 1336 4465 autem
1377 4414 1675 4481 appellatur
1695 4414 1889 4468 Cirtica
1914 4455 1927 4478 ,
1967 4414 2051 4483 ju-

470 4504 553 4548 sta
594 4496 694 4551 sibi
736 4496 875 4553 facta
915 4503 1140 4568 accepit.
1192 4503 1248 4557 In
1288 4503 1404 4571 ejus
1458 4507 1708 4575 sepulcro
1759 4509 2047 4561 maximam

2150 3310 2343 3363 mansit
2382 3325 2546 3380 usque
2586 3313 2635 3365 itt
2666 3311 2981 3366 ltodieruum
3012 3313 3177 3379 diem,
3211 3323 3460 3385 tanquam
3510 3317 3648 3386 patri
3676 3327 3739 3372 et

2149 3401 2367 3456 domino
2396 3418 2553 3458 omne
2578 3408 2625 3458 ei
2652 3406 2930 3459 servitium
2959 3407 3241 3471 exhibens,
3261 3418 3314 3461 et
3341 3424 3459 3476 qua:
3487 3423 3550 3462 ex
3580 3423 3737 3464 sacra

2150 3494 2237 3548 illa
2292 3496 2465 3549 anima
2497 3508 2739 3553 coruscat
2787 3498 3036 3555 virtutem
3090 3514 3340 3557 accurate
3390 3501 3737 3571 perlecteqne

2148 3591 2457 3657 exprimens

2223 3680 2511 3735 Damianus
2532 3690 2709 3737 autem
2740 3683 2864 3752 (hoc
2884 3686 3027 3737 enim
3055 3693 3173 3739 erat
3200 3699 3393 3739 nomen
3411 3685 3587 3756 alteri)
3611 3702 3733 3740 cum

2150 3774 2483 3843 pervenisset
2501 3775 2565 3828 ad
2592 3777 2878 3843 quemdam
2917 3780 3090 3832 vicum
3125 3794 3229 3833 non
3262 3781 3443 3848 procul
3472 3780 3654 3844 situm,
3685 3785 3736 3834 ei

2149 3875 2327 3919 autem
2377 3878 2454 3921 est
2499 3881 2694 3921 nomen
2732 3868 2920 3934 Niara,
2974 3880 3029 3923 et
3086 3878 3282 3939 printer
3331 3872 3462 3926 alias
3517 3888 3745 3941 parvam

2148 3959 2434 4027 quamdam
2469 3960 2760 4015 invenisset
2786 3962 3180 4027 domunculam,
3200 3964 3252 4017 in
3281 3963 3367 4017 illa
3394 3966 3557 4032 degit,
3589 3965 3743 4020 idem

2152 4051 2274 4104 vitae
2297 4051 2598 4105 institutum
2631 4067 2990 4122 persequens;
3047 4053 3181 4107 adeo
3211 4064 3269 4107 ut
3296 4055 3385 4123 qui
3420 4055 3559 4108 hunc
3587 4065 3640 4110 et
3672 4057 3737 4109 il-

2152 4143 2261 4196 lum
2303 4154 2448 4198 recte
2472 4154 2689 4211 norunt,
2720 4161 2839 4199 eum
2871 4145 3211 4213 aSpieientes,
3243 4147 3548 4201 existiment
3569 4164 3625 4202 se
3655 4153 3741 4200 vi-

2151 4234 2281 4289 dere
2321 4235 2456 4289 beati
2508 4236 2846 4307 Polychronii
2874 4236 3105 4291 animam
3140 4237 3191 4291 in
3216 4238 3323 4292 alio
3345 4253 3589 4306 corpore.
3631 4241 3741 4293 lia-

2153 4324 2273 4380 dcm
2299 4328 2440 4380 enim
2470 4336 2523 4380 et
2544 4327 2854 4396 simplicitas
2889 4336 2941 4381 et
2962 4328 3314 4383 mansuetudo
3340 4338 3394 4381 et
3421 4329 3737 4394 moderatio,

2152 4422 2340 4475 eadem
2361 4421 2552 4475 lenitas
2575 4421 2861 4483 sermonis,
2887 4420 3072 4475 eadem
3104 4421 3155 4473 in
3171 4437 3460 4492 congressu
3482 4423 3738 4486 suavitas,

2155 4514 2345 4567 eadem
2397 4516 2591 4567 anima:
2619 4513 2911 4583 vigilantia,
2967 4523 3016 4565 et
3070 4513 3161 4566 Dei
3193 4515 3564 4583 intelligentia,
3597 4514 3739 4569 idem

464 4587 634 4642 aedem
676 4590 1039 4658 :cdilicarunt;
1085 4594 1150 4647 iis
1189 4595 1330 4649 enim
1362 4597 1450 4666 qui
1478 4613 1597 4650 cum
1632 4599 1737 4652 lide
1761 4600 2041 4664 accedunt,
2082 4587 2130 4646 υ
2154 4613 2324 4660 status
2346 4616 2400 4659 et
2431 4604 2578 4658 labor
2612 4613 2668 4657 et
2690 4604 2865 4674 vigilia
2886 4613 2938 4656 et
2961 4604 3113 4658 cibus
3148 4622 3160 4657 :
3193 4614 3246 4658 et
3274 4620 3392 4674 quze
3414 4616 3496 4658 est
3521 4620 3584 4659 ex
3619 4605 3743 4675 lego

464 4683 667 4738 vatiam
708 4701 770 4741 ac
810 4688 1159 4756 multiplicem
1200 4692 1428 4747 edundit
1479 4696 1829 4751 curationem.
1874 4697 2045 4751 llabet

464 4784 643 4830 autem
677 4793 818 4833 nunc
859 4797 1074 4851 quoque
1112 4783 1212 4837 sub
1241 4784 1428 4838 eodem
1472 4795 1612 4840 tecto
1644 4799 1927 4858 martyres,
1957 4790 2045 4857 qui

464 4867 601 4933 apud
644 4867 831 4926 Persas
871 4872 1085 4940 quidem
1137 4873 1500 4939 decertarunt,
1543 4879 1729 4932 annuis
1776 4890 1952 4935 autem
1993 4890 2049 4936 et

463 4958 762 5016 celebribus
800 4960 949 5017 festis
987 4979 1016 5017 a
1058 4966 1211 5020 nobis
1252 4967 1603 5021 honorantur.

539 5054 708 5123 llujus
763 5056 1063 5113 doctrinam
1104 5076 1332 5131 magnus
1372 5061 1577 5130 accepit
1621 5062 2004 5133 Polyclironius
2030 5107 2044 5131 ,

465 5145 594 5215 qttin
642 5148 803 5203 etiam
856 5150 1217 5207 divinissimus
1255 5153 1488 5208 Jacohus
1537 5154 1746 5208 dicebat
1786 5171 1906 5210 eum
1946 5158 2047 5212 sibi

465 5236 698 5306 primum
738 5239 951 5295 dedisse
990 5245 1221 5298 tunicam
1279 5260 1343 5299 ex
1397 5245 1513 5314 pilis
1568 5257 1895 5301 contextam.
1938 5249 2049 5317 Ego

466 5334 643 5382 autem
688 5330 777 5399 qui
805 5332 953 5387 illum
977 5350 1244 5403 nunquam
1269 5336 1371 5389 vidi
1401 5336 1547 5406 (ante
1581 5352 1756 5393 meum
1786 5341 1925 5395 enim
1955 5342 2050 5393 ad-

463 5431 682 5475 ventum
728 5423 850 5477 vita:
877 5424 1036 5479 ﬁnem
1059 5426 1365 5496 acceperat)
1407 5428 1457 5481 in
1500 5428 1600 5484 hoc
1631 5430 1847 5500 egregio
1892 5431 2047 5501 Poly-

463 5514 688 5569 chronio
715 5514 878 5571 divini
920 5516 1134 5572 Zebinze
1171 5519 1328 5573 video
1366 5519 1789 5590 philosophiam;
1826 5536 1929 5575 IlOtl
1970 5523 2049 5576 sic

464 5606 608 5661 enim
629 5622 751 5662 cera
788 5607 1038 5678 exprimit
1064 5608 1263 5678 ﬁguras
1291 5610 1634 5675 atmulorum,
1689 5621 1746 5666 ut
1779 5612 1864 5667 hic
1894 5612 2043 5667 illius

465 5698 675 5771 efﬁngit
715 5700 941 5758 formam
968 5711 1023 5759 et
1050 5703 1441 5760 characterem.
1475 5704 1588 5760 Hoc
1626 5714 1804 5760 autem
1853 5716 2044 5775 aperte

463 5790 599 5861 scio,
640 5807 701 5849 ea
737 5809 855 5863 qua:
886 5794 953 5853 de
982 5795 1076 5852 illo
1128 5804 1411 5855 narrantur
1440 5810 1560 5851 cum
1602 5795 1663 5852 iis
1694 5812 1811 5863 quae
1844 5798 1910 5854 ab
1949 5798 2049 5856 hoc

2155 4695 2353 4758 divina,
2381 4706 2683 4764 .paupct'tas
2735 4706 2789 4750 et
2837 4696 2966 4748 nihil
3012 4697 3307 4765 possidere.
3360 4697 3491 4751 Nam
3546 4706 3740 4766 praeter

2156 4803 2314 4841 tinam
2345 4788 2660 4854 sportulam,
2681 4802 2800 4856 qua:
2830 4788 3029 4842 lentem
3058 4788 3215 4843 habet
3248 4804 3297 4841 m
3317 4789 3624 4851 idel'actam,
3651 4788 3736 4841 ni-

2158 4878 2228 4932 hil
2251 4887 2334 4932 est
2360 4880 2411 4931 in
2455 4879 2776 4933 lt:tbit:tt:ttl0.
2822 4879 3047 4933 Tantam
3100 4882 3312 4950 accepit
3343 4880 3626 4935 utilitatem
3666 4895 3740 4935 ex-

2156 4971 2541 5027 consuetudine
2567 4974 2740 5035 magni
2772 4972 3128 5041 l’olyclironii.

2231 5064 2341 5133 Ego
2369 5072 2547 5117 autem
2581 5079 2638 5118 re
2665 5064 2772 5116 icto
2803 5064 3066 5133 discipulo
3090 5063 3275 5119 redibo
3302 5064 3368 5116 ad
3403 5064 3740 5134 magistrum,

2157 5170 2186 5208 a
2218 5153 2362 5209 fonte
2393 5155 2535 5208 enim
2564 5155 2662 5208 rivi
2709 5156 2907 5210 ﬂuenta
2963 5157 3279 5225 procedunt.
3337 5156 3436 5211 llic
3465 5150 3594 5228 ergo
3618 5171 3743 5213 cum

2156 5245 2274 5300 aliis
2305 5245 2444 5299 vitiis
2473 5245 2643 5312 ejecta
2671 5261 2883 5315 quoque
2927 5262 2993 5301 ex
3027 5249 3201 5300 anima
3220 5247 3402 5317 gloria:
3429 5250 3740 5315 cupiditate.

2156 5347 2212 5391 et
2240 5335 2411 5390 inanis
2434 5336 2622 5405 glorite
2649 5339 2959 5391 conculcata
2987 5339 3290 5409 tyrannide,
3320 5340 3570 5394 studebat
3595 5355 3742 5394 sem-

2158 5443 2255 5499 per
2286 5429 2495 5482 labores
2511 5430 2805 5484 occultare.
2852 5431 2918 5485 Et
2944 5431 3146 5486 ferrum
3182 5432 3396 5499 quidem
3429 5444 3485 5486 ttt
3504 5443 3741 5500 gestaret

2158 5533 2265 5571 non
2296 5517 2584 5572 inducebat
2616 5520 2667 5571 in
2696 5520 2956 5585 animum,
3012 5521 3210 5574 timens
3240 5537 3307 5575 ne
3328 5536 3393 5575 ex
3439 5536 3506 5575 eo
3536 5521 3740 5590 aliquid

2153 5606 2332 5661 damni
2350 5607 2606 5674 hauriret,
2633 5610 2677 5662 si
2706 5609 3024 5679 arrogantia:
3044 5610 3516 5664 inﬂammationem
3549 5611 3732 5666 anima

2153 5715 2219 5755 ex
2250 5716 2316 5755 eo
2345 5701 2664 5769 accepisset.
2693 5701 2823 5756 Cum
2868 5712 3044 5757 autem
3094 5717 3325 5773 quercus
3369 5704 3755 5772 gravissimam.

2159 5798 2396 5855 radicem
2429 5798 2493 5853 ad
2526 5813 2585 5853 se
2625 5798 2819 5853 deferri
2847 5798 3118 5867 jussisset,
3148 5808 3204 5853 ut
3235 5799 3322 5866 qui
3356 5799 3419 5853 rd
3449 5799 3607 5854 alium
3638 5801 3733 5852 sci.
