4052 6362
264 309 333 365 97
1347 307 1805 373 PﬂlLOTIIEUS,
1845 325 1962 365 stu
2001 309 2454 368 THEOPIIILES.

3460 314 3539 369 98

236 425 393 497 licet
421 439 580 480 nsum
602 440 666 481 ea
696 438 831 496 Opus
853 424 1099 495 haberet,
1120 439 1238 483 eam
1268 435 1325 481 et
1353 435 1515 481 noctu
1547 423 1858 494 imponebat
1883 427 1932 487 Α
1962 440 2081 480 rum
2107 441 2252 496 saepe
2284 427 2594 483 obtulerunt
2615 433 2669 481 et
2699 425 2789 495 qui
2815 425 2972 482 etiam
3000 428 3540 501 excesse’re'relique—

242 504 526 582 humeris,
552 526 606 571 et
634 531 695 572 ea
726 517 974 586 imposita
1005 517 1169 589 867
1217 517 1439 583 orabat;
1491 526 1544 572 et
1594 515 1846 582 interdiu,

242 594 385 660 cum
419 615 565 661 esset
590 605 640 661 ei
666 609 851 661 otium.
907 606 1038 661 Cum
1084 616 1263 661 autem
1292 608 1500 661 veniret
1524 605 1737 675 aliquis,
1795 614 1851 659 et

262 698 499 764 pulsaret
528 701 748 762 ostium,
806 713 925 753 eam
982 698 1183 753 inloco
1237 699 1414 767 aliquo
1462 698 1842 753 abscondebat.

262 788 414 842 Hanc
441 803 564 842 cum
594 788 817 843 vidisset
844 789 1087 858 quidam,
1139 790 1267 843 ntilti
1301 790 1591 855 iudicavit;
1648 801 1847 844 etcum

262 882 459 937 vellem
490 884 632 937 scire
664 893 924 951 quantum
954 892 1104 938 esset
1151 884 1271 954 ejus
1319 884 1550 952 pondus,
1608 884 1695 938 vix
1727 898 1846 937 eam

261 975 411 1042 potui
467 973 656 1028 tollere
686 974 945 1029 ambabus
976 973 1244 1029 manibus.
1296 976 1343 1028 Is
1384 984 1559 1028 autem
1610 989 1729 1028 cum
1764 988 1850 1028 me

261 1064 589 1131 aSpexisset,
613 1064 774 1131 jussit
803 1080 920 1117 eam
943 1065 1242 1128 dimittere;
1275 1079 1374 1132 ego
1400 1073 1575 1118 autem
1605 1079 1726 1117 eum
1757 1078 1848 1117 ro-

257 1155 455 1221 gabam
489 1167 542 1208 ut
562 1156 691 1209 tnihi
716 1172 832 1209 eam
859 1158 1191 1225 permitteret
1220 1157 1482 1225 accipere.
1525 1167 1580 1210 ut
1601 1160 1650 1211 ei
1672 1155 1849 1225 eripe-

258 1260 376 1300 rem
409 1247 744 1299 occasionem
779 1247 999 1300 laboris.
1046 1247 1334 1315 Postquam
1364 1259 1539 1301 autem
1590 1262 1711 1301 eum
1744 1246 1851 1299 vidi

260 1351 406 1407 :egre
432 1336 593 1403 ferre,
622 1338 668 1391 ei
695 1337 833 1392 cessi
863 1338 1131 1393 desiderio
1158 1338 1412 1392 victorite.

244 1482 247 1485 .
333 1430 415 1480 Ex
443 1427 525 1481 his
572 1429 841 1483 laboribus
869 1428 1156 1484 el‘tlorescit
1198 1431 1245 1483 ei
1277 1444 1489 1499 quoque
1518 1429 1639 1483 data
1685 1430 1849 1497 gratia

260 1522 539 1586 divinitus,
569 1533 623 1576 et
653 1524 817 1575 multa
862 1523 994 1575 fiunt
1040 1523 1299 1577 miracula
1330 1523 1471 1576 illius
1502 1523 1850 1576 orationibus.

261 1613 475 1668 Etenim
504 1629 624 1667 cum
655 1618 831 1683 gravis
861 1614 950 1668 illa
980 1615 1198 1669 siccitas
1229 1631 1347 1681 qua:
1379 1615 1621 1667 homines
1647 1614 1852 1682 afflige-

258 1706 375 1771 bat,
410 1708 475 1760 ad
506 1723 693 1777 preces
716 1710 990 1773 incitaret,
1021 1710 1167 1762 venit
1192 1708 1258 1762 ad
1289 1724 1410 1762 eum
1443 1708 1725 1762 tnultitudo
1767 1722 1852 1761 sa-

1955 528 2101 583 ruut,
2132 520 2225 571 sed
2253 519 2381 572 nihil
2414 518 2482 571 ab
2523 517 2631 571 ullo
2661 533 2891 587 unquam
2940 518 3168 588 accepit,
3198 519 3295 573 sed
3341 535 3529 576 eorum

1952 625 2071 679 quae
2094 609 2456 664 oll‘erebantur
2483 624 2577 664 eos
2594 609 2754 676 jussit
2776 623 2896 663 esse
2921 608 3340 679 dispensatores.
3369 612 3538 668 Porro

1950 709 2129 755 autem
2157 717 2380 771 magnus
2406 717 2618 769 quoque
2648 702 2882 756 Jacobus
2913 702 3156 756 cilicium
3182 704 3250 757 ab
3270 704 3446 774 aliquo
3474 706 3541 761 ad

1950 810 2009 848 se
2039 795 2274 848 delatum
2304 795 2368 847 ad
2400 793 2573 861 ipsum
2605 792 2787 857 misit;
2818 793 2910 846 sed
2944 793 2995 846 id
3041 808 3254 861 quoque
3294 796 3539 859 remisit,

1949 902 2070 941 cum
2096 887 2145 939 id
2172 902 2291 940 esse
2316 886 2519 941 videret
2546 884 2763 939 densius
2806 891 2862 938 et.
2904 885 3222 953 eleg-mlius.
3270 885 3542 951 Perpetuo

1951 978 2093 1032 enim
2124 992 2248 1031 usus
2275 984 2357 1030 est
2386 976 2578 1030 vilibus
2600 984 2654 1028 et
2684 976 2883 1028 minimi
2913 976 3065 1043 pretii
3088 976 3349 1030 vestibus.
3383 979 3534 1031 Adeo

1953 1078 2129 1123 autem
2179 1069 2507 1123 existimavit
2558 1077 2922 1137 paupertatem
2971 1082 3091 1121 esse
3135 1070 3324 1137 quovis
3372 1082 3540 1138 regno

1954 1161 2120 1229 magis
2152 1160 2529 1229 expetendam,
2563 1168 2620 1213 ut
2645 1175 2742 1213 nec
2766 1159 3124 1212 necessarium
3152 1160 3369 1228 quidem
3395 1174 3542 1214 sem:

1954 1266 2048 1319 per
2078 1251 2299 1306 haberet
2330 1252 2737 1306 nutrimentum.
2778 1250 2903 1305 Scio
2947 1251 3088 1303 enim
3137 1266 3222 1305 me
3262 1266 3406 1319 saepe
3447 1264 3541 1305 ve-

1954 1345 2120 1407 nisse,
2150 1355 2203 1397 et
2237 1343 2659 1397 benedictionem
2694 1343 2930 1408 petiisse,
2962 1355 3133 1408 neque
3163 1341 3358 1410 aliquid
3383 1340 3534 1395 aliud

1954 1437 2225 1489 invenisse
2250 1451 2408 1504 quam
2441 1435 2587 1487 solas
2615 1434 2748 1487 duas
2785 1433 3009 1487 caricas.
3043 1432 3208 1500 Hujus
3238 1433 3366 1497 mel,
3388 1443 3444 1488 et
3471 1431 3541 1489 iis

1955 1525 2049 1595 qui
2079 1526 2257 1579 vident
2286 1534 2372 1580 est
2417 1526 2570 1578 valde
2596 1524 2974 1590 expetendum,
3005 1533 3057 1577 et
3086 1523 3151 1577 iis
3178 1525 3267 1592 qui
3315 1524 3542 1578 audiunt

1955 1632 2120 1671 Suave
2141 1626 2196 1671 et
2237 1619 2467 1671 maxime
2492 1616 2809 1685 jucundum.
2844 1613 3056 1667 Nullum
3105 1616 3246 1667 enim
3295 1613 3401 1667 vidi
3445 1615 3541 1668 bo-

1956 1706 2187 1773 miitem,
2215 1723 2280 1762 ne
2308 1723 2370 1762 ex
2403 1708 2467 1761 iis
2497 1707 2712 1776 quidem
2753 1705 2842 1775 qui
2872 1714 2997 1758 sunt
3026 1701 3182 1756 faceti
3214 1711 3268 1757 et
3306 1704 3539 1770 dicaces,

258 1800 560 1854 cerdotom.
597 1802 725 1855 Erat
755 1811 934 1855 autem
961 1818 1061 1855 una
1093 1817 1213 1856 cum
1245 1803 1325 1857 eis
1371 1802 1585 1870 qnidant
1637 1817 1850 1871 quoque
1884 1779 1927 1837 Β
1955 1799 2046 1869 qui
2077 1799 2180 1852 u'la
2214 1814 2445 1868 unquam
2475 1798 2902 1869 reprehensionis
2926 1798 3043 1850 labe
3064 1810 3184 1848 cum
3213 1797 3534 1863 aSperseiit;

258 1890 347 1943 cui
379 1892 730 1945 Antiochena:
758 1892 992 1959 regionis
1043 1892 1192 1946 multi
1244 1892 1345 1946 vici
1396 1892 1649 1963 pascendi
1698 1904 1850 1946 erant

255 1983 472 2038 crediti.
508 1985 555 2038 Is
580 2001 643 2039 ex
678 1986 740 2038 iis
768 1988 856 2055 qui
888 1986 1115 2040 aderant
1160 1987 1378 2056 rogabat
1403 1987 1667 2053 senii-res,
1714 1998 1772 2040 ut
1800 1986 1849 2040 ci

257 2077 649 2144 persuaderent
668 2088 724 2133 ut
746 2096 958 2133 mantnn
982 2081 1257 2135 dexteram
1288 2081 1586 2150 imponeret
1610 2082 1846 2153 lecytlto.

255 2168 392 2223 Cum
422 2170 457 2223 ii
488 2179 663 2225 autem
697 2172 977 2238 dixissent,
1006 2188 1127 2227 eum
1161 2188 1264 2226 non
1291 2188 1411 2227 esse
1444 2172 1496 2226 id
1543 2171 1847 2236 facturum,

257 2263 387 2316 dum
417 2279 604 2332 preces
652 2276 772 2334 post
815 2266 930 2320 hate
978 2267 1188 2332 fierent,
1217 2275 1274 2320 et.
1316 2266 1681 2319 venerandum
1721 2264 1848 2319 mihi

256 2362 422 2420 caput
442 2364 651 2419 oraret,
672 2357 762 2411 ille
785 2372 922 2426 pone
943 2365 1095 2410 stans
1117 2356 1357 2426 porrexit
1377 2357 1582 2411 duabus
1606 2358 1851 2411 manibus

254 2444 559 2515 lecytbum.
593 2446 642 2500 ls
669 2456 847 2500 autem
879 2447 948 2501 ita
976 2449 1141 2513 cmpit
1168 2457 1397 2511 scatere,
1417 2457 1473 2501 ut
1496 2447 1601 2500 duo
1622 2457 1712 2500 aut
1737 2457 1848 2502 tres

255 2551 322 2589 ex
352 2537 414 2590 iis
443 2538 532 2605 qui
564 2538 788 2593 aderant
818 2554 1006 2591 manus
1039 2539 1427 2601 extenderent,
1454 2548 1505 2592 et
1533 2552 1623 2591 eas
1669 2537 1850 2605 plenas

257 2629 381 2683 oleo
408 2630 737 2698 acciperent.
766 2629 872 2685 Sed
905 2631 1029 2686 licet
1053 2640 1105 2685 et
1132 2630 1325 2684 divina:
1352 2630 1534 2700 gratiae
1557 2629 1740 2684 (undat
1767 2646 1850 2684 ra-

255 2722 471 2785 dios,et
498 2723 663 2776 rectis
691 2722 883 2805 ofjiciis
906 2722 1283 2792 praeclarisque
1298 2733 1351 2776 et
1377 2738 1442 2776 ex
1469 2723 1660 2775 virtute
1690 2722 1849 2777 rebus

256 2815 427 2881 geStis
440 2814 506 2866 sit
530 2814 738 2882 plenus,
760 2826 810 2869 et
831 2814 1069 2884 quotidie
1090 2814 1308 2883 colligat
1323 2829 1453 2882 Opes
1478 2813 1844 2882 pltiloSOpltim,

256 2913 347 2957 est
368 2914 544 2958 tamen
575 2913 718 2958 tanta
748 2904 1008 2959 modestia
1040 2913 1095 2959 et
1142 2905 1507 2959 moderatione
1553 2904 1805 2972 prazditus
1829 2946 1846 2971 ,

260 3004 321 3048 ut
352 2996 769 3065 uniuscujusque
795 3011 865 3051 ex
896 2998 960 3050 iis
988 2996 1079 3066 qui
1109 2996 1176 3050 ad
1209 2997 1379 3064 ipsum
1408 2996 1629 3051 veniunt
1652 2996 1840 3049 ambos

259 3086 429 3154 pedes
452 3089 824 3155 amplectatur,
861 3097 916 3142 et
959 3087 1190 3142 frontem
1224 3097 1380 3142 terrae
1426 3088 1705 3156 imponat,
1737 3088 1849 3141 sive

262 3179 425 3233 fuerit
464 3181 641 3245 miles,
674 3183 796 3236 site
826 3180 1006 3250 opifex
1028 3223 1042 3246 ,
1076 3182 1189 3234 sive
1220 3182 1465 3234 rusticus.

338 3271 580 3325 Narrabo
627 3284 804 3324 autem
854 3272 1051 3336 aliquid
1101 3270 1242 3340 quod
1290 3270 1455 3338 possit
1502 3270 1695 3322 docere
1738 3266 1852 3334 ejus

258 3362 660 3430 simplicitatem
702 3369 756 3414 et
784 3362 1224 3415 moderationem.
1267 3359 1492 3426 Quidam
1541 3359 1622 3411 vir
1654 3358 1849 3422 bonus,

264 3452 352 3506 cui
383 3451 541 3519 hujus
568 3454 742 3520 gentis
770 3452 960 3519 obtigit
986 3449 1296 3519 praefectura
1317 3490 1334 3514 ,
1367 3465 1487 3503 cum
1518 3449 1715 3519 Cyrum
1762 3463 1850 3500 ve-

268 3544 472 3609 nisset,
499 3542 743 3611 cupiebat
771 3557 977 3596 mecum
1017 3542 1116 3597 frui
1149 3554 1364 3611 a-pcctu
1405 3543 1592 3596 horum
1636 3555 1790 3611 magn
1815 3561 1853 3588 l-

264 3650 388 3690 rum
419 3633 764 3688 athletarum.
793 3632 923 3687 Cum
947 3633 1080 3686 alios
1105 3648 1232 3702 ergo
1252 3634 1593 3696 obiissemus,
1616 3632 1682 3684 ad
1716 3631 1875 3695 hunc:~

268 3741 483 3796 quoque
510 3728 835 3779 accessimus
883 3725 1037 3793 cujus
1082 3725 1330 3779 virtutem
1372 3739 1511 3779 nunc
1558 3734 1853 3775 narramus.

266 3821 404 3872 Cum
432 3834 533 3889 ego
564 3830 738 3888 itaque
760 3818 1014 3873 dixissem
1042 3834 1161 3873 esse
1193 3819 1499 3887 praefectum
1522 3818 1612 3888 qui
1648 3834 1854 3876 mecum

266 3912 606 3977 accessisset,
640 3923 692 3966 et
717 3914 867 3981 xeqni.
880 3910 1117 3979 justique
1138 3920 1452 3973 amatorem,
1480 3912 1659 3965 statim
1690 3915 1851 3968 homo

268 4002 490 4075 divinus
523 4012 775 4072 utrasque
807 4016 996 4055 manus
1020 4003 1242 4055 tendens
1266 4011 1320 4056 et
1341 4002 1526 4055 ambos
1550 4003 1715 4071 pedes
1742 4018 1860 4070 pre-

274 4094 567 4150 hendens:
621 4093 772 4159 Volo,
803 4094 993 4161 inquit,
1028 4102 1087 4147 ut
1130 4092 1258 4147 mihi
1302 4092 1534 4160 aliquam
1580 4095 1861 4162 promittas

274 4180 767 4256 petitionem.‘Cum
801 4185 845 4239 is
876 4197 1052 4239 autem
1085 4200 1227 4255 a'gre
1252 4185 1434 4250 ferret,
1464 4194 1515 4238 et
1540 4198 1595 4239 ut
1617 4198 1862 4257 surgeret

267 4288 473 4340 oraret,
494 4285 549 4331 et
572 4291 631 4330 se
652 4276 793 4344 quod
814 4274 1037 4343 jusserit
1055 4273 1316 4329 facturum
1344 4276 1685 4344 polliceretur
1704 4284 1861 4345 (con-

264 4374 490 4443 jiciebat
517 4375 658 4428 enim
696 4389 822 4429 eum
850 4374 992 4428 velle
1018 4388 1204 4442 rogare
1233 4387 1328 4440 pro
1357 4373 1534 4441 aliquo
1576 4387 1644 4425 ex
1680 4373 1744 4426 iis
1770 4373 1859 4441 qui

264 4469 386 4535 ejus
406 4469 661 4536 parebant
680 4466 891 4537 ditioni)
920 4484 933 4519 :
963 4466 1222 4534 Quoniam
1246 4481 1395 4534 ergo,
1420 4464 1587 4533 inquit
1611 4466 1771 4518 homo
1788 4465 1866 4518 di-

1946 1891 2046 1967 sed
2073 1907 2261 1946 omnes
2289 1907 2410 1945 eum
2454 1903 2509 1946 et
2556 1894 2847 1960 praedicant
2877 1900 2931 1947 et
2956 1894 3258 1957 celebrant,
3282 1900 3339 1948 et
3364 1892 3429 1946 ad
3458 1889 3541 1958 ip-

1952 1998 2070 2038 sum
2105 1984 2383 2039 venientes
2409 1984 2630 2038 minime
2660 1986 2845 2038 volunt
2875 1985 3147 2039 recedere.

2525 2075 2749 2129 CAPUT
2781 2075 2946 2130 XXV.

2199 2182 2476 2223 ASCLEI‘IUS
2496 2209 2510 2232 ,
2545 2184 2613 2222 ετ
2639 2184 2863 2222 JACOBUS
2891 2183 3123 2222 susurra
3149 2167 3285 2240 (65).

2025 2261 2191 2331 Hujus
2219 2264 2422 2317 ordinis
2472 2272 2553 2316 est
2594 2262 2925 2316 admirabilis
2971 2276 3184 2331 quoque
3228 2259 3537 2331 Asclepiul,

1952 2356 2039 2424 qui
2064 2354 2216 2409 abest
2238 2355 2451 2421 quidem
2477 2354 2663 2408 decem
2691 2353 2898 2416 stadiis,
2926 2355 3067 2407 tdem
3092 2361 3269 2406 autem
3302 2353 3425 2405 vita:
3455 2350 3541 2405 in-

1952 2447 2195 2501 stitutum
2227 2457 2308 2500 est
2334 2447 2632 2501 tumulatus.
2671 2448 2763 2500 Est
2799 2448 2939 2501 enim
2968 2448 3016 2500 ei
3045 2446 3183 2501 idem
3210 2456 3265 2500 et
3288 2443 3460 2510 cibus,
3486 2451 3541 2498 et

1952 2539 2118 2593 vestis
2146 2582 2160 2606 ,
2193 2547 2248 2594 ct
2299 2554 2506 2592 morum
2551 2539 2881 2605 moderatio,
2919 2540 2971 2593 in
3005 2538 3344 2608 hospitesque
3388 2544 3444 2591 et
3486 2535 3541 2591 in

1956 2632 2148 2686 fratres
2195 2634 2433 2686 Charitas
2454 2672 2468 2697 ,
2501 2633 2798 2701 lenitasque
2846 2640 2903 2686 et
2932 2631 3305 2697 mansuetudo,
3334 2639 3388 2685 et
3414 2643 3535 2683 cum

1955 2722 2065 2777 Deo
2106 2725 2462 2791 conversatio,
2494 2732 2550 2779 et
2595 2739 2803 2778 summa
2854 2734 3157 2794 paupertas,
3188 2732 3245 2779 et
3286 2722 3533 2776 maximae

1952 2818 2163 2873 virtutis
2192 2820 2395 2886 copiae,
2428 2829 2480 2874 et
2511 2836 2640 2891 opes
2692 2820 3043 2889 philosojthia:
3065 2862 3080 2886 ,
3113 2828 3167 2873 et
3213 2819 3315 2872 alia
3361 2818 3540 2872 omnia

1952 2926 2070 2981 qua:
2101 2912 2166 2964 de
2196 2911 2286 2964 illo
2315 2926 2470 2965 sacro
2499 2914 2672 2979 capite
2706 2913 3094 2965 recensuimus.
3130 2909 3319 2963 Dicunt
3339 2916 3539 2973 autem,

1954 3019 2075 3059 eum
2101 3019 2315 3073 quoque
2336 3019 2454 3056 cum
2483 3012 2627 3057 esset
2653 3005 2703 3057 in
2728 3018 2951 3057 numero
2980 3002 3199 3055 fratrum
3224 3002 3313 3069 qui
3347 3002 3397 3053 in
3424 3000 3543 3054 vico

1961 3097 2242 3161 habitant,
2279 3099 2627 3152 monasticam
2668 3107 2723 3152 et
2771 3104 3120 3164 temperatam
3170 3093 3333 3147 vitam
3380 3092 3545 3146 fuisse

1883 3158 1928 3219 Ο
1962 3191 2291 3259 amplexum.
2325 3204 2422 3243 nec
2454 3205 2517 3243 ex
2554 3189 2839 3243 ntnltorttnt
2872 3200 3162 3256 congressu
3212 3185 3371 3238 ullam
3420 3198 3546 3237 con-

1961 3282 2196 3334 traxisse
2233 3281 2513 3334 macolam.
2547 3279 2678 3334 Cum
2709 3294 2837 3347 ergo
2864 3279 2917 3332 in
2944 3288 3167 3346 utraque
3190 3277 3321 3341 vita,
3352 3287 3547 3344 nempe

1955 3378 2010 3422 et
2037 3368 2179 3421 civili
2226 3379 2281 3423 et
2310 3366 2541 3421 solitaria
2562 3408 2578 3430 ,
2603 3381 2661 3420 se
2705 3366 2917 3435 egregie
2960 3362 3208 3433 gesserit,
3240 3360 3547 3432 duplicibus

1956 3475 2166 3530 quoque
2192 3460 2409 3514 coronis
2458 3459 2649 3512 merito
2689 3457 3010 3526 dignabitur.

2030 3552 2199 3606 Porro
2228 3561 2407 3606 autem
2451 3551 2599 3603 multi
2625 3562 2835 3618 quoque
2878 3547 2965 3600 alii
2993 3554 3117 3599 sunt
3147 3544 3336 3597 horum
3384 3556 3549 3596 remu-

1956 3641 2054 3696 lati
2094 3644 2343 3697 virtutem
2380 3657 2395 3696 :
2428 3650 2483 3695 et
2536 3641 2694 3708 plena
2741 3650 2822 3692 est
2854 3652 2958 3691 non
2992 3645 3184 3690 nostra
3215 3636 3411 3700 solum,
3452 3633 3546 3688 sed

1918 3758 1921 3763 ν
1959 3734 2117 3788 etiam
2163 3734 2351 3787 vicina:
2394 3732 2635 3786 civitates
2679 3740 2731 3784 et
2761 3730 2899 3800 pagi,
2935 3729 3023 3782 tali
3066 3726 3419 3796 pltilosOphia.
3456 3725 3549 3778 Est
3628 3802 3635 3807 θ

1961 3837 2139 3881 autem
2158 3842 2292 3879 unus
2306 3841 2368 3880 ex
2391 3826 2476 3879 his
2497 3825 2705 3879 divinus
2728 3839 2939 3893 quoque
2958 3821 3212 3885 Jacobns,
3237 3822 3286 3873 in
3310 3819 3541 3888 quadam

1963 3920 2132 3991 858
2160 3917 2475 3973 domuncula
2504 3916 2743 3971 inclusus
2768 3915 2918 3983 juxta
2941 3913 3111 3967 vicum
3126 3909 3422 3981 quidicitur
3447 3910 3550 3962 Du-

1960 4028 2084 4064 zan.
2115 4011 2212 4076 Qui
2242 4024 2361 4063 cum
2380 4011 2449 4062 sit
2469 4010 2629 4062 etiam
2655 4007 2707 4061 in
2732 4008 2846 4075 ipso
2876 4003 2998 4060 vitm
3025 4003 3251 4058 termino
3275 4002 3381 4072 (est
3401 4001 3543 4054 enim

1966 4104 2241 4174 plusquam
2282 4102 2563 4170 nonaginta
2593 4114 2763 4153 annos
2796 4098 2971 4168 natus)
2998 4096 3236 4150 inclusus
3262 4102 3344 4149 est
3374 4092 3545 4158 solus,

1964 4209 2019 4252 et
2049 4214 2141 4266 per
2166 4195 2452 4266 quamdam
2486 4192 2745 4247 modicam
2778 4188 2997 4252 fossam,
3032 4189 3199 4243 instar
3224 4187 3458 4241 incurvae
3483 4184 3548 4237 li-

1967 4307 2080 4343 nea-
2104 4288 2317 4353 factam,
2337 4300 2590 4357 respousa
2609 4285 2823 4355 quidem
2844 4282 3038 4345 reddit,
3062 4281 3153 4334 sed
3178 4294 3282 4333 non
3307 4277 3547 4340 videtur;

1965 4391 2020 4439 et
2049 4396 2223 4450 neque
2252 4381 2371 4449 igne
2404 4380 2570 4432 utitur
2592 4419 2607 4442 ,
2632 4391 2804 4445 neque
2830 4374 3030 4429 lumine
3052 4375 3302 4427 lucernae.
3333 4369 3413 4422 Me
3434 4366 3553 4435 qui-

1968 4474 2090 4528 dem
2119 4474 2198 4527 bis
2225 4472 2470 4540 perfosso
2499 4469 2640 4524 ostio
2667 4467 2829 4537 jussit
2858 4468 3091 4531 admitti,
3117 4466 3216 4517 hoc
3244 4478 3330 4516 me
3351 4461 3553 4515 honore

268 4562 448 4628 vinus,
478 4573 537 4614 es
566 4560 856 4628 pollicitus,
888 4568 943 4613 et
980 4558 1331 4628 jurejurando
1362 4573 1512 4626 prout
1541 4572 1685 4610 ssum
1716 4571 1850 4609 con-
1891 4541 1941 4600 ο
1965 4564 2237 4630 amiciens,
2269 4571 2323 4616 et
2352 4577 2506 4630 quam
2540 4560 2666 4614 mihi
2703 4560 2838 4613 bene
2866 4557 2999 4612 velit
3024 4555 3334 4609 ostendens.

268 4654 522 4717 ﬁrmasti,
557 4654 666 4708 acri
697 4662 752 4706 et
779 4648 1081 4706 vehementi
1107 4650 1286 4703 studio
1339 4652 1444 4703 lico
1493 4663 1589 4715 pro
1619 4662 1705 4701 me
1735 4647 1866 4701 offer

275 4758 490 4810 preces.
519 4745 564 4798 Is
593 4756 771 4797 autent
804 4744 1032 4797 frontem
1064 4743 1283 4810 pulsans
1309 4741 1625 4795 obsecrabat
1656 4748 1713 4793 ut
1740 4755 1862 4793 eum

262 4836 580 4890 absolveret
606 4848 636 4888 a
657 4833 1028 4903 jurejurando,
1059 4844 1116 4887 ut
1146 4836 1238 4902 qui
1262 4848 1365 4885 non
1384 4831 1736 4900 essetdignus
1769 4846 1864 4897 pro

270 4930 394 4997 ipso
425 4942 609 4997 preces
630 4927 824 4982 oll‘erre
848 4928 1091 4980 Domino.
1120 4926 1246 4994 Ejus
1266 4940 1394 4994 ergo
1419 4926 1507 4992 qui
1541 4926 1591 4976 in
1626 4933 1729 4977 tam
1756 4925 1862 4976 alta

273 5018 611 5090 philosophia
643 5027 784 5072 tanta
814 5017 884 5071 sit
926 5017 1183 5071 modestia
1216 5030 1278 5070 ac
1309 5015 1696 5078 moderatione,
1719 5028 1863 5081 qua:-

269 5128 398 5166 ttatn
412 5111 587 5166 oratio
613 5112 779 5180 possit
805 5110 923 5177 ejus
955 5109 1137 5163 laudes
1152 5122 1248 5177 pro
1279 5106 1536 5178 dignitate
1566 5105 1864 5175 consequi?

350 5206 519 5273 llujus
543 5204 596 5259 in
630 5202 898 5258 laboribus
925 5201 1283 5269 suscipiendis
1331 5200 1567 5254 studium
1617 5213 1684 5251 ne
1731 5195 1863 5250 varii

272 5297 494 5367 quidem
524 5309 589 5349 ac
634 5293 953 5362 multiplices
984 5290 1155 5345 morbi
1185 5289 1273 5357 qui
1304 5292 1355 5343 in
1398 5304 1521 5343 eum
1552 5287 1863 5350 incubuere,

275 5388 658 5451 retardarunt;
697 5384 791 5440 sed
833 5400 954 5439 cum
999 5399 1029 5438 a
1082 5383 1244 5437 variis
1288 5379 1491 5435 morbis
1533 5377 1863 5441 obsideatur,

270 5484 494 5539 eosdem
512 5481 725 5536 labores
738 5478 987 5535 sustinet.
1001 5478 1130 5532 Cum
1150 5475 1331 5530 multis
1346 5486 1522 5529 autem
1535 5487 1677 5542 saepe
1692 5471 1866 5525 verbis

270 5575 419 5647 apud
448 5590 572 5631 eum
603 5574 867 5645 egerimus
887 5612 903 5638 ,
933 5573 1019 5625 vix
1049 5572 1184 5624 hanc
1211 5568 1600 5624 tediticavimus
1642 5566 1868 5620 domun-

264 5670 479 5735 culam,
506 5667 720 5737 corpori
745 5666 903 5735 plane
932 5662 1210 5733 frigefacto
1253 5659 1640 5729 aliquantulum
1672 5655 1867 5712 caloris

276 5770 655 5833 procurantes.
690 5760 752 5814 Ei
796 5758 946 5814 mttlti
978 5756 1192 5827 quidem
1224 5753 1397 5808 adhuc
1429 5751 1746 5821 superstites
1773 5762 1868 5802 au-

2039 4654 2213 4723 Atque
2264 4652 2300 4705 ii
2349 4651 2561 4721 quidem
2609 4650 2699 4719 qtti
2744 4649 2917 4702 adhuc
2961 4643 3306 4714 superstites,
3339 4636 3552 4705 scriptis

1968 4746 2103 4800 meis
2150 4760 2254 4799 non
2301 4746 2565 4811 indigent;
2600 4752 2823 4811 possunt
2853 4740 3016 4801 enim,
3046 4739 3089 4790 si
3120 4752 3167 4787 Vt
3188 4736 3307 4796 littt,
3337 4733 3433 4800 ipsi
3462 4743 3553 4783 eo-

1967 4852 2082 4890 rum
2102 4836 2450 4903 comemplari
2478 4834 2892 4902 philosophiam.
2922 4829 3155 4884 Posteris
3183 4836 3358 4878 autem
3382 4831 3437 4877 et
3461 4822 3553 4891 qui

1970 4928 2070 4980 hoc
2100 4942 2204 4979 non
2236 4928 2418 4981 videre
2448 4928 2840 4992 spectaculum,
2876 4923 2990 4975 hanc
3028 4933 3238 4987 quoque
3282 4915 3349 4969 ad
3399 4927 3553 4967 nsunt

1968 5018 2263 5082 snfticiunt,
2284 5029 2340 5072 ut
2356 5034 2476 5088 qua:
2496 5018 2840 5085 philosolthiit-
2863 5015 3146 5067 ostendant
3161 5016 3550 5063 characterem.

1964 5113 2066 5169 llic
2095 5128 2241 5181 ergo,
2270 5122 2323 5165 et
2353 5114 2419 5164 de
2450 5112 2531 5163 his
2563 5104 3075 5169 ahsoittlaoratione,
3098 5116 3150 5154 et
3168 5100 3553 5155 benedictionis

1971 5206 2233 5277 postulata
2293 5202 2746 5261 remuneratione,
2779 5195 2843 5250 ad
2880 5194 3035 5248 aliam
3085 5194 3320 5247 transibo
3364 5205 3552 5245 narra-

1971 5300 2189 5352 "unum
2538 5358 2762 5416 carm
2793 5358 2982 5413 xxw.

2556 5467 2811 5507 srusoass
2844 5451 2982 5522 (66).

2043 5552 2348 5608 Simeonem
2399 5546 2547 5601 illum
2599 5544 2895 5610 insignem,
2928 5554 3181 5610 magnum
3226 5535 3357 5591 illud
3406 5532 3551 5590 orbis

1973 5655 2233 5701 terrarum
2265 5639 2602 5702 miraculum,
2633 5637 2809 5692 sciunt
2845 5633 3056 5702 quidem
3104 5642 3290 5682 omnes
3335 5622 3426 5693 qui
3456 5636 3550 5688 pa‘

1975 5748 2095 5792 rent
2118 5730 2345 5802 imperio
2372 5731 2762 5793 Romanorum;
2798 5733 2993 5781 norunt
3016 5729 3192 5773 autem
3222 5718 3396 5771 Persae
3419 5725 3548 5781 qum
