4052 6362
475 352 545 411 95
1606 348 1694 403 os
1736 345 1912 402 vms
1950 342 2228 398 metm
2271 341 2467 397 LlBElt
2512 344 2602 399 ιχ.
3668 350 3755 404 οσ

471 468 667 536 oratio,
698 468 1047 538 nocturnique
1065 466 1309 524 eldiurni
1330 464 1557 531 labores;
1588 473 1643 519 et
1664 459 2053 531 neclongitudo
2083 454 2291 517 Alium
2335 454 2641 513 conferens.
2697 456 2787 512 Est
2829 458 2968 512 enim
3019 458 3267 515 similiter
3316 459 3498 515 divino
3547 462 3754 517 incen-

469 563 752 631 tcmporis,
785 578 885 618 nec
913 571 1181 626 senectus,
1215 573 1314 615 nec
1353 569 1554 613 naturae
1584 556 1923 611 imbecillitas
1952 568 2050 608 eo-

472 669 592 709 rum
623 665 841 724 supcrat
871 656 1228 713 tolerantiam.
1284 652 1375 706 sed
1426 652 1480 705 in
1534 650 1612 703 eis
1647 648 1802 702 ﬂoret
1830 663 1892 701 ac
1912 648 2053 717 viget

469 746 750 803 laborandi
778 748 1033 801 studium.
1078 747 1228 799 Alios
1278 758 1487 812 qunque
1538 742 1797 809 plurimos
1826 742 2053 793 athletas

472 837 635 893 habet
660 838 714 892 in
744 839 1012 892 montibus
1035 845 1090 892 et
1117 836 1261 905 agris
1294 836 1430 889 Dens
1470 834 1682 886 virtutis
1709 832 2051 901 agonotheta,

470 947 610 1002 quos
642 948 747 986 non
768 943 846 985 est
861 944 1176 987 enumerare
1204 927 1589 996 facile,nedum
1614 926 1775 979 vitam
1805 925 2056 977 uniuscu-

468 1023 667 1094 jusque
694 1024 951 1079 scribere.

545 1115 681 1170 Cum
712 1130 841 1184 ergo
872 1112 1225 1170 sufﬁcientem
1250 1126 1317 1166 ex
1334 1111 1410 1165 eis
1434 1109 1714 1163 utilitatem
1741 1107 1824 1171 iis,
1858 1105 1945 1171 qui
1976 1106 2056 1158 lu-

470 1208 616 1261 crari
647 1208 935 1273 voluerint,
992 1205 1305 1274 adjecerim,
1340 1218 1428 1257 me
1456 1211 1760 1255 convertam
1801 1198 1866 1249 ad
1906 1195 2053 1250 aliud

471 1310 638 1365 genus
668 1296 1008 1362 narrationis,
1051 1307 1245 1364 rogans
1274 1303 1333 1348 ut
1369 1292 1471 1347 sim
1499 1304 1683 1345 eorum
1712 1300 1925 1358 quoque
1954 1285 2053 1341 he-

471 1386 795 1444 nedictionis
818 1386 1108 1459 particeps.

1029 1478 1257 1534 CAPUT
1288 1476 1477 1533 XXIV.

814 1586 1032 1628 ZEBINAS
1057 1587 1127 1626 ιτ
1160 1582 1549 1625 rocvcusoxtus
1574 1566 1713 1638 (62).

541 1665 793 1720 Zebinam
817 1665 1106 1733 praedicant
1133 1676 1299 1732 usque
1330 1661 1383 1715 in
1416 1659 1729 1713 hodiernum
1764 1655 1926 1719 diem,
1957 1654 2052 1723 qui

467 1767 528 1813 nt
559 1757 709 1811 illunt
732 1755 995 1819 viderent,
1014 1754 1154 1824 digni
1178 1749 1501 1807 sunthahiti.
1530 1749 1695 1803 Aiunt
1719 1756 1895 1801 autem
1909 1761 2052 1808 eum,

471 1861 599 1901 cum
653 1846 718 1900 ad
776 1854 1069 1898 extremam
1104 1843 1435 1912 pervenisset
1480 1848 1832 1899 senectutem,
1867 1836 2052 1891 iisdem

467 1951 590 1992 esse
617 1935 887 1989 laboribus
918 1950 1068 1987 usum
1099 1949 1264 2001 usque
1293 1932 1358 1986 ad
1389 1933 1545 1985 linem
1574 1947 1586 1984 :
1632 1944 1751 1994 nec,
1778 1928 1903 1981 licet
1930 1942 2053 1997 gra-

468 2026 688 2080 vissimo
710 2033 1041 2094 premeretur
1054 2026 1223 2088 senio,
1250 2040 1313 2076 ex
1342 2022 1721 2077 certaminibus
1751 2020 2053 2090 juventutis

467 2117 671 2184 aliquid
698 2117 1028 2171 immutasse.
1091 2114 1391 2183 Superabat
1443 2122 1645 2179 autem,
1696 2121 1752 2165 ut
1778 2110 2048 2178 dixerunt,

469 2224 659 2264 omnes
681 2210 760 2263 sui
794 2210 1047 2277 temporis
1076 2209 1318 2264 homines
1349 2207 1660 2261 assiduitate
1681 2206 1954 2259 orationis.
1994 2204 2051 2258 In

471 2318 534 2359 ea
564 2320 705 2358 entm
735 2305 825 2357 diu
842 2316 1105 2358 noctuoue
1133 2317 1374 2367 versans,
1408 2316 1514 2354 non
1546 2301 1720 2354 solum
1751 2314 1857 2351 non
1887 2308 2049 2351 salle-

467 2394 644 2464 batur,
677 2396 773 2451 sed
806 2397 964 2450 etiam
994 2395 1316 2449 desiderium
1346 2392 1614 2448 efﬁciebat
1658 2389 2045 2443 vehementius.

470 2488 608 2551 Quin
639 2488 801 2541 etiam
854 2501 974 2541 cum
1006 2487 1071 2541 iis
1100 2486 1187 2555 qui
1231 2485 1297 2539 ad
1352 2486 1519 2554 ipsum
1548 2482 1834 2536 veniebant
1871 2480 2052 2549 paucis

465 2577 764 2649 disserens,
799 2590 902 2630 non
931 2585 1136 2644 poterat
1162 2576 1214 2629 in
1244 2576 1480 2628 animum
1513 2571 1679 2643 846
1708 2572 1962 2625 inducere
1991 2578 2051 2623 ut

466 2666 839 2734 cogitationem
866 2681 896 2720 a
919 2667 1068 2722 caelis
1098 2667 1417 2729 deduceret;
1442 2665 1535 2720 sed
1566 2664 1742 2717 statim
1767 2663 1834 2716 ab
1854 2661 1958 2715 illis
1984 2661 2051 2715 li-

466 2754 704 2821 beratus,
736 2766 793 2811 ut
821 2772 921 2811 nec
956 2754 1217 2809 tantillum
1244 2756 1458 2823 quidem
1481 2756 1549 2808 ab
1573 2754 1636 2808 iis
1656 2767 1775 2823 quae.
1800 2759 1928 2807 sunt
1956 2751 2049 2805 Dei

468 2850 844 2904 universorum
887 2858 1187 2919 separatus,
1219 2849 1478 2903 oﬂerebat
1501 2862 1684 2901 rursus
1710 2843 2053 2914 deprecatio-

465 2956 612 2997 nem.
649 2942 933 3011 Postquam
965 2950 1270 2998 autemnon
1316 2941 1657 3011 permittebat
1685 2950 1937 2996 senectus
1990 2949 2051 2996 ut

464 3034 599 3089 citra
622 3036 923 3091 molestiam
955 3047 1098 3090 stare
1128 3044 1307 3105 posset
1334 3034 1574 3097 assidue,
1622 3036 2048 3089 sustentaculum

439 3124 516 3184 .ei
543 3125 816 3193 przebebat
843 3126 1119 3192 baculum;
1154 3127 1238 3179 cui
1265 3127 1497 3189 innixus,
1541 3123 1819 3178 Dominum
1849 3135 1902 3177 et
1932 3124 2048 3177 lau-

2158 547 2563 603 sttsde~iderto.
2606 557 2660 602 et
2692 556 2779 601 est
2821 549 3047 601 terrenis
3083 550 3331 605 omnibus
3381 557 3643 620 superior,
3682 564 3759 610 et

2156 640 2372 701 corpori
2397 638 2640 706 alligatus
2660 646 2892 691 mentem
2926 639 3080 692 habet
3111 639 3329 706 alatam,
3348 654 3403 696 et
3428 659 3545 712 qua:
3574 645 3763 702 fertur

2155 728 2409 790 sublime,
2438 743 2728 798 acremque
2767 728 2962 797 trajicit
3002 739 3054 783 et
3087 731 3363 797 aetherem,
3395 741 3450 788 et
3489 736 3642 791 cells
3683 738 3766 792 fit

2155 821 2454 887 sublemior,
2497 831 2549 877 et
2584 830 2839 891 perpetuo
2859 821 3095 876 divinam
3130 825 3338 879 visione
3384 831 3767 896 apprehendit

2154 913 2684 980 contemplationem,
2717 928 2814 967 nec
2843 924 3021 982 potest
3051 915 3198 969 illinc
3227 932 3457 986 unquam
3505 930 3752 976 mentem

2155 1002 2469 1069 detrahere;
2513 1006 2827 1075 quinetiam
2856 1022 2976 1060 cum
3028 1008 3096 1061 i's
3143 1009 3233 1077 qui
3273 1011 3559 1067 adveniunt
3580 1015 3761 1070 collo-

2156 1109 2345 1163 quens,
2377 1110 2607 1161 sutwerna
2650 1107 2829 1151 mente
2860 1107 3130 1166 peragrat.

2230 1185 2361 1254 Ejus
2390 1197 2565 1240 autem
2591 1201 2686 1255 per
2709 1195 2874 1240 totam
2906 1199 3119 1241 noctem
3160 1188 3395 1259 vigiliam
3432 1198 3492 1246 et
3542 1194 3751 1248 statio-

2156 1290 2278 1329 nem
2304 1277 2427 1330 hiuc
2453 1277 2638 1332 didici.
2666 1277 2798 1331 Cum
2822 1293 2941 1331 eum
2962 1280 3197 1332 viderem
3230 1280 3390 1335 simul
3419 1290 3476 1337 et
3499 1297 3621 1337 cum
3653 1301 3755 1339 se-

2155 1367 2247 1422 nio
2286 1358 2687 1423 conﬂictantem
2744 1377 2799 1423 et
2834 1385 2954 1423 cum
3009 1370 3397 1437 imbecillitate,
3445 1382 3500 1428 et
3539 1376 3749 1429 nullam

2154 1466 2375 1518 omnino
2406 1464 2690 1519 habentem
2722 1479 2910 1519 curam
2945 1466 3211 1531 corporis,
3265 1468 3460 1535 saepius
3492 1478 3757 1535 precatus

2161 1554 2213 1609 ei
2245 1555 2506 1622 persuasi,
2538 1564 2590 1607 ut
2624 1554 2756 1607 duos
2770 1563 3086 1619 assumeret,
3111 1556 3201 1624 qui
3230 1556 3389 1610 simul
3416 1556 3749 1621 habitarent,

2155 1652 2211 1697 et
2248 1644 2480 1713 aliquam
2512 1645 2932 1699 consolationem
2960 1646 3029 1700 ab
3043 1646 3122 1700 eis
3162 1646 3447 1715 acciperet.
3479 1650 3751 1716 Quoniam

2157 1743 2338 1789 autem
2381 1737 2533 1803 petiit
2559 1740 2701 1791 viros
2740 1736 2934 1792 virtute
2964 1738 3159 1804 claros,
3208 1740 3295 1809 qui
3351 1756 3445 1808 per
3466 1757 3525 1795 se
3553 1744 3603 1795 in
3635 1744 3771 1797 alio

2086 1819 2136 1877 B
2162 1826 2423 1895 degebant
2462 1830 2808 1894 monasterio,
2864 1831 2968 1885 illis
3006 1847 3218 1901 quoque
3244 1834 3373 1885 viris
3410 1834 3751 1890 admirandis

2161 1920 2440 1986 persuasi,
2495 1928 2549 1972 ut
2580 1919 2742 1974 divini
2776 1920 3009 1975 hominis
3037 1938 3217 1976 curam
3247 1925 3495 1978 omnibus
3535 1942 3753 1994 purpo-

2155 2017 2366 2062 nerent.
2407 2008 2445 2062 li
2478 2024 2594 2063 cum
2645 2026 2806 2077 parvo
2860 2021 3101 2077 tempore
3130 2028 3250 2067 cum
3278 2030 3344 2068 eo
3386 2016 3749 2084 habitassent,

2154 2100 2327 2153 conati
2355 2110 2479 2154 sunt
2508 2101 2709 2169 lugere,
2734 2117 2827 2170 per
2847 2112 3057 2157 noctem
3082 2105 3226 2157 illam
3256 2122 3358 2159 non
3385 2109 3612 2162 ferentes
3630 2120 3755 2163 sta-

2156 2192 2375 2246 tionem.
2434 2194 2566 2247 Cum
2606 2205 2783 2248 autem
2814 2195 2981 2248 virum
3013 2196 3249 2249 divinum
3282 2199 3643 2264 obsecrarem,
3682 2212 3752 2256 ut

2154 2284 2523 2339 imbecillitate
2538 2287 2776 2355 corporis
2807 2288 3082 2341 metiretur
3096 2288 3332 2343 laborem
3356 2306 3371 2345 :
3396 2291 3506 2345 Non
3535 2294 3744 2358 solum,

2153 2385 2343 2452 inquit,
2370 2401 2464 2439 eos
2497 2402 2599 2439 non
2631 2402 2764 2455 cogo
2795 2395 2935 2441 stare
2958 2402 3163 2441 mecum
3185 2388 3419 2453 assidue,
3449 2390 3541 2443 sed
3572 2390 3747 2444 etiam

2152 2490 2295 2544 sirpe
2326 2477 2574 2545 praecipio
2600 2491 2655 2530 ut
2678 2478 3016 2532 decumbant.
3036 2479 3110 2531 llli
3141 2490 3343 2546 autem,
3376 2481 3438 2533 Et
3467 2480 3767 2549 quomodo

2152 2582 2450 2636 possemus,
2472 2568 2705 2631 aiebant,
2723 2571 2888 2635 ecqui
2909 2571 2961 2623 in
2992 2569 3262 2624 laboribus
3284 2572 3565 2625 consenuit
3586 2582 3749 2626 stan-

2152 2664 2227 2721 te,
2246 2668 2300 2711 et
2324 2657 2392 2711 itn
2405 2659 2742 2713 hecillitatem
2760 2662 3000 2727 corporis
3015 2660 3364 2729 despiciente,
3381 2661 3735 2726 decumbere,

2150 2763 2271 2803 cum
2303 2751 2471 2804 sitnus
2502 2752 2614 2804 sani
2648 2762 2699 2805 et
2732 2752 2782 2805 itt
2814 2753 2986 2806 media
3028 2752 3230 2807 actate?
3293 2751 3399 2808 Sed
3445 2754 3757 2810 venerandi

2151 2842 2368 2911 quidem
2399 2844 2529 2896 mihi
2553 2843 2744 2912 capitis
2777 2853 3072 2901 nocturnos
3105 2845 3315 2899 labores
3348 2845 3426 2898 sic
3456 2845 3636 2900 didici.
3678 2846 3755 2900 ll'r

2151 2946 2326 2987 auem
2351 2935 2449 2986 viri
2481 2933 2802 3001 procedente
2828 2945 3066 3003 tempore
3115 2936 3213 2990 sibi
3247 2946 3443 2989 lautam
3479 2952 3761 3006 paravero

2152 3025 2427 3091 virtutem,
2463 3036 2519 3079 ιιι
2546 3041 2665 3079 curn
2699 3026 2798 3081 hoc
2821 3042 3014 3097 magno
3042 3027 3409 3083 virocamdem
3445 3042 3759 3099 perseque-

2152 3128 2340 3173 rentur
2364 3119 2774 3189 philosophiam.

467 3215 630 3268 dabat
650 3224 705 3269 et
729 3217 937 3272 orabat.
984 3216 1116 3271 Cum
1158 3228 1335 3271 autem
1369 3225 1562 3285 praeter
1604 3215 1708 3268 alia
1744 3217 1881 3269 bona
1908 3224 2049 3269 esset
2079 3199 2126 3263 C
2230 3211 2287 3263 Et
2330 3211 2537 3281 Moyses
2566 3214 2775 3280 quidem
2822 3211 2946 3281 (hoc
2988 3222 3072 3266 est
3099 3214 3240 3267 enim
3282 3214 3328 3269 ei
3353 3216 3572 3283 nomen)
3608 3230 3749 3284 per.

466 3317 689 3360 ornatus
710 3322 891 3362 amore
922 3308 973 3361 in
993 3307 1249 3375 hospites,
1278 3307 1497 3372 iubebat
1520 3306 1714 3359 multos
1749 3320 1817 3360 ex
1867 3305 1931 3358 iis
1962 3304 2052 3371 qui

467 3397 531 3450 ad
564 3398 735 3463 ipsum
763 3400 1068 3463 veniebant,
1097 3407 1409 3465 exspectare
1436 3412 1737 3463 vesperam.
1763 3397 1840 3451 Illi
1869 3406 2051 3453 autem

467 3488 719 3542 timentes
742 3503 807 3541 ne
822 3497 929 3543 tota
956 3498 1110 3542 nocte
1135 3490 1241 3542 illic
1265 3487 1681 3555 starent,aliqna
1710 3501 1805 3541 sua
1837 3487 2051 3556 negotia

468 3585 876 3645 praetextentes,
900 3592 959 3631 se
980 3578 1173 3631 abillis
1193 3578 1560 3631 subducebant
1589 3577 1881 3633 laboribus.

540 3667 691 3723 Hunc
739 3667 829 3724 illc
860 3683 1072 3738 quoque
1102 3684 1323 3738 magnus
1365 3669 1661 3723 admiratus
1689 3677 1774 3723 est
1804 3670 2006 3724 Marum
2036 3687 2048 3722 :
2123 3706 2137 3722 .

414 3774 424 3785 '
470 3767 526 3814 et
548 3760 813 3814 omnesad
844 3774 902 3814 se
933 3760 1208 3815 venientes
1230 3761 1297 3815 ad
1328 3762 1473 3816 illum
1502 3762 1580 3818 ire
1604 3762 1847 3830 iubebat,
1877 3770 1933 3817 et
1959 3779 2054 3818 ac-

468 3852 650 3918 cipere
675 3851 792 3921 ejus
817 3853 1401 3917 benedictionem,eum
1428 3866 1633 3924 patrem
1661 3866 1714 3910 et
1743 3858 2053 3924 magistrum

474 3942 779 4005 nominans,
800 3952 855 3997 et
886 3945 1046 4000 totius
1064 3947 1274 4000 virtutis
1294 3948 1569 4015 exemplar
1591 3947 2057 4017 vocans..Rngavit

469 4043 650 4087 autem
683 4042 742 4087 ut
772 4037 823 4086 in
850 4036 1037 4089 eodem
1070 4053 1281 4107 quoque
1314 4040 1561 4108 sepulcro
1600 4050 1924 4105 poneretur;
1957 4039 2053 4094 sed

476 4141 582 4178 non
600 4128 861 4191 siverunt,
879 4130 967 4197 qui
983 4144 1178 4195 corpus
1197 4130 1322 4182 illud
1339 4145 1549 4184 sacrum
1567 4132 1899 4198 diripuerunt
1913 4130 2054 4199 ((55),

472 4226 526 4272 et
569 4218 621 4271 in
671 4234 793 4271 ettm
846 4219 1020 4274 locum
1082 4236 1237 4290 quem
1288 4222 1518 4276 diximus
1574 4224 1881 4277 detulerunt
1917 4223 2055 4293 (64).

478 4308 703 4362 Divinus
742 4319 919 4365 autem
960 4311 1186 4366 Zebinas
1218 4328 1335 4367 cum
1368 4322 1492 4367 ante
1531 4329 1653 4369 eum
1712 4314 1950 4379 obiisset,
2004 4315 2055 4367 in

476 4402 595 4453 vico
635 4400 682 4454 ei
726 4404 1043 4471 propinquo,
1088 4405 1131 4457 is
1169 4414 1343 4459 autem
1385 4406 1683 4474 appellatur
1704 4405 1936 4469 Cirtica,
1976 4406 2060 4474 ju-

477 4501 561 4545 sta
602 4492 702 4547 sibi
743 4491 883 4548 facta
923 4498 1148 4563 accepit.
1200 4498 1256 4551 In
1295 4498 1412 4566 ejus
1466 4499 1717 4567 sepulcro
1768 4500 2055 4553 maximam

2157 3302 2349 3355 mansit
2388 3317 2551 3372 usque
2591 3304 2640 3356 in
2671 3302 2987 3357 hodiernum
3018 3304 3183 3370 diem,
3217 3314 3467 3376 tanquam
3516 3308 3655 3377 patri
3689 3319 3754 3363 et

2156 3393 2374 3448 domino
2401 3410 2559 3450 omne
2584 3399 2630 3449 ei
2658 3397 2935 3450 servitium
2965 3397 3247 3462 exhibens,
3268 3408 3320 3452 et
3348 3415 3466 3467 qua:
3493 3414 3557 3452 ex
3585 3414 3755 3455 sacra

2156 3486 2243 3541 illa
2299 3488 2471 3541 anima
2503 3499 2745 3544 coruscat
2792 3488 3042 3545 virtutem
3097 3505 3346 3547 accurate
3397 3492 3757 3562 perfecmqno

2155 3583 2463 3649 exprhnens

2231 3672 2517 3726 Damianus
2539 3681 2715 3728 autem
2746 3674 2870 3743 (hoc
2891 3677 3033 3728 enim
3062 3684 3179 3730 erat
3207 3690 3399 3730 nomen
3419 3676 3593 3748 alteri)
3617 3693 3751 3732 cum

2157 3765 2489 3835 pervenisset
2508 3766 2572 3820 ad
2599 3768 2884 3834 quemdam
2923 3770 3097 3823 vicum
3132 3785 3236 3824 non
3269 3772 3451 3840 procul
3479 3772 3661 3835 situm,
3696 3776 3753 3826 ei

2157 3867 2334 3911 autem
2385 3869 2462 3912 est
2506 3873 2701 3913 nomen
2739 3859 2927 3926 Niara,
2981 3871 3036 3915 et
3093 3869 3289 3931 praeter
3338 3863 3470 3917 alias
3525 3878 3761 3932 parvam-

2157 3951 2442 4019 quamdam
2476 3952 2767 4006 invenisset
2792 3953 3187 4019 domunculam,
3207 3955 3260 4009 in
3288 3955 3374 4008 illa
3401 3957 3564 4023 degit,
3595 3956 3757 4011 idem

2159 4042 2282 4095 vitae
2305 4042 2605 4097 institutum
2638 4059 2997 4113 persequens;
3055 4045 3188 4099 adeo
3219 4055 3276 4099 ut
3303 4047 3393 4114 qui
3428 4046 3566 4099 hunc
3594 4055 3646 4101 et
3682 4048 3753 4101 il-

2160 4134 2269 4187 lum
2311 4146 2455 4189 recte
2479 4145 2696 4201 norunt,
2727 4152 2847 4190 eum
2879 4136 3218 4205 aSpicientes,
3250 4139 3555 4193 existiment
3576 4154 3631 4193 se
3663 4144 3757 4191 vi-

2159 4225 2290 4280 dere
2329 4227 2464 4280 beati
2516 4227 2853 4297 Polycltronii
2881 4228 3112 4282 animum
3147 4229 3197 4283 in
3224 4229 3330 4283 alio
3352 4244 3595 4299 carpere.
3636 4231 3753 4284 Ea-

2162 4316 2282 4370 dem
2308 4318 2448 4370 enim
2479 4326 2532 4370 et
2552 4318 2861 4386 simplicitas
2897 4328 2949 4373 et
2970 4320 3322 4374 mansuetudo
3347 4330 3402 4373 et
3429 4321 3751 4387 moderatio,

2161 4412 2349 4466 eadem
2370 4412 2560 4465 lenitas
2583 4412 2868 4474 sermonis,
2895 4413 3079 4467 eadem
3112 4412 3162 4465 in
3179 4428 3468 4484 congressu
3489 4414 3752 4479 suavitas,

2165 4505 2354 4558 eadem
2406 4507 2599 4559 animae
2628 4504 2920 4574 vigilantia,
2975 4515 3023 4557 et
3078 4505 3169 4558 Dei
3201 4506 3572 4575 intelligentia,
3603 4504 3753 4561 idem

472 4584 642 4638 atdcm
684 4586 1048 4653 ardilicarnnt;
1094 4588 1159 4642 iis
1197 4590 1338 4643 enim
1369 4590 1458 4660 qui
1486 4606 1606 4643 cum
1642 4591 1746 4644 lide
1770 4592 2051 4656 accedunt,
2091 4578 2139 4638 Ι.)
2163 4604 2333 4651 status
2355 4606 2409 4650 et
2439 4595 2587 4649 labor
2621 4604 2676 4648 et
2699 4595 2873 4665 vigilia
2895 4605 2946 4647 et
2970 4596 3121 4649 cibus
3156 4613 3168 4649 :
3201 4605 3253 4649 et
3283 4612 3400 4665 qnze
3422 4608 3505 4650 est
3529 4611 3592 4651 ex
3624 4596 3757 4665 lege

473 4679 675 4734 variam
716 4697 778 4737 ac
818 4684 1167 4752 multiplicem
1208 4687 1436 4740 effundit
1488 4690 1839 4744 curationem.
1885 4689 2055 4743 llabet

473 4781 651 4827 autem
685 4790 826 4829 nunc
867 4792 1082 4847 quoque
1121 4778 1220 4832 sub
1250 4778 1437 4832 eodem
1480 4788 1622 4833 tecto
1653 4792 1937 4850 martyres,
1967 4781 2055 4849 qui

472 4864 609 4929 apud
651 4862 840 4922 Persas
880 4868 1093 4936 quidem
1146 4867 1510 4932 decertarnnt,
1552 4871 1740 4924 annuis
1786 4881 1963 4927 autem
2004 4882 2059 4928 et

471 4955 771 5012 celebribus
808 4956 957 5013 festis
995 4975 1024 5013 a
1065 4960 1220 5015 nobis
1260 4962 1613 5014 honorantur.

547 5052 716 5120 llujus
770 5052 1071 5109 doctrinam
1113 5070 1341 5125 magnus
1381 5055 1587 5123 accepit
1630 5056 2014 5127 Polychronius
2041 5099 2054 5123 ,

474 5142 602 5213 qttin
650 5145 813 5199 etiam
865 5145 1228 5201 divinissimus
1265 5147 1498 5202 Jacohns
1547 5147 1757 5201 dicebat
1797 5164 1917 5203 eum
1957 5150 2057 5204 sibi

474 5233 706 5303 primum
746 5234 961 5290 dedisse
1001 5239 1231 5291 tunicam
1289 5253 1353 5292 ex
1406 5238 1523 5307 pilis
1577 5250 1905 5294 contextam.
1949 5241 2058 5309 Ego

474 5331 652 5378 autem
696 5326 787 5395 qui
815 5327 963 5382 illum
987 5344 1254 5398 nunquam
1279 5329 1381 5382 vidi
1411 5329 1557 5400 (ante
1592 5345 1767 5386 meum
1796 5333 1936 5387 enim
1966 5334 2060 5386 ad-

472 5428 691 5471 ventum
736 5419 860 5474 vita:
884 5419 1045 5474 linem
1069 5419 1374 5489 acceperat)
1417 5422 1468 5475 in
1510 5422 1611 5477 hoc
1640 5422 1857 5492 egregio
1902 5423 2057 5494 Puly-

471 5511 697 5565 chronio
724 5510 887 5567 divini
930 5512 1144 5585 Zebinze
1181 5514 1338 5568 video
1376 5513 1800 5583 philosophiam;
1836 5529 1940 5568 non
1980 5515 2059 5570 sic

472 5602 617 5658 enim
638 5618 762 5659 cera
798 5603 1047 5673 exprimit
1073 5604 1273 5674 ﬁguras
1301 5604 1643 5668 annulorum,
1699 5613 1756 5658 ut
1788 5604 1874 5659 hic
1904 5605 2054 5659 illius

474 5695 685 5767 efﬁngit
724 5697 951 5754 formam
978 5707 1032 5754 et
1059 5699 1451 5754 characterem.
1484 5698 1598 5754 Hoc
1636 5707 1815 5753 autem
1863 5709 2054 5769 aperte

472 5787 609 5857 scio,
648 5804 711 5845 ea
747 5805 866 5860 quae
896 5790 963 5849 de
992 5791 1085 5848 illo
1138 5799 1421 5850 narrantur
1449 5805 1569 5845 cum
1611 5789 1673 5845 iis
1703 5806 1821 5856 quae
1854 5791 1920 5846 ab
1960 5791 2060 5849 hoc

2164 4687 2362 4750 divina,
2391 4698 2691 4755 .paupertas
2743 4698 2797 4742 et
2846 4687 2974 4740 nihil
3021 4688 3315 4756 possidere.
3369 4688 3498 4742 Nam
3553 4697 3753 4757 praeter

2166 4794 2323 4833 unam
2354 4780 2668 4846 sportulam,
2690 4794 2809 4848 quae
2838 4780 3037 4833 lentem
3067 4779 3225 4834 habet
3257 4795 3306 4832 m
3326 4780 3628 4843 idel‘actam,
3657 4778 3749 4832 ni-

2167 4869 2237 4924 hil
2260 4879 2343 4924 est
2369 4872 2420 4923 in
2464 4870 2785 4924 habitaculo.
2830 4871 3056 4924 Tantam
3108 4873 3321 4941 accepit
3353 4872 3631 4926 utilitatem
3673 4885 3751 4925 et

2165 4963 2550 5019 consuetudine
2575 4965 2748 5029 magni
2781 4964 3137 5032 l’olycltronii.

2240 5056 2350 5125 Ego
2377 5064 2556 5109 autem
2589 5071 2647 5110 re
2673 5056 2782 5109 icto
2812 5055 3075 5124 discipulo
3099 5055 3283 5111 redibo
3311 5056 3377 5108 ad
3413 5055 3751 5126 magistrum,

2166 5163 2195 5200 a
2226 5145 2372 5202 fonte
2403 5148 2544 5202 enim
2573 5147 2671 5200 rivi
2718 5147 2916 5202 ﬂuenta
2973 5148 3288 5215 procedunt.
3345 5147 3445 5203 llic
3474 5141 3601 5219 ergo
3624 5162 3755 5204 cum

2166 5238 2283 5293 aliis
2315 5238 2454 5292 vitiis
2483 5237 2652 5306 ejeCIa
2680 5252 2892 5307 quoque
2936 5252 3001 5292 ex
3036 5240 3211 5291 anima
3229 5238 3412 5308 gloria:
3438 5240 3750 5306 cupiditate,

2166 5340 2223 5384 et
2250 5328 2421 5383 inanis
2443 5329 2631 5398 gloria:
2658 5330 2968 5383 conculcata
2995 5330 3300 5400 tyrannide,
3329 5330 3579 5384 studebat
3602 5345 3751 5384 sem-

2168 5436 2265 5491 per
2296 5422 2504 5475 labores
2521 5421 2814 5475 occallare.
2862 5421 2927 5476 Et
2954 5422 3156 5477 ferrum
3193 5423 3405 5491 quidem
3438 5434 3495 5476 nt
3514 5432 3750 5490 gestaret

2168 5526 2275 5564 non
2306 5510 2593 5564 inducebat
2624 5511 2676 5563 in
2706 5511 2965 5575 animum,
3022 5512 3219 5564 timens
3250 5527 3316 5566 ne
3338 5526 3403 5566 ex
3450 5526 3515 5566 eo
3545 5512 3749 5580 aliquid

2163 5599 2343 5654 damni
2360 5600 2615 5666 hauriret,
2643 5601 2687 5653 si
2715 5599 3033 5669 arrogantiae
3054 5600 3526 5656 inﬂammationem
3558 5602 3741 5657 anima

2164 5707 2231 5748 ex
2261 5708 2328 5747 eo
2356 5693 2673 5761 accepisset.
2703 5692 2833 5747 Cum
2879 5702 3053 5749 autem
3103 5709 3335 5764 quercus
3379 5694 3765 5763 gravissimam.

2170 5790 2407 5847 radicem
2440 5789 2503 5845 ad
2535 5804 2594 5844 se
2634 5788 2829 5844 deferri
2858 5789 3128 5857 iussisset,
3157 5799 3215 5845 ut
3244 5790 3332 5857 qui
3366 5790 3428 5844 ad
3458 5790 3617 5845 alium
3648 5792 3741 5842 sci,
