4052 6362
267 307 332 377 97
1349 306 1806 371 PHILOTIIEUS,
1847 324 1856 362 l

1959 328 1963 361 :
2001 308 2455 367 THEOPHILES.

3460 312 3540 367 ‘98

242 424 394 497 ,licet
421 414 667 480 usumea
697 437 831 495 opus
854 423 1099 494 haberet,
1121 438 1239 482 eam
1269 433 1326 480 et
1355 433 1517 480 noctu
1548 422 1860 493 imponebat
1884 426 1933 485 Α
1963 439 2082 479 rum
2109 440 2254 495 saepe
2285 426 2595 482 obtulerunt
2617 432 2670 479 et
2701 424 2790 494 qui
2816 423 2974 480 etiam
3001 428 3287 481 excessere
3307 426 3541 499 relique-

244 498 526 581 ‘humeris,
553 525 607 570 et
635 530 697 570 ea
729 516 976 585 imposita
1006 516 1171 588 847
1219 516 1440 581 orabat;
1491 525 1546 571 et
1595 514 1846 580 interdiu,

246 592 385 660 cum
420 614 566 660 esset
591 605 642 661 ei
668 608 853 660 otium.
907 604 1039 660 Cum
1085 614 1265 660 autem
1294 607 1500 660 veniret
1525 604 1739 673 aliquis,
1795 612 1852 658 et

264 698 500 763 pulsaret
529 699 750 762 ostium,
808 712 925 751 eam
983 697 1185 752 inloco
1238 698 1416 766 aliquo
1463 697 1843 752 abscondebat.

262 787 415 841 Hauc
442 802 564 842 cum
595 788 819 842 vidisset
846 788 1088 857 quidam,
1141 788 1269 842 mihi
1303 789 1593 854 iudicavit;
1649 800 1848 843 etcum

262 882 461 936 vellem
491 883 633 937 scire
666 892 925 950 quantum
956 891 1105 937 esset
1153 882 1273 952 ejus
1321 883 1551 951 pondus,
1609 882 1697 936 vix
1729 897 1848 935 eam

261 974 411 1041 potui
467 972 659 1027 tollere
688 973 946 1027 ambabus
977 972 1246 1027 manibus.
1298 975 1344 1027 ls
1385 983 1560 1026 autem
1612 988 1731 1026 cum
1765 987 1851 1027 me

260 1062 590 1130 ascexisset,
615 1064 777 1130 jussit
805 1079 921 1116 eam
945 1063 1244 1126 dimittere;
1276 1077 1375 1130 ego
1402 1072 1576 1117 autem
1606 1079 1727 1116 eum
1759 1077 1849 1115 ro-

258 1154 455 1219 gabam
489 1166 543 1207 ut
563 1155 693 1208 mihi
718 1170 833 1208 eam
861 1157 1193 1224 permitteret
1222 1156 1483 1223 accipere,
1526 1165 1581 1208 ut
1602 1160 1652 1209 ei
1673 1154 1850 1223 eripe-

257 1259 377 1299 rem
409 1246 747 1298 occasionem
780 1246 1000 1299 laboris.
1047 1245 1336 1314 Postquam
1365 1258 1541 1299 autem
1592 1260 1713 1300 eum
1745 1244 1852 1298 vidi

260 1350 407 1406 :egre
433 1334 595 1402 ferre,
623 1336 670 1390 ei
697 1336 834 1391 cessi
864 1337 1133 1392 de~iderio
1159 1337 1413 1390 victorias.

335 1428 415 1479 Ex
444 1425 526 1480 his
574 1428 843 1482 laboribus
871 1427 1157 1483 el'llurescit
1199 1430 1247 1482 ei
1278 1443 1491 1498 quoque
1519 1427 1641 1481 data
1686 1429 1851 1495 gratia

260 1520 540 1585 divinitus,
570 1532 624 1574 et
654 1522 819 1575 multa
864 1522 996 1575 fiunt
1042 1522 1300 1576 miracula
1332 1522 1473 1575 illius
1503 1522 1851 1574 orationibus.

262 1612 476 1666 Etenim
505 1628 625 1666 cum
657 1617 834 1681 gravis
863 1614 952 1666 illa
982 1614 1200 1668 siccitas
1230 1629 1349 1681 qua:
1380 1614 1623 1666 homines
1648 1613 1853 1680 afflige-

260 1704 377 1771 bat,
412 1707 476 1759 ad
507 1722 695 1775 preces
718 1709 991 1772 incitaret,
1022 1708 1169 1760 venit
1194 1707 1261 1761 ad
1290 1723 1411 1760 eum
1444 1707 1726 1760 tuultitudo
1769 1720 1854 1759 sa-

260 1799 562 1853 cerdotum.
599 1801 727 1853 Erat
757 1809 936 1854 autem
963 1816 1063 1854 una
1094 1816 1215 1855 cum
1247 1801 1327 1855 eis
1372 1801 1587 1869 quidam
1638 1815 1851 1869 quoque

258 1888 350 1942 cui
382 1890 731 1944 Atttiucltente
759 1891 995 1958 regionis
1045 1891 1193 1944 multi
1246 1891 1347 1944 vici
1398 1891 1650 1961 pascendi
1700 1902 1851 1945 erant

256 1982 475 2036 crediti.
510 1984 556 2036 is
583 2000 645 2038 ex
680 1985 743 2037 iis
770 1987 858 2053 qui
890 1984 1116 2039 aderant
1162 1986 1379 2055 rogabat
1405 1986 1669 2051 seniores,
1716 1996 1774 2038 ut
1802 1985 1850 2039 ei

259 2076 651 2142 persuaderent
671 2087 725 2131 ut
747 2094 960 2132 manum
984 2080 1259 2133 dexteram
1290 2079 1587 2148 imponeret
1612 2080 1848 2151 lecytlio.

258 2167 396 2222 Cum
426 2169 460 2222 ii
491 2179 666 2224 autem
698 2171 979 2237 dixissent,
1008 2187 1129 2226 eum
1162 2187 1266 2225 non
1293 2186 1413 2225 esse
1446 2170 1498 2224 id
1545 2170 1807 2225 facturum
1833 2211 1848 2235 ,

259 2262 391 2315 dum
420 2277 607 2331 preces
655 2275 774 2333 post
818 2264 931 2319 bare
980 2265 1190 2331 fierent,
1219 2272 1274 2319 et
1317 2264 1682 2319 venerandum
1723 2263 1850 2317 mihi

259 2361 426 2419 caput
446 2363 654 2419 oraret,
675 2356 764 2409 ille
787 2370 924 2425 pone
945 2363 1096 2409 stans
1119 2355 1359 2425 porrexit
1378 2355 1584 2409 duabus
1608 2357 1852 2409 manibus

258 2443 562 2514 lecythum.
595 2445 644 2499 is
672 2454 849 2499 autem
881 2446 950 2500 ita
978 2447 1143 2512 coepit
1170 2455 1399 2510 scatere,
1419 2456 1475 2499 ut
1498 2446 1603 2498 duo
1623 2456 1713 2498 aut
1739 2455 1850 2500 tres

256 2550 324 2588 ex
354 2536 419 2589 iis
446 2536 535 2604 qui
567 2537 791 2591 aderant
820 2552 1008 2590 manus
1042 2538 1429 2600 extenderent,
1456 2547 1506 2590 et
1534 2551 1625 2590 eas
1671 2535 1852 2604 plenas

260 2628 384 2682 oleo
411 2629 739 2697 acciperent.
768 2628 875 2684 Sed
907 2630 1031 2684 licet
1055 2639 1107 2683 et
1134 2629 1327 2683 divina}
1353 2629 1536 2698 gratire
1558 2628 1742 2682 fundat
1768 2644 1852 2682 ra-

258 2721 402 2784 dios,
419 2730 475 2774 et
500 2722 665 2775 rectis
692 2722 885 2805 ofjiciis
908 2720 1285 2791 praeclarisque
1300 2732 1353 2774 et
1379 2736 1444 2774 ex
1470 2722 1663 2774 virtute
1692 2720 1851 2775 rebus

257 2814 430 2881 gestis
442 2813 509 2865 sit
533 2813 740 2881 plenus,
763 2824 813 2868 et
832 2813 1071 2883 quotidie
1092 2813 1310 2881 colligat
1326 2827 1455 2880 opes
1480 2812 1846 2880 philosophiae,

258 2912 349 2955 est
371 2913 547 2957 tamen
578 2912 720 2957 tanta
750 2903 1010 2957 modestia
1042 2911 1097 2958 et
1144 2903 1509 2958 moderatione
1554 2903 1807 2971 praeditus
1831 2945 1848 2969 ,

262 3003 324 3046 ul.
354 2994 771 3063 uniuscujusque
798 3010 866 3050 ex
898 2996 962 3048 iis
990 2995 1081 3065 qui
1112 2995 1178 3049 ad
1211 2996 1381 3063 ipsum
1410 2994 1631 3049 veniunt
1654 2994 1842 3047 ambos

261 3085 432 3153 pedes
455 3087 826 3154 amplectatur,
863 3095 918 3141 et
962 3086 1193 3140 frontem
1226 3096 1383 3140 terrae
1428 3087 1708 3154 imponat,
1739 3086 1851 3139 sive

263 3177 426 3232 fuerit
466 3180 644 3243 miles,
676 3182 798 3234 she
828 3178 1009 3247 opifex
1030 3221 1044 3245 ,
1079 3180 1191 3233 sive
1221 3181 1467 3232 rusticus.

340 3270 582 3323 Narrabo
628 3283 807 3323 autem
856 3270 1053 3335 aliqu:d
1103 3269 1244 3338 quod
1291 3269 1457 3337 possit
1504 3268 1697 3321 docere
1740 3264 1854 3332 ejus

260 3361 663 3429 simplicitatem
705 3368 759 3413 et
786 3360 1227 3413 moderationem.
1269 3358 1494 3425 Quidam
1542 3358 1624 3410 vir
1657 3356 1851 3420 bonus,

264 3452 354 3505 cui
385 3450 542 3518 hujus
570 3452 745 3519 gentis
772 3450 963 3517 obtigit
988 3448 1298 3517 przefectura
1320 3488 1336 3514 ,
1369 3464 1488 3502 cum
1520 3447 1717 3517 Cyrum
1764 3461 1852 3498 ve-

269 3544 473 3609 nisset,
501 3541 746 3609 cupiebat
773 3555 980 3595 mecum
1019 3541 1119 3595 frui
1151 3552 1366 3609 a-pcctu
1407 3542 1593 3594 horum
1638 3553 1792 3609 magn
1817 3559 1855 3586 »-

269 3649 391 3689 rum
421 3632 767 3686 athletarum.
795 3631 926 3686 Cum
949 3631 1083 3685 alios
1108 3647 1235 3700 ergo
1255 3633 1596 3694 obiissetnus,
1618 3630 1683 3683 ad
1717 3630 1877 3693 hune

268 3740 485 3795 quoque
512 3726 837 3779 accessimus
886 3724 1040 3792 cujus
1085 3724 1332 3777 virtutem
1374 3737 1513 3777 nunc
1561 3732 1856 3774 narramus.

267 3820 405 3872 Cum
435 3832 535 3888 ego
565 3829 740 3886 itaque
763 3817 1017 3871 dixissem
1044 3833 1164 3871 esse
1195 3817 1501 3886 prtefectum
1525 3817 1613 3886 qui
1649 3833 1856 3874 mecum

268 3910 609 3975 accessisset,
642 3922 694 3964 et
720 3909 1121 3979 :cquijustique
1140 3918 1455 3972 amatorem,
1483 3911 1662 3963 statim
1692 3913 1853 3966 homo

271 4001 492 4074 divinus
525 4010 777 4070 utrasque
809 4014 999 4054 manus
1022 4001 1245 4054 tendens
1268 4009 1322 4054 et
1343 4000 1529 4053 ambos
1553 4001 1717 4069 pedes
1744 4017 1862 4068 pre—

278 4093 570 4148 hendens:
623 4092 774 4158 Volo,
806 4092 995 4160 inquit,
1030 4101 1089 4145 ut
1132 4091 1260 4145 mihi
1304 4091 1536 4158 aliquam
1582 4093 1863 4160 promittas

278 4176 769 4254 petitiotteiu.‘Cum
804 4184 847 4238 is
879 4196 1055 4238 autem
1087 4199 1229 4253 a-gre
1254 4184 1437 4248 ferret,
1466 4192 1517 4237 et
1543 4196 1598 4237 ut
1619 4195 1865 4255 surgeret

271 4286 476 4339 oraret,
498 4284 552 4329 et
575 4290 633 4329 se
655 4274 796 4343 quod
816 4273 1040 4342 jusserit
1058 4272 1319 4328 facturum
1347 4274 1687 4342 polliceretur
1706 4280 1863 4343 (con-

268 4372 493 4441 jiciebat
520 4374 660 4427 enim
700 4388 824 4427 eum
853 4373 994 4427 velle
1021 4386 1207 4441 rogare
1235 4386 1331 4438 pro
1359 4372 1537 4439 aliquo
1579 4385 1647 4424 ex
1683 4371 1746 4424 iis
1772 4371 1861 4439 qui

269 4467 389 4535 ejus
410 4468 664 4535 parebant
683 4464 894 4535 ditioni)
922 4482 936 4518 :
966 4465 1225 4532 Quoniam
1248 4480 1397 4533 ergo,
1423 4463 1590 4531 inquit
1613 4464 1773 4517 homo
1791 4463 1869 4517 di-

1956 527 2102 581 ruut,
2133 519 2228 570 sed
2254 518 2383 571 nihil
2415 517 2484 570 ab
2524 516 2632 570 ullo
2663 531 2892 585 unquam
2941 516 3169 586 accepit,
3199 517 3297 571 sed
3342 533 3530 574 eorum

1953 624 2073 677 qua:
2095 607 2457 663 offerebantur
2484 622 2578 662 eos
2595 608 2755 675 jussit
2777 621 2897 662 esse
2922 607 3341 677 dispensatores.
3370 611 3539 666 Porro

1952 707 2130 754 autem
2159 716 2382 769 magnus
2408 716 2620 768 quoque
2649 699 2883 754 Jacobus
2914 700 3156 754 cilicium
3184 702 3250 755 ab
3272 702 3447 771 aliquo
3475 704 3542 759 ad

1951 808 2010 847 se
2040 793 2275 846 delatum
2306 794 2369 846 ad
2402 792 2575 859 ipsum
2607 792 2789 855 misit;
2820 792 2911 844 sed
2945 791 2997 844 id
3043 806 3255 859 quoque
3296 793 3540 857 remisit,

1951 901 2071 939 cum
2098 886 2147 938 id
2174 900 2292 939 esse
2317 884 2521 939 videret
2547 883 2764 938 densius
2808 889 2863 937 et
2906 883 3223 951 eleg-tutius.
3271 883 3543 949 Perpetuo

1952 976 2095 1030 enim
2125 990 2249 1029 usus
2276 983 2359 1028 est
2387 975 2579 1028 vilibus
2601 983 2655 1027 et
2685 974 2885 1026 minimi
2915 974 3067 1041 pretii
3091 974 3350 1028 vestibus.
3384 977 3535 1029 Adeo

1954 1076 2131 1121 autem
2181 1067 2508 1121 existimavit
2559 1075 2923 1135 paupertatem
2972 1072 3093 1120 esse
3136 1068 3325 1134 quovis
3373 1080 3541 1136 regno

1955 1160 2121 1228 magis
2153 1158 2531 1227 expetendam,
2564 1167 2621 1211 ut
2647 1173 2743 1212 nec
2767 1156 3126 1210 necessarium
3153 1157 3370 1226 quidem
3396 1172 3542 1211 sema

1956 1265 2049 1318 per
2080 1250 2300 1304 haberet
2332 1250 2738 1304 nutrimentum.
2780 1248 2904 1303 Scio
2948 1250 3089 1300 enim
3137 1264 3224 1302 tne
3263 1264 3407 1317 saepe
3449 1262 3543 1303 ve-

1956 1343 2121 1406 nisse,
2152 1353 2205 1395 et
2237 1342 2661 1396 benedictionem
2696 1341 2932 1407 petiisse,
2964 1353 3134 1405 neque
3163 1339 3360 1408 aliquid
3384 1338 3535 1393 aliud

1956 1436 2226 1488 invenisse
2252 1449 2410 1503 quam
2443 1433 2587 1486 solas
2617 1433 2750 1485 duas
2787 1430 3011 1485 caricas.
3044 1430 3209 1498 llujus
3239 1430 3367 1495 mel,
3390 1441 3445 1486 et
3472 1429 3542 1488 iis

1957 1523 2050 1594 qui
2081 1525 2258 1577 vident
2288 1533 2373 1578 est
2418 1524 2571 1576 valde
2597 1522 2975 1588 expetendum,
3006 1532 3059 1574 et
3088 1520 3152 1574 iis
3180 1524 3269 1590 qui
3316 1521 3543 1577 audiunt

1957 1631 2121 1669 Suave
2143 1625 2197 1670 et
2238 1617 2468 1669 maxime
2493 1615 2810 1683 jucundum.
2846 1611 3057 1665 Nullum
3106 1613 3248 1664 enim
3297 1611 3403 1664 vidi
3446 1613 3542 1666 bo-

1958 1705 2188 1771 miuem,
2217 1722 2281 1760 ne
2309 1722 2372 1760 ex
2405 1706 2468 1760 iis
2498 1706 2714 1774 quidem
2753 1703 2843 1772 qui
2874 1712 2998 1756 sunt
3027 1698 3184 1754 faceti
3215 1709 3270 1755 et
3307 1702 3541 1768 dicaces,

1886 1778 1928 1836 Β
1956 1797 2047 1867 qui
2078 1797 2181 1851 u'la
2216 1813 2447 1866 unquam
2476 1796 2902 1867 reprehensionis
2927 1795 3044 1848 labe
3065 1808 3185 1846 eum
3215 1795 3535 1860 asjtersetit;

1946 1890 2048 1963 sed
2074 1905 2263 1945 omnes
2290 1905 2411 1944 eum
2456 1901 2510 1944 et
2558 1892 2848 1959 pra-dicant
2878 1899 2932 1945 et
2957 1892 3260 1955 celebrant,
3284 1898 3340 1946 et.
3366 1889 3431 1943 ad
3460 1887 3543 1956 ip.

1953 1997 2071 2036 smn
2107 1983 2384 2037 venientes
2411 1982 2631 2037 minime
2661 1985 2847 2036 volunt
2876 1984 3149 2038 recedere.

2527 2073 2751 2128 CAPUT
2784 2074 2947 2127 XXV.

2200 2180 2478 2222 ASCLEPIUS
2498 2207 2511 2231 ,
2547 2183 2614 2220 ετ
2641 2182 2865 2220 raconus
2893 2181 3124 2221 ensum
3150 2165 3287 2238 (65).

2027 2260 2192 2329 Hujus
2220 2262 2424 2315 ordinis
2473 2270 2554 2314 est
2596 2260 2926 2314 admirabilis
2972 2274 3186 2329 quoque
3230 2257 3539 2329 Asclepius.

1954 2354 2040 2422 qui
2065 2353 2217 2407 abest
2240 2353 2453 2420 quidem
2479 2353 2664 2407 decem
2693 2351 2899 2415 stadiis,
2927 2354 3068 2405 idem
3093 2359 3271 2405 autem
3304 2350 3427 2403 vita:
3456 2348 3543 2403 in-

1954 2446 2197 2499 stitutum
2228 2455 2310 2498 est
2335 2445 2633 2498 mutulatus.
2672 2446 2765 2498 Est
2800 2446 2942 2499 enim
2970 2446 3017 2499 ei
3047 2444 3185 2499 idem
3212 2454 3267 2499 et
3290 2441 3462 2508 cibus,
3488 2449 3543 2497 et

1954 2538 2120 2591 vestis
2148 2580 2162 2604 ,
2195 2545 2249 2591 et
2301 2552 2507 2591 morum
2551 2537 2883 2604 moderatio,
2920 2538 2973 2591 in
3007 2536 3346 2606 hospitesque
3390 2542 3445 2589 et
3487 2534 3543 2589 in

1958 2630 2150 2685 fratres
2197 2632 2434 2684 charitas
2455 2670 2471 2695 ,
2503 2631 2800 2699 leuitasque
2848 2638 2905 2684 et
2935 2628 3306 2695 mansuetudo,
3336 2637 3390 2683 et
3416 2641 3537 2681 cum

1956 2721 2067 2775 Deo
2107 2723 2464 2789 conversilio,
2496 2730 2552 2777 et
2596 2738 2805 2777 summa
2855 2732 3159 2792 paupertas,
3190 2730 3246 2777 et
3288 2720 3536 2775 maxima:

1954 2816 2165 2872 virtutis
2194 2818 2396 2885 copim,
2429 2828 2483 2873 et
2513 2834 2642 2889 opes
2694 2818 3045 2887 pltiloSOphize
3067 2860 3081 2884 ,
3115 2826 3170 2870 et
3214 2817 3318 2869 alia
3363 2816 3543 2870 omnia

1954 2924 2072 2979 qua:
2102 2910 2168 2962 de
2198 2909 2287 2963 illo
2317 2924 2472 2963 sacro
2500 2912 2674 2977 capite
2708 2910 3095 2963 recensuimus.
3132 2907 3321 2960 Dicunt
3342 2914 3541 2970 autem,

1956 3018 2077 3057 eum
2103 3017 2317 3071 quoque
2338 3016 2456 3054 cum
2486 3010 2629 3055 esset
2655 3003 2705 3055 in
2731 3016 2953 3055 numero
2982 3000 3202 3054 fratrum
3226 2999 3315 3068 qui
3349 3000 3399 3051 in
3427 2997 3544 3052 vico

1963 3095 2244 3159 habitant,
2282 3098 2629 3150 monasticam
2670 3105 2725 3150 et
2773 3102 3122 3162 temperatam
3173 3091 3335 3145 vitam
3381 3090 3546 3143 fuisse

1884 3156 1930 3217 Ο
1964 3189 2294 3257 amplexum.
2328 3202 2424 3241 nec
2456 3203 2519 3240 ex
2556 3187 2841 3241 multorum
2874 3197 3163 3254 congressu
3213 3182 3373 3235 ullam
3422 3195 3548 3234 cou-

1963 3280 2198 3332 traxisse
2235 3279 2515 3333 maeulam.
2548 3278 2680 3333 Cum
2712 3292 2839 3345 ergo
2866 3277 2919 3331 in
2946 3286 3169 3343 utraque
3191 3275 3323 3338 vita,
3355 3284 3548 3341 nempe

1958 3376 2011 3420 et
2039 3366 2181 3419 civili
2229 3377 2283 3421 et
2312 3364 2581 3427 solitaria,
2605 3378 2663 3419 se
2707 3364 2919 3432 egregie
2962 3359 3210 3431 gesserit,
3242 3358 3549 3429 duplicibus

1958 3473 2168 3529 quoque
2194 3458 2411 3512 coronis
2460 3456 2651 3509 merito
2692 3455 3012 3524 dignabitur.

2031 3551 2201 3604 Porro
2231 3560 2408 3604 autem
2453 3549 2601 3601 multi
2628 3559 2837 3615 quoque
2880 3544 2967 3597 alii
2995 3551 3119 3596 sunt
3148 3542 3337 3595 borum
3386 3553 3551 3594 temu-

1959 3638 2057 3694 lati
2096 3642 2345 3694 virtutem
2382 3654 2396 3693 :
2430 3648 2486 3693 et
2539 3639 2696 3705 plena
2743 3648 2823 3690 est
2857 3650 2961 3689 nou
2995 3642 3185 3687 nostra
3218 3633 3413 3696 solum,
3455 3630 3547 3685 sed

1962 3732 2119 3786 etiam
2166 3732 2353 3785 vicina:
2396 3730 2637 3784 civitates
2682 3738 2733 3782 et
2764 3728 2901 3798 pagi,
2937 3726 3025 3780 tali
3067 3723 3421 3794 philosophia.
3458 3722 3552 3775 Est
3632 3798 3637 3803 ο

1963 3835 2141 3879 autem
2160 3840 2293 3877 unus
2308 3840 2370 3878 ex
2393 3824 2478 3877 his
2499 3823 2707 3877 divinus
2731 3837 2941 3891 quoque
2960 3819 3213 3882 Jacobus,
3238 3820 3289 3870 in
3312 3816 3543 3885 quadam

1966 3918 2135 3989 848
2161 3916 2477 3971 domuncula
2506 3915 2745 3969 inclusus
2770 3914 2920 3981 juxta
2943 3911 3113 3965 vicum
3128 3909 3215 3979 qui
3231 3907 3424 3962 dicitur
3448 3907 3552 3960 Du-

1966 4026 2085 4062 zau.
2117 4009 2214 4074 Qui
2245 4022 2364 4061 cum
2382 4009 2451 4060 sit
2472 4008 2631 4061 etiam
2656 4005 2709 4059 in
2734 4006 2849 4073 ipso
2878 4001 2999 4058 vita:
3027 4001 3253 4055 termino
3278 3999 3383 4070 (est
3403 3999 3545 4051 enim

1969 4102 2243 4172 plusquam
2284 4101 2565 4168 nonaginta
2595 4112 2765 4152 annos
2798 4096 2973 4166 natus)
3001 4093 3238 4147 inclusus
3264 4101 3346 4146 est
3376 4089 3547 4155 solus,

1967 4207 2021 4249 et
2051 4212 2143 4264 per
2169 4193 2454 4264 quamdam
2488 4190 2747 4245 modicam
2781 4186 2999 4251 fossam,
3035 4187 3202 4241 inStar
3226 4184 3460 4238 incurvat
3485 4181 3550 4235 li-

1970 4305 2082 4341 nea-
2106 4286 2319 4352 factam,
2339 4298 2592 4355 responsa
2612 4283 2825 4353 quidem
2846 4280 3041 4342 reddit,
3064 4279 3156 4332 sed
3181 4292 3284 4331 non
3309 4276 3550 4338 videtur;

1968 4389 2023 4436 et
2052 4394 2226 4448 neque
2255 4380 2374 4447 igne
2406 4378 2573 4430 uritur
2595 4417 2609 4441 ,
2635 4389 2806 4443 neque
2833 4372 3033 4427 lumine
3054 4372 3305 4425 lucernae.
3335 4367 3415 4421 Me
3437 4364 3555 4434 qui-

1971 4472 2093 4526 dem
2122 4472 2201 4525 bis
2228 4470 2473 4538 perfosso
2502 4468 2643 4522 ostio
2670 4466 2832 4535 jussit
2860 4466 3094 4529 admitti,
3120 4465 3219 4515 hoc
3246 4476 3332 4514 me
3354 4459 3555 4512 honore

273 4561 452 4627 vinus,
481 4572 541 4612 es
570 4559 858 4626 pollicitus,
891 4568 945 4611 et
982 4556 1333 4627 jurejurando
1365 4571 1515 4625 prorn
1544 4570 1687 4608 ssum
1719 4570 1852 4607 con-

1968 4562 2240 4628 al‘iiciens,
2272 4569 2325 4614 et
2355 4575 2509 4627 quam
2543 4560 2669 4612 mihi
2706 4558 2841 4611 bene
2868 4555 3001 4610 velit
3026 4554 3337 4607 ostendens.

274 4653 525 4716 firmasti,
560 4653 669 4707 acri
700 4661 755 4705 et
782 4647 1084 4704 vehementi
1110 4649 1289 4702 studio
1341 4649 1447 4701 lico
1496 4661 1592 4714 pro
1622 4661 1707 4699 tne
1737 4645 1869 4699 oll‘er

280 4758 493 4809 preces.
523 4744 567 4797 Is
596 4755 774 4796 autem
807 4742 1034 4795 frontetn
1067 4742 1285 4808 pulsans
1311 4740 1629 4793 obsecrabat
1658 4746 1715 4791 ut
1743 4753 1865 4791 eum

270 4834 583 4897 absolveret
610 4848 639 4886 a
660 4832 1030 4902 jurejurando,
1062 4843 1118 4885 ut
1149 4835 1240 4901 qui
1264 4829 1739 4899 nonessetdignus
1772 4844 1867 4896 pro

276 4928 397 4995 ipso
428 4940 612 4995 preces
633 4926 827 4980 offerre
850 4926 1093 4979 Domino.
1124 4924 1248 4992 Ejus
1269 4939 1397 4993 ergo
1422 4924 1511 4990 qui
1544 4924 1594 4974 in
1629 4931 1732 4975 tam
1759 4924 1865 4975 alta

278 5016 614 5088 philosophia
646 5025 787 5070 tanta
817 5014 887 5069 sit
929 5016 1186 5069 modestia
1219 5028 1281 5068 ac
1311 5013 1699 5076 moderatione,
1722 5027 1865 5079 qua:-

266 5126 402 5165 ,nam
416 5109 590 5165 oratio
616 5110 782 5178 possit
808 5108 926 5176 ejus
957 5108 1139 5161 laudes
1155 5120 1251 5175 pro
1282 5104 1539 5175 dignitate
1568 5103 1867 5173 consequi?

353 5203 599 5271 llujusin
633 5200 901 5256 laboribus
928 5199 1286 5268 suscipiendis
1333 5198 1570 5252 studium
1620 5211 1687 5250 ne
1735 5193 1866 5248 varii

276 5295 497 5366 quidem
527 5307 592 5347 ac
637 5291 956 5360 multiplices
987 5289 1158 5343 morbi
1188 5288 1276 5356 qui
1307 5290 1358 5341 in
1401 5302 1524 5342 eum
1556 5285 1866 5348 incubuere,

279 5386 661 5450 retardarunt;
700 5383 794 5439 sed
836 5399 957 5438 cum
1003 5397 1032 5436 a
1085 5381 1247 5436 variis
1292 5378 1495 5433 morbis
1536 5376 1866 5439 obsideatur,

274 5483 497 5538 eosdem
514 5479 728 5535 labores
741 5476 990 5534 sustinet.
1005 5476 1133 5530 Cum
1152 5473 1334 5528 multis
1349 5484 1525 5528 autem
1538 5485 1680 5540 saepe
1695 5469 1869 5524 verbis

277 5573 423 5645 apud
451 5589 575 5630 eum
606 5572 870 5644 egerimus
891 5611 906 5636 ,
935 5571 1023 5624 vix
1052 5571 1187 5622 hanc
1214 5567 1603 5622 aedificavimus
1645 5564 1871 5618 domuu-

266 5669 482 5733 .eulam,
509 5666 724 5736 corpori
748 5664 907 5734 plane
935 5660 1214 5731 frigefacto
1256 5658 1644 5727 aliquantulum
1675 5654 1871 5710 caloris

277 5769 658 5833 procurantes.
693 5758 755 5813 Ei
799 5756 950 5812 multi
981 5755 1195 5825 quidem
1228 5751 1401 5806 adhuc
1432 5749 1750 5819 superstites
1777 5760 1872 5799 au-

2041 4653 2216 4722 Atque
2267 4651 2303 4704 ii
2352 4649 2564 4719 quidem
2613 4649 2702 4717 qui
2748 4647 2919 4700 adhuc
2964 4641 3308 4713 superstites,
3342 4635 3555 4703 scriptis

1971 4745 2105 4798 meis
2153 4759 2257 4797 non
2304 4744 2568 4810 indigent;
2603 4750 2825 4809 possunt
2856 4739 3019 4800 enim,
3049 4737 3091 4788 si
3123 4750 3169 4785 Vt
3190 4733 3310 4795 littt,
3340 4730 3436 4798 ipsi
3466 4741 3556 4781 eo-

1970 4850 2085 4889 rum
2105 4834 2453 4902 contemplari
2481 4833 2895 4901 philusripltiatn.
2925 4827 3158 4882 Posteris
3185 4835 3361 4875 autem
3385 4829 3439 4875 et
3464 4820 3555 4888 qui

1973 4926 2074 4978 hoc
2103 4940 2206 4977 non
2239 4927 2421 4979 videre
2451 4926 2843 4991 spectaCulutn,
2879 4921 2993 4973 hanc
3031 4930 3241 4983 quoque
3286 4912 3352 4967 ad
3403 4925 3556 4965 usum

1971 5016 2267 5081 sufficiunt,
2288 5028 2343 5071 ut
2360 5032 2479 5086 qua:
2500 5017 2843 5084 pltiloSOphiue
2866 5012 3148 5066 ostendant
3163 5014 3553 5061 characterem.

1966 5111 2069 5167 ilic
2099 5127 2244 5179 ergo,
2274 5120 2327 5163 et
2357 5112 2423 5162 de
2453 5110 2534 5161 his
2566 5109 2803 5160 absoittla
2819 5102 3077 5167 oratione,
3101 5098 3556 5153 etbeuedtclionis

1974 5204 2236 5276 postulata
2297 5200 2749 5259 remuneratione,
2783 5193 2847 5247 ad
2882 5192 3038 5247 aliam
3087 5192 3323 5245 transibo
3367 5203 3555 5243 narra-

1974 5307 2191 5350 "Wem'
2542 5356 2765 5413 carur
2797 5356 2985 5411 xxvr.

2559 5465 2815 5505 stusones
2847 5449 2985 5519 (66).

2045 5550 2351 5607 Simeonem
2402 5544 2550 5599 illum
2602 5542 2898 5608 insignem,
2930 5552 3183 5608 magnum
3229 5532 3359 5589 illud
3409 5530 3554 5586 orbis

1976 5654 2236 5700 terrarum
2268 5637 2605 5701 miraculum,
2637 5636 2813 5690 sciunt
2848 5631 3059 5700 quidem
3107 5639 3293 5681 omnes
3337 5620 3428 5689 qui
3459 5633 3553 5686 pa-

1979 5746 2098 5791 rent
2122 5728 2349 5799 imperio
2376 5729 2766 5793 Romanorum;
2802 5731 2996 5779 norunt
3019 5727 3194 5771 autem
3225 5715 3398 5768 Persa:
3422 5724 3551 5778 quo-
