4052 6362
503 321 572 377 99
1609 311 1699 369 DE
1736 309 1913 369 νιτιδ
1951 305 2234 367 ΡΑτΒυὶί
2272 304 2477 363 LIBER
2515 304 2609 361 IX.
3683 304 3784 366 ιοο

503 451 613 509 que
636 446 692 491 et
719 434 865 501 indi,
898 443 954 490 et
1011 432 1323 502 Ethiopea;
1372 430 1500 501 quin
1551 429 1712 485 etiam
1754 426 1823 482 ad
1864 423 2093 497 Scythas
2121 422 2170 481 Α
2200 418 2587 509 monachorum
2614 415 2757 470 venit
2784 413 3412 509 liabitaeulum.Duobus
3434 425 3612 473 autem
3631 416 3788 473 annis

506 505 679 601 usque
689 527 945 585 nomadas
961 526 1097 581 fama
1124 523 1450 598 pervadens,
1466 522 1650 592 ejus-in
1665 519 1938 576 laboribus
1963 519 2089 574 sub-
2192 522 2315 601 cum
2330 507 2434 601 illis
2448 505 3352 601 versatus,etperfectiorisvirtutis
3374 522 3560 563 amore
3574 517 3788 601 captus,

507 620 699 678 eundis
746 618 1079 690 diligentiam
1126 616 1304 671 docuit
1337 624 1389 669 et
1419 612 1832 684 philosophiam.
1866 611 1980 681 Ego
2000 625 2094 664 au-

512 723 618 768 tem
641 712 800 766 etiam
831 726 952 765 cum
982 722 1171 763 omnes
1189 747 1208 775 ,
1239 716 1297 762 ut
1323 705 1490 762 semel
1519 707 1718 772 dicam,
1744 704 1987 759 homines
2016 710 2096 758 te-

512 818 625 864 Stes
651 805 896 871 habeam,
929 817 1119 859 vereor
1144 815 1362 856 narrare
1388 801 1678 855 certamina
1714 815 1835 869 quae
1879 813 2095 855 omnem

514 904 769 966 superant
791 895 1118 955 orationem,
1139 907 1206 947 ne
1228 890 1454 960 posteris
1477 891 1720 946 videatur
1743 892 1926 945 fabula
1954 890 2095 945 nuda

513 988 584 1042 ab
639 985 786 1041 omni
823 986 1066 1040 veritate.
1114 984 1245 1050 Quae
1287 982 1430 1037 enim
1479 982 1654 1047 fiunt,
1689 981 1924 1035 humana
1972 990 2100 1037 sunt

517 1088 706 1133 natura
730 1077 1027 1146 superiora,
1051 1076 1225 1129 solent
1251 1084 1430 1129 autem
1462 1072 1708 1127 homines
1753 1082 1941 1126 natura
1986 1085 2101 1127 me-

518 1172 605 1226 tiri
634 1186 695 1226 ea
726 1186 844 1240 quae
863 1170 1130 1224 dicuntur.
1161 1167 1218 1222 Si
1241 1167 1366 1235 quid
1389 1176 1568 1221 autem
1589 1166 1801 1221 dicatur
1821 1166 1960 1235 quod
1984 1164 2103 1236 ejus

518 1264 742 1318 excedat
767 1263 980 1327 limites,
1012 1260 1143 1315 falsa
1172 1260 1382 1316 videtur
1407 1267 1580 1313 oratio
1610 1258 1679 1312 iis
1722 1259 1811 1327 qui
1844 1272 1947 1311 non
1978 1266 2104 1310 sunt

520 1354 722 1409 divinis
745 1353 936 1408 initiati
968 1352 1257 1425 mysteriis.
1290 1351 1551 1417 Quoniam
1578 1360 1754 1404 autem
1781 1350 1882 1419 piis
1902 1361 1952 1404 ct
1976 1362 2103 1402 vera

519 1446 778 1514 religione
796 1444 1035 1514 praeditis
1055 1453 1191 1498 terra
1210 1452 1265 1499 et
1281 1458 1427 1497 mare
1445 1443 1599 1512 plena
1617 1452 1760 1509 sunt,
1774 1451 1826 1497 et
1842 1443 1929 1512 qui
1948 1442 1996 1494 in
2023 1456 2107 1496 ra-

520 1539 822 1595 busdivinis
834 1549 959 1593 sunt
984 1538 1270 1599 eruditi.et
1291 1537 1611 1592 sanctissimi
1639 1537 1867 1606 Spiritus
1882 1534 2105 1606 gratiam

518 1648 794 1702 accepere,
812 1633 1247 1687 tantumabestut
1277 1648 1380 1687 non
1399 1632 1619 1688 credant
1647 1634 1709 1686 iis
1740 1645 1858 1702 quae
1883 1630 2105 1684 dicenda

518 1731 667 1789 sunt,
683 1732 741 1778 ut
767 1723 830 1777 iis
840 1722 1000 1779 etiam
1016 1739 1258 1793 magnam
1276 1723 1433 1779 fidem
1454 1725 1561 1779 sint
1578 1724 1757 1778 habitu
1767 1723 1807 1777 ri
1830 1739 1843 1774 :
1863 1730 2108 1792 prompto

2195 600 2342 655 venit
2354 599 2418 654 ad
2434 601 2606 653 vicum
2622 599 2765 653 illum
2778 598 3216 668 'l‘eledam,cujus
3230 597 3377 668 prius
3388 613 3599 671 quoque
3611 598 3795 657 metui-

2198 693 2395 759 nimus,
2427 691 2566 759 apud
2599 706 2757 760 quem
2791 689 2967 760 magni
2996 705 3053 746 et
3076 690 3240 744 divini
3262 690 3363 745 viri
3391 690 3707 747 Ammianus
3729 697 3790 747 et

2199 782 2465 837 Eusebius
2496 782 2797 849 pala'stram
2826 781 3005 835 fecere
3028 780 3400 835 monasticam.
3424 781 3533 836 Sed
3562 796 3671 837 non
3700 796 3795 837 ve-

2203 874 2283 926 nit
2310 873 2362 926 in
2394 873 2529 925 hanc
2558 872 2779 924 divinos
2798 870 3098 936 Simeones,
3133 871 3226 925 sed
3259 871 3313 927 in
3352 870 3509 925 aliain
3557 886 3679 940 quae
3723 887 3791 927 ex

2203 963 2302 1019 hac
2327 963 2645 1032 germinavit
2675 978 2689 1015 :
2720 963 3031 1017 Eusebonas
3058 963 3200 1016 enim
3230 972 3283 1017 et
3306 962 3500 1017 Abiton
3533 961 3649 1034 (67)
3671 976 3792 1017 cum

2206 1056 2382 1123 magni
2415 1053 2628 1107 Eusebii
2659 1052 2956 1107 doctrinam
2981 1055 3111 1106 satis
3141 1052 3528 1121 percepissent,
3547 1053 3651 1107 hoc
3677 1052 3797 1121 phi-

2204 1143 2461 1212 l050phia:
2474 1143 2809 1198 aedilicavere
2823 1143 3182 1213 gymnasium.
3201 1142 3334 1197 Cum
3351 1144 3529 1212 itaque
3541 1152 3655 1197 toto
3670 1145 3797 1197 vita

2208 1244 2450 1304 tempore
2477 1234 2706 1289 fuissent
2730 1244 2785 1289 et
2811 1234 3005 1290 animis
3033 1235 3331 1290 concordes
3373 1244 3431 1289 et
3458 1235 3721 1301 moribus,
3743 1245 3800 1292 et

2206 1328 2369 1382 veluti
2406 1341 2564 1380 unam
2601 1327 2834 1381 animant
2876 1326 3242 1381 ostendissent
3268 1327 3320 1381 in
3354 1326 3561 1381 duobus
3600 1341 3801 1394 corpo-

2207 1422 2382 1489 ribus,
2420 1421 2622 1473 multos
2646 1420 3045 1490 habueruntqui
3068 1420 3312 1490 ejusdem
3333 1420 3455 1475 vitae
3482 1420 3801 1476 tenebantur

2209 1526 2417 1566 amore.

2282 1606 2417 1660 Cum
2451 1605 2484 1659 ii
2514 1616 2693 1659 autem
2726 1621 2792 1661 ex
2824 1603 2923 1660 hac
2968 1604 3075 1659 vita
3118 1603 3351 1673 gloriose
3398 1603 3800 1673 excessissent,

2213 1698 2531 1754 lleliodorus
2556 1697 2672 1770 (68)
2707 1697 3053 1753 admirandus
3083 1712 3301 1753 suomm
3351 1697 3618 1753 sodalium
3649 1712 3804 1753 acce-

517 1815 749 1871 etalacri
772 1816 951 1869 animo
968 1817 1216 1871 accedam
1247 1816 1311 1869 ad
1346 1818 1724 1872 narrationem.
1755 1818 1903 1872 lllinc
1931 1828 2106 1869 autem

2229 1795 2291 1851 ait
2322 1791 2691 1863 praefecturam
2724 1809 2736 1844 :
2770 1791 3003 1862 quicum
3027 1790 3255 1846 vixisset
3275 1790 3549 1861 sexaginta
3570 1801 3624 1846 et
3644 1791 3806 1861 quin-

519 1908 775 1977 incipiam
800 1908 940 1961 unde
965 1908 1126 1963 etiam
1158 1924 1389 1977 superna
1420 1909 1668 1979 dignatus
1698 1921 1779 1963 est
1809 1910 2107 1963 vocatione.

599 2020 697 2073 Est
722 2019 937 2089 quidam
964 2021 1111 2074 vicus
1140 2022 1273 2075 situs
1303 2023 1352 2075 in
1383 2021 1618 2076 confinio
1650 2029 1846 2076 nostra:
1879 2020 2113 2090 regionis

524 2118 581 2165 et
602 2110 847 2175 Cilicum,
883 2126 1006 2165 eum
1033 2121 1210 2164 autem
1244 2112 1428 2165 Sesam
1459 2113 1755 2165 nominant.
1787 2111 1861 2165 Ex
1894 2110 1996 2164 hoc
2026 2124 2113 2164 0r-

529 2214 634 2269 tus,
665 2210 834 2273 primo
880 2218 907 2255 a
944 2206 1250 2270 parentibus
1289 2204 1582 2258 docebatur
1627 2218 1755 2259 oves
1786 2218 2026 2272 pascere,
2057 2214 2113 2255 ut

529 2298 582 2348 in
614 2297 715 2347 hoc
746 2297 978 2348 cnnlerri
1029 2297 1196 2362 possit
1235 2309 1355 2348 cum
1385 2296 1589 2363 magnis
1622 2293 1775 2359 viris,
1822 2292 1987 2347 Jaeob
2019 2308 2110 2362 pa-

527 2385 782 2450 triarcha,
812 2388 1010 2455 .los'epli
1038 2397 1392 2450 letttpetante,
1421 2395 1474 2439 et
1500 2384 1680 2455 Moyse
1711 2384 2037 2454 legislature,
2060 2392 2115 2437 et

531 2477 699 2531 David
732 2494 857 2547 rege
887 2488 937 2530 (ιι
970 2478 1249 2547 propheta,
1283 2486 1336 2531 et
1364 2477 1578 2530 Micbzea
1604 2475 1886 2545 propheta,
1910 2484 1963 2529 et
1986 2474 2113 2527 viris

528 2570 726 2625 divinis
766 2572 852 2639 qui
883 2568 989 2624 illis
1020 2570 1165 2623 fuere
1198 2569 1425 2625 similes.
1461 2568 1593 2624 Cum
1618 2566 1907 2638 aliquando
1933 2574 2111 2620 autem

529 2663 820 2729 plurimum
853 2661 1112 2715 niuxisset
1162 2661 1204 2724 ί,
1250 2670 1306 2715 et
1354 2668 1553 2715 coacta:
1594 2667 1776 2715 essent
1800 2674 1930 2715 oves
1972 2659 2116 2713 intus

534 2769 782 2818 manere,
819 2752 951 2807 facta
993 2754 1041 2807 ei
1092 2763 1356 2823 potestate
1385 2750 1716 2820 quiescendi,
1744 2752 1808 2805 ad
1860 2751 2115 2821 templum

528 2842 764 2900 divinum
790 2846 1068 2897 venitcutn
1098 2844 1431 2911 parentibus.
1461 2844 1584 2898 ll:ec
1606 2854 1783 2899 autem
1808 2855 2113 2899 narrantem

529 2937 708 2990 audivi
742 2944 979 2989 sant-tam
1014 2937 1268 3005 linguam.
1304 2938 1525 2992 Dicebat
1552 2953 1679 3007 ergo
1707 2951 1766 2993 se
1804 2952 1989 2991 vocem
2021 2952 2117 2991 au-

529 3030 726 3084 divisse
754 3032 1139 3099 evangelicum,
1168 3048 1286 3100 quzc
1315 3046 1408 3086 eos
1440 3030 1654 3098 quidem
1684 3031 1773 3100 qui
1801 3030 1930 3084 ﬂent
1954 3039 2009 3085 et
2038 3030 2119 3083 lti-

531 3134 657 3191 gent
687 3125 869 3178 beatos
903 3137 1224 3191 ΙιΓυΙΙιΙίΙΙίΙΙ,
1261 3141 1310 3177 ιιι
1339 3139 1489 3179 seros
1518 3131 1696 3180 autem
1720 3131 1877 3177 vocat
1902 3139 1995 3178 eos
2023 3124 2113 3195 qui

534 3217 730 3282 rident,
762 3229 814 3272 et
845 3234 937 3273 eos
962 3221 1200 3272 nominat
1228 3221 1405 3274 feticcs
1450 3221 1537 3283 qui
1570 3231 1693 3275 sunt
1726 3222 1927 3274 mundo
1957 3220 2120 3275 corde
2150 3210 2196 3273 C

536 3308 762 3376 pra-diti,
793 3319 845 3362 εἰ
864 3310 962 3363 alia
994 3326 1112 3379 qua:
1141 3320 1264 3363 sunt
1292 3313 1373 3365 his
1399 3327 1638 3366 connexa
1658 3310 1875 3372 (ΜαιιΙι.
1903 3319 1979 3380 v).
2016 3312 2116 3367 De-

537 3397 661 3451 inde
690 3414 753 3452 ex
785 3400 847 3452 iis
882 3401 969 3467 qui
1000 3403 1221 3455 aderant
1255 3404 1613 3472 interrogasse
1642 3404 1945 3472 quempiam
1973 3404 2125 3473 quid-

537 3502 660 3541 nam
691 3489 876 3543 fecerit
904 3489 1097 3559 aliquis
1143 3501 1203 3543 ιιι
1232 3491 1422 3545 horum
1476 3494 1890 3563 unumquodque
1933 3494 2159 3549 conse-'

540 3581 768 3648 quatur?
798 3598 918 3635 eum
946 3593 1123 3636 autem
1157 3583 1233 3636 ilii
1267 3584 1427 3637 vitam
1461 3586 1707 3639 retulisse
1734 3586 2053 3654 solitariam,
2073 3596 2127 3642 et

539 3689 804 3730 summam
834 3678 977 3731 illam
1004 3679 1305 3733 ostendisse
1336 3680 1749 3742 philosophiam.

611 3791 743 3848 Cum
770 3806 899 3858 ergo
932 3791 1078 3844 verbi
1107 3793 1271 3847 divini
1306 3792 1419 3847 hare
1449 3794 1776 3863 suscepisset
1817 3796 2045 3861 semina,
2076 3804 2129 3851 et

541 3887 815 3955 profundis
844 3888 1036 3939 anima:
1068 3887 1231 3940 sulcis
1272 3902 1333 3940 ea
1369 3887 1588 3954 pulchre
1618 3889 1962 3951 occuluissct,
1985 3889 2131 3944 dice-

543 3982 635 4031 bat
663 3992 721 4031 se
750 3977 908 4030 ivisse
936 3978 985 4029 in
1019 3980 1313 4044 proxitnntt:
1346 3981 1513 4033 anlem
1566 3988 1875 4034 sanctorum
1927 3991 2130 4051 marty-

543 4082 693 4133 rum;
726 4068 778 4121 iii
810 4083 870 4122 ei
902 4079 1077 4122 autem
1108 4076 1162 4122 et
1190 4086 1358 4136 genua
1388 4082 1439 4123 et
1471 4075 1696 4125 li'ontetn
1731 4073 1782 4126 iit
1834 4074 1951 4126 solo
2001 4074 2134 4127 deli-

544 4162 709 4223 xissc,
743 4171 793 4215 et
825 4177 943 4215 eum
979 4175 1195 4228 rogasse
1228 4164 1314 4231 qui
1344 4165 1450 4237 vult
1480 4180 1666 4218 omnes
1692 4165 1931 4219 homines
1957 4167 2133 4220 salvos

545 4250 722 4307 facere
753 4252 802 4323 (I
851 4252 981 4306 Tim.
1017 4256 1099 4321 tt),
1132 4263 1189 4306 ut
1218 4272 1337 4308 eum
1379 4258 1608 4308 deducat
1654 4256 1719 4308 ad
1774 4257 1911 4310 viain
1963 4257 2137 4326 perie-

547 4357 689 4402 ctam
722 4350 932 4415 pietatis
963 4359 1015 4402 et
1047 4365 1184 4403 Verte
1211 4351 1504 4419 religionis.
1533 4353 1664 4404 (inm
1689 4362 1865 4405 autem
1891 4350 1992 4407 hoc
2019 4369 2131 4406 iuo-

547 4441 618 4494 do
642 4441 731 4494 diu
752 4454 891 4495 esset
915 4454 1167 4507 inmanis,
1199 4442 1411 4496 dulcem
1435 4442 1648 4512 quidem
1673 4458 1923 4496 somnum
1948 4459 2137 4510 quem-

2215 1900 2321 1954 que
2341 1899 2538 1944 annos,
2567 1883 2840 1953 sexaginta
2870 1890 2926 1938 et
2973 1882 3110 1937 duos
3161 1896 3334 1937 annos
3363 1883 3510 1937 intus
3563 1882 3807 1936 inclusus

2218 1976 2495 2044 transegit.
2526 1972 2656 2027 Cum
2701 1976 2842 2029 enim
2872 1985 2979 2028 tres
3008 1988 3181 2028 annos
3209 1972 3349 2043 apud
3378 1987 3506 2027 suos
3554 1980 3809 2042 parentes

2217 2065 2404 2119 fuisset
2428 2064 2596 2135 849
2624 2066 2904 2131 educatus,
2940 2066 3082 2120 hunc
3112 2080 3325 2135 gregem
3372 2072 3457 2119 est
3503 2064 3801 2132 ingressus,

2217 2174 2336 2211 cum
2387 2160 2521 2212 nihil
2579 2173 2812 2227 unquam
2864 2158 3172 2227 aspexisset
3218 2173 3402 2212 eorum
3441 2172 3561 2226 qua:
3592 2156 3727 2210 fiunt
3756 2156 3809 2212 in

2218 2249 2437 2303 tnundo.
2473 2249 2894 2302 Diceliatautetn
2942 2261 3002 2302 se
3047 2263 3115 2302 ne
3163 2248 3331 2317 ipsam
3377 2247 3597 2318 quidem
3645 2261 3812 2303 nosse

2217 2344 2445 2396 formam
2478 2356 2785 2411 porcorum,
2818 2339 2900 2395 vel
2926 2340 3215 2411 gallorum,
3248 2342 3333 2396 vel
3360 2340 3590 2394 aliorum
3621 2338 3813 2408 hujus-

2216 2434 2383 2488 modi.
2428 2432 2561 2487 Eum
2588 2446 2687 2500 ego
2709 2446 2853 2501 saepe
2886 2431 3019 2494 vidi,
3048 2440 3103 2485 et
3148 2430 3543 2500 simplicitatem
3600 2443 3812 2484 morum

2216 2539 2334 2579 sum
2363 2524 2745 2587 admiratus,et
2766 2524 2883 2593 ejus
2898 2522 3061 2577 animi
3085 2523 3371 2592 puritatem
3391 2536 3509 2576 sum
3529 2523 3728 2575 mirum
3758 2521 3812 2575 in

2217 2615 2436 2671 modum
2467 2615 2776 2682 amplexus.

2290 2708 2422 2762 Cum
2448 2708 2516 2762 ad
2548 2709 2687 2762 hunc
2715 2708 2948 2762 venisset
2976 2706 3061 2762 hic
3104 2705 3576 2773 praestantissimus
3598 2706 3818 2775 pietatis

2219 2802 2447 2868 athleta,
2483 2802 2668 2856 decem
2700 2799 2913 2867 quidem
2972 2814 3144 2854 annos
3175 2811 3463 2869 perpetuos
3495 2799 3815 2854 decertavit.

2233 2891 2364 2947 Cum
2418 2900 2594 2945 autem
2629 2892 2848 2947 haberet
2889 2893 3155 2962 ueloginta
3211 2891 3451 2959 ejusdem
3506 2891 3819 2946 certaminis

2234 2984 2431 3047 socios,
2463 2999 2650 3037 omnes
2681 2983 2836 3053 longo
2864 2985 3142 3039 intervallo
3159 2984 3450 3053 superavit.
3484 2982 3695 3037 Etcum
3722 2984 3818 3037 alii

2225 3086 2347 3144 post
2366 3074 2597 3129 duorum
2620 3074 2825 3128 dierum
2845 3076 3073 3143 spatium
3098 3084 3465 3144 vescerentur,
3496 3074 3608 3145 ipse
3638 3082 3816 3129 totam

2227 3166 2614 3223 hebdomadam
2649 3168 2995 3235 permanebat
3048 3166 3283 3236 jejunus,
3337 3181 3477 3236 mgre
3521 3165 3820 3220 ferentibus

2233 3259 2577 3329 prmsidibus,
2628 3266 2681 3311 et
2723 3274 2845 3312 cum
2897 3273 2963 3313 eo
3017 3257 3480 3322 contendentibus,
3513 3267 3567 3311 ct
3614 3257 3824 3313 ordinis

2228 3349 2682 3417 pwrturbationem
2714 3363 2832 3402 eam
2858 3364 2969 3403 rem
3022 3350 3361 3414 vocantibus,
3397 3350 3462 3402 iis
3495 3358 3671 3405 tamen
3697 3362 3824 3420 qua

2226 3442 2538 3494 dicebantur
2561 3456 2664 3493 non
2689 3441 3154 3509 persuadentibus,
3175 3456 3272 3495 nec
3294 3441 3457 3495 animi
3482 3441 3820 3496 alacritatem

2229 3532 2500 3588 refrenare
2529 3531 2855 3586 valentibus.

2300 3624 2489 3679 Audivi
2519 3636 2700 3679 autem
2720 3625 2874 3678 illum
2908 3624 3083 3693 ipsum
3113 3636 3415 3680 narrantem
3446 3627 3534 3695 qui
3569 3641 3712 3681 nunc
3737 3636 3827 3681 est

2233 3718 2389 3789 hujus
2419 3719 2595 3790 gregis
2645 3718 2962 3788 praefectus,
2996 3720 3136 3787 quod
3165 3733 3287 3774 cum
3329 3720 3615 3789 aliquando
3641 3718 3825 3773 funem

2235 3820 2550 3867 contextum
2611 3826 2676 3865 ex
2737 3811 2928 3880 palmis
2986 3810 3090 3881 (est
3145 3820 3319 3864 autem
3381 3811 3425 3863 is
3476 3809 3826 3879 asperrimus)

2237 3906 2589 3975 sumpsisset,
2620 3912 2675 3958 et
2705 3903 2950 3958 manibus
2973 3902 3331 3967 astriusisset,
3364 3917 3430 3956 eo
3460 3902 3669 3956 lumbos
3698 3916 3828 3955 suc-

2235 3998 2422 4063 cinxit,
2456 4011 2561 4051 nou
2593 4010 2869 4064 apponens
2910 3996 3261 4058 extrinsecus,
3314 3994 3408 4048 sed
3440 3993 3536 4063 ipsi
3569 3992 3693 4061 pelli
3724 4008 3825 4062 ap-

2236 4094 2468 4162 plteans;
2498 4101 2549 4145 ct
2584 4102 2690 4143 tam
2722 4098 2868 4143 arcte
2907 4089 3255 4158 compressit,
3291 4099 3345 4142 ut
3397 4097 3503 4141 tota
3558 4088 3646 4141 illa
3703 4100 3830 4156 pars

2250 4186 2339 4239 cui
2392 4184 2562 4237 fuerat
2620 4182 2899 4249 impositus
2936 4222 2951 4244 ,
3006 4182 3350 4235 circumcirca
3408 4181 3826 4233 exnlceraretur.

2246 4275 2534 4342 Postquam
2574 4281 2751 4325 autem
2805 4270 2924 4337 plus
2954 4286 3110 4339 quam
3142 4270 3325 4323 decem
3356 4269 3466 4323 dies
3514 4269 3617 4324 hoc
3668 4270 3831 4323 modo

2243 4363 2614 4432 trainegisset,
2646 4369 2700 4415 et
2720 4362 2872 4414 ulcus
2895 4361 3035 4428 quod
3065 4360 3469 4414 iucrudesceliat
3488 4367 3662 4430 guttas
3699 4375 3829 4413 san-

2245 4455 2420 4525 guinis
2445 4454 2951 4523 einitteret,rogavit
2970 4452 3183 4522 quidam
3213 4452 3300 4521 qui
3328 4452 3427 4505 hoc
3456 4451 3662 4506 viderat
3686 4467 3831 4520 qua:-

548 4533 671 4587 dam
702 4534 800 4588 silii
848 4534 1177 4602 Obrepsisse,
1208 4538 1312 4590 tale
1358 4545 1534 4587 autem
1578 4536 1776 4589 vidisse
1819 4536 2122 4588 somnium:

2241 4566 2362 4603 natu
2385 4553 2528 4599 esset
2558 4558 2717 4598 causa
2745 4545 3033 4615 sanguinis.
3060 4548 3191 4598 (Iunt
3210 4545 3256 4598 is
3278 4557 3453 4599 autem
3474 4546 3677 4600 diceret
3696 4545 3832 4599 nihil

550 4627 700 4691 Mihi,
731 4630 923 4699 inquit,
955 4631 1174 4684 videbar
1201 4630 1386 4684 fodere
1417 4631 1792 4695 fundamenta;
1820 4630 2013 4685 deinde
2041 4647 2136 4684 au-

551 4720 662 4774 dire
677 4720 905 4790 aliquem
922 4733 1205 4780 astantem.
1223 4723 1362 4791 quod
1384 4736 1467 4775 me
1487 4730 1730 4789 oporteat
1748 4722 1943 4776 fossam
1969 4722 2142 4775 facere

554 4809 982 4877 profundiorem.
1015 4814 1147 4865 Cum
1182 4813 1360 4879 itaque
1390 4812 1708 4879 adjecissetn
1735 4824 1785 4864 ut
1815 4812 1976 4881 jussit
2019 4813 2141 4866 alti-

556 4904 817 4970 tudinem,
851 4918 1035 4957 rttt'Stts
1065 4903 1333 4957 tentaliam
1364 4904 1672 4973 quiescere;
1696 4904 1791 4958 sed
1820 4920 1906 4957 me
1926 4920 2137 4975 quoque

556 5011 740 5049 rursus
762 4997 983 5065 jubebat
1015 4999 1219 5062 fodere,
1253 5008 1306 5050 et
1338 5014 1441 5050 non
1466 5013 1681 5053 cessare
1709 5015 1737 5052 a
1771 4999 1970 5054 labore.
2002 5000 2132 5054 Cum

555 5098 732 5142 autem
762 5090 864 5144 hoc
907 5091 1037 5147 mihi
1086 5104 1168 5147 ter
1213 5101 1269 5148 et
1316 5103 1507 5163 quater
1545 5096 1882 5165 pracepisset
1923 5093 2139 5161 facere,

557 5181 773 5236 tandem
832 5184 965 5237 dixit
1012 5198 1129 5238 eam
1185 5184 1436 5238 sufficere
1490 5184 1850 5249 altitudinem,
1881 5193 1938 5239 et
1984 5186 2146 5255 jussit

557 5273 825 5329 aedificare
853 5274 1105 5342 deinceps
1156 5276 1302 5329 nullo
1349 5276 1563 5347 labore,
1610 5287 1793 5347 utpote
1833 5279 1973 5347 quod
2019 5295 2139 5333 cum

558 5377 828 5423 cessasset
851 5368 1019 5435 labor,
1048 5368 1222 5422 futura
1261 5384 1475 5440 quoque
1502 5381 1646 5425 esset
1682 5372 1969 5425 :rditicatio
2009 5374 2140 5425 citra

558 5457 819 5513 laborem.
852 5459 987 5515 lluie
1017 5460 1346 5529 praidietioui
1394 5476 1482 5517 res
1531 5461 1706 5517 ferunt
1754 5461 2137 5517 testimonioin.

564 5552 641 5608 Ea
670 5551 812 5609 enim
836 5568 956 5624 qua:
981 5554 1113 5608 fiunt
1144 5553 1429 5609 humanam
1461 5562 1704 5610 naturam
1734 5556 2019 5610 excedunt.

614 5647 744 5701 Cum
760 5646 904 5703 illinc
918 5648 1257 5714 surrexisset,
1280 5647 1348 5702 ad
1364 5649 1780 5720 propinquorum
1795 5649 2142 5720 quorumdam

638 5806 657 5838 ί
682 5804 819 5864 Male
847 5810 1163 5878 implessent
1194 5820 1346 5879 ante,
1381 5811 1685 5881 navigasset.

2247 4655 2368 4694 esse
2396 4639 2535 4707 quod
2562 4637 2612 4692 ei
2640 4638 2858 4691 aderret
2881 4638 3203 4701 molestiam,
3232 4637 3345 4706 ejus
3375 4636 3554 4692 socius
3597 4652 3690 4707 per
3721 4637 3833 4692 vim

2246 4741 2299 4784 et
2347 4747 2562 4784 manum
2595 4729 2835 4788 immisit.
2866 4738 2916 4782 et
2962 4742 3175 4781 causam
3205 4727 3413 4795 didicit,
3463 4740 3516 4783 et
3544 4744 3662 4782 eam
3692 4745 3835 4799 pra--

2243 4820 2384 4876 fecto
2415 4823 2758 4876 renuntiavit.
2791 4822 2909 4874 Mox
2933 4836 3062 4887 ergo
3089 4820 3391 4887 increpans,
3416 4829 3467 4873 et
3497 4834 3689 4889 rOgaus
3711 4866 3725 4885 ,
3779 4830 3836 4876 et

2242 4914 2317 4966 rei
2342 4913 2705 4967 i-rudelitatem
2730 4911 3147 4980 reprehendens,
3171 4910 3252 4963 vix
3270 4909 3342 4963 illi
3366 4911 3522 4964 solvit
3541 4911 3830 4976 vii'Culum.

2239 5005 2333 5058 sed
2370 5020 2467 5057 nec
2492 5021 2570 5057 Sic
2602 5002 2864 5070 gersoasit
2907 5010 2963 5054 ut
3006 5001 3079 5055 illi
3133 5001 3293 5055 ulceri
3353 5000 3510 5054 ullam
3557 5000 3837 5057 adhiberet

2247 5099 2588 5149 medicinam.
2620 5098 2783 5149 l‘orro
2832 5101 3012 5147 autem
3067 5108 3186 5146 cum
3232 5107 3354 5146 eum
3386 5092 3629 5148 viderent
3656 5093 3836 5149 facere

2247 5187 2350 5240 alia
2375 5186 3025 5256 ejusmodi,jusseruutut
3052 5183 3119 5237 ab
3144 5184 3230 5236 illa
3258 5183 3503 5251 palmstra
3532 5184 3832 5253 recederet,

2250 5293 2316 5333 ne
2343 5279 2404 5332 ii~
2436 5279 2523 5346 qui
2555 5289 2706 5333 erant
2729 5291 2959 5346 corpore
2992 5274 3349 5337 imbecilliori.
3393 5291 3457 5330 ea
3503 5290 3624 5345 quae
3654 5286 3838 5332 essent

2245 5386 2403 5440 supra
2433 5373 2575 5425 vires
2601 5371 2834 5425 aemulari
2881 5370 3219 5435 conantibus,
3249 5369 3429 5423 damni
3475 5383 3635 5424 causa
3661 5370 3834 5424 fieret.

2325 5464 2581 5531 Egressus
2609 5477 2737 5532 ergo
2766 5477 2887 5515 cum
2918 5462 3151 5515 venisset
3205 5460 3273 5515 ad
3304 5461 3500 5515 montis
3527 5459 3642 5515 loca
3667 5460 3836 5530 magis

2253 5557 2513 5619 solitaria,
2565 5566 2621 5610 et
2663 5556 2945 5625 quemdam
2999 5556 3118 5609 sine
3162 5570 3297 5625 aqua
3330 5556 3500 5611 Iaequ
3545 5569 3652 5609 non
3681 5552 3838 5608 valde

2258 5647 2576 5704 nrofundnm
2610 5647 2924 5713 invenisset,
2958 5646 3008 5699 in
3062 5660 3183 5701 eum
3214 5647 3449 5717 seipsum
3501 5644 3736 5716 demisit,
3780 5649 3839 5698 et
