4052 6362
308 301 406 374 tot
1397 318 1831 378 maturitatis

1894 333 2013 375 stvs
2052 318 2507 378 THEOPHILES.

304 433 447 487 ineo
476 431 587 487 Deo
634 429 894 487 olereliat
945 429 1311 502 hytnnodiam.
1349 431 1664 488 Pceuitentia
1712 441 1888 486 autem
1926 438 1979 503 Î‘
2005 444 2161 491 vires.
2186 431 2476 500 cogebatur
2494 429 3089 500 jaceresemimortuus.
3104 431 3590 504 Postquamautem

299 524 450 579 ducti
480 521 625 577 illius
676 522 937 592 palaestras
989 521 1249 593 pratfecti,
1290 522 1429 578 duos
1467 525 1727 593 quosdam
1759 523 1898 576 emi-

300 626 514 686 serunt,
538 619 913 687 permittentes
941 628 999 672 ut
1045 633 1168 672 eum
1199 627 1503 688 qumrerent
1532 626 1587 672 et
1614 616 1893 671 ducerent.

300 709 436 764 Cum
460 710 640 779 itaque
662 710 696 763 ii
720 717 954 764 montem
980 709 1321 774 circuissent,
1356 719 1609 779 rogarunt
1633 709 1895 779 quosdam

304 801 399 871 qui
430 802 541 856 illic
564 802 857 871 pascebant
884 816 1078 871 pecora
1131 817 1198 857 an
1231 803 1491 857 vidissent
1538 801 1769 872 aliquem
1804 802 1896 857 tati

301 893 489 950 colore
537 892 845 961 praeditum,
892 902 949 948 ct
977 894 1054 949 sic
1083 896 1357 949 vestitum.
1388 894 1484 951 Ubi
1510 902 1690 949 autem
1722 895 1896 949 lacum

302 997 549 1054 pastores
578 986 950 1053 ostenderunt,
995 986 1150 1042 valde
1179 988 1390 1057 quidem
1423 988 1601 1042 statim
1632 987 1898 1043 exclama-

300 1086 532 1143 verunt,
567 1079 697 1134 Ione
743 1090 920 1134 autem
949 1080 1139 1145 allato,
1188 1097 1311 1137 eum
1342 1097 1462 1136 cum
1496 1097 1688 1151 magno
1716 1081 1897 1137 labore

304 1182 697 1237 extraxerunt;
752 1188 858 1227 non
900 1182 985 1229 est
1029 1174 1173 1229 enim
1222 1189 1375 1245 atque
1421 1175 1596 1230 facilis
1643 1189 1897 1231 ascensus

302 1275 471 1335 atque
496 1266 811 1321 descensus.

375 1359 512 1413 Cum
542 1361 721 1430 itaque
755 1376 918 1431 parvo
950 1371 1189 1431 tempore
1218 1362 1356 1432 apud
1383 1362 1503 1417 illos
1541 1372 1684 1417 esset
1712 1377 1894 1416 mora-

300 1459 412 1512 tus,
444 1451 594 1505 venit
616 1453 671 1509 in
696 1452 871 1507 vicum
896 1452 1265 1519 Tclanessutn,
1296 1453 1597 1522 subjectum
1627 1454 1895 1509 cacumini

300 1541 503 1597 montis
532 1541 585 1596 in
616 1557 720 1613 quo
745 1558 886 1600 nunc
938 1545 1099 1615 degit.
1146 1544 1203 1599 In
1256 1560 1321 1600 eo
1348 1560 1468 1600 cum
1500 1561 1713 1615 parvam
1745 1547 1892 1601 inve-

304 1635 477 1690 nisset
506 1636 902 1703 domunculam,
937 1646 1045 1694 tres
1068 1653 1237 1694 annos
1269 1640 1525 1709 transegit
1556 1640 1815 1695 inclusus:

368 1723 503 1782 Cum
525 1736 704 1783 autem
735 1729 1084 1786 contenderet
1134 1731 1345 1787 virtutis
1392 1744 1589 1800 augere
1641 1730 1882 1797 divitias,

2006 521 2157 575 stetit
2183 520 2238 575 in
2269 523 2538 589 columna,
2571 536 2678 576 non
2707 523 2993 579 inducebat
3020 524 3237 594 quidem
3266 523 3319 580 in
3349 524 3591 582 animum

2004 620 2062 663 ut
2085 610 2457 675 descenderet,
2481 611 2574 667 sed
2600 612 2707 666 alia
2733 614 2944 670 ratione
2975 616 3305 687 excogitavit
3327 626 3383 671 ut
3404 626 3592 675 staret.

2006 697 2139 752 Nam
2180 715 2300 752 cum
2330 699 2533 755 trabem
2563 702 2847 771 quamdam
2897 702 3161 761 columnas
3211 704 3504 776 alligasset,
3533 716 3594 764 et

2002 792 2237 861 seipsnm
2270 807 2457 846 rursus
2481 790 2700 848 funibus
2730 795 2865 849 trahi
2892 796 3218 864 adaptasset,
3251 796 3330 851 sic
3358 796 3595 867 quadra-

2004 880 2149 951 ginta
2180 881 2296 936 dies
2328 896 2614 952 perpetuos
2643 885 2921 955 transegit.
2960 884 3089 941 Post
3109 885 3226 941 hinc
3255 895 3431 944 autem
3465 900 3591 944 cum

2000 971 2262 1041 majorem
2295 972 2548 1042 deinceps
2573 989 2601 1028 a
2656 976 2870 1044 superis
2889 976 3117 1047 gratiam
3144 977 3461 1046 accepisset,
3512 991 3589 1035 ne

2000 1064 2104 1119 hec
2133 1065 2348 1135 quidem
2399 1082 2532 1135 opus
2560 1053 2742 1123 habuit
2770 1070 2972 1124 auxilio
3005 1086 3018 1122 :
3045 1070 3142 1124 sed
3186 1071 3338 1126 stetit
3358 1069 3592 1140 quadra-

2006 1155 2149 1224 ginta
2173 1156 2308 1220 dies,
2334 1156 2511 1211 cibum
2544 1158 2765 1227 quidem
2786 1174 2892 1214 non
2920 1174 3163 1230 sumens,
3193 1161 3288 1217 sed
3312 1162 3591 1220 alacritate

2002 1249 2165 1303 animi
2195 1258 2251 1304 et
2278 1249 2455 1303 divina
2485 1250 2650 1319 gratia
2680 1252 3051 1307 confirmatus.

2073 1340 2205 1393 Cum
2235 1340 2332 1394 hos
2350 1356 2480 1411 ergo
2504 1353 2611 1395 tres
2640 1353 2950 1411 perpetuos,
2983 1341 3191 1410 utdixi,
3222 1357 3394 1400 annos
3421 1344 3475 1400 in
3497 1345 3590 1402 illa

2005 1432 2351 1501 transegisset
2398 1431 2745 1500 domuncula,
2794 1434 2859 1487 ad
2893 1434 2995 1488 hoc
3022 1443 3300 1506 tantopere
3327 1438 3590 1492 sermoni-

1998 1520 2099 1574 bus
2118 1523 2375 1591 jactatum
2405 1533 2459 1577 et
2500 1523 2827 1578 celebratum
2855 1527 3002 1579 venit
3044 1540 3341 1594 cacumen;
3387 1539 3589 1588 etcum

2004 1622 2217 1682 septum
2265 1614 2610 1669 circumcirca
2636 1615 2748 1669 fieri
2776 1617 3103 1685 mandasset,
3150 1615 3383 1674 ferream
3410 1627 3588 1675 autem

1996 1715 2239 1760 catenam
2300 1706 2485 1777 viginti
2547 1708 2849 1762 cubitorum
2912 1718 3316 1778 comparasset,
3362 1719 3421 1767 et
3472 1710 3589 1781 ejus

297 1820 629 1876 desideravit
680 1822 928 1879 similiter
973 1838 1037 1880 ac
1087 1824 1252 1880 divini
1308 1825 1553 1879 homines
1582 1823 1790 1895 Moyses
1838 1833 1890 1879 et

1998 1812 2158 1851 unum
2191 1797 2404 1866 quidem
2433 1798 2640 1853 inittutn
2672 1800 2882 1854 cuidam
2913 1808 3079 1869 petra:
3109 1800 3355 1855 maxima:
3381 1816 3584 1871 appen-

301 1909 477 1977 Elias,
504 1910 720 1982 jejunus
771 1928 1087 1983 permanere
1148 1915 1503 1985 quadraginta
1555 1914 1781 1980 diebus;
1836 1922 1892 1970 et

298 2003 606 2059 admirabili
631 2004 794 2061 Basso
813 2016 1039 2061 conatur
1060 2007 1404 2076 persuadere,
1432 2006 1524 2076 qui
1548 2017 1674 2062 tunc
1692 2007 1890 2063 multos

298 2097 433 2151 obiit
458 2097 625 2163 vicos,
652 2107 710 2153 ut
733 2100 822 2169 qui
853 2108 1107 2168 prmesset
1136 2099 1201 2154 iis
1228 2100 1317 2169 qui
1347 2109 1501 2153 erant
1528 2102 1578 2152 in
1623 2100 1773 2171 pagis
1800 2113 1888 2153 sa-

299 2191 635 2256 cerdotibus,
664 2199 722 2245 ut
755 2192 886 2245 nihil
916 2192 1130 2263 quidem
1164 2193 1308 2247 intus
1339 2194 1620 2261 relinquat,
1653 2193 1763 2246 luto
1792 2208 1889 2247 au-

303 2293 415 2337 tetu
438 2284 633 2337 ostium
662 2283 925 2338 obstruat.
950 2284 1084 2338 Cum
1117 2290 1159 2338 is
1189 2291 1365 2338 autem
1393 2283 1469 2338 rei
1500 2283 1729 2351 referret
1748 2282 1889 2338 difti-

298 2377 582 2442 cultatctu,
599 2389 652 2431 et
671 2387 912 2432 moneret
930 2392 996 2432 ne
1013 2377 1298 2431 violentam
1320 2384 1543 2430 mortem
1558 2375 1890 2431 existimaret

298 2482 424 2522 rsse
465 2468 735 2533 virtutem,
783 2478 866 2523 est
917 2471 1059 2524 enim
1106 2468 1159 2523 id
1184 2471 1387 2523 crimen
1438 2478 1493 2523 et
1517 2469 1805 2523 maximum
1836 2476 1891 2522 et

298 2566 565 2626 primum:
595 2561 763 2624 Attii,
798 2562 986 2630 inquit,
1030 2579 1063 2615 Î¿
1092 2561 1272 2628 Pater,
1301 2576 1497 2631 repone
1545 2560 1674 2616 mihi
1702 2560 1888 2617 decem

300 2666 493 2719 panes,
522 2662 577 2708 et
617 2652 860 2724 hydriatu
891 2668 1061 2724 aqua},
1103 2662 1156 2709 et
1195 2654 1240 2709 si
1267 2654 1448 2710 videro
1494 2669 1690 2724 corpus
1731 2669 1892 2725 egere

300 2742 574 2807 alimento,
609 2758 703 2796 ero
724 2757 907 2813 eorum
956 2747 1247 2814 particeps.
1275 2744 1494 2798 Factum
1516 2752 1600 2799 est
1631 2743 1888 2813 utjussit;

300 2846 357 2888 et
386 2835 470 2888 illa
497 2834 706 2903 quidem
734 2834 945 2888 fuerunt
965 2835 1218 2903 reposita,
1242 2837 1435 2891 ostium
1469 2846 1645 2891 autem
1672 2837 1783 2892 luto
1806 2850 1891 2893 est

299 2926 613 2982 abductum.
663 2925 850 2981 Finitis
878 2937 1054 2981 autem
1105 2926 1311 2994 diebus,
1338 2936 1484 2983 venit
1534 2927 1748 2998 quidem
1800 2928 1890 2982 ille

300 3020 649 3074 admirandus
679 3032 731 3074 et
754 3021 915 3073 homo
956 3020 1045 3075 Dei
1072 3022 1265 3075 Bassus
1296 3038 1309 3073 :
1342 3031 1521 3076 amoto
1550 3031 1726 3075 autem
1750 3023 1886 3087 luto,

301 3113 497 3165 ostium
542 3112 827 3180 ingrcs~us,
865 3113 1064 3167 invenit
1100 3113 1311 3181 quidem
1345 3128 1538 3182 panum
1570 3128 1884 3177 numerum;

301 3204 509 3257 invenit
556 3216 732 3258 autem
778 3221 968 3258 urnam
1005 3220 1217 3277 quoque
1262 3221 1396 3275 aqua
1444 3206 1672 3273 plenam,
1718 3206 1890 3273 ipsum

304 3295 800 3363 antemjaceutrm,
855 3310 953 3349 nec
1012 3296 1425 3369 spirantem,et
1477 3311 1576 3350 nec
1632 3296 1895 3364 inquiuec

305 3387 509 3438 moveri
564 3393 852 3451 potentem.
905 3385 1137 3454 Spongia
1177 3401 1306 3454 ergo
1354 3370 1542 3454 petita,
1598 3400 1717 3439 cum
1750 3400 1808 3438 os
1833 3400 1895 3440 ea

305 3480 669 3532 liotuectasset
697 3490 748 3532 et
780 3478 1018 3542 cluisset,
1050 3481 1097 3532 ei
1127 3479 1319 3532 obtulit
1364 3479 1667 3532 divinorum
1698 3477 1894 3531 Sacra-

304 3584 610 3629 inentorum
662 3575 953 3644 symbolo:
1012 3583 1065 3627 et
1118 3573 1194 3628 sic
1225 3589 1317 3644 per
1367 3574 1483 3629 haec
1530 3574 1893 3637 conï¬rmatus,

306 3667 567 3729 surrexit,
600 3673 653 3719 et
682 3665 949 3718 modicum
972 3664 1074 3718 cibi
1105 3666 1355 3734 sumpsit,
1385 3665 1643 3731 lactucas,
1675 3673 1728 3718 et
1752 3665 1897 3733 inty-

306 3761 455 3822 imm,
485 3767 540 3815 et
570 3760 651 3813 bis
677 3758 867 3813 similia
900 3758 1152 3829 paulatim
1205 3758 1486 3826 mandens,
1520 3767 1573 3813 ct
1601 3759 1664 3811 ad
1693 3758 1896 3813 ventri-

307 3855 487 3907 culum
522 3857 913 3907 transmittens.

380 3944 794 4012 Obstopefactus
826 3946 1002 4013 itaque
1034 3958 1255 4011 magnus
1282 3942 1373 3995 ille
1407 3942 1622 4006 Bassus,
1660 3956 1735 3993 ve.
1764 3940 1801 3993 it
1829 3939 1895 3993 ad

307 4053 463 4094 unum
488 4053 699 4108 gregem
725 4078 740 4101 ,
771 4052 1019 4107 magnum
1046 4038 1143 4087 hoc
1169 4047 1390 4087 narrans
1424 4035 1754 4085 miraculum.
1790 4031 1897 4084 Ha-

308 4129 471 4182 bebat
491 4127 633 4180 enim
666 4127 783 4195 plus
813 4140 969 4194 quam
1012 4126 1272 4177 ducentos
1303 4121 1513 4175 sodales
1543 4136 1662 4174 cum
1694 4135 1790 4174 nec
1820 4120 1898 4175 eis

309 4224 607 4290 jumentutu
639 4219 836 4273 habere
865 4233 963 4273 nec
988 4219 1177 4270 molam
1207 4214 1561 4285 permisisset,
1593 4227 1764 4279 neque
1787 4227 1886 4265 au-

311 4328 431 4367 rum
458 4313 525 4365 ab
548 4312 730 4377 aliquo
752 4311 985 4363 oblatum
1010 4309 1273 4376 accipere,
1307 4319 1481 4371 neque
1501 4303 1730 4372 aliquem
1749 4313 1899 4356 extra

310 4406 455 4464 fures
484 4406 684 4475 egredi,
711 4417 794 4458 aut
818 4404 1013 4474 aliquid
1043 4418 1105 4457 ex
1124 4400 1435 4455 necessariis
1457 4408 1779 4467 empturum,
1810 4406 1900 4450 aut

311 4502 543 4567 aliquem
575 4515 639 4554 ex
686 4498 797 4552 suis
828 4496 964 4550 notis
995 4496 1267 4559 visurum;
1317 4490 1409 4544 sed
1453 4489 1595 4543 intus
1634 4502 1814 4553 agere,
1846 4496 1899 4540 et

1990 1888 2179 1955 disset,
2211 1890 2437 1944 alterum
2468 1902 2643 1945 autem
2692 1892 2914 1945 dextero
2969 1891 3093 1960 pedi
3145 1892 3477 1963 adoptasset,
3527 1902 3588 1948 tit

1993 1994 2094 2035 nec
2123 1981 2167 2034 si
2195 1979 2360 2035 vellet
2391 1982 2645 2053 quidem,
2686 1981 2858 2037 abiret
2886 1994 3036 2038 extra
3068 1996 3162 2038 eos
3190 1982 3409 2052 limites,
3440 1984 3493 2038 in
3522 1999 3588 2040 eo

2009 2071 2179 2140 degit,
2204 2072 2397 2128 cretum
2423 2073 2636 2127 assidue
2667 2072 2871 2127 visione
2900 2072 3334 2142 apprehendens,
3369 2084 3425 2128 et
3447 2081 3587 2129 utea

1990 2178 2109 2232 qua:
2140 2174 2261 2217 sunt
2290 2178 2453 2232 supra
2483 2164 2651 2218 cmlos
2695 2164 3152 2235 contemplaretur
3180 2164 3282 2220 sibi
3317 2165 3424 2219 vim
3456 2166 3589 2221 affeâ€”

1992 2269 2149 2320 rens;
2201 2255 2399 2309 mentis
2457 2256 2599 2309 enim
2653 2256 2890 2309 volatum
2923 2271 3026 2309 non
3080 2255 3406 2325 impediebat
3458 2256 3588 2314 ferri

1992 2344 2294 2402 vinculum.
2328 2348 2612 2415 Postquam
2667 2352 2848 2400 autem
2881 2345 3121 2401 Meletius
3151 2346 3267 2416 (69)
3299 2346 3387 2402 ille
3415 2346 3588 2403 admi-

1992 2436 2227 2502 rabilis,
2283 2436 2373 2491 cui
2438 2447 2563 2491 tunc
2610 2436 2859 2491 mandata
2908 2445 3027 2493 erat
3073 2452 3201 2492 cura
3250 2438 3587 2508 episcopatus

1992 2529 2226 2597 regionis
2285 2528 2634 2584 Antiocheam
2659 2528 2922 2594 civitatis,
2967 2528 3047 2582 vir
3074 2528 3358 2595 cordatus,
3387 2539 3443 2584 et
3461 2544 3587 2599 pru-

1991 2620 2169 2674 dentia
2194 2620 2393 2686 clarus,
2424 2628 2480 2674 et
2508 2620 2706 2690 ingenii
2733 2619 2951 2675 solertia
2982 2630 3225 2685 ornatus,
3253 2634 3586 2689 supervaca-

1994 2727 2150 2767 neum
2181 2711 2317 2766 dixit
2341 2724 2463 2767 esse
2494 2709 2720 2778 ferrum,
2746 2725 2869 2765 cum
2897 2710 3130 2765 sufï¬ciat
3185 2726 3336 2766 mens
3367 2714 3436 2765 ad
3463 2725 3585 2766 cor-

1991 2802 2107 2873 pori
2135 2802 2458 2873 imponenda
2503 2802 2725 2856 rationis
2754 2800 2985 2869 vincula,
3046 2811 3211 2856 cessit
3250 2801 3486 2870 quidem.
3519 2811 3576 2854 et

1990 2894 2107 2963 ejus
2139 2896 2338 2962 patruit
2364 2891 2621 2948 suasioni.
2651 2890 2782 2945 Cum
2808 2900 2986 2945 autem
3015 2893 3138 2944 teris
3160 2890 3364 2943 fabrum
3392 2904 3577 2944 accer-

1991 2986 2085 3041 siri
2112 2986 2379 3054 jussissct,
2432 2983 2683 3053 prmcepit
2724 2982 2858 3035 solvi
2908 2983 3198 3035 vinculum.
3232 2982 3362 3033 Cum
3398 2990 3578 3033 autem

1993 3078 2135 3132 tibi-.e
2163 3092 2372 3146 quoque
2394 3076 2642 3144 adaptata
2673 3082 2815 3128 esset
2844 3074 2997 3142 pellis
3027 3113 3044 3138 ,
3075 3088 3143 3127 ne
3172 3088 3367 3143 corpus
3414 3075 3579 3126 Î¹Ï‰Î¹Î¹Î±-

1922 3195 1965 3255 C
1996 3176 2145 3223 retur
2166 3184 2193 3219 a
2219 3167 2378 3228 ferro,
2412 3178 2464 3221 et
2490 3172 2764 3233 oporteret
2787 3179 2907 3219 eam
2933 3165 3128 3234 (fuerat
3155 3164 3299 3217 enim
3328 3163 3579 3234 consula)

1998 3261 2282 3330 disrumpi,
2306 3260 2553 3315 dixerunt
2574 3275 2634 3313 se
2660 3259 2859 3312 vidisse
2880 3258 3000 3327 plus
3024 3272 3180 3326 quam
3206 3256 3390 3323 viginti
3419 3258 3561 3310 maxi
3577 3282 3592 3301 Î½

1999 3370 2115 3409 mos
2136 3354 2379 3417 cimices,
2403 3354 2454 3407 in
2478 3368 2539 3406 ea
2565 3362 2811 3421 tanquam
2842 3351 2895 3405 iit
2918 3366 3143 3405 caverna
3171 3350 3582 3415 delitescentes;

1999 3456 2054 3503 et
2085 3448 2188 3501 hoc
2216 3461 2275 3500 se
2303 3446 2515 3500 dicebat
2542 3444 2740 3497 vidisse
2770 3441 3116 3496 admirandus
3168 3440 3433 3495 Meletius.
3471 3441 3583 3510 Ego

1999 3550 2177 3595 autem
2234 3538 2390 3608 hujus
2435 3537 2678 3601 tuemini,
2735 3536 2858 3589 hinc
2889 3549 3101 3603 quoque
3130 3534 3420 3588 ostendens
3468 3547 3585 3585 tua-

1998 3647 2158 3701 guam
2188 3630 2286 3684 viri
2310 3628 2683 3693 tolerantiam;
2709 3641 2829 3679 nam
2857 3641 2978 3679 cum
3007 3635 3185 3694 posset
3207 3625 3398 3694 pellem
3422 3639 3584 3679 manu

1999 3725 2375 3794 comprimere,
2426 3729 2482 3774 et
2527 3734 2714 3775 omnes
2763 3718 2919 3772 facile
2961 3715 3289 3782 interimere,
3332 3717 3587 3769 molesms
3646 3711 3661 3727 '

1999 3832 2211 3871 morsus
2242 3818 2535 3869 toleranter
2578 3824 2764 3880 passus
2811 3815 2914 3865 est.
2949 3809 3001 3862 in
3052 3808 3229 3877 parvis
3256 3821 3316 3861 se
3343 3807 3585 3860 lubenter

2000 3909 2067 3963 ad
2099 3911 2300 3977 majora
2332 3920 2618 3961 exercens.

2073 4022 2204 4077 Cum
2236 4036 2362 4089 ergo
2385 4018 2683 4088 pervolaret
2702 4014 2840 4069 fama
2868 4014 2919 4068 in
2942 4026 3130 4068 omnes
3160 4012 3429 4083 regiones,
3454 4024 3587 4064 cum

2000 4118 2289 4170 currebant
2318 4128 2527 4177 omnes,
2582 4124 2684 4163 nou
2718 4108 2890 4163 solum
2940 4107 3124 4169 vicini,
3159 4105 3253 4159 sed
3306 4104 3585 4174 quietiam

2002 4206 2292 4260 multorum
2321 4202 2525 4257 dierqu
2555 4200 2742 4254 itinere
2782 4198 3031 4263 aberant;
3063 4195 3151 4249 alii
3182 4194 3398 4265 quidem
3430 4208 3591 4265 para.

2004 4296 2196 4368 lyticos
2224 4293 2530 4355 afferentes,
2563 4291 2651 4346 alii
2676 4304 2800 4344 vero
2821 4288 2978 4356 mgris
3008 4286 3289 4341 sanitatem
3320 4290 3586 4350 petentes,

2002 4388 2092 4443 alii
2118 4397 2293 4440 autem
2323 4392 2382 4438 ut
2405 4394 2582 4453 patres
2607 4383 2793 4435 fierent
2817 4389 3090 4448 rogantes,
3115 4386 3170 4431 et
3190 4374 3331 4444 quod
3354 4390 3381 4427 a
3402 4385 3588 4432 natura

2004 4496 2109 4535 non
2135 4488 2474 4544 acceperant,
2531 4475 2599 4529 ab
2634 4473 2724 4526 illo
2752 4472 3005 4525 volebant
3054 4470 3331 4535 accipere;
3362 4480 3589 4534 cumque

313 4560 456 4663 quod
484 4606 512 4644 a
535 4591 717 4646 divina
747 4588 914 4658 gratia
945 4585 1254 4639 mittebatur
1282 4581 1593 4635 alimentum
1623 4577 1890 4647 accipere.
1925 4573 1975 4635 Î™)
2001 4574 2344 4663 ÎµÎ¹á½·á¿‘Îµá½¶ÏÏÎ·ÎµÎµÏ„Î¹Î¹á¼ˆ
2386 4579 2440 4624 et
2494 4584 2611 4637 qua:
2665 4565 3005 4636 postulabant
3053 4564 3422 4663 impetrarent,
3478 4560 3586 4663 lacti

314 4685 464 4741 Hauc
486 4679 658 4753 legem
686 4682 740 4735 in
786 4679 1103 4734 hodiernum
1134 4690 1301 4745 usque
1332 4673 1473 4727 diem
1504 4680 1718 4726 servant
1742 4669 1897 4721 soda-

316 4775 417 4839 les,
448 4785 501 4829 et
544 4773 789 4842 quamvis
814 4768 1052 4824 'creverit
1104 4782 1287 4822 eorum
1319 4780 1598 4821 numerus.
1650 4760 1897 4817 mandata

314 4882 435 4933 qua:
464 4865 544 4919 eis
573 4867 691 4917 data
725 4870 851 4917 sunt
879 4875 983 4914 non
1034 4858 1419 4913 transilierunt.
1455 4855 1566 4925 Ego
1610 4863 1784 4908 autem
1831 4852 1895 4907 ad

319 4971 568 5025 magnum
598 4953 838 5009 transibo
860 4952 1186 5006 Simeonem.

392 5048 471 5101 Ab
502 5046 592 5099 illo
616 5060 744 5111 ergo
795 5053 1037 5112 tempore
1066 5054 1231 5110 usque
1284 5039 1336 5091 iu
1384 5035 1709 5089 hodiernum
1744 5029 1894 5085 diem

318 5137 448 5207 (jam
478 5145 657 5189 autem
690 5135 1061 5203 prmterierunt
1090 5130 1272 5199 viginti
1304 5139 1359 5183 et
1386 5136 1507 5181 octo
1536 5124 1686 5191 anui)
1719 5128 1900 5178 manet

314 5229 532 5301 jejunus
571 5226 925 5299 quadraginta
976 5225 1112 5279 dies.
1155 5222 1388 5290 Tempus
1417 5230 1591 5272 autent
1624 5227 1676 5270 et
1712 5229 1899 5269 assue-

320 5327 483 5382 factio
512 5327 738 5379 multttm
765 5318 999 5375 detraxit
1046 5316 1112 5370 de
1140 5315 1347 5377 lahnre,
1373 5310 1577 5365 solebat
1596 5308 1737 5363 enim
1786 5305 1896 5375 pri-

322 5421 425 5475 mis
454 5418 646 5473 diebus
672 5426 816 5469 stare
846 5422 900 5467 et
930 5411 1093 5464 Deum
1125 5407 1375 5469 laudare;
1401 5403 1595 5458 deinde
1626 5416 1744 5453 eum
1776 5413 1900 5467 proâ€”
1964 5464 1967 5467 _

325 5520 445 5577 pter
462 5506 692 5561 inediam
708 5518 812 5557 non
826 5510 1006 5571 posset
1026 5497 1248 5566 Î¹Î¹Î¹Î¹ÏˆÎ¹á½¶Î¹Î¼
1262 5511 1457 5564 corpus
1474 5496 1576 5562 pati
1590 5493 1897 5555 stationem,

321 5597 578 5665 deinceps
608 5593 796 5648 sedere
827 5600 881 5647 et
910 5589 1144 5644 divinum
1173 5599 1427 5657 peragere
1472 5582 1734 5649 officium,
1781 5594 1901 5649 pos-

324 5689 508 5742 tremis
537 5695 717 5740 autcm
741 5682 907 5757 850
931 5680 1118 5736 diebus
1157 5677 1317 5733 etiam
1375 5676 1710 5729 accumbere.
1770 5670 1901 5726 Nam

327 5792 448 5835 sum
505 5777 764 5846 paulatim
824 5783 1269 5828 consumerentur
1322 5778 1375 5823 ct
1433 5767 1903 5836 exstinguerentur

2002 4664 2219 4733 quidem
2256 4660 2500 4715 redibant
2528 4673 2646 4727 qum
2683 4666 2859 4710 autem
2890 4662 3043 4709 erant
3070 4649 3341 4705 consecuti
3375 4647 3582 4701 beneï¬‚-

2004 4759 2087 4813 cia
2128 4755 2499 4825 praedicantes,
2531 4750 2687 4820 longe
2718 4748 2898 4818 plures
2927 4746 3114 4799 eadem
3148 4743 3405 4810 petituros
3432 4739 3590 4792 cmito

2004 4850 2209 4904 tcbaut.
2241 4845 2333 4903 Sic
2359 4846 2537 4899 autem
2595 4842 2843 4896 omnibus
2874 4838 3106 4904 undique
3158 4828 3588 4895 advenientibus,

2001 4948 2053 4993 et
2085 4953 2178 5005 per
2227 4945 2392 4990 tutam
2448 4936 2586 4985 viam
2637 4933 2806 4985 instar
2849 4925 3085 4982 ï¬‚uminis
3106 4920 3475 4986 afï¬‚uentibus,
3508 4920 3589 4973 vi-

1999 5028 2127 5083 dere
2156 5033 2239 5080 est
2269 5025 2485 5095 pelagus
2517 5020 2791 5076 hominum
2824 5017 2875 5069 in
2921 5013 3015 5068 illo
3069 5012 3185 5067 loco
3213 5012 3589 5074 constitutum,

1997 5120 2139 5191 quod
2155 5119 2343 5174 ï¬‚uvios
2357 5116 2707 5184 uudequaque
2720 5109 2937 5176 exeipit.
2955 5106 3069 5159 Non
3097 5106 3268 5159 solum
3296 5102 3436 5156 enim
3462 5115 3590 5155 con~

2002 5212 2170 5267 ï¬‚uunt
2192 5211 2282 5279 qui
2311 5218 2544 5263 nostram
2569 5203 2805 5257 habitant
2828 5200 3120 5270 regionem,
3148 5198 3241 5251 sed
3267 5204 3323 5248 et
3354 5194 3591 5247 lsmaeli-

2008 5315 2095 5366 tre,
2113 5312 2166 5354 et
2189 5300 2385 5363 Persae,
2415 5306 2469 5351 et
2494 5294 2729 5351 Armenii
2757 5291 2843 5361 qui
2872 5299 2995 5344 sunt
3016 5290 3095 5344 eis
3117 5288 3366 5358 subjecti,
3388 5295 3442 5339 et
3470 5284 3590 5340 lbe-

2006 5410 2114 5459 res,
2145 5403 2197 5447 et
2227 5389 2530 5452 llomeritm,
2582 5397 2636 5442 et
2660 5387 2747 5452 qui
2777 5384 2882 5439 illis
2912 5391 3037 5438 sunt
3085 5382 3387 5436 interiores.
3423 5379 3593 5431 Vene-

2010 5495 2134 5542 runt
2159 5495 2337 5539 autem
2371 5483 2519 5535 multi
2549 5494 2759 5548 quoque
2807 5478 2898 5548 qui
2930 5476 3173 5531 habitant
3214 5482 3460 5528 extrema
3489 5470 3592 5522 Oc.

2011 5578 2256 5638 cideutis,
2290 5571 2530 5639 lliSpaui,
2574 5569 2812 5640 inquam,
2843 5577 2897 5625 et
2928 5567 3194 5632 Britanni,
3228 5573 3282 5618 et
3310 5561 3468 5624 Galli,
3500 5561 3591 5627 qui

2009 5667 2150 5739 quod
2173 5673 2257 5720 e~t
2280 5661 2654 5717 intermedium
2672 5668 2955 5732 occupant.
2983 5658 3058 5712 De
3076 5656 3223 5721 italia
3244 5654 3386 5709 enim
3409 5663 3592 5739 super-

2011 5737 2322 5811 vacaneum:
2343 5761 2389 5804 st
2414 5749 2624 5818 dicere;
2646 5752 2793 5805 aiunt
2816 5747 2958 5803 eniut
2983 5746 3187 5808 Romae,
3204 5756 3320 5811 qua:
3335 5746 3416 5794 est
3435 5737 3592 5803 longe
