4052 6362
470 340 569 399 ιῦδ

1610 324 1697 380 DE
1742 321 1912 377 γιτις
1951 318 2233 375 PATRUM
2272 316 2472 373 LIBER
2513 314 2602 372 lx.

3628 312 3733 369 1οῑ

467 465 725 521 maxima,
749 464 870 507 eum
914 446 1074 503 luisse
1101 443 1235 499 a'deo
1262 440 1499 496 omnium
1526 451 1773 493 sermone
1801 434 2039 491 celebra—
2071 436 2120 494 Α
2146 430 2398 499 quasdam
2429 427 2625 500 ﬁguras
2652 441 2712 481 ac
2740 426 3098 493 characteres,
3133 426 3246 481 hare
3292 439 3425 483 nova
3454 431 3513 482 et
3541 424 3739 481 multi-

469 559 604 613 tum,
634 557 691 601 ut
719 545 771 599 in
800 542 1132 597 ofﬁcinarum
1162 534 1414 589 omnibus
1458 527 1732 584 vestibulis
1777 534 1832 579 et
1880 523 2045 590 porti-

470 640 622 695 cibus
652 638 699 692 ei
730 648 916 705 parvas
958 630 1229 700 posuerint
1278 623 1533 693 imagines
1581 620 1717 691 (7n),
1771 618 1893 671 hinc
1944 615 2045 668 sibi

474 728 777 798 prassidium
801 735 853 779 et
878 723 1094 777 tutelam
1120 726 1386 787 parantes.

554 819 677 873 Sum
731 829 860 887 ergo
912 813 1157 866 venirent
1207 804 1623 862 innumerabiles
1681 801 2052 871 (conabamur

475 919 654 964 autem
679 921 864 960 mnnes
886 911 1243 963 contrectare,
1268 907 1320 951 et
1341 911 1402 951 es
1431 893 1666 963 pelliceis
1687 892 1790 946 illis
1813 891 2050 946 vestibus

478 1001 705 1070 aliquam
738 997 1011 1067 percipere
1041 984 1524 1054 benedictionem),
1581 984 1807 1050 primum
1837 981 2050 1050 quidem

479 1092 767 1146 absurdum
799 1097 852 1140 et
882 1087 1109 1138 alienum
1161 1078 1478 1134 existimans
1527 1086 1631 1127 tam
1659 1072 1921 1143 insignem
1952 1071 2053 1126 sibi

482 1183 667 1237 haberi
695 1183 971 1239 honorem,
1022 1174 1215 1228 deinde
1245 1172 1406 1225 etiam
1439 1184 1549 1221 rem
1580 1183 1720 1235 mgre
1771 1168 1965 1228 ferens,
1999 1173 2057 1217 ut

481 1275 642 1330 nimis
672 1271 1012 1328 laboriosam,
1060 1264 1394 1318 machinatus
1431 1268 1512 1313 est
1538 1259 1681 1312 illam
1728 1256 1778 1309 in
1811 1257 2054 1309 columna

484 1367 761 1420 stationem
786 1378 802 1417 :
828 1364 1050 1430 primum
1076 1357 1287 1426 quidem
1310 1355 1500 1423 jubeus
1523 1353 1768 1404 a-tlilicari
1794 1365 1883 1403 sex
1908 1349 2058 1402 cubi-

483 1468 679 1521 torum,
709 1454 902 1515 deinde
940 1451 1246 1513 duodecim,
1280 1456 1462 1517 postea
1500 1454 1674 1497 autem
1706 1442 1888 1512 viginti
1924 1441 2057 1495 duo-

485 1563 624 1611 rmn,
645 1561 783 1599 nunc
813 1552 987 1597 autem
1016 1557 1104 1594 sex
1138 1551 1185 1593 et
1218 1539 1424 1606 triginta
1457 1536 1493 1586 '.
1524 1531 1682 1602 Cupit
1708 1533 1847 1585 enim
1876 1531 1927 1584 in
1949 1545 2060 1585 coe-

483 1640 589 1694 lum
617 1638 853 1701 evolare,
873 1645 922 1689 et
947 1636 1015 1688 ab
1041 1635 1139 1686 hac
1164 1640 1372 1685 terrena
1392 1627 1609 1682 liberari
1634 1626 2056 1679 conversatione.

561 1729 671 1797 Ego
696 1730 872 1779 autetn
907 1739 1004 1778 nec
1057 1723 1258 1787 absque
1304 1720 1486 1773 divino
1534 1716 1755 1771 consilio
1810 1714 2058 1768 existimo

2151 520 2305 588 plicia
2336 520 2547 574 vivendi
2582 520 2844 582 instituta,
2875 518 3056 586 pietati
3086 533 3333 581 veraeque
3356 517 3602 586 religioni
3636 516 3747 581 ad-

2144 611 2356 680 jiciens,
2386 626 2490 665 non
2522 613 2692 665 solum
2722 611 2843 665 ﬁdei
2894 612 3261 676 aluutnorum,
3295 610 3389 665 sed
3420 625 3607 665 eorum
3639 610 3737 679 qui

2150 703 2391 756 laborant
2419 702 2609 757 morbo
2631 703 3045 768 incredulitatis,
3081 703 3147 757 ad
3174 701 3495 756 laudandum
3527 704 3740 772 linguas

2149 795 2370 849 excitat.
2422 795 2493 847 Et
2538 795 2679 862 quod
2710 796 2782 847 ita
2829 809 2889 849 se
2946 794 3159 857 habeat,
3205 809 3310 847 non
3352 794 3523 847 solum
3563 793 3735 847 verba

2154 894 2437 950 testantur,
2468 886 2560 939 sed
2589 890 2748 940 etiam
2775 901 2861 939 res
2889 886 3022 952 ipsa:
3047 886 3299 939 clamant.
3340 884 3734 939 lsmaelitarum

2153 977 2293 1029 enim
2343 978 2505 1031 millia
2560 977 2995 1041 innumerabilia,
3046 992 3165 1043 qua:
3196 977 3483 1045 impietatis
3529 977 3743 1030 servie-

2157 1067 2283 1121 bant
2313 1069 2553 1138 caligini,
2579 1069 2667 1122 illa
2699 1070 2748 1121 in
2772 1070 3019 1122 columna
3053 1066 3370 1120 illuminavit
3392 1066 3573 1119 statio.
3608 1066 3744 1119 Nam

2157 1159 2317 1213 veluti
2350 1174 2512 1227 super
2540 1159 2923 1213 candelabrum
2956 1157 3169 1227 aliquod
3200 1157 3375 1225 posita
3407 1158 3523 1210 haec
3561 1157 3747 1210 lucer-

2160 1262 2225 1299 na
2260 1248 2611 1315 lucidissima,
2646 1249 2776 1301 solis
2805 1250 2971 1301 instar
2999 1248 3177 1302 emisit
3205 1246 3627 1314 circumquaque
3657 1262 3749 1299 ra-

2159 1339 2293 1403 dios;
2311 1350 2362 1392 et
2387 1353 2487 1396 est.
2509 1341 2901 1406 utdixi,videre
2921 1341 3099 1394 Iberos
3123 1340 3419 1405 venientes,
3444 1349 3498 1394 et
3520 1340 3740 1404 Persas,

2158 1442 2215 1485 et
2243 1432 2548 1496 Armenios,
2581 1442 2633 1485 et
2657 1431 2897 1486 divinum
2931 1434 3249 1500 baptismum
3277 1432 3625 1497 accipientes.
3656 1429 3743 1483 ls-

2161 1526 2389 1580 maelita:
2438 1534 2617 1580 autem
2651 1526 2919 1579 turmatim
2967 1526 3281 1588 venientes,
3313 1508 3528 1579 ducenti
3582 1524 3748 1577 simul

2159 1629 2212 1673 et
2237 1620 2457 1674 trecenti
2505 1628 2561 1673 et
2613 1632 2992 1687 noununqnant
3043 1619 3204 1672 etiam
3254 1618 3437 1681 mille;
3494 1631 3745 1671 errorem

2164 1711 2374 1779 quidem
2408 1712 2635 1779 patrium
2691 1720 2886 1782 negant
2927 1726 3048 1765 cum
3096 1711 3372 1766 clamore:
3401 1725 3519 1777 qua:
3565 1719 3749 1764 autem

484 1818 622 1872 hanc
658 1819 847 1869 factam
881 1813 1044 1867 fuisse
1073 1813 1381 1866 stationem.
1426 1808 1780 1876 Quamobrem
1811 1821 1905 1859 eos
1937 1806 2059 1858 hor—
2094 1808 2134 1866 Β
2165 1803 2237 1857 illi
2280 1804 2558 1858 coluerant
2602 1803 2906 1871 simulacra,
2955 1814 3079 1857 ante
3109 1818 3358 1872 magnum
3387 1800 3518 1855 illud
3560 1804 3749 1855 lumen

481 1918 565 1963 tor
594 1909 680 1975 qui
706 1903 1126 1975 reprehendendi
1152 1903 1326 1955 studio
1356 1900 1709 1962 delectantur,
1735 1909 1791 1950 ut
1819 1896 2051 1966 linguam

480 2016 632 2056 suam
663 1999 954 2058 relrcnent,
985 2004 1040 2050 et
1062 2010 1165 2048 non
1196 2004 1394 2048 temere
1423 2006 1539 2044 eam
1564 1989 1688 2043 ferri
1719 1989 2052 2057 permittant,

482 2093 578 2146 sed
612 2091 784 2157 potius
814 2087 1154 2143 considerent
1180 2083 1320 2154 quod
1370 2098 1511 2151 sarpe
1540 2080 1670 2133 talia
1722 2080 2056 2133 machinatus

480 2191 565 2235 est
613 2180 869 2234 Dominus
914 2189 967 2231 ut
991 2180 1070 2231 eis
1101 2175 1377 2246 prodesset
1402 2173 1492 2242 qui
1538 2180 1663 2225 sunt
1690 2170 2054 2225 socordiores.

484 2272 696 2327 Etenim
739 2272 898 2339 jussit
926 2270 1108 2323 Isaiam
1156 2265 1431 2321 ambulare
1465 2262 1661 2316 nudum
1691 2272 1743 2316 et
1773 2262 1924 2315 nudis
1968 2273 2056 2328 pe-

483 2365 639 2418 dibus
661 2363 814 2432 (lsai.
842 2365 963 2429 xx);
1010 2359 1297 2414 .leremiam
1325 2356 1518 2410 lumbis
1542 2356 1809 2425 cingulum
1832 2353 2058 2406 circum-

484 2471 703 2527 ponere,
731 2464 784 2509 et
812 2456 887 2506 sic
916 2451 1205 2506 incredulis
1235 2449 1427 2504 ollerre
1470 2447 1801 2515 praphetiam
1842 2442 2055 2513 (larem.

484 2547 626 2615 snt),
661 2553 715 2597 et
759 2543 1039 2615 aliquando
1098 2540 1260 2596 etiam
1311 2540 1483 2608 lignea
1508 2538 1726 2591 collaria
1772 2533 2055 2589 ctferrum

486 2637 625 2690 collo
653 2636 927 2704 imponere
958 2630 1178 2702 (larem.
1213 2631 1411 2698 xxvn);
1439 2628 1728 2697 quinetiam
1757 2628 1894 2679 Osee
1922 2640 2057 2693 quo-

489 2738 824 2794 ]nenxt-retn
872 2723 1114 2790 accipere
1171 2718 1525 2780 lortticariam,
1579 2726 1632 2770 et
1661 2731 1847 2769 rursus
1876 2729 2057 2771 amare

486 2817 764 2871 mulierem
843 2812 1179 2867 fornicariam
1230 2818 1285 2865 et
1336 2809 1628 2862 adulteram
1673 2806 1825 2876 (Osee
1872 2808 1951 2876 t);
2003 2819 2055 2861 et

484 2906 750 2959 Ezechieli
784 2919 945 2972 super
972 2903 1250 2957 dexterum
1303 2900 1440 2954 latus
1481 2899 1677 2953 cubare
1706 2898 2055 2967 quadraginta

482 2994 620 3056 dies,
679 3003 735 3047 et
774 3008 934 3060 super
985 2995 1513 3046 sinistrumrcentum
1558 2996 1612 3042 et
1668 2988 2054 3057 quinquaginta

485 3085 698 3157 (Ezeclt.
730 3085 824 3155 tv),
880 3092 935 3139 et
962 3099 1146 3139 rursus
1176 3096 1384 3136 murum
1418 3080 1718 3149 perfodere,
1758 3088 1813 3133 et
1844 3079 2053 3152 fugien-

485 3185 591 3229 tem
614 3174 783 3237 exire,
802 3183 856 3229 et
877 3173 976 3226 sibi
999 3172 1299 3227 describere
1319 3174 1675 3239 captivitatem
1696 3170 1909 3242 (Ezech.
1928 3173 2054 3240 stt);
2085 3157 2129 3221 C

486 3266 771 3334 quinetiam
800 3277 982 3318 ensem
1011 3262 1295 3331 aliquando
1323 3276 1533 3327 acuere,
1559 3271 1612 3316 et
1632 3278 1696 3317 eu
1723 3274 1876 3332 caput
1900 3264 2058 3317 rade-

486 3369 565 3418 re,
607 3363 661 3408 et
706 3353 759 3407 in
806 3361 1030 3421 quatuor
1075 3363 1255 3420 partes
1301 3352 1527 3419 capillos
1559 3351 1819 3417 dividere,
1845 3362 1899 3409 et
1924 3354 2061 3407 alios

482 3443 696 3513 quidem
741 3442 884 3507 huic,
936 3442 1067 3496 alios
1094 3456 1221 3495 vero
1268 3440 1339 3495 illi
1376 3441 1697 3497 distribuere
1735 3443 1946 3513 (Ezech.
1978 3442 2057 3512 v),

487 3546 555 3585 ne
595 3532 772 3586 omnia
833 3545 1160 3584 recenseam.
1204 3530 1625 3600 Unumquodque
1648 3544 1820 3586 autem
1872 3532 2060 3588 borum

485 3621 645 3689 jussit
676 3623 787 3675 ﬁeri
818 3622 1009 3674 Rcctor
1039 3622 1435 3688 universarum,
1464 3636 1556 3674 eos
1577 3623 1665 3692 qui
1697 3625 1925 3677 sermoni
1955 3641 2061 3679 non

382 3720 397 3735 ο
488 3712 760 3780 part-baut,
782 3727 878 3766 nec
902 3721 958 3765 ut
982 3711 1544 3780 prophetiasandireut
1577 3713 1627 3766 in
1653 3715 1885 3770 animum
1918 3717 2064 3773 indu-

485 3801 697 3866 cebant,
746 3800 1160 3856 admirabilitate
1189 3802 1479 3871 spectaculi
1511 3803 1766 3874 colligens
1815 3816 1867 3861 et
1898 3817 1954 3863 ut
1977 3809 2063 3863 di-

487 3893 604 3948 vina
624 3896 784 3966 851
817 3910 1071 3963 responsa
1121 3895 1388 3958 audirent,
1421 3895 1680 3951 efﬁciens.
1732 3896 1863 3964 Quis
1918 3899 2062 3954 enim

488 4002 592 4041 non
608 3984 1030 4053 obstupuit,cum
1057 3985 1264 4040 videret
1289 3986 1525 4040 divinum
1558 3986 1835 4043 hominem
1865 3991 2060 4045 nudum

488 4075 877 4147 ingredientem
911 4075 1059 4146 (7i)?
1083 4076 1210 4141 Quis
1239 4084 1414 4129 autem
1447 4092 1551 4131 non
1574 4076 1900 4133 desideravit
1926 4082 2064 4135 scire

486 4185 699 4226 causam
722 4184 817 4223 cur
833 4168 931 4223 hoc
950 4168 1129 4223 ﬁeret?
1150 4170 1276 4236 Quis
1293 4177 1468 4223 autem
1500 4185 1603 4223 non
1622 4180 1703 4225 est
1723 4181 2063 4239 percontatus

488 4277 585 4319 cur
614 4261 954 4317 loruicariam
989 4259 1242 4329 prepheta
1270 4275 1450 4314 secum
1494 4260 1733 4314 habitare
1772 4268 2061 4331 pateretur.

557 4369 838 4439 Quomodo
876 4384 1003 4437 ergo
1046 4370 1413 4422 universorum
1462 4369 1601 4423 Deus
1640 4370 1801 4436 jussit
1847 4369 2056 4423 illorum

488 4462 900 4532 unumquodque
932 4462 1044 4515 lieri
1068 4500 1082 4525 ,
1119 4476 1301 4514 coram
1327 4475 1521 4530 gerens
1546 4475 1731 4513 eorum
1756 4461 1843 4529 qui
1870 4462 2053 4530 ignave

2159 1903 2496 1950 contereutes
2517 1937 2530 1958 ,
2556 1905 2609 1949 et
2647 1894 2869 1950 Veneris
2900 1894 3073 1961 Orgiis
3103 1895 3469 1949 renuntiantes
3503 1894 3606 1964 (ab
3634 1893 3751 1947 alto

2159 1987 2300 2041 enim
2331 1988 2571 2055 repetitis
2617 1986 2947 2055 temporibus
2990 1995 3312 2055 acceperant
3354 1987 3556 2039 cultum
3585 1985 3751 2051 hujus

2159 2077 2439 2144 dmmonis)
2469 2077 2647 2132 divina
2682 2078 2978 2146 percipiunt
3026 2086 3387 2142 sacramenta;
3423 2077 3567 2147 leges
3592 2079 3747 2131 acci-

2161 2171 2364 2238 pientes
2392 2169 2622 2223 adiviua
2668 2170 2758 2223 illa
2803 2169 3001 2239 lingua,
3033 2179 3087 2223 et
3138 2169 3339 2237 patrios
3389 2154 3535 2222 ritus.
3557 2168 3747 2224 valere

2155 2261 2431 2332 jubentes,
2456 2260 2834 2330 asinormnque
2850 2260 3139 2330 agrestium
3161 2268 3217 2314 et
3236 2260 3562 2314 camelorum
3592 2275 3749 2313 csum

2159 2348 2500 2424 abnegantes.
2532 2352 2743 2422 Easque
2772 2368 2870 2421 ego
2902 2364 2956 2406 et
2985 2351 3094 2405 vidi
3117 2364 3171 2407 et
3208 2353 3386 2406 audivi
3414 2364 3471 2406 et
3502 2352 3737 2419 patriam

2158 2446 2488 2515 impietatem
2526 2445 2877 2514 abuegantes,
2911 2453 2966 2498 et
3006 2443 3267 2499 doctrina:
3304 2444 3627 2514 evangelica:
3657 2458 3750 2496 as-

2158 2538 2473 2593 setttienles.

2234 2632 2414 2687 Semel
2442 2639 2619 2684 autem
2650 2628 2938 2683 maximum
2960 2627 3064 2682 adii
3095 2627 3418 2698 periculum;
3453 2628 3569 2697 ipse
3596 2629 3747 2682 enim

2160 2727 2240 2782 eis
2261 2725 2397 2779 dixit
2418 2734 2478 2777 ttt
2504 2723 2569 2776 ad
2587 2736 2671 2775 me
2687 2722 3032 2785 accederent,
3057 2730 3111 2774 et
3137 2719 3520 2774 sacerdotalem
3540 2722 3750 2786 accipe-

2160 2824 2280 2871 reut
2330 2812 2794 2879 benedictionem,
2844 2810 3029 2865 dicens
3072 2804 3185 2864 fore
3232 2821 3290 2864 ut
3337 2824 3583 2879 magnum
3618 2810 3747 2863 hinc

2161 2906 2391 2962 fructum
2416 2905 2769 2974 perciperent.
2800 2902 2930 2957 Cum
2956 2903 3026 2955 illi
3047 2913 3227 2956 autem
3252 2901 3408 2969 paulo
3432 2900 3600 2969 magis
3626 2902 3739 2955 bar-

2163 3001 2343 3056 batice
2373 2997 2797 3060 concurrissent,
2849 2996 2938 3049 alii
2986 2995 3201 3063 quidem
3246 3005 3369 3048 ante
3419 2996 3745 3060 trahebant,

2161 3093 2247 3146 alii
2279 3107 2403 3147 vero
2426 3106 2583 3160 pone,
2607 3090 2694 3144 alii
2723 3097 2899 3143 autem
2917 3103 2981 3143 ex
3012 3087 3233 3157 obliquo
3259 3106 3271 3140 :
3299 3087 3388 3158 qui
3411 3100 3591 3142 autem
3620 3088 3747 3143 aliis

2162 3186 2386 3241 aberant
2412 3183 2624 3255 longius
2644 3223 2660 3249 ,
2690 3182 2976 3247 irruentes,
3007 3188 3063 3235 et
3090 3194 3280 3234 manus
3311 3181 3699 3248 protendentes
3719 3219 3743 3245 .

2161 3278 2245 3331 alii
2270 3277 2482 3347 quidem
2508 3277 2725 3330 barbam
2746 3273 3035 3339 vellebant,
3062 3273 3151 3327 alii
3177 3288 3306 3327 vero
3338 3283 3522 3328 vestes
3546 3287 3750 3342 appre-

2161 3369 2495 3434 lteudebaut;
2521 3376 2577 3424 et
2602 3384 2632 3422 a
2662 3367 3051 3422 vehementiori
3078 3365 3294 3419 illorum
3324 3365 3473 3419 aditu
3524 3364 3748 3419 fuissem

2166 3461 2479 3524 suﬁ‘ocatus,
2528 3460 2627 3513 nisi
2656 3459 2747 3514 ille
2771 3461 3058 3514 clamorem
3089 3457 3276 3521 edens,
3321 3471 3509 3511 omnes
3537 3458 3749 3526 disper-

2162 3556 2340 3609 sisset.
2373 3551 2580 3613 Talem,
2612 3564 2733 3619 qutn
2757 3566 2782 3601 a
2808 3549 3086 3603 dicacibus
3119 3549 3370 3603 irridetur
3400 3547 3738 3614 hominibus,

2161 3642 2407 3697 columna
2434 3641 2622 3697 effudit
2651 3641 2959 3703 utilitatem,
3008 3648 3063 3694 et
3091 3648 3296 3693 tantum
3323 3637 3503 3693 emisit
3533 3637 3747 3692 radium

2164 3736 2255 3790 Dei
2284 3736 2600 3804 cognitionis
2627 3736 2677 3787 in
2709 3744 2914 3787 mentes
2947 3731 3315 3787 barbarorum.

2233 3826 2359 3881 Scio
2388 3825 2547 3878 etiam
2578 3823 2720 3877 aliud
2766 3824 2834 3877 ab
2879 3837 2945 3877 eo
2992 3822 3159 3877 fuisse
3206 3821 3400 3876 factum
3453 3819 3745 3891 ejusmodi.

2163 3916 2494 3971 Obsecrabat
2522 3929 2621 3968 una
2656 3912 2828 3967 tribus
2853 3913 3087 3968 divinum
3118 3913 3410 3975 hominem,
3455 3922 3513 3966 ut
3550 3912 3749 3980 depre-

2164 4007 2427 4062 cationem
2457 4006 2738 4075 quamdam
2789 4014 2845 4059 et
2884 4005 3306 4062 benedictionem
3338 4008 3601 4061 emitteret
3628 4019 3748 4060 sua:

2171 4099 2339 4152 tribus
2370 4099 2621 4167 praelecto
2662 4097 2801 4154 :alia
2830 4108 3006 4151 autem
3032 4112 3154 4167 qua:
3183 4099 3369 4153 aderat
3410 4099 3581 4153 tribus
3609 4112 3750 4153 con-

2168 4190 2482 4255 tradicebat,
2505 4189 2689 4243 ditens
2717 4204 2819 4242 non
2844 4198 3090 4259 oportere
3115 4190 3188 4244 illi
3213 4190 3384 4245 emitti
3409 4189 3751 4244 benedictio-

2166 4295 2309 4343 nem,
2351 4280 2445 4335 sed
2469 4281 2516 4335 ei
2547 4281 2639 4349 qui
2673 4288 2867 4348 praeest
2893 4296 3002 4334 sua:
3033 4282 3220 4347 tribui;
3269 4283 3416 4336 illum
3449 4281 3593 4337 enim
3624 4297 3752 4336 esse

2166 4371 2598 4444 injustis-imum,
2629 4373 2768 4426 hunc
2793 4388 2918 4426 vero
2943 4374 3177 4427 alienum
3205 4374 3272 4427 ab
3293 4373 3581 4441 injustitia.
3609 4373 3751 4430 Cum

2169 4474 2348 4518 autem
2377 4463 2517 4518 inter
2534 4478 2629 4518 eos
2647 4476 2835 4532 magna
2856 4462 3043 4518 luisset
3060 4465 3331 4518 contentio
3350 4504 3365 4527 .
3390 4476 3443 4520 et
3470 4465 3752 4520 barbarica

486 4566 541 4611 et
566 4556 861 4611 socorditer
893 4552 1173 4616 vivebant;
1209 4552 1279 4606 ita
1328 4554 1489 4607 etiam
1524 4554 1624 4607 hoc
1654 4567 1848 4605 novum
1879 4562 1931 4605 et
1960 4555 2055 4607 ad-
2090 4524 2144 4586 Β
2171 4556 2483 4619 decertatio,
2508 4553 3415 4613 tandeminseinvicemirrueruut.
3443 4559 3552 4627 Ego
3567 4568 3751 4612 autem

490 4648 733 4703 mirabile
757 4648 1059 4715 procuravit
1086 4646 1471 4713 spectaculum,
1502 4646 1579 4699 rei
1616 4649 1851 4699 novitate
1878 4656 1930 4698 et
1961 4645 2055 4698 ad-

489 4740 827 4792 mirabilitate
854 4752 1040 4790 omnes
1085 4738 1302 4790 trahens
1328 4736 1391 4786 ad
1424 4733 1796 4802 spectandum,
1840 4744 1893 4787 et
1938 4734 2059 4787 elli-

487 4832 632 4883 ciens
656 4838 712 4882 ut
736 4828 1146 4882 advenientibus
1188 4827 1460 4881 credibilis
1492 4826 1840 4879 exhiberetur
1871 4826 2059 4879 admo-

491 4921 640 4974 nitio.
675 4921 890 4974 Novitas
937 4920 1080 4972 enim
1128 4918 1417 4985 spectaculi
1463 4926 1546 4971 est
1573 4918 1761 4986 pignus
1791 4918 2061 4975 sufﬁciens

488 5011 771 5068 doctrinae:
802 5021 855 5064 et
884 5011 971 5076 qui
1005 5011 1149 5065 venit
1180 5010 1243 5060 ad
1276 5011 1663 5075 spectaculum,
1696 5027 1813 5064 rum
1848 5026 1932 5065 res
1975 5010 2059 5065 di-

490 5102 640 5156 vinas
669 5100 857 5154 doctus
885 5102 1045 5154 fuerit
1069 5098 1292 5153 recedit.
1318 5099 1384 5152 Et
1406 5100 1852 5167 quemadmodum
1882 5102 1916 5154 ii
1939 5101 2060 5170 qui-

492 5194 587 5247 bus
615 5192 804 5261 obtigit
836 5202 891 5245 nt
920 5201 1097 5246 essent
1128 5206 1277 5259 reges
1309 5191 1605 5256 hominum,
1658 5202 1779 5260 post
1822 5192 2055 5261 aliquam

491 5295 742 5352 temporis
758 5284 1158 5337 conversionem
1179 5290 1384 5335 mutant
1406 5282 1661 5350 imagines
1684 5298 2053 5347 nummorum;

458 5375 773 5443 aliquando
822 5375 1034 5443 quidem
1089 5372 1302 5425 leonum
1352 5372 1722 5440 exprimentes
1770 5374 2055 5444 imagines,

458 5510 461 5511 ν
488 5466 773 5537 aliquando
798 5472 972 5518 autem
1000 5463 1300 5529 stellarum,
1331 5473 1386 5519 et
1412 5465 1694 5533 aliquando
1722 5469 2053 5537 angelorum,

488 5572 626 5611 novo
674 5556 979 5610 charactere
1029 5563 1293 5609 tentantes
1338 5570 1526 5610 aurum
1585 5558 1810 5613 reddere
1863 5560 2058 5627 pretio-

458 5650 728 5704 isius:ita
774 5650 935 5703 etiam
989 5661 1228 5702 summus
1281 5648 1394 5703 Rex
1448 5648 1842 5711 universorum,
1888 5652 2053 5707 veluti

2168 4648 2367 4717 prolixa
2398 4661 2524 4701 usus
2551 4646 2814 4710 oratione,
2848 4645 3139 4700 suadebant
3174 4656 3230 4700 ut
3251 4648 3627 4715 quiescerent;
3662 4656 3751 4700 ut-

2169 4748 2292 4806 pote
2320 4738 2461 4805 quod
2507 4737 2587 4790 vir
2612 4736 2823 4789 divinus
2852 4736 3125 4791 sufﬁceret
3166 4737 3230 4791 ad
3262 4738 3491 4792 dandam
3521 4748 3576 4793 et
3614 4737 3746 4793 huic

2169 4839 2225 4885 et
2255 4832 2328 4885 illi
2360 4829 2810 4885 benedictionem.
2863 4829 2965 4883 Sed
2998 4829 3051 4883 hi
3098 4845 3310 4900 quoque
3338 4831 3590 4887 dicebant
3636 4848 3751 4890 non

2168 4932 2416 4990 oportere
2458 4921 2607 4975 illum
2640 4920 2775 4974 hanc
2801 4921 3035 4989 assequi,
3080 4931 3136 4975 et
3182 4923 3255 4975 illi
3286 4938 3347 4977 ea
3378 4924 3605 4979 alterum
3637 4925 3752 4993 pri-

2168 5026 2293 5067 vare
2321 5012 2674 5066 conabantur.
2702 5010 2832 5065 Cum
2864 5012 2945 5065 eis
2972 5021 3148 5066 autem
3181 5014 3412 5082 desuper
3450 5026 3596 5069 esset
3638 5018 3749 5071 mi-

2170 5112 2349 5166 natus,
2381 5113 2435 5157 et
2462 5118 2556 5157 eos
2581 5117 2743 5157 canes
2776 5112 3039 5168 vocasset,
3072 5104 3160 5158 vix
3182 5100 3416 5161 sedavit
3441 5110 3750 5162 contentio-

2166 5209 2309 5249 nem.
2346 5194 2469 5247 lltrc
2498 5201 2675 5248 autem
2705 5193 2839 5258 άπιὶ,
2868 5195 3052 5248 volens
3072 5196 3358 5252 ostendere
3380 5210 3576 5265 quanta
3598 5211 3754 5257 esset:

2163 5302 2348 5340 eorum
2372 5286 2533 5339 animi
2548 5284 2707 5340 ﬁdes.
2740 5284 2850 5338 Non
2870 5287 3010 5339 enim
3031 5287 3107 5341 sic
3131 5286 3268 5342 inter
3287 5304 3347 5345 se
3374 5290 3744 5359 iusaniissent,

2167 5380 2267 5434 nisi
2297 5380 2462 5433 divini
2490 5379 2586 5435 viri
2617 5380 3038 5438 benedictionem
3079 5385 3436 5441 credidissent
3457 5392 3750 5447 maximam

2167 5470 2361 5524 habere
2389 5470 2655 5525 virtutem.

2241 5560 2355 5613 \‘idi
2404 5571 2581 5613 autem
2638 5560 2776 5614 aliud
2832 5577 3044 5631 quoque
3089 5565 3407 5621 miraculum
3456 5570 3599 5639 quod
3645 5572 3746 5631 fuit

2167 5650 2320 5705 valde
2366 5651 2715 5707 celebratum.
2786 5652 3012 5718 Quidam
3064 5655 3203 5709 cnim
3257 5657 3529 5731 ingressus
3584 5664 3750 5735 (erat

555 5764 569 5793 ¹
602 5762 657 5816 (Συ
679 5762 875 5817 drcnns
905 5761 1015 5817 haec
1044 5760 1204 5816 habet
1229 5764 1392 5819 verbo
1420 5774 1592 5831 tenus,
1628 5780 1767 5820 anno
1790 5765 1855 5817 39.
1884 5764 2187 5819 Thvodosii.
