  <div class='ocr_page' id='page_1' title='image "/cluster/home/n/w/nwhite01/storage/ocr_20150623/74/hvd.32044015469372/062.png"; bbox 0 0 4052 6362; ppageno 0'>
   <div class='ocr_carea' id='block_1_1' title="bbox 253 297 356 354">
    <p class='ocr_par' dir='ltr' id='par_1_1' title="bbox 253 297 356 354">
     <span class='ocr_line' id='line_1_1' title="bbox 253 297 356 354; baseline -0.029 1"><span class='ocrx_word' id='word_1_1' title='bbox 253 297 356 354; x_wconf 72' lang='grc'><strong>105</strong></span> 
     </span>
    </p>
   </div>
   <div class='ocr_carea' id='block_1_2' title="bbox 460 362 517 384">
    <p class='ocr_par' dir='ltr' id='par_1_2' title="bbox 460 362 517 384">
     <span class='ocr_line' id='line_1_2' title="bbox 460 362 517 384; baseline 0 -6"><span class='ocrx_word' id='word_1_2' title='bbox 460 362 517 384; x_wconf 51' lang='grc' dir='ltr'><strong>φ</strong></span> 
     </span>
    </p>
   </div>
   <div class='ocr_carea' id='block_1_3' title="bbox 1330 277 2420 346">
    <p class='ocr_par' dir='ltr' id='par_1_3' title="bbox 1330 277 2420 346">
     <span class='ocr_line' id='line_1_3' title="bbox 1330 277 2420 346; baseline -0.007 -5"><span class='ocrx_word' id='word_1_3' title='bbox 1330 280 1780 346; x_wconf 80' lang='lat' dir='ltr'><strong>PHILOTHEUS,</strong></span> <span class='ocrx_word' id='word_1_4' title='bbox 1821 293 1936 332; x_wconf 74' lang='lat' dir='ltr'><strong>SIVE</strong></span> <span class='ocrx_word' id='word_1_5' title='bbox 1976 277 2420 334; x_wconf 76' lang='lat' dir='ltr'><strong>THEOPHILES.</strong></span> 
     </span>
    </p>
   </div>
   <div class='ocr_carea' id='block_1_4' title="bbox 3411 271 3553 339">
    <p class='ocr_par' dir='ltr' id='par_1_4' title="bbox 3411 271 3553 339">
     <span class='ocr_line' id='line_1_4' title="bbox 3411 271 3553 339; baseline 0 -13"><span class='ocrx_word' id='word_1_6' title='bbox 3411 271 3553 339; x_wconf 45' lang='grc' dir='ltr'><strong>ιοδν</strong></span> 
     </span>
    </p>
   </div>
   <div class='ocr_carea' id='block_1_5' title="bbox 253 389 3515 477">
    <p class='ocr_par' dir='ltr' id='par_1_5' title="bbox 253 389 3515 477">
     <span class='ocr_line' id='line_1_5' title="bbox 253 389 3515 477; baseline -0.005 -19"><span class='ocrx_word' id='word_1_7' title='bbox 253 420 433 466; x_wconf 74' lang='lat' dir='ltr'><strong>autem</strong></span> <span class='ocrx_word' id='word_1_8' title='bbox 464 406 511 463; x_wconf 86' lang='lat' dir='ltr'><strong>is</strong></span> <span class='ocrx_word' id='word_1_9' title='bbox 534 420 749 477; x_wconf 84' lang='lat' dir='ltr'><strong>quoque</strong></span> <span class='ocrx_word' id='word_1_10' title='bbox 786 404 1174 461; x_wconf 85' lang='lat' dir='ltr'><strong>Saracenorum</strong></span> <span class='ocrx_word' id='word_1_11' title='bbox 1224 401 1379 455; x_wconf 90' lang='lat' dir='ltr'><strong>unius</strong></span> <span class='ocrx_word' id='word_1_12' title='bbox 1424 399 1596 453; x_wconf 84' lang='lat' dir='ltr'><strong>tribus</strong></span> <span class='ocrx_word' id='word_1_13' title='bbox 1642 392 1832 465; x_wconf 68' lang='lat' dir='ltr'><strong>praefe-</strong></span> <span class='ocrx_word' id='word_1_14' title='bbox 1860 395 1908 451; x_wconf 82' lang='grc' dir='ltr'><strong>Α</strong></span> <span class='ocrx_word' id='word_1_15' title='bbox 1942 400 2049 446; x_wconf 87' lang='lat' dir='ltr'><strong>tum</strong></span> <span class='ocrx_word' id='word_1_16' title='bbox 2080 393 2361 447; x_wconf 88' lang='lat' dir='ltr'><strong>allaturam</strong></span> <span class='ocrx_word' id='word_1_17' title='bbox 2382 432 2399 459; x_wconf 94' lang='lat'><strong>,</strong></span> <span class='ocrx_word' id='word_1_18' title='bbox 2429 406 2549 447; x_wconf 90' lang='lat' dir='ltr'><strong>eum</strong></span> <span class='ocrx_word' id='word_1_19' title='bbox 2579 390 2755 446; x_wconf 89' lang='lat' dir='ltr'><strong>divina</strong></span> <span class='ocrx_word' id='word_1_20' title='bbox 2784 389 3069 445; x_wconf 88' lang='lat' dir='ltr'><strong>clementia</strong></span> <span class='ocrx_word' id='word_1_21' title='bbox 3096 404 3217 444; x_wconf 80' lang='lat' dir='ltr'><strong>mox</strong></span> <span class='ocrx_word' id='word_1_22' title='bbox 3258 401 3515 459; x_wconf 91' lang='lat' dir='ltr'><strong>sequatur</strong></span> 
     </span>
    </p>
   </div>
   <div class='ocr_carea' id='block_1_6' title="bbox 251 492 1833 572">
    <p class='ocr_par' dir='ltr' id='par_1_6' title="bbox 251 492 1833 572">
     <span class='ocr_line' id='line_1_6' title="bbox 251 492 1833 572; baseline -0.013 -14"><span class='ocrx_word' id='word_1_23' title='bbox 251 506 396 572; x_wconf 91' lang='lat' dir='ltr'><strong>ctus)</strong></span> <span class='ocrx_word' id='word_1_24' title='bbox 423 500 647 570; x_wconf 77' lang='lat' dir='ltr'><strong>supplex</strong></span> <span class='ocrx_word' id='word_1_25' title='bbox 673 497 888 569; x_wconf 83' lang='lat' dir='ltr'><strong>petebat</strong></span> <span class='ocrx_word' id='word_1_26' title='bbox 911 512 940 550; x_wconf 90' lang='lat' dir='ltr'><strong>a</strong></span> <span class='ocrx_word' id='word_1_27' title='bbox 962 496 1142 551; x_wconf 90' lang='lat' dir='ltr'><strong>divino</strong></span> <span class='ocrx_word' id='word_1_28' title='bbox 1161 495 1336 565; x_wconf 90' lang='lat' dir='ltr'><strong>capite</strong></span> <span class='ocrx_word' id='word_1_29' title='bbox 1360 503 1417 546; x_wconf 92' lang='lat' dir='ltr'><strong>ut</strong></span> <span class='ocrx_word' id='word_1_30' title='bbox 1441 492 1651 545; x_wconf 79' lang='lat' dir='ltr'><strong>cuidam</strong></span> <span class='ocrx_word' id='word_1_31' title='bbox 1675 502 1833 552; x_wconf 79' lang='lat' dir='ltr'><strong>apem</strong></span> 
     </span>
    </p>
   </div>
   <div class='ocr_carea' id='block_1_7' title="bbox 253 579 1833 658">
    <p class='ocr_par' dir='ltr' id='par_1_7' title="bbox 253 579 1833 658">
     <span class='ocr_line' id='line_1_7' title="bbox 253 579 1833 658; baseline -0.012 -11"><span class='ocrx_word' id='word_1_32' title='bbox 253 593 450 658; x_wconf 83' lang='lat' dir='ltr'><strong>ferret,</strong></span> <span class='ocrx_word' id='word_1_33' title='bbox 482 591 570 646; x_wconf 91' lang='lat' dir='ltr'><strong>cui</strong></span> <span class='ocrx_word' id='word_1_34' title='bbox 601 591 653 645; x_wconf 93' lang='lat' dir='ltr'><strong>in</strong></span> <span class='ocrx_word' id='word_1_35' title='bbox 680 590 765 643; x_wconf 90' lang='lat' dir='ltr'><strong>via</strong></span> <span class='ocrx_word' id='word_1_36' title='bbox 798 598 953 642; x_wconf 88' lang='lat' dir='ltr'><strong>erant</strong></span> <span class='ocrx_word' id='word_1_37' title='bbox 983 585 1213 656; x_wconf 86' lang='lat' dir='ltr'><strong>paralysi</strong></span> <span class='ocrx_word' id='word_1_38' title='bbox 1245 584 1415 636; x_wconf 91' lang='lat' dir='ltr'><strong>soluta</strong></span> <span class='ocrx_word' id='word_1_39' title='bbox 1448 579 1688 634; x_wconf 89' lang='lat' dir='ltr'><strong>membra</strong></span> <span class='ocrx_word' id='word_1_40' title='bbox 1716 590 1833 630; x_wconf 86' lang='lat' dir='ltr'><strong>cor-</strong></span> 
     </span>
    </p>
   </div>
   <div class='ocr_carea' id='block_1_8' title="bbox 264 667 1835 754">
    <p class='ocr_par' dir='ltr' id='par_1_8' title="bbox 264 667 1835 754">
     <span class='ocr_line' id='line_1_8' title="bbox 264 667 1835 754; baseline -0.013 -15"><span class='ocrx_word' id='word_1_41' title='bbox 264 686 432 754; x_wconf 87' lang='lat' dir='ltr'><strong>poris.</strong></span> <span class='ocrx_word' id='word_1_42' title='bbox 469 682 686 738; x_wconf 83' lang='lat' dir='ltr'><strong>Dicebat</strong></span> <span class='ocrx_word' id='word_1_43' title='bbox 730 689 909 734; x_wconf 87' lang='lat' dir='ltr'><strong>autem</strong></span> <span class='ocrx_word' id='word_1_44' title='bbox 950 694 1072 733; x_wconf 92' lang='lat' dir='ltr'><strong>eum</strong></span> <span class='ocrx_word' id='word_1_45' title='bbox 1104 676 1348 731; x_wconf 84' lang='lat' dir='ltr'><strong>morbum</strong></span> <span class='ocrx_word' id='word_1_46' title='bbox 1395 674 1444 726; x_wconf 90' lang='lat' dir='ltr'><strong>ei</strong></span> <span class='ocrx_word' id='word_1_47' title='bbox 1473 669 1736 725; x_wconf 88' lang='lat' dir='ltr'><strong>accidisse</strong></span> <span class='ocrx_word' id='word_1_48' title='bbox 1780 667 1835 720; x_wconf 88' lang='lat' dir='ltr'><strong>itt</strong></span> 
     </span>
    </p>
   </div>
   <div class='ocr_carea' id='block_1_9' title="bbox 254 759 1834 844">
    <p class='ocr_par' dir='ltr' id='par_1_9' title="bbox 254 759 1834 844">
     <span class='ocr_line' id='line_1_9' title="bbox 254 759 1834 844; baseline -0.011 -13"><span class='ocrx_word' id='word_1_49' title='bbox 254 775 513 831; x_wconf 85' lang='lat' dir='ltr'><strong>Callinico</strong></span> <span class='ocrx_word' id='word_1_50' title='bbox 560 774 668 844; x_wconf 89' lang='lat' dir='ltr'><strong>(est</strong></span> <span class='ocrx_word' id='word_1_51' title='bbox 705 780 883 825; x_wconf 87' lang='lat' dir='ltr'><strong>autem</strong></span> <span class='ocrx_word' id='word_1_52' title='bbox 914 769 966 823; x_wconf 89' lang='lat' dir='ltr'><strong>id</strong></span> <span class='ocrx_word' id='word_1_53' title='bbox 996 768 1276 824; x_wconf 84' lang='lat' dir='ltr'><strong>castellum</strong></span> <span class='ocrx_word' id='word_1_54' title='bbox 1308 766 1648 831; x_wconf 83' lang='lat' dir='ltr'><strong>maximum).</strong></span> <span class='ocrx_word' id='word_1_55' title='bbox 1698 759 1834 815; x_wconf 91' lang='lat' dir='ltr'><strong>Cum</strong></span> 
     </span>
    </p>
   </div>
   <div class='ocr_carea' id='block_1_10' title="bbox 258 856 1839 936">
    <p class='ocr_par' dir='ltr' id='par_1_10' title="bbox 258 856 1839 936">
     <span class='ocr_line' id='line_1_10' title="bbox 258 856 1839 936; baseline -0.011 -15"><span class='ocrx_word' id='word_1_56' title='bbox 258 868 307 921; x_wconf 91' lang='lat' dir='ltr'><strong>is</strong></span> <span class='ocrx_word' id='word_1_57' title='bbox 334 868 514 936; x_wconf 85' lang='lat' dir='ltr'><strong>itaque</strong></span> <span class='ocrx_word' id='word_1_58' title='bbox 558 864 749 918; x_wconf 82' lang='lat' dir='ltr'><strong>fuisset</strong></span> <span class='ocrx_word' id='word_1_59' title='bbox 773 862 967 915; x_wconf 85' lang='lat' dir='ltr'><strong>allatus</strong></span> <span class='ocrx_word' id='word_1_60' title='bbox 1014 860 1068 914; x_wconf 93' lang='lat' dir='ltr'><strong>in</strong></span> <span class='ocrx_word' id='word_1_61' title='bbox 1097 859 1350 920; x_wconf 88' lang='lat' dir='ltr'><strong>medium,</strong></span> <span class='ocrx_word' id='word_1_62' title='bbox 1380 856 1553 910; x_wconf 83' lang='lat' dir='ltr'><strong>effecit</strong></span> <span class='ocrx_word' id='word_1_63' title='bbox 1580 864 1635 906; x_wconf 91' lang='lat' dir='ltr'><strong>ut</strong></span> <span class='ocrx_word' id='word_1_64' title='bbox 1673 865 1839 922; x_wconf 86' lang='lat' dir='ltr'><strong>nega-</strong></span> 
     </span>
    </p>
   </div>
   <div class='ocr_carea' id='block_1_11' title="bbox 270 942 1839 1027">
    <p class='ocr_par' dir='ltr' id='par_1_11' title="bbox 270 942 1839 1027">
     <span class='ocr_line' id='line_1_11' title="bbox 270 942 1839 1027; baseline -0.012 -13"><span class='ocrx_word' id='word_1_65' title='bbox 270 970 354 1015; x_wconf 97' lang='lat' dir='ltr'><strong>ret</strong></span> <span class='ocrx_word' id='word_1_66' title='bbox 386 959 710 1027; x_wconf 86' lang='lat' dir='ltr'><strong>impietatem</strong></span> <span class='ocrx_word' id='word_1_67' title='bbox 741 954 1024 1021; x_wconf 79' lang='lat' dir='ltr'><strong>majorum.</strong></span> <span class='ocrx_word' id='word_1_68' title='bbox 1059 950 1157 1005; x_wconf 88' lang='lat' dir='ltr'><strong>Ubi</strong></span> <span class='ocrx_word' id='word_1_69' title='bbox 1207 959 1381 1003; x_wconf 89' lang='lat' dir='ltr'><strong>autem</strong></span> <span class='ocrx_word' id='word_1_70' title='bbox 1437 946 1679 1000; x_wconf 79' lang='lat' dir='ltr'><strong>lubenter</strong></span> <span class='ocrx_word' id='word_1_71' title='bbox 1710 942 1839 996; x_wconf 88' lang='lat' dir='ltr'><strong>obe-</strong></span> 
     </span>
    </p>
   </div>
   <div class='ocr_carea' id='block_1_12' title="bbox 258 1039 1829 1116">
    <p class='ocr_par' dir='ltr' id='par_1_12' title="bbox 258 1039 1829 1116">
     <span class='ocr_line' id='line_1_12' title="bbox 258 1039 1829 1116; baseline -0.011 -11"><span class='ocrx_word' id='word_1_72' title='bbox 258 1050 381 1115; x_wconf 83' lang='lat' dir='ltr'><strong>diit,</strong></span> <span class='ocrx_word' id='word_1_73' title='bbox 414 1059 471 1105; x_wconf 87' lang='lat' dir='ltr'><strong>et</strong></span> <span class='ocrx_word' id='word_1_74' title='bbox 517 1045 862 1116; x_wconf 86' lang='lat' dir='ltr'><strong>quodjussus</strong></span> <span class='ocrx_word' id='word_1_75' title='bbox 894 1046 1065 1098; x_wconf 83' lang='lat' dir='ltr'><strong>fuerat</strong></span> <span class='ocrx_word' id='word_1_76' title='bbox 1095 1040 1354 1110; x_wconf 79' lang='lat' dir='ltr'><strong>implevit,</strong></span> <span class='ocrx_word' id='word_1_77' title='bbox 1383 1039 1590 1108; x_wconf 78' lang='lat' dir='ltr'><strong>rogavit</strong></span> <span class='ocrx_word' id='word_1_78' title='bbox 1626 1052 1692 1089; x_wconf 92' lang='lat' dir='ltr'><strong>an</strong></span> <span class='ocrx_word' id='word_1_79' title='bbox 1724 1049 1829 1088; x_wconf 80' lang='lat' dir='ltr'><strong>cre-</strong></span> 
     </span>
    </p>
   </div>
   <div class='ocr_carea' id='block_1_13' title="bbox 258 1124 1840 1204">
    <p class='ocr_par' dir='ltr' id='par_1_13' title="bbox 258 1124 1840 1204">
     <span class='ocr_line' id='line_1_13' title="bbox 258 1124 1840 1204; baseline -0.013 -8"><span class='ocrx_word' id='word_1_80' title='bbox 258 1141 413 1196; x_wconf 81' lang='lat' dir='ltr'><strong>deret</strong></span> <span class='ocrx_word' id='word_1_81' title='bbox 456 1138 622 1203; x_wconf 86' lang='lat' dir='ltr'><strong>Patri,</strong></span> <span class='ocrx_word' id='word_1_82' title='bbox 667 1146 721 1191; x_wconf 91' lang='lat' dir='ltr'><strong>et</strong></span> <span class='ocrx_word' id='word_1_83' title='bbox 749 1135 1021 1204; x_wconf 77' lang='lat' dir='ltr'><strong>unigtnito</strong></span> <span class='ocrx_word' id='word_1_84' title='bbox 1062 1132 1219 1194; x_wconf 86' lang='lat' dir='ltr'><strong>Filio,</strong></span> <span class='ocrx_word' id='word_1_85' title='bbox 1272 1142 1328 1184; x_wconf 90' lang='lat' dir='ltr'><strong>et</strong></span> <span class='ocrx_word' id='word_1_86' title='bbox 1366 1137 1552 1182; x_wconf 84' lang='lat' dir='ltr'><strong>sancto</strong></span> <span class='ocrx_word' id='word_1_87' title='bbox 1598 1124 1840 1194; x_wconf 87' lang='lat' dir='ltr'><strong>Spiritui.</strong></span> 
     </span>
    </p>
   </div>
   <div class='ocr_carea' id='block_1_14' title="bbox 259 1216 1843 1287">
    <p class='ocr_par' dir='ltr' id='par_1_14' title="bbox 259 1216 1843 1287">
     <span class='ocr_line' id='line_1_14' title="bbox 259 1216 1843 1287; baseline -0.013 0"><span class='ocrx_word' id='word_1_88' title='bbox 259 1230 395 1287; x_wconf 88' lang='lat' dir='ltr'><strong>Cum</strong></span> <span class='ocrx_word' id='word_1_89' title='bbox 427 1232 471 1282; x_wconf 92' lang='lat' dir='ltr'><strong>is</strong></span> <span class='ocrx_word' id='word_1_90' title='bbox 498 1237 672 1283; x_wconf 91' lang='lat' dir='ltr'><strong>autem</strong></span> <span class='ocrx_word' id='word_1_91' title='bbox 723 1241 782 1281; x_wconf 84' lang='lat' dir='ltr'><strong>se</strong></span> <span class='ocrx_word' id='word_1_92' title='bbox 810 1226 1086 1279; x_wconf 82' lang='lat' dir='ltr'><strong>confessus</strong></span> <span class='ocrx_word' id='word_1_93' title='bbox 1131 1230 1277 1276; x_wconf 87' lang='lat' dir='ltr'><strong>esset</strong></span> <span class='ocrx_word' id='word_1_94' title='bbox 1322 1220 1575 1275; x_wconf 85' lang='lat' dir='ltr'><strong>credere:</strong></span> <span class='ocrx_word' id='word_1_95' title='bbox 1612 1217 1725 1281; x_wconf 91' lang='lat' dir='ltr'><strong>llis,</strong></span> <span class='ocrx_word' id='word_1_96' title='bbox 1761 1216 1843 1267; x_wconf 92' lang='lat' dir='ltr'><strong>in-</strong></span> 
     </span>
    </p>
   </div>
   <div class='ocr_carea' id='block_1_15' title="bbox 266 1311 1837 1393">
    <p class='ocr_par' dir='ltr' id='par_1_15' title="bbox 266 1311 1837 1393">
     <span class='ocr_line' id='line_1_15' title="bbox 266 1311 1837 1393; baseline -0.012 -16"><span class='ocrx_word' id='word_1_97' title='bbox 266 1324 406 1393; x_wconf 89' lang='lat' dir='ltr'><strong>quit,</strong></span> <span class='ocrx_word' id='word_1_98' title='bbox 438 1321 666 1375; x_wconf 88' lang='lat' dir='ltr'><strong>credens</strong></span> <span class='ocrx_word' id='word_1_99' title='bbox 694 1315 1138 1387; x_wconf 79' lang='lat' dir='ltr'><strong>appellationibus</strong></span> <span class='ocrx_word' id='word_1_100' title='bbox 1160 1357 1173 1381; x_wconf 95' lang='lat'><strong>,</strong></span> <span class='ocrx_word' id='word_1_101' title='bbox 1201 1327 1377 1381; x_wconf 82' lang='lat' dir='ltr'><strong>surge.</strong></span> <span class='ocrx_word' id='word_1_102' title='bbox 1411 1311 1699 1375; x_wconf 83' lang='lat' dir='ltr'><strong>Postquam</strong></span> <span class='ocrx_word' id='word_1_103' title='bbox 1750 1321 1837 1358; x_wconf 80' lang='lat' dir='ltr'><strong>au-</strong></span> 
     </span>
    </p>
   </div>
   <div class='ocr_carea' id='block_1_16' title="bbox 266 1398 1847 1479">
    <p class='ocr_par' dir='ltr' id='par_1_16' title="bbox 266 1398 1847 1479">
     <span class='ocr_line' id='line_1_16' title="bbox 266 1398 1847 1479; baseline -0.011 -12"><span class='ocrx_word' id='word_1_104' title='bbox 266 1425 373 1469; x_wconf 86' lang='lat' dir='ltr'><strong>teni</strong></span> <span class='ocrx_word' id='word_1_105' title='bbox 400 1409 669 1475; x_wconf 80' lang='lat' dir='ltr'><strong>surrexit,</strong></span> <span class='ocrx_word' id='word_1_106' title='bbox 714 1409 870 1479; x_wconf 88' lang='lat' dir='ltr'><strong>jussit</strong></span> <span class='ocrx_word' id='word_1_107' title='bbox 901 1419 956 1461; x_wconf 90' lang='lat' dir='ltr'><strong>ut</strong></span> <span class='ocrx_word' id='word_1_108' title='bbox 987 1404 1153 1460; x_wconf 90' lang='lat' dir='ltr'><strong>tribus</strong></span> <span class='ocrx_word' id='word_1_109' title='bbox 1181 1404 1490 1474; x_wconf 68' lang='lat' dir='ltr'><strong>prmfectum</strong></span> <span class='ocrx_word' id='word_1_110' title='bbox 1518 1400 1629 1454; x_wconf 91' lang='lat' dir='ltr'><strong>suis</strong></span> <span class='ocrx_word' id='word_1_111' title='bbox 1682 1398 1847 1451; x_wconf 81' lang='lat' dir='ltr'><strong>ferret</strong></span> 
     </span>
    </p>
   </div>
   <div class='ocr_carea' id='block_1_17' title="bbox 268 1491 1844 1571">
    <p class='ocr_par' dir='ltr' id='par_1_17' title="bbox 268 1491 1844 1571">
     <span class='ocr_line' id='line_1_17' title="bbox 268 1491 1844 1571; baseline -0.013 -12"><span class='ocrx_word' id='word_1_112' title='bbox 268 1504 508 1559; x_wconf 83' lang='lat' dir='ltr'><strong>humeris</strong></span> <span class='ocrx_word' id='word_1_113' title='bbox 530 1518 697 1571; x_wconf 83' lang='lat' dir='ltr'><strong>usque</strong></span> <span class='ocrx_word' id='word_1_114' title='bbox 722 1501 787 1553; x_wconf 92' lang='lat' dir='ltr'><strong>ad</strong></span> <span class='ocrx_word' id='word_1_115' title='bbox 818 1501 988 1569; x_wconf 88' lang='lat' dir='ltr'><strong>ipsum</strong></span> <span class='ocrx_word' id='word_1_116' title='bbox 1010 1497 1408 1551; x_wconf 86' lang='lat' dir='ltr'><strong>tabernaculum</strong></span> <span class='ocrx_word' id='word_1_117' title='bbox 1434 1491 1645 1561; x_wconf 85' lang='lat' dir='ltr'><strong>(habuit</strong></span> <span class='ocrx_word' id='word_1_118' title='bbox 1666 1498 1844 1541; x_wconf 88' lang='lat' dir='ltr'><strong>autem</strong></span> 
     </span>
    </p>
   </div>
   <div class='ocr_carea' id='block_1_18' title="bbox 268 1579 1847 1665">
    <p class='ocr_par' dir='ltr' id='par_1_18' title="bbox 268 1579 1847 1665">
     <span class='ocr_line' id='line_1_18' title="bbox 268 1579 1847 1665; baseline -0.014 -13"><span class='ocrx_word' id='word_1_119' title='bbox 268 1610 466 1665; x_wconf 87' lang='lat' dir='ltr'><strong>corpus</strong></span> <span class='ocrx_word' id='word_1_120' title='bbox 496 1592 831 1661; x_wconf 77' lang='lat' dir='ltr'><strong>maximum),</strong></span> <span class='ocrx_word' id='word_1_121' title='bbox 860 1600 912 1644; x_wconf 93' lang='lat' dir='ltr'><strong>et</strong></span> <span class='ocrx_word' id='word_1_122' title='bbox 937 1589 1028 1643; x_wconf 90' lang='lat' dir='ltr'><strong>ille</strong></span> <span class='ocrx_word' id='word_1_123' title='bbox 1053 1587 1267 1658; x_wconf 84' lang='lat' dir='ltr'><strong>quidem</strong></span> <span class='ocrx_word' id='word_1_124' title='bbox 1296 1600 1359 1640; x_wconf 92' lang='lat' dir='ltr'><strong>eo</strong></span> <span class='ocrx_word' id='word_1_125' title='bbox 1384 1590 1628 1651; x_wconf 86' lang='lat' dir='ltr'><strong>accepto,</strong></span> <span class='ocrx_word' id='word_1_126' title='bbox 1669 1579 1847 1633; x_wconf 85' lang='lat' dir='ltr'><strong>statim</strong></span> 
     </span>
    </p>
   </div>
   <div class='ocr_carea' id='block_1_19' title="bbox 269 1674 1850 1753">
    <p class='ocr_par' dir='ltr' id='par_1_19' title="bbox 269 1674 1850 1753">
     <span class='ocr_line' id='line_1_19' title="bbox 269 1674 1850 1753; baseline -0.013 -10"><span class='ocrx_word' id='word_1_127' title='bbox 269 1688 425 1743; x_wconf 87' lang='lat' dir='ltr'><strong>abiit.</strong></span> <span class='ocrx_word' id='word_1_128' title='bbox 476 1686 576 1753; x_wconf 88' lang='lat' dir='ltr'><strong>Qui</strong></span> <span class='ocrx_word' id='word_1_129' title='bbox 603 1695 780 1739; x_wconf 88' lang='lat' dir='ltr'><strong>autem</strong></span> <span class='ocrx_word' id='word_1_130' title='bbox 813 1682 1056 1746; x_wconf 86' lang='lat' dir='ltr'><strong>aderant,</strong></span> <span class='ocrx_word' id='word_1_131' title='bbox 1088 1680 1154 1733; x_wconf 89' lang='lat' dir='ltr'><strong>ad</strong></span> <span class='ocrx_word' id='word_1_132' title='bbox 1178 1678 1271 1732; x_wconf 87' lang='lat' dir='ltr'><strong>Dei</strong></span> <span class='ocrx_word' id='word_1_133' title='bbox 1302 1677 1486 1730; x_wconf 87' lang='lat' dir='ltr'><strong>laudes</strong></span> <span class='ocrx_word' id='word_1_134' title='bbox 1514 1674 1718 1742; x_wconf 79' lang='lat' dir='ltr'><strong>linguas</strong></span> <span class='ocrx_word' id='word_1_135' title='bbox 1742 1685 1850 1724; x_wconf 85' lang='lat' dir='ltr'><strong>rno-</strong></span> 
     </span>
    </p>
   </div>
   <div class='ocr_carea' id='block_1_20' title="bbox 1942 480 3511 552">
    <p class='ocr_par' dir='ltr' id='par_1_20' title="bbox 1942 480 3511 552">
     <span class='ocr_line' id='line_1_20' title="bbox 1942 480 3511 552; baseline -0.001 -17"><span class='ocrx_word' id='word_1_136' title='bbox 1942 484 2281 552; x_wconf 90' lang='lat' dir='ltr'><strong>supplicium.</strong></span> <span class='ocrx_word' id='word_1_137' title='bbox 2313 483 2446 538; x_wconf 89' lang='lat' dir='ltr'><strong>Cum</strong></span> <span class='ocrx_word' id='word_1_138' title='bbox 2476 492 2654 538; x_wconf 86' lang='lat' dir='ltr'><strong>autem</strong></span> <span class='ocrx_word' id='word_1_139' title='bbox 2677 483 2892 552; x_wconf 79' lang='lat' dir='ltr'><strong>triginta</strong></span> <span class='ocrx_word' id='word_1_140' title='bbox 2921 482 3036 537; x_wconf 89' lang='lat' dir='ltr'><strong>dies</strong></span> <span class='ocrx_word' id='word_1_141' title='bbox 3093 480 3474 549; x_wconf 67' lang='lat' dir='ltr'><strong>praiteriissent</strong></span> <span class='ocrx_word' id='word_1_142' title='bbox 3497 523 3511 545; x_wconf 87' lang='lat'><strong>,</strong></span> 
     </span>
    </p>
   </div>
   <div class='ocr_carea' id='block_1_21' title="bbox 1941 572 3517 645">
    <p class='ocr_par' dir='ltr' id='par_1_21' title="bbox 1941 572 3517 645">
     <span class='ocr_line' id='line_1_21' title="bbox 1941 572 3517 645; baseline -0.001 -17"><span class='ocrx_word' id='word_1_143' title='bbox 1941 574 2345 629; x_wconf 86' lang='lat' dir='ltr'><strong>innumerabilis</strong></span> <span class='ocrx_word' id='word_1_144' title='bbox 2366 574 2578 645; x_wconf 86' lang='lat' dir='ltr'><strong>quidem</strong></span> <span class='ocrx_word' id='word_1_145' title='bbox 2602 589 2761 644; x_wconf 87' lang='lat' dir='ltr'><strong>supra</strong></span> <span class='ocrx_word' id='word_1_146' title='bbox 2777 574 2924 628; x_wconf 85' lang='lat' dir='ltr'><strong>stetit</strong></span> <span class='ocrx_word' id='word_1_147' title='bbox 2945 572 3248 641; x_wconf 90' lang='lat' dir='ltr'><strong>multitudo,</strong></span> <span class='ocrx_word' id='word_1_148' title='bbox 3276 576 3517 630; x_wconf 87' lang='lat' dir='ltr'><strong>utetiam</strong></span> 
     </span>
    </p>
   </div>
   <div class='ocr_carea' id='block_1_22' title="bbox 1944 664 3521 735">
    <p class='ocr_par' dir='ltr' id='par_1_22' title="bbox 1944 664 3521 735">
     <span class='ocr_line' id='line_1_22' title="bbox 1944 664 3521 735; baseline 0.001 -18"><span class='ocrx_word' id='word_1_149' title='bbox 1944 664 2152 717; x_wconf 90' lang='lat' dir='ltr'><strong>radium</strong></span> <span class='ocrx_word' id='word_1_150' title='bbox 2184 666 2549 727; x_wconf 85' lang='lat' dir='ltr'><strong>dissecarent,</strong></span> <span class='ocrx_word' id='word_1_151' title='bbox 2583 675 2636 719; x_wconf 84' lang='lat' dir='ltr'><strong>ct</strong></span> <span class='ocrx_word' id='word_1_152' title='bbox 2681 665 2921 720; x_wconf 89' lang='lat' dir='ltr'><strong>umbram</strong></span> <span class='ocrx_word' id='word_1_153' title='bbox 2951 664 3327 731; x_wconf 79' lang='lat' dir='ltr'><strong>effunderent;</strong></span> <span class='ocrx_word' id='word_1_154' title='bbox 3359 665 3521 735; x_wconf 84' lang='lat' dir='ltr'><strong>idque</strong></span> 
     </span>
    </p>
   </div>
   <div class='ocr_carea' id='block_1_23' title="bbox 1944 756 3524 826">
    <p class='ocr_par' dir='ltr' id='par_1_23' title="bbox 1944 756 3524 826">
     <span class='ocr_line' id='line_1_23' title="bbox 1944 756 3524 826; baseline 0 -17"><span class='ocrx_word' id='word_1_155' title='bbox 1944 769 2132 810; x_wconf 90' lang='lat' dir='ltr'><strong>omnes</strong></span> <span class='ocrx_word' id='word_1_156' title='bbox 2164 756 2320 824; x_wconf 90' lang='lat' dir='ltr'><strong>plane</strong></span> <span class='ocrx_word' id='word_1_157' title='bbox 2343 767 2399 811; x_wconf 90' lang='lat' dir='ltr'><strong>et</strong></span> <span class='ocrx_word' id='word_1_158' title='bbox 2420 756 2652 826; x_wconf 81' lang='lat' dir='ltr'><strong>perfecte</strong></span> <span class='ocrx_word' id='word_1_159' title='bbox 2677 757 2901 811; x_wconf 82' lang='lat' dir='ltr'><strong>vidimus</strong></span> <span class='ocrx_word' id='word_1_160' title='bbox 2926 772 2940 810; x_wconf 91' lang='lat'><strong>:</strong></span> <span class='ocrx_word' id='word_1_161' title='bbox 2966 758 3136 811; x_wconf 90' lang='lat' dir='ltr'><strong>solum</strong></span> <span class='ocrx_word' id='word_1_162' title='bbox 3168 764 3345 810; x_wconf 90' lang='lat' dir='ltr'><strong>autem</strong></span> <span class='ocrx_word' id='word_1_163' title='bbox 3375 756 3524 810; x_wconf 90' lang='lat' dir='ltr'><strong>dedit</strong></span> 
     </span>
    </p>
   </div>
   <div class='ocr_carea' id='block_1_24' title="bbox 1946 847 3519 917">
    <p class='ocr_par' dir='ltr' id='par_1_24' title="bbox 1946 847 3519 917">
     <span class='ocr_line' id='line_1_24' title="bbox 1946 847 3519 917; baseline 0.001 -16"><span class='ocrx_word' id='word_1_164' title='bbox 1946 847 2196 901; x_wconf 90' lang='lat' dir='ltr'><strong>damnum</strong></span> <span class='ocrx_word' id='word_1_165' title='bbox 2225 847 2518 902; x_wconf 87' lang='lat' dir='ltr'><strong>bestiarum</strong></span> <span class='ocrx_word' id='word_1_166' title='bbox 2551 850 2780 917; x_wconf 86' lang='lat' dir='ltr'><strong>pascuis,</strong></span> <span class='ocrx_word' id='word_1_167' title='bbox 2824 849 3001 903; x_wconf 87' lang='lat' dir='ltr'><strong>cibum</strong></span> <span class='ocrx_word' id='word_1_168' title='bbox 3024 861 3200 902; x_wconf 90' lang='lat' dir='ltr'><strong>autem</strong></span> <span class='ocrx_word' id='word_1_169' title='bbox 3243 848 3519 903; x_wconf 90' lang='lat' dir='ltr'><strong>hominum</strong></span> 
     </span>
    </p>
   </div>
   <div class='ocr_carea' id='block_1_25' title="bbox 1948 941 2534 1008">
    <p class='ocr_par' dir='ltr' id='par_1_25' title="bbox 1948 941 2534 1008">
     <span class='ocr_line' id='line_1_25' title="bbox 1948 941 2534 1008; baseline -0.002 -14"><span class='ocrx_word' id='word_1_170' title='bbox 1948 942 2090 995; x_wconf 88' lang='lat' dir='ltr'><strong>nulla</strong></span> <span class='ocrx_word' id='word_1_171' title='bbox 2113 956 2176 994; x_wconf 79' lang='lat' dir='ltr'><strong>ex</strong></span> <span class='ocrx_word' id='word_1_172' title='bbox 2204 950 2352 1008; x_wconf 90' lang='lat' dir='ltr'><strong>parte</strong></span> <span class='ocrx_word' id='word_1_173' title='bbox 2378 941 2534 994; x_wconf 79' lang='lat' dir='ltr'><strong>Iresit.</strong></span> 
     </span>
    </p>
   </div>
   <div class='ocr_carea' id='block_1_26' title="bbox 2026 1028 3524 1102">
    <p class='ocr_par' dir='ltr' id='par_1_26' title="bbox 2026 1028 3524 1102">
     <span class='ocr_line' id='line_1_26' title="bbox 2026 1028 3524 1102; baseline 0.003 -19"><span class='ocrx_word' id='word_1_174' title='bbox 2026 1028 2139 1083; x_wconf 84' lang='lat' dir='ltr'><strong>Jam</strong></span> <span class='ocrx_word' id='word_1_175' title='bbox 2161 1046 2288 1083; x_wconf 90' lang='lat' dir='ltr'><strong>vero</strong></span> <span class='ocrx_word' id='word_1_176' title='bbox 2318 1030 2448 1084; x_wconf 93' lang='lat' dir='ltr'><strong>mibi</strong></span> <span class='ocrx_word' id='word_1_177' title='bbox 2471 1045 2678 1100; x_wconf 90' lang='lat' dir='ltr'><strong>quoque</strong></span> <span class='ocrx_word' id='word_1_178' title='bbox 2705 1028 2793 1100; x_wconf 91' lang='lat' dir='ltr'><strong>qui</strong></span> <span class='ocrx_word' id='word_1_179' title='bbox 2833 1031 2900 1083; x_wconf 90' lang='lat' dir='ltr'><strong>ab</strong></span> <span class='ocrx_word' id='word_1_180' title='bbox 2937 1032 3117 1101; x_wconf 88' lang='lat' dir='ltr'><strong>aliquo</strong></span> <span class='ocrx_word' id='word_1_181' title='bbox 3144 1033 3524 1102; x_wconf 87' lang='lat' dir='ltr'><strong>oppugnabar,</strong></span> 
     </span>
    </p>
   </div>
   <div class='ocr_carea' id='block_1_27' title="bbox 1945 1122 3549 1192">
    <p class='ocr_par' dir='ltr' id='par_1_27' title="bbox 1945 1122 3549 1192">
     <span class='ocr_line' id='line_1_27' title="bbox 1945 1122 3549 1192; baseline 0.001 -15"><span class='ocrx_word' id='word_1_182' title='bbox 1945 1122 2264 1192; x_wconf 87' lang='lat' dir='ltr'><strong>significavit</strong></span> <span class='ocrx_word' id='word_1_183' title='bbox 2285 1132 2407 1176; x_wconf 88' lang='lat' dir='ltr'><strong>ante</strong></span> <span class='ocrx_word' id='word_1_184' title='bbox 2433 1124 2736 1191; x_wconf 87' lang='lat' dir='ltr'><strong>quindecim</strong></span> <span class='ocrx_word' id='word_1_185' title='bbox 2759 1122 2874 1178; x_wconf 91' lang='lat' dir='ltr'><strong>dies</strong></span> <span class='ocrx_word' id='word_1_186' title='bbox 2901 1123 3133 1177; x_wconf 90' lang='lat' dir='ltr'><strong>futurum</strong></span> <span class='ocrx_word' id='word_1_187' title='bbox 3157 1125 3281 1179; x_wconf 89' lang='lat' dir='ltr'><strong>belli</strong></span> <span class='ocrx_word' id='word_1_188' title='bbox 3323 1125 3479 1181; x_wconf 86' lang='lat' dir='ltr'><strong>linem</strong></span> <span class='ocrx_word' id='word_1_189' title='bbox 3508 1142 3524 1179; x_wconf 90' lang='lat'><strong>:</strong></span> <span class='ocrx_word' id='word_1_190' title='bbox 3548 1174 3549 1179; x_wconf 45' lang='grc' dir='ltr'><strong>η</strong></span> 
     </span>
    </p>
   </div>
   <div class='ocr_carea' id='block_1_28' title="bbox 1946 1216 3412 1286">
    <p class='ocr_par' dir='ltr' id='par_1_28' title="bbox 1946 1216 3412 1286">
     <span class='ocr_line' id='line_1_28' title="bbox 1946 1216 3412 1286; baseline 0 -14"><span class='ocrx_word' id='word_1_191' title='bbox 1946 1225 2003 1272; x_wconf 89' lang='lat' dir='ltr'><strong>et</strong></span> <span class='ocrx_word' id='word_1_192' title='bbox 2027 1216 2384 1284; x_wconf 66' lang='lat' dir='ltr'><strong>praedictionis</strong></span> <span class='ocrx_word' id='word_1_193' title='bbox 2412 1216 2526 1286; x_wconf 68' lang='lat'><strong>(72)</strong></span> <span class='ocrx_word' id='word_1_194' title='bbox 2559 1217 2836 1271; x_wconf 82' lang='lat' dir='ltr'><strong>veritatem</strong></span> <span class='ocrx_word' id='word_1_195' title='bbox 2868 1216 3026 1270; x_wconf 91' lang='lat' dir='ltr'><strong>didici</strong></span> <span class='ocrx_word' id='word_1_196' title='bbox 3058 1217 3412 1285; x_wconf 79' lang='lat' dir='ltr'><strong>experientia.</strong></span> 
     </span>
    </p>
   </div>
   <div class='ocr_carea' id='block_1_29' title="bbox 2019 1307 3526 1378">
    <p class='ocr_par' dir='ltr' id='par_1_29' title="bbox 2019 1307 3526 1378">
     <span class='ocr_line' id='line_1_29' title="bbox 2019 1307 3526 1378; baseline 0.003 -19"><span class='ocrx_word' id='word_1_197' title='bbox 2019 1307 2156 1374; x_wconf 84' lang='lat' dir='ltr'><strong>Quin</strong></span> <span class='ocrx_word' id='word_1_198' title='bbox 2186 1307 2345 1361; x_wconf 88' lang='lat' dir='ltr'><strong>etiam</strong></span> <span class='ocrx_word' id='word_1_199' title='bbox 2370 1308 2418 1361; x_wconf 90' lang='lat' dir='ltr'><strong>ei</strong></span> <span class='ocrx_word' id='word_1_200' title='bbox 2445 1307 2732 1376; x_wconf 85' lang='lat' dir='ltr'><strong>aliquando</strong></span> <span class='ocrx_word' id='word_1_201' title='bbox 2756 1308 2881 1361; x_wconf 83' lang='lat' dir='ltr'><strong>visae</strong></span> <span class='ocrx_word' id='word_1_202' title='bbox 2907 1319 3029 1361; x_wconf 90' lang='lat' dir='ltr'><strong>sunt</strong></span> <span class='ocrx_word' id='word_1_203' title='bbox 3053 1309 3173 1362; x_wconf 70' lang='lat' dir='ltr'><strong>dua:</strong></span> <span class='ocrx_word' id='word_1_204' title='bbox 3213 1310 3381 1377; x_wconf 78' lang='lat' dir='ltr'><strong>virgae</strong></span> <span class='ocrx_word' id='word_1_205' title='bbox 3407 1324 3526 1378; x_wconf 69' lang='lat' dir='ltr'><strong>quat</strong></span> 
     </span>
    </p>
   </div>
   <div class='ocr_carea' id='block_1_30' title="bbox 1948 1397 3527 1467">
    <p class='ocr_par' dir='ltr' id='par_1_30' title="bbox 1948 1397 3527 1467">
     <span class='ocr_line' id='line_1_30' title="bbox 1948 1397 3527 1467; baseline 0 -15"><span class='ocrx_word' id='word_1_206' title='bbox 1948 1397 2259 1453; x_wconf 87' lang='lat' dir='ltr'><strong>ferebantur</strong></span> <span class='ocrx_word' id='word_1_207' title='bbox 2287 1398 2500 1467; x_wconf 87' lang='lat' dir='ltr'><strong>quidem</strong></span> <span class='ocrx_word' id='word_1_208' title='bbox 2541 1397 2608 1452; x_wconf 87' lang='lat' dir='ltr'><strong>de</strong></span> <span class='ocrx_word' id='word_1_209' title='bbox 2634 1398 2807 1462; x_wconf 75' lang='lat' dir='ltr'><strong>ctelis,</strong></span> <span class='ocrx_word' id='word_1_210' title='bbox 2842 1399 2891 1451; x_wconf 90' lang='lat' dir='ltr'><strong>in</strong></span> <span class='ocrx_word' id='word_1_211' title='bbox 2918 1409 3109 1452; x_wconf 92' lang='lat' dir='ltr'><strong>terram</strong></span> <span class='ocrx_word' id='word_1_212' title='bbox 3138 1408 3312 1452; x_wconf 91' lang='lat' dir='ltr'><strong>autem</strong></span> <span class='ocrx_word' id='word_1_213' title='bbox 3336 1398 3527 1453; x_wconf 86' lang='lat' dir='ltr'><strong>Orien-</strong></span> 
     </span>
    </p>
   </div>
   <div class='ocr_carea' id='block_1_31' title="bbox 1954 1487 3528 1561">
    <p class='ocr_par' dir='ltr' id='par_1_31' title="bbox 1954 1487 3528 1561">
     <span class='ocr_line' id='line_1_31' title="bbox 1954 1487 3528 1561; baseline 0.002 -20"><span class='ocrx_word' id='word_1_214' title='bbox 1954 1488 2117 1561; x_wconf 81' lang='lat' dir='ltr'><strong>talem</strong></span> <span class='ocrx_word' id='word_1_215' title='bbox 2139 1488 2402 1542; x_wconf 86' lang='lat' dir='ltr'><strong>cadebant</strong></span> <span class='ocrx_word' id='word_1_216' title='bbox 2425 1498 2479 1541; x_wconf 91' lang='lat' dir='ltr'><strong>et</strong></span> <span class='ocrx_word' id='word_1_217' title='bbox 2497 1487 2916 1543; x_wconf 87' lang='lat' dir='ltr'><strong>Occidentalem.</strong></span> <span class='ocrx_word' id='word_1_218' title='bbox 2941 1489 3086 1542; x_wconf 89' lang='lat' dir='ltr'><strong>Hane</strong></span> <span class='ocrx_word' id='word_1_219' title='bbox 3106 1499 3282 1544; x_wconf 92' lang='lat' dir='ltr'><strong>autem</strong></span> <span class='ocrx_word' id='word_1_220' title='bbox 3305 1489 3528 1544; x_wconf 74' lang='lat' dir='ltr'><strong>l’ersiere</strong></span> 
     </span>
    </p>
   </div>
   <div class='ocr_carea' id='block_1_32' title="bbox 1953 1578 3529 1649">
    <p class='ocr_par' dir='ltr' id='par_1_32' title="bbox 1953 1578 3529 1649">
     <span class='ocr_line' id='line_1_32' title="bbox 1953 1578 3529 1649; baseline -0.001 -16"><span class='ocrx_word' id='word_1_221' title='bbox 1953 1589 2007 1633; x_wconf 90' lang='lat' dir='ltr'><strong>et</strong></span> <span class='ocrx_word' id='word_1_222' title='bbox 2036 1578 2300 1649; x_wconf 69' lang='lat' dir='ltr'><strong>Scythica:</strong></span> <span class='ocrx_word' id='word_1_223' title='bbox 2345 1578 2521 1647; x_wconf 82' lang='lat' dir='ltr'><strong>gentis</strong></span> <span class='ocrx_word' id='word_1_224' title='bbox 2547 1579 2598 1632; x_wconf 93' lang='lat' dir='ltr'><strong>in</strong></span> <span class='ocrx_word' id='word_1_225' title='bbox 2644 1580 2923 1647; x_wconf 90' lang='lat' dir='ltr'><strong>imperium</strong></span> <span class='ocrx_word' id='word_1_226' title='bbox 2957 1578 3316 1633; x_wconf 84' lang='lat' dir='ltr'><strong>Romanorum</strong></span> <span class='ocrx_word' id='word_1_227' title='bbox 3345 1580 3529 1633; x_wconf 90' lang='lat' dir='ltr'><strong>insur-</strong></span> 
     </span>
    </p>
   </div>
   <div class='ocr_carea' id='block_1_33' title="bbox 1954 1670 3530 1740">
    <p class='ocr_par' dir='ltr' id='par_1_33' title="bbox 1954 1670 3530 1740">
     <span class='ocr_line' id='line_1_33' title="bbox 1954 1670 3530 1740; baseline 0.001 -17"><span class='ocrx_word' id='word_1_228' title='bbox 1954 1670 2246 1724; x_wconf 88' lang='lat' dir='ltr'><strong>reetionem</strong></span> <span class='ocrx_word' id='word_1_229' title='bbox 2276 1670 2594 1738; x_wconf 79' lang='lat' dir='ltr'><strong>significavit</strong></span> <span class='ocrx_word' id='word_1_230' title='bbox 2614 1671 2693 1724; x_wconf 89' lang='lat' dir='ltr'><strong>vir</strong></span> <span class='ocrx_word' id='word_1_231' title='bbox 2735 1671 2970 1737; x_wconf 84' lang='lat' dir='ltr'><strong>divinus,</strong></span> <span class='ocrx_word' id='word_1_232' title='bbox 2998 1671 3139 1725; x_wconf 89' lang='lat' dir='ltr'><strong>etiis</strong></span> <span class='ocrx_word' id='word_1_233' title='bbox 3179 1673 3266 1740; x_wconf 91' lang='lat' dir='ltr'><strong>qui</strong></span> <span class='ocrx_word' id='word_1_234' title='bbox 3308 1673 3530 1726; x_wconf 89' lang='lat' dir='ltr'><strong>aderant</strong></span> 
     </span>
    </p>
   </div>
   <div class='ocr_carea' id='block_1_34' title="bbox 267 1760 3531 1841">
    <p class='ocr_par' dir='ltr' id='par_1_34' title="bbox 267 1760 3531 1841">
     <span class='ocr_line' id='line_1_34' title="bbox 267 1760 3531 1841; baseline -0.006 -9"><span class='ocrx_word' id='word_1_235' title='bbox 267 1786 482 1832; x_wconf 82' lang='lat' dir='ltr'><strong>verunt.</strong></span> <span class='ocrx_word' id='word_1_236' title='bbox 530 1777 642 1830; x_wconf 83' lang='lat' dir='ltr'><strong>Hoc</strong></span> <span class='ocrx_word' id='word_1_237' title='bbox 684 1784 859 1828; x_wconf 89' lang='lat' dir='ltr'><strong>autem</strong></span> <span class='ocrx_word' id='word_1_238' title='bbox 902 1771 1081 1841; x_wconf 88' lang='lat' dir='ltr'><strong>jussit,</strong></span> <span class='ocrx_word' id='word_1_239' title='bbox 1138 1770 1421 1822; x_wconf 91' lang='lat' dir='ltr'><strong>Dominum</strong></span> <span class='ocrx_word' id='word_1_240' title='bbox 1474 1766 1708 1827; x_wconf 89' lang='lat' dir='ltr'><strong>imitans,</strong></span> <span class='ocrx_word' id='word_1_241' title='bbox 1757 1761 1845 1830; x_wconf 91' lang='lat' dir='ltr'><strong>qui</strong></span> <span class='ocrx_word' id='word_1_242' title='bbox 1879 1768 1924 1827; x_wconf 78' lang='grc' dir='ltr'>Β</span> <span class='ocrx_word' id='word_1_243' title='bbox 1958 1760 2148 1814; x_wconf 78' lang='lat' dir='ltr'><strong>effatus</strong></span> <span class='ocrx_word' id='word_1_244' title='bbox 2191 1770 2273 1815; x_wconf 90' lang='lat' dir='ltr'><strong>est</strong></span> <span class='ocrx_word' id='word_1_245' title='bbox 2299 1760 2905 1831; x_wconf 87' lang='lat' dir='ltr'><strong>visionem;multisque</strong></span> <span class='ocrx_word' id='word_1_246' title='bbox 2934 1762 3183 1831; x_wconf 80' lang='lat' dir='ltr'><strong>laerymis</strong></span> <span class='ocrx_word' id='word_1_247' title='bbox 3210 1770 3263 1815; x_wconf 92' lang='lat' dir='ltr'><strong>et</strong></span> <span class='ocrx_word' id='word_1_248' title='bbox 3287 1764 3531 1830; x_wconf 89' lang='lat' dir='ltr'><strong>precibus</strong></span> 
     </span>
    </p>
   </div>
   <div class='ocr_carea' id='block_1_35' title="bbox 264 1850 1848 1940">
    <p class='ocr_par' dir='ltr' id='par_1_35' title="bbox 264 1850 1848 1940">
     <span class='ocr_line' id='line_1_35' title="bbox 264 1850 1848 1940; baseline -0.012 -17"><span class='ocrx_word' id='word_1_249' title='bbox 264 1868 429 1940; x_wconf 87' lang='lat' dir='ltr'><strong>jussit</strong></span> <span class='ocrx_word' id='word_1_250' title='bbox 482 1865 775 1936; x_wconf 84' lang='lat' dir='ltr'><strong>paralytico</strong></span> <span class='ocrx_word' id='word_1_251' title='bbox 840 1864 979 1917; x_wconf 85' lang='lat' dir='ltr'><strong>ferre</strong></span> <span class='ocrx_word' id='word_1_252' title='bbox 1041 1860 1236 1915; x_wconf 88' lang='lat' dir='ltr'><strong>lectum</strong></span> <span class='ocrx_word' id='word_1_253' title='bbox 1293 1855 1521 1928; x_wconf 82' lang='lat' dir='ltr'><strong>(Matth.</strong></span> <span class='ocrx_word' id='word_1_254' title='bbox 1581 1852 1693 1921; x_wconf 74' lang='grc' dir='ltr'><strong>ιχ).</strong></span> <span class='ocrx_word' id='word_1_255' title='bbox 1755 1850 1848 1906; x_wconf 87' lang='lat' dir='ltr'><strong>Dei</strong></span> 
     </span>
    </p>
   </div>
   <div class='ocr_carea' id='block_1_36' title="bbox 269 1945 1847 2021">
    <p class='ocr_par' dir='ltr' id='par_1_36' title="bbox 269 1945 1847 2021">
     <span class='ocr_line' id='line_1_36' title="bbox 269 1945 1847 2021; baseline -0.013 -6"><span class='ocrx_word' id='word_1_256' title='bbox 269 1958 627 2015; x_wconf 89' lang='lat' dir='ltr'><strong>imitationem</strong></span> <span class='ocrx_word' id='word_1_257' title='bbox 694 1968 852 2009; x_wconf 91' lang='lat' dir='ltr'><strong>nemo</strong></span> <span class='ocrx_word' id='word_1_258' title='bbox 924 1961 1077 2007; x_wconf 86' lang='lat' dir='ltr'><strong>vocet</strong></span> <span class='ocrx_word' id='word_1_259' title='bbox 1153 1948 1507 2021; x_wconf 86' lang='lat' dir='ltr'><strong>tyrannidem.</strong></span> <span class='ocrx_word' id='word_1_260' title='bbox 1558 1946 1653 2000; x_wconf 89' lang='lat' dir='ltr'><strong>Est</strong></span> <span class='ocrx_word' id='word_1_261' title='bbox 1703 1945 1847 1999; x_wconf 91' lang='lat' dir='ltr'><strong>enim</strong></span> 
     </span>
    </p>
   </div>
   <div class='ocr_carea' id='block_1_37' title="bbox 269 2038 1853 2119">
    <p class='ocr_par' dir='ltr' id='par_1_37' title="bbox 269 2038 1853 2119">
     <span class='ocr_line' id='line_1_37' title="bbox 269 2038 1853 2119; baseline -0.011 -12"><span class='ocrx_word' id='word_1_262' title='bbox 269 2067 377 2107; x_wconf 78' lang='lat' dir='ltr'><strong>vox</strong></span> <span class='ocrx_word' id='word_1_263' title='bbox 400 2053 519 2119; x_wconf 89' lang='lat' dir='ltr'><strong>ejus</strong></span> <span class='ocrx_word' id='word_1_264' title='bbox 546 2068 560 2105; x_wconf 88' lang='lat'><strong>:</strong></span> <span class='ocrx_word' id='word_1_265' title='bbox 585 2049 683 2118; x_wconf 88' lang='lat' dir='ltr'><strong>Qui</strong></span> <span class='ocrx_word' id='word_1_266' title='bbox 711 2047 884 2103; x_wconf 87' lang='lat' dir='ltr'><strong>credit</strong></span> <span class='ocrx_word' id='word_1_267' title='bbox 914 2048 963 2100; x_wconf 90' lang='lat' dir='ltr'><strong>in</strong></span> <span class='ocrx_word' id='word_1_268' title='bbox 994 2061 1099 2109; x_wconf 89' lang='lat' dir='ltr'><strong>me,</strong></span> <span class='ocrx_word' id='word_1_269' title='bbox 1125 2058 1288 2112; x_wconf 84' lang='lat' dir='ltr'><strong>opera</strong></span> <span class='ocrx_word' id='word_1_270' title='bbox 1317 2056 1438 2112; x_wconf 66' lang='lat' dir='ltr'><strong>qum</strong></span> <span class='ocrx_word' id='word_1_271' title='bbox 1467 2057 1565 2112; x_wconf 85' lang='lat' dir='ltr'><strong>ego</strong></span> <span class='ocrx_word' id='word_1_272' title='bbox 1595 2040 1733 2094; x_wconf 85' lang='lat' dir='ltr'><strong>facio</strong></span> <span class='ocrx_word' id='word_1_273' title='bbox 1764 2038 1853 2092; x_wconf 90' lang='lat' dir='ltr'><strong>ille</strong></span> 
     </span>
    </p>
   </div>
   <div class='ocr_carea' id='block_1_38' title="bbox 267 2132 1855 2213">
    <p class='ocr_par' dir='ltr' id='par_1_38' title="bbox 267 2132 1855 2213">
     <span class='ocr_line' id='line_1_38' title="bbox 267 2132 1855 2213; baseline -0.008 -16"><span class='ocrx_word' id='word_1_274' title='bbox 267 2156 484 2213; x_wconf 92' lang='lat' dir='ltr'><strong>quoque</strong></span> <span class='ocrx_word' id='word_1_275' title='bbox 513 2141 700 2208; x_wconf 87' lang='lat' dir='ltr'><strong>faciet,</strong></span> <span class='ocrx_word' id='word_1_276' title='bbox 731 2147 785 2194; x_wconf 91' lang='lat' dir='ltr'><strong>et</strong></span> <span class='ocrx_word' id='word_1_277' title='bbox 812 2136 1012 2207; x_wconf 85' lang='lat' dir='ltr'><strong>majora</strong></span> <span class='ocrx_word' id='word_1_278' title='bbox 1043 2136 1125 2191; x_wconf 87' lang='lat' dir='ltr'><strong>liis</strong></span> <span class='ocrx_word' id='word_1_279' title='bbox 1156 2134 1314 2190; x_wconf 90' lang='lat' dir='ltr'><strong>faciet</strong></span> <span class='ocrx_word' id='word_1_280' title='bbox 1342 2132 1534 2206; x_wconf 84' lang='lat' dir='ltr'><strong>(Joan.</strong></span> <span class='ocrx_word' id='word_1_281' title='bbox 1565 2134 1707 2200; x_wconf 76' lang='lat' dir='ltr'><strong>xw).</strong></span> <span class='ocrx_word' id='word_1_282' title='bbox 1764 2133 1855 2185; x_wconf 75' lang='lat' dir='ltr'><strong>Et-</strong></span> 
     </span>
    </p>
   </div>
   <div class='ocr_carea' id='block_1_39' title="bbox 270 2224 1851 2303">
    <p class='ocr_par' dir='ltr' id='par_1_39' title="bbox 270 2224 1851 2303">
     <span class='ocr_line' id='line_1_39' title="bbox 270 2224 1851 2303; baseline -0.009 -13"><span class='ocrx_word' id='word_1_283' title='bbox 270 2235 416 2290; x_wconf 84' lang='lat' dir='ltr'><strong>enim</strong></span> <span class='ocrx_word' id='word_1_284' title='bbox 467 2233 622 2301; x_wconf 87' lang='lat' dir='ltr'><strong>bujus</strong></span> <span class='ocrx_word' id='word_1_285' title='bbox 650 2232 817 2303; x_wconf 68' lang='lat'><strong>852</strong></span> <span class='ocrx_word' id='word_1_286' title='bbox 862 2230 1107 2300; x_wconf 85' lang='lat' dir='ltr'><strong>promissi</strong></span> <span class='ocrx_word' id='word_1_287' title='bbox 1137 2236 1388 2282; x_wconf 76' lang='lat' dir='ltr'><strong>eventum</strong></span> <span class='ocrx_word' id='word_1_288' title='bbox 1437 2226 1685 2281; x_wconf 77' lang='lat' dir='ltr'><strong>vidimus.</strong></span> <span class='ocrx_word' id='word_1_289' title='bbox 1719 2224 1851 2279; x_wconf 82' lang='lat' dir='ltr'><strong>Nam</strong></span> 
     </span>
    </p>
   </div>
   <div class='ocr_carea' id='block_1_40' title="bbox 269 2314 1855 2385">
    <p class='ocr_par' dir='ltr' id='par_1_40' title="bbox 269 2314 1855 2385">
     <span class='ocr_line' id='line_1_40' title="bbox 269 2314 1855 2385; baseline -0.008 -7"><span class='ocrx_word' id='word_1_290' title='bbox 269 2339 395 2379; x_wconf 84' lang='lat' dir='ltr'><strong>cum</strong></span> <span class='ocrx_word' id='word_1_291' title='bbox 421 2322 603 2375; x_wconf 87' lang='lat' dir='ltr'><strong>umbra</strong></span> <span class='ocrx_word' id='word_1_292' title='bbox 632 2320 838 2374; x_wconf 89' lang='lat' dir='ltr'><strong>Domini</strong></span> <span class='ocrx_word' id='word_1_293' title='bbox 862 2332 1132 2385; x_wconf 80' lang='lat' dir='ltr'><strong>nunquam</strong></span> <span class='ocrx_word' id='word_1_294' title='bbox 1164 2317 1349 2370; x_wconf 81' lang='lat' dir='ltr'><strong>fecerit</strong></span> <span class='ocrx_word' id='word_1_295' title='bbox 1369 2314 1705 2380; x_wconf 88' lang='lat' dir='ltr'><strong>miraculum,</strong></span> <span class='ocrx_word' id='word_1_296' title='bbox 1738 2328 1855 2366; x_wconf 90' lang='lat' dir='ltr'><strong>ma-</strong></span> 
     </span>
    </p>
   </div>
   <div class='ocr_carea' id='block_1_41' title="bbox 269 2404 1856 2482">
    <p class='ocr_par' dir='ltr' id='par_1_41' title="bbox 269 2404 1856 2482">
     <span class='ocr_line' id='line_1_41' title="bbox 269 2404 1856 2482; baseline -0.005 -17"><span class='ocrx_word' id='word_1_297' title='bbox 269 2415 362 2482; x_wconf 86' lang='lat' dir='ltr'><strong>gni</strong></span> <span class='ocrx_word' id='word_1_298' title='bbox 383 2413 523 2467; x_wconf 89' lang='lat' dir='ltr'><strong>Petri</strong></span> <span class='ocrx_word' id='word_1_299' title='bbox 545 2413 730 2466; x_wconf 90' lang='lat' dir='ltr'><strong>umbra</strong></span> <span class='ocrx_word' id='word_1_300' title='bbox 753 2418 1043 2465; x_wconf 88' lang='lat' dir='ltr'><strong>etmortem</strong></span> <span class='ocrx_word' id='word_1_301' title='bbox 1066 2406 1245 2478; x_wconf 79' lang='lat' dir='ltr'><strong>fregit,</strong></span> <span class='ocrx_word' id='word_1_302' title='bbox 1265 2415 1318 2460; x_wconf 93' lang='lat' dir='ltr'><strong>et</strong></span> <span class='ocrx_word' id='word_1_303' title='bbox 1333 2406 1550 2459; x_wconf 90' lang='lat' dir='ltr'><strong>morbos</strong></span> <span class='ocrx_word' id='word_1_304' title='bbox 1572 2404 1779 2474; x_wconf 79' lang='lat' dir='ltr'><strong>exegit,</strong></span> <span class='ocrx_word' id='word_1_305' title='bbox 1801 2412 1856 2458; x_wconf 89' lang='lat' dir='ltr'><strong>et</strong></span> 
     </span>
    </p>
   </div>
   <div class='ocr_carea' id='block_1_42' title="bbox 268 2507 1849 2582">
    <p class='ocr_par' dir='ltr' id='par_1_42' title="bbox 268 2507 1849 2582">
     <span class='ocr_line' id='line_1_42' title="bbox 268 2507 1849 2582; baseline -0.006 -15"><span class='ocrx_word' id='word_1_306' title='bbox 268 2512 473 2582; x_wconf 77' lang='lat' dir='ltr'><strong>fugavit</strong></span> <span class='ocrx_word' id='word_1_307' title='bbox 500 2512 792 2566; x_wconf 86' lang='lat' dir='ltr'><strong>daemones.</strong></span> <span class='ocrx_word' id='word_1_308' title='bbox 824 2510 929 2566; x_wconf 88' lang='lat' dir='ltr'><strong>Sed</strong></span> <span class='ocrx_word' id='word_1_309' title='bbox 956 2508 1208 2562; x_wconf 87' lang='lat' dir='ltr'><strong>Dominus</strong></span> <span class='ocrx_word' id='word_1_310' title='bbox 1240 2515 1293 2561; x_wconf 93' lang='lat' dir='ltr'><strong>et</strong></span> <span class='ocrx_word' id='word_1_311' title='bbox 1321 2507 1434 2561; x_wconf 73' lang='lat' dir='ltr'><strong>ltrec</strong></span> <span class='ocrx_word' id='word_1_312' title='bbox 1466 2521 1559 2573; x_wconf 90' lang='lat' dir='ltr'><strong>per</strong></span> <span class='ocrx_word' id='word_1_313' title='bbox 1585 2518 1713 2560; x_wconf 92' lang='lat' dir='ltr'><strong>suos</strong></span> <span class='ocrx_word' id='word_1_314' title='bbox 1737 2520 1849 2558; x_wconf 86' lang='lat' dir='ltr'><strong>ser-</strong></span> 
     </span>
    </p>
   </div>
   <div class='ocr_carea' id='block_1_43' title="bbox 269 2594 1855 2667">
    <p class='ocr_par' dir='ltr' id='par_1_43' title="bbox 269 2594 1855 2667">
     <span class='ocr_line' id='line_1_43' title="bbox 269 2594 1855 2667; baseline -0.006 -8"><span class='ocrx_word' id='word_1_315' title='bbox 269 2619 370 2659; x_wconf 86' lang='lat' dir='ltr'><strong>vos</strong></span> <span class='ocrx_word' id='word_1_316' title='bbox 398 2604 526 2659; x_wconf 89' lang='lat' dir='ltr'><strong>fecit</strong></span> <span class='ocrx_word' id='word_1_317' title='bbox 568 2603 853 2667; x_wconf 89' lang='lat' dir='ltr'><strong>miracula;</strong></span> <span class='ocrx_word' id='word_1_318' title='bbox 900 2610 955 2656; x_wconf 90' lang='lat' dir='ltr'><strong>et</strong></span> <span class='ocrx_word' id='word_1_319' title='bbox 1001 2614 1142 2654; x_wconf 91' lang='lat' dir='ltr'><strong>nunc</strong></span> <span class='ocrx_word' id='word_1_320' title='bbox 1181 2612 1393 2667; x_wconf 91' lang='lat' dir='ltr'><strong>quoque</strong></span> <span class='ocrx_word' id='word_1_321' title='bbox 1446 2597 1691 2651; x_wconf 89' lang='lat' dir='ltr'><strong>similiter</strong></span> <span class='ocrx_word' id='word_1_322' title='bbox 1739 2594 1855 2663; x_wconf 89' lang='lat' dir='ltr'><strong>ejus</strong></span> 
     </span>
    </p>
   </div>
   <div class='ocr_carea' id='block_1_44' title="bbox 272 2687 1852 2764">
    <p class='ocr_par' dir='ltr' id='par_1_44' title="bbox 272 2687 1852 2764">
     <span class='ocr_line' id='line_1_44' title="bbox 272 2687 1852 2764; baseline -0.003 -18"><span class='ocrx_word' id='word_1_323' title='bbox 272 2704 428 2748; x_wconf 88' lang='lat' dir='ltr'><strong>utens</strong></span> <span class='ocrx_word' id='word_1_324' title='bbox 454 2694 844 2764; x_wconf 87' lang='lat' dir='ltr'><strong>appellatione,</strong></span> <span class='ocrx_word' id='word_1_325' title='bbox 882 2692 1096 2745; x_wconf 88' lang='lat' dir='ltr'><strong>divinus</strong></span> <span class='ocrx_word' id='word_1_326' title='bbox 1122 2689 1401 2744; x_wconf 81' lang='lat' dir='ltr'><strong>Simeones</strong></span> <span class='ocrx_word' id='word_1_327' title='bbox 1445 2687 1852 2743; x_wconf 89' lang='lat' dir='ltr'><strong>innumerabilia</strong></span> 
     </span>
    </p>
   </div>
   <div class='ocr_carea' id='block_1_45' title="bbox 272 2785 745 2841">
    <p class='ocr_par' dir='ltr' id='par_1_45' title="bbox 272 2785 745 2841">
     <span class='ocr_line' id='line_1_45' title="bbox 272 2785 745 2841; baseline -0.002 -1"><span class='ocrx_word' id='word_1_328' title='bbox 272 2786 442 2841; x_wconf 81' lang='lat' dir='ltr'><strong>efficit</strong></span> <span class='ocrx_word' id='word_1_329' title='bbox 472 2785 745 2841; x_wconf 85' lang='lat' dir='ltr'><strong>miracula.</strong></span> 
     </span>
    </p>
   </div>
   <div class='ocr_carea' id='block_1_46' title="bbox 351 2872 1899 2945">
    <p class='ocr_par' dir='ltr' id='par_1_46' title="bbox 351 2872 1899 2945">
     <span class='ocr_line' id='line_1_46' title="bbox 351 2872 1899 2945; baseline -0.005 -12"><span class='ocrx_word' id='word_1_330' title='bbox 351 2877 563 2933; x_wconf 81' lang='lat' dir='ltr'><strong>Accidit</strong></span> <span class='ocrx_word' id='word_1_331' title='bbox 597 2878 739 2931; x_wconf 92' lang='lat' dir='ltr'><strong>enim</strong></span> <span class='ocrx_word' id='word_1_332' title='bbox 770 2885 827 2931; x_wconf 91' lang='lat' dir='ltr'><strong>ut</strong></span> <span class='ocrx_word' id='word_1_333' title='bbox 868 2874 1014 2930; x_wconf 88' lang='lat' dir='ltr'><strong>aliud</strong></span> <span class='ocrx_word' id='word_1_334' title='bbox 1058 2889 1268 2945; x_wconf 92' lang='lat' dir='ltr'><strong>quoque</strong></span> <span class='ocrx_word' id='word_1_335' title='bbox 1298 2874 1452 2928; x_wconf 88' lang='lat' dir='ltr'><strong>fieret</strong></span> <span class='ocrx_word' id='word_1_336' title='bbox 1502 2872 1852 2939; x_wconf 89' lang='lat' dir='ltr'><strong>miraculum,</strong></span> <span class='ocrx_word' id='word_1_337' title='bbox 1890 2930 1899 2943; x_wconf 46' lang='grc' dir='ltr'>ι</span> 
     </span>
    </p>
   </div>
   <div class='ocr_carea' id='block_1_47' title="bbox 286 2966 1855 3039">
    <p class='ocr_par' dir='ltr' id='par_1_47' title="bbox 286 2966 1855 3039">
     <span class='ocr_line' id='line_1_47' title="bbox 286 2966 1855 3039; baseline -0.002 -15"><span class='ocrx_word' id='word_1_338' title='bbox 286 2970 466 3039; x_wconf 88' lang='lat' dir='ltr'><strong>priore</strong></span> <span class='ocrx_word' id='word_1_339' title='bbox 514 2969 734 3023; x_wconf 91' lang='lat' dir='ltr'><strong>minime</strong></span> <span class='ocrx_word' id='word_1_340' title='bbox 764 2967 1006 3022; x_wconf 88' lang='lat' dir='ltr'><strong>inferius.</strong></span> <span class='ocrx_word' id='word_1_341' title='bbox 1052 2968 1131 3021; x_wconf 83' lang='lat' dir='ltr'><strong>Ex</strong></span> <span class='ocrx_word' id='word_1_342' title='bbox 1175 2967 1240 3021; x_wconf 92' lang='lat' dir='ltr'><strong>iis</strong></span> <span class='ocrx_word' id='word_1_343' title='bbox 1268 2966 1410 3020; x_wconf 90' lang='lat' dir='ltr'><strong>enim</strong></span> <span class='ocrx_word' id='word_1_344' title='bbox 1439 2970 1527 3036; x_wconf 89' lang='lat' dir='ltr'><strong>qui</strong></span> <span class='ocrx_word' id='word_1_345' title='bbox 1560 2967 1612 3020; x_wconf 92' lang='lat' dir='ltr'><strong>in</strong></span> <span class='ocrx_word' id='word_1_346' title='bbox 1659 2978 1855 3021; x_wconf 87' lang='lat' dir='ltr'><strong>nomen</strong></span> 
     </span>
    </p>
   </div>
   <div class='ocr_carea' id='block_1_48' title="bbox 279 3059 1855 3129">
    <p class='ocr_par' dir='ltr' id='par_1_48' title="bbox 279 3059 1855 3129">
     <span class='ocr_line' id='line_1_48' title="bbox 279 3059 1855 3129; baseline -0.002 -13"><span class='ocrx_word' id='word_1_347' title='bbox 279 3062 520 3117; x_wconf 84' lang='lat' dir='ltr'><strong>salutare</strong></span> <span class='ocrx_word' id='word_1_348' title='bbox 546 3061 758 3117; x_wconf 88' lang='lat' dir='ltr'><strong>Domini</strong></span> <span class='ocrx_word' id='word_1_349' title='bbox 782 3060 983 3117; x_wconf 85' lang='lat' dir='ltr'><strong>Cliristi</strong></span> <span class='ocrx_word' id='word_1_350' title='bbox 1007 3061 1363 3124; x_wconf 90' lang='lat' dir='ltr'><strong>crediderant,</strong></span> <span class='ocrx_word' id='word_1_351' title='bbox 1412 3059 1628 3129; x_wconf 87' lang='lat' dir='ltr'><strong>quidam</strong></span> <span class='ocrx_word' id='word_1_352' title='bbox 1656 3060 1855 3114; x_wconf 86' lang='lat' dir='ltr'><strong>lsmae-</strong></span> 
     </span>
    </p>
   </div>
   <div class='ocr_carea' id='block_1_49' title="bbox 1955 1854 3533 1927">
    <p class='ocr_par' dir='ltr' id='par_1_49' title="bbox 1955 1854 3533 1927">
     <span class='ocr_line' id='line_1_49' title="bbox 1955 1854 3533 1927; baseline 0.001 -19"><span class='ocrx_word' id='word_1_353' title='bbox 1955 1854 2183 1911; x_wconf 90' lang='lat' dir='ltr'><strong>assiduis</strong></span> <span class='ocrx_word' id='word_1_354' title='bbox 2205 1857 2461 1925; x_wconf 78' lang='lat' dir='ltr'><strong>repressit</strong></span> <span class='ocrx_word' id='word_1_355' title='bbox 2479 1856 2679 1926; x_wconf 91' lang='lat' dir='ltr'><strong>plagas,</strong></span> <span class='ocrx_word' id='word_1_356' title='bbox 2702 1872 2925 1927; x_wconf 87' lang='lat' dir='ltr'><strong>quarum</strong></span> <span class='ocrx_word' id='word_1_357' title='bbox 2951 1856 3346 1910; x_wconf 87' lang='lat' dir='ltr'><strong>intentabantur</strong></span> <span class='ocrx_word' id='word_1_358' title='bbox 3374 1857 3533 1910; x_wconf 67' lang='lat' dir='ltr'><strong>minae</strong></span> 
     </span>
    </p>
   </div>
   <div class='ocr_carea' id='block_1_50' title="bbox 1956 1946 3531 2017">
    <p class='ocr_par' dir='ltr' id='par_1_50' title="bbox 1956 1946 3531 2017">
     <span class='ocr_line' id='line_1_50' title="bbox 1956 1946 3531 2017; baseline -0.001 -15"><span class='ocrx_word' id='word_1_359' title='bbox 1956 1948 2009 2002; x_wconf 89' lang='lat' dir='ltr'><strong>itt</strong></span> <span class='ocrx_word' id='word_1_360' title='bbox 2058 1949 2242 2002; x_wconf 89' lang='lat' dir='ltr'><strong>orbem</strong></span> <span class='ocrx_word' id='word_1_361' title='bbox 2287 1957 2467 2004; x_wconf 69' lang='lat' dir='ltr'><strong>terrm.</strong></span> <span class='ocrx_word' id='word_1_362' title='bbox 2511 1946 2656 2002; x_wconf 87' lang='lat' dir='ltr'><strong>Gens</strong></span> <span class='ocrx_word' id='word_1_363' title='bbox 2686 1950 2903 2015; x_wconf 89' lang='lat' dir='ltr'><strong>quidem</strong></span> <span class='ocrx_word' id='word_1_364' title='bbox 2934 1960 3082 2003; x_wconf 89' lang='lat' dir='ltr'><strong>certe</strong></span> <span class='ocrx_word' id='word_1_365' title='bbox 3114 1948 3392 2002; x_wconf 77' lang='lat' dir='ltr'><strong>Persarum</strong></span> <span class='ocrx_word' id='word_1_366' title='bbox 3418 1947 3531 2017; x_wconf 88' lang='lat' dir='ltr'><strong>jatn</strong></span> 
     </span>
    </p>
   </div>
   <div class='ocr_carea' id='block_1_51' title="bbox 1956 2040 3532 2110">
    <p class='ocr_par' dir='ltr' id='par_1_51' title="bbox 1956 2040 3532 2110">
     <span class='ocr_line' id='line_1_51' title="bbox 1956 2040 3532 2110; baseline 0.001 -17"><span class='ocrx_word' id='word_1_367' title='bbox 1956 2048 2185 2106; x_wconf 88' lang='lat' dir='ltr'><strong>armata,</strong></span> <span class='ocrx_word' id='word_1_368' title='bbox 2215 2048 2271 2095; x_wconf 91' lang='lat' dir='ltr'><strong>et</strong></span> <span class='ocrx_word' id='word_1_369' title='bbox 2295 2050 2477 2110; x_wconf 85' lang='lat' dir='ltr'><strong>parata</strong></span> <span class='ocrx_word' id='word_1_370' title='bbox 2500 2041 2566 2097; x_wconf 91' lang='lat' dir='ltr'><strong>ad</strong></span> <span class='ocrx_word' id='word_1_371' title='bbox 2594 2040 2863 2095; x_wconf 77' lang='lat' dir='ltr'><strong>Romanos</strong></span> <span class='ocrx_word' id='word_1_372' title='bbox 2909 2042 3258 2107; x_wconf 79' lang='lat' dir='ltr'><strong>invadendos,</strong></span> <span class='ocrx_word' id='word_1_373' title='bbox 3290 2045 3369 2097; x_wconf 91' lang='lat' dir='ltr'><strong>eis</strong></span> <span class='ocrx_word' id='word_1_374' title='bbox 3396 2044 3532 2096; x_wconf 79' lang='lat' dir='ltr'><strong>divi-</strong></span> 
     </span>
    </p>
   </div>
   <div class='ocr_carea' id='block_1_52' title="bbox 1957 2134 3531 2205">
    <p class='ocr_par' dir='ltr' id='par_1_52' title="bbox 1957 2134 3531 2205">
     <span class='ocr_line' id='line_1_52' title="bbox 1957 2134 3531 2205; baseline 0.004 -20"><span class='ocrx_word' id='word_1_375' title='bbox 1957 2147 2024 2186; x_wconf 90' lang='lat' dir='ltr'><strong>na</strong></span> <span class='ocrx_word' id='word_1_376' title='bbox 2050 2134 2366 2189; x_wconf 85' lang='lat' dir='ltr'><strong>adversante</strong></span> <span class='ocrx_word' id='word_1_377' title='bbox 2406 2135 2679 2190; x_wconf 90' lang='lat' dir='ltr'><strong>voluntate</strong></span> <span class='ocrx_word' id='word_1_378' title='bbox 2699 2175 2713 2200; x_wconf 94' lang='lat'><strong>,</strong></span> <span class='ocrx_word' id='word_1_379' title='bbox 2766 2150 2796 2190; x_wconf 87' lang='lat' dir='ltr'><strong>a</strong></span> <span class='ocrx_word' id='word_1_380' title='bbox 2825 2145 2998 2205; x_wconf 70' lang='lat' dir='ltr'><strong>erepto</strong></span> <span class='ocrx_word' id='word_1_381' title='bbox 3024 2145 3106 2191; x_wconf 91' lang='lat' dir='ltr'><strong>est</strong></span> <span class='ocrx_word' id='word_1_382' title='bbox 3149 2138 3441 2204; x_wconf 87' lang='lat' dir='ltr'><strong>retardata,</strong></span> <span class='ocrx_word' id='word_1_383' title='bbox 3475 2147 3531 2192; x_wconf 93' lang='lat' dir='ltr'><strong>et</strong></span> 
     </span>
    </p>
   </div>
   <div class='ocr_carea' id='block_1_53' title="bbox 1958 2224 3535 2297">
    <p class='ocr_par' dir='ltr' id='par_1_53' title="bbox 1958 2224 3535 2297">
     <span class='ocr_line' id='line_1_53' title="bbox 1958 2224 3535 2297; baseline 0.003 -18"><span class='ocrx_word' id='word_1_384' title='bbox 1958 2224 2276 2280; x_wconf 86' lang='lat' dir='ltr'><strong>intrinsecus</strong></span> <span class='ocrx_word' id='word_1_385' title='bbox 2321 2226 2373 2281; x_wconf 91' lang='lat' dir='ltr'><strong>in</strong></span> <span class='ocrx_word' id='word_1_386' title='bbox 2414 2227 2567 2282; x_wconf 89' lang='lat' dir='ltr'><strong>malis</strong></span> <span class='ocrx_word' id='word_1_387' title='bbox 2611 2228 2838 2296; x_wconf 88' lang='lat' dir='ltr'><strong>propriis</strong></span> <span class='ocrx_word' id='word_1_388' title='bbox 2877 2242 3149 2297; x_wconf 83' lang='lat' dir='ltr'><strong>occupata.</strong></span> <span class='ocrx_word' id='word_1_389' title='bbox 3182 2228 3314 2284; x_wconf 83' lang='lat' dir='ltr'><strong>Cum</strong></span> <span class='ocrx_word' id='word_1_390' title='bbox 3356 2240 3535 2284; x_wconf 89' lang='lat' dir='ltr'><strong>autem</strong></span> 
     </span>
    </p>
   </div>
   <div class='ocr_carea' id='block_1_54' title="bbox 1959 2318 3536 2391">
    <p class='ocr_par' dir='ltr' id='par_1_54' title="bbox 1959 2318 3536 2391">
     <span class='ocr_line' id='line_1_54' title="bbox 1959 2318 3536 2391; baseline 0.003 -19"><span class='ocrx_word' id='word_1_391' title='bbox 1959 2320 2123 2373; x_wconf 87' lang='lat' dir='ltr'><strong>sciam</strong></span> <span class='ocrx_word' id='word_1_392' title='bbox 2161 2318 2387 2390; x_wconf 90' lang='lat' dir='ltr'><strong>plurima</strong></span> <span class='ocrx_word' id='word_1_393' title='bbox 2416 2320 2519 2374; x_wconf 91' lang='lat' dir='ltr'><strong>alia</strong></span> <span class='ocrx_word' id='word_1_394' title='bbox 2548 2320 2836 2391; x_wconf 86' lang='lat' dir='ltr'><strong>ejusmodi,</strong></span> <span class='ocrx_word' id='word_1_395' title='bbox 2861 2337 2920 2376; x_wconf 88' lang='lat' dir='ltr'><strong>ea</strong></span> <span class='ocrx_word' id='word_1_396' title='bbox 2951 2324 3374 2390; x_wconf 67' lang='lat' dir='ltr'><strong>praetermittam,</strong></span> <span class='ocrx_word' id='word_1_397' title='bbox 3417 2339 3536 2378; x_wconf 86' lang='lat' dir='ltr'><strong>ora-</strong></span> 
     </span>
    </p>
   </div>
   <div class='ocr_carea' id='block_1_55' title="bbox 1960 2411 3536 2487">
    <p class='ocr_par' dir='ltr' id='par_1_55' title="bbox 1960 2411 3536 2487">
     <span class='ocr_line' id='line_1_55' title="bbox 1960 2411 3536 2487; baseline 0.003 -21"><span class='ocrx_word' id='word_1_398' title='bbox 1960 2411 2123 2467; x_wconf 88' lang='lat' dir='ltr'><strong>tionis</strong></span> <span class='ocrx_word' id='word_1_399' title='bbox 2174 2413 2763 2481; x_wconf 77' lang='lat' dir='ltr'><strong>vitanS&#39;prolixitatem</strong></span> <span class='ocrx_word' id='word_1_400' title='bbox 2798 2432 2810 2467; x_wconf 93' lang='lat'>:</span> <span class='ocrx_word' id='word_1_401' title='bbox 2844 2414 3115 2469; x_wconf 71' lang='lat' dir='ltr'><strong>sufficiunt</strong></span> <span class='ocrx_word' id='word_1_402' title='bbox 3160 2416 3275 2471; x_wconf 64' lang='lat' dir='ltr'><strong>haec</strong></span> <span class='ocrx_word' id='word_1_403' title='bbox 3322 2417 3536 2487; x_wconf 89' lang='lat' dir='ltr'><strong>quidem</strong></span> 
     </span>
    </p>
   </div>
   <div class='ocr_carea' id='block_1_56' title="bbox 1960 2503 3537 2578">
    <p class='ocr_par' dir='ltr' id='par_1_56' title="bbox 1960 2503 3537 2578">
     <span class='ocr_line' id='line_1_56' title="bbox 1960 2503 3537 2578; baseline 0.005 -22"><span class='ocrx_word' id='word_1_404' title='bbox 1960 2511 2108 2557; x_wconf 83' lang='lat' dir='ltr'><strong>certe</strong></span> <span class='ocrx_word' id='word_1_405' title='bbox 2130 2503 2195 2557; x_wconf 92' lang='lat' dir='ltr'><strong>ad</strong></span> <span class='ocrx_word' id='word_1_406' title='bbox 2220 2505 2609 2560; x_wconf 83' lang='lat' dir='ltr'><strong>ostendendam</strong></span> <span class='ocrx_word' id='word_1_407' title='bbox 2633 2505 2927 2576; x_wconf 87' lang='lat' dir='ltr'><strong>spiritalem</strong></span> <span class='ocrx_word' id='word_1_408' title='bbox 2950 2508 3066 2578; x_wconf 86' lang='lat' dir='ltr'><strong>ejus</strong></span> <span class='ocrx_word' id='word_1_409' title='bbox 3086 2509 3279 2572; x_wconf 85' lang='lat' dir='ltr'><strong>mentis</strong></span> <span class='ocrx_word' id='word_1_410' title='bbox 3298 2520 3537 2565; x_wconf 61' lang='lat' dir='ltr'><strong>content.</strong></span> 
     </span>
    </p>
   </div>
   <div class='ocr_carea' id='block_1_57' title="bbox 1959 2596 2266 2666">
    <p class='ocr_par' dir='ltr' id='par_1_57' title="bbox 1959 2596 2266 2666">
     <span class='ocr_line' id='line_1_57' title="bbox 1959 2596 2266 2666; baseline 0.007 -16"><span class='ocrx_word' id='word_1_411' title='bbox 1959 2596 2266 2666; x_wconf 85' lang='lat' dir='ltr'><strong>plationem.</strong></span> 
     </span>
    </p>
   </div>
   <div class='ocr_carea' id='block_1_58' title="bbox 2031 2687 3538 2762">
    <p class='ocr_par' dir='ltr' id='par_1_58' title="bbox 2031 2687 3538 2762">
     <span class='ocr_line' id='line_1_58' title="bbox 2031 2687 3538 2762; baseline 0.003 -21"><span class='ocrx_word' id='word_1_412' title='bbox 2031 2687 2161 2758; x_wconf 86' lang='lat' dir='ltr'><strong>Ejus</strong></span> <span class='ocrx_word' id='word_1_413' title='bbox 2185 2704 2397 2759; x_wconf 90' lang='lat' dir='ltr'><strong>quoque</strong></span> <span class='ocrx_word' id='word_1_414' title='bbox 2427 2689 2527 2744; x_wconf 87' lang='lat' dir='ltr'><strong>fuit</strong></span> <span class='ocrx_word' id='word_1_415' title='bbox 2550 2705 2738 2762; x_wconf 86' lang='lat' dir='ltr'><strong>magna</strong></span> <span class='ocrx_word' id='word_1_416' title='bbox 2776 2691 2914 2745; x_wconf 91' lang='lat' dir='ltr'><strong>fama</strong></span> <span class='ocrx_word' id='word_1_417' title='bbox 2959 2691 3097 2759; x_wconf 90' lang='lat' dir='ltr'><strong>apud</strong></span> <span class='ocrx_word' id='word_1_418' title='bbox 3130 2706 3307 2761; x_wconf 87' lang='lat' dir='ltr'><strong>regem</strong></span> <span class='ocrx_word' id='word_1_419' title='bbox 3349 2692 3538 2746; x_wconf 84' lang='lat' dir='ltr'><strong>Persa-</strong></span> 
     </span>
    </p>
   </div>
   <div class='ocr_carea' id='block_1_59' title="bbox 1959 2782 3538 2853">
    <p class='ocr_par' dir='ltr' id='par_1_59' title="bbox 1959 2782 3538 2853">
     <span class='ocr_line' id='line_1_59' title="bbox 1959 2782 3538 2853; baseline 0.004 -20"><span class='ocrx_word' id='word_1_420' title='bbox 1959 2794 2077 2833; x_wconf 91' lang='lat' dir='ltr'><strong>rum</strong></span> <span class='ocrx_word' id='word_1_421' title='bbox 2105 2799 2117 2835; x_wconf 94' lang='lat'><strong>:</strong></span> <span class='ocrx_word' id='word_1_422' title='bbox 2144 2791 2201 2834; x_wconf 90' lang='lat' dir='ltr'><strong>ut</strong></span> <span class='ocrx_word' id='word_1_423' title='bbox 2229 2782 2369 2835; x_wconf 89' lang='lat' dir='ltr'><strong>enim</strong></span> <span class='ocrx_word' id='word_1_424' title='bbox 2399 2794 2685 2836; x_wconf 91' lang='lat' dir='ltr'><strong>narrarunt</strong></span> <span class='ocrx_word' id='word_1_425' title='bbox 2714 2782 2871 2852; x_wconf 80' lang='lat' dir='ltr'><strong>legati</strong></span> <span class='ocrx_word' id='word_1_426' title='bbox 2908 2782 2998 2853; x_wconf 89' lang='lat' dir='ltr'><strong>qui</strong></span> <span class='ocrx_word' id='word_1_427' title='bbox 3047 2784 3112 2836; x_wconf 90' lang='lat' dir='ltr'><strong>ad</strong></span> <span class='ocrx_word' id='word_1_428' title='bbox 3166 2784 3336 2853; x_wconf 90' lang='lat' dir='ltr'><strong>ipsum</strong></span> <span class='ocrx_word' id='word_1_429' title='bbox 3379 2799 3538 2839; x_wconf 86' lang='lat' dir='ltr'><strong>vene-</strong></span> 
     </span>
    </p>
   </div>
   <div class='ocr_carea' id='block_1_60' title="bbox 1959 2871 3567 2944">
    <p class='ocr_par' dir='ltr' id='par_1_60' title="bbox 1959 2871 3567 2944">
     <span class='ocr_line' id='line_1_60' title="bbox 1959 2871 3567 2944; baseline 0.004 -20"><span class='ocrx_word' id='word_1_430' title='bbox 1959 2880 2104 2938; x_wconf 87' lang='lat' dir='ltr'><strong>runt,</strong></span> <span class='ocrx_word' id='word_1_431' title='bbox 2129 2871 2411 2943; x_wconf 84' lang='lat' dir='ltr'><strong>diligenter</strong></span> <span class='ocrx_word' id='word_1_432' title='bbox 2442 2874 3073 2943; x_wconf 71' lang='lat' dir='ltr'><strong>seiseitabaturqumnam</strong></span> <span class='ocrx_word' id='word_1_433' title='bbox 3097 2885 3239 2929; x_wconf 89' lang='lat' dir='ltr'><strong>esset</strong></span> <span class='ocrx_word' id='word_1_434' title='bbox 3260 2876 3374 2944; x_wconf 88' lang='lat' dir='ltr'><strong>ejus</strong></span> <span class='ocrx_word' id='word_1_435' title='bbox 3408 2878 3535 2943; x_wconf 88' lang='lat' dir='ltr'><strong>vita,</strong></span> <span class='ocrx_word' id='word_1_436' title='bbox 3564 2932 3567 2941; x_wconf 32' lang='grc' dir='ltr'><em>λ</em></span> 
     </span>
    </p>
   </div>
   <div class='ocr_carea' id='block_1_61' title="bbox 1958 2966 3566 3036">
    <p class='ocr_par' dir='ltr' id='par_1_61' title="bbox 1958 2966 3566 3036">
     <span class='ocr_line' id='line_1_61' title="bbox 1958 2966 3566 3036; baseline 0.004 -17"><span class='ocrx_word' id='word_1_437' title='bbox 1958 2972 2015 3019; x_wconf 89' lang='lat' dir='ltr'><strong>et</strong></span> <span class='ocrx_word' id='word_1_438' title='bbox 2040 2980 2285 3034; x_wconf 72' lang='lat' dir='ltr'><strong>quaenam</strong></span> <span class='ocrx_word' id='word_1_439' title='bbox 2312 2967 2588 3021; x_wconf 87' lang='lat' dir='ltr'><strong>miracula.</strong></span> <span class='ocrx_word' id='word_1_440' title='bbox 2624 2966 2816 3020; x_wconf 91' lang='lat' dir='ltr'><strong>Dicunt</strong></span> <span class='ocrx_word' id='word_1_441' title='bbox 2836 2974 3012 3021; x_wconf 89' lang='lat' dir='ltr'><strong>autem</strong></span> <span class='ocrx_word' id='word_1_442' title='bbox 3035 2969 3152 3035; x_wconf 87' lang='lat' dir='ltr'><strong>ejus</strong></span> <span class='ocrx_word' id='word_1_443' title='bbox 3183 2982 3391 3036; x_wconf 87' lang='lat' dir='ltr'><strong>quoque</strong></span> <span class='ocrx_word' id='word_1_444' title='bbox 3423 2982 3566 3027; x_wconf 64' lang='grc' dir='ltr'><strong>(δοτι-⁴</strong></span> 
     </span>
    </p>
   </div>
   <div class='ocr_carea' id='block_1_62' title="bbox 1957 3060 3592 3149">
    <p class='ocr_par' dir='ltr' id='par_1_62' title="bbox 1957 3060 3592 3149">
     <span class='ocr_line' id='line_1_62' title="bbox 1957 3060 3592 3149; baseline 0.004 -34"><span class='ocrx_word' id='word_1_445' title='bbox 1957 3060 2136 3129; x_wconf 90' lang='lat' dir='ltr'><strong>jugem</strong></span> <span class='ocrx_word' id='word_1_446' title='bbox 2154 3103 2170 3126; x_wconf 92' lang='lat'><strong>,</strong></span> <span class='ocrx_word' id='word_1_447' title='bbox 2209 3070 2260 3115; x_wconf 90' lang='lat' dir='ltr'><strong>et</strong></span> <span class='ocrx_word' id='word_1_448' title='bbox 2283 3062 2501 3131; x_wconf 88' lang='lat' dir='ltr'><strong>petiisse</strong></span> <span class='ocrx_word' id='word_1_449' title='bbox 2520 3063 2694 3117; x_wconf 91' lang='lat' dir='ltr'><strong>oleum</strong></span> <span class='ocrx_word' id='word_1_450' title='bbox 2711 3063 2982 3133; x_wconf 82' lang='lat' dir='ltr'><strong>dignatum</strong></span> <span class='ocrx_word' id='word_1_451' title='bbox 3006 3064 3122 3135; x_wconf 89' lang='lat' dir='ltr'><strong>ejus</strong></span> <span class='ocrx_word' id='word_1_452' title='bbox 3140 3066 3540 3149; x_wconf 54' lang='lat' dir='ltr'><strong>benedictione,</strong></span> <span class='ocrx_word' id='word_1_453' title='bbox 3584 3114 3592 3122; x_wconf 91' lang='lat'><strong>.</strong></span> 
     </span>
    </p>
   </div>
   <div class='ocr_carea' id='block_1_63' title="bbox 276 3146 3539 3223">
    <p class='ocr_par' dir='ltr' id='par_1_63' title="bbox 276 3146 3539 3223">
     <span class='ocr_line' id='line_1_63' title="bbox 276 3146 3539 3223; baseline -0.001 -12"><span class='ocrx_word' id='word_1_454' title='bbox 276 3156 374 3211; x_wconf 86' lang='lat' dir='ltr'><strong>lita</strong></span> <span class='ocrx_word' id='word_1_455' title='bbox 406 3172 509 3212; x_wconf 89' lang='lat' dir='ltr'><strong>non</strong></span> <span class='ocrx_word' id='word_1_456' title='bbox 531 3158 758 3212; x_wconf 91' lang='lat' dir='ltr'><strong>obscuro</strong></span> <span class='ocrx_word' id='word_1_457' title='bbox 787 3157 905 3211; x_wconf 91' lang='lat' dir='ltr'><strong>loco</strong></span> <span class='ocrx_word' id='word_1_458' title='bbox 936 3165 1113 3223; x_wconf 90' lang='lat' dir='ltr'><strong>natus,</strong></span> <span class='ocrx_word' id='word_1_459' title='bbox 1150 3155 1255 3209; x_wconf 91' lang='lat' dir='ltr'><strong>Deo</strong></span> <span class='ocrx_word' id='word_1_460' title='bbox 1288 3162 1466 3207; x_wconf 88' lang='lat' dir='ltr'><strong>votum</strong></span> <span class='ocrx_word' id='word_1_461' title='bbox 1501 3153 1720 3219; x_wconf 86' lang='lat' dir='ltr'><strong>fecerat,</strong></span> <span class='ocrx_word' id='word_1_462' title='bbox 1751 3152 1852 3208; x_wconf 86' lang='lat' dir='ltr'><strong>hoc</strong></span> <span class='ocrx_word' id='word_1_463' title='bbox 1882 3146 1930 3210; x_wconf 83' lang='lat' dir='ltr'><strong><em>C</em></strong></span> <span class='ocrx_word' id='word_1_464' title='bbox 1960 3160 2014 3207; x_wconf 87' lang='lat' dir='ltr'><strong>et</strong></span> <span class='ocrx_word' id='word_1_465' title='bbox 2035 3160 2283 3222; x_wconf 90' lang='lat' dir='ltr'><strong>tanquam</strong></span> <span class='ocrx_word' id='word_1_466' title='bbox 2325 3152 2524 3207; x_wconf 90' lang='lat' dir='ltr'><strong>donum</strong></span> <span class='ocrx_word' id='word_1_467' title='bbox 2557 3152 2846 3207; x_wconf 82' lang='lat' dir='ltr'><strong>maximum</strong></span> <span class='ocrx_word' id='word_1_468' title='bbox 2874 3155 3165 3220; x_wconf 87' lang='lat' dir='ltr'><strong>accepisse.</strong></span> <span class='ocrx_word' id='word_1_469' title='bbox 3197 3155 3335 3222; x_wconf 81' lang='lat' dir='ltr'><strong>Quin</strong></span> <span class='ocrx_word' id='word_1_470' title='bbox 3377 3146 3539 3210; x_wconf 85' lang='lat' dir='ltr'><strong>etiam</strong></span> 
     </span>
    </p>
   </div>
   <div class='ocr_carea' id='block_1_64' title="bbox 276 3244 1857 3313">
    <p class='ocr_par' dir='ltr' id='par_1_64' title="bbox 276 3244 1857 3313">
     <span class='ocr_line' id='line_1_64' title="bbox 276 3244 1857 3313; baseline -0.002 -11"><span class='ocrx_word' id='word_1_471' title='bbox 276 3248 464 3303; x_wconf 90' lang='lat' dir='ltr'><strong>divino</strong></span> <span class='ocrx_word' id='word_1_472' title='bbox 490 3250 608 3304; x_wconf 87' lang='lat' dir='ltr'><strong>viro</strong></span> <span class='ocrx_word' id='word_1_473' title='bbox 638 3257 796 3304; x_wconf 90' lang='lat' dir='ltr'><strong>teste.</strong></span> <span class='ocrx_word' id='word_1_474' title='bbox 846 3247 1118 3304; x_wconf 88' lang='lat' dir='ltr'><strong>Pollicitus</strong></span> <span class='ocrx_word' id='word_1_475' title='bbox 1162 3256 1338 3302; x_wconf 91' lang='lat' dir='ltr'><strong>autem</strong></span> <span class='ocrx_word' id='word_1_476' title='bbox 1367 3253 1504 3313; x_wconf 90' lang='lat' dir='ltr'><strong>erat,</strong></span> <span class='ocrx_word' id='word_1_477' title='bbox 1537 3244 1766 3300; x_wconf 87' lang='lat' dir='ltr'><strong>futurum</strong></span> <span class='ocrx_word' id='word_1_478' title='bbox 1799 3254 1857 3299; x_wconf 93' lang='lat' dir='ltr'><strong>ut</strong></span> 
     </span>
    </p>
   </div>
   <div class='ocr_carea' id='block_1_65' title="bbox 276 3340 1859 3412">
    <p class='ocr_par' dir='ltr' id='par_1_65' title="bbox 276 3340 1859 3412">
     <span class='ocr_line' id='line_1_65' title="bbox 276 3340 1859 3412; baseline 0.001 -18"><span class='ocrx_word' id='word_1_479' title='bbox 276 3353 341 3394; x_wconf 89' lang='lat' dir='ltr'><strong>se</strong></span> <span class='ocrx_word' id='word_1_480' title='bbox 369 3340 622 3410; x_wconf 88' lang='lat' dir='ltr'><strong>deinceps</strong></span> <span class='ocrx_word' id='word_1_481' title='bbox 645 3351 901 3412; x_wconf 89' lang='lat' dir='ltr'><strong>perpetuo</strong></span> <span class='ocrx_word' id='word_1_482' title='bbox 928 3341 1221 3397; x_wconf 73' lang='lat' dir='ltr'><strong>abstineret</strong></span> <span class='ocrx_word' id='word_1_483' title='bbox 1250 3341 1316 3394; x_wconf 90' lang='lat' dir='ltr'><strong>ab</strong></span> <span class='ocrx_word' id='word_1_484' title='bbox 1342 3355 1438 3395; x_wconf 84' lang='lat' dir='ltr'><strong>esu</strong></span> <span class='ocrx_word' id='word_1_485' title='bbox 1467 3340 1703 3408; x_wconf 89' lang='lat' dir='ltr'><strong>cujusvis</strong></span> <span class='ocrx_word' id='word_1_486' title='bbox 1730 3341 1859 3395; x_wconf 87' lang='lat' dir='ltr'><strong>ani-</strong></span> 
     </span>
    </p>
   </div>
   <div class='ocr_carea' id='block_1_66' title="bbox 284 3430 1860 3503">
    <p class='ocr_par' dir='ltr' id='par_1_66' title="bbox 284 3430 1860 3503">
     <span class='ocr_line' id='line_1_66' title="bbox 284 3430 1860 3503; baseline 0.001 -17"><span class='ocrx_word' id='word_1_487' title='bbox 284 3432 439 3486; x_wconf 82' lang='lat' dir='ltr'><strong>mati.</strong></span> <span class='ocrx_word' id='word_1_488' title='bbox 472 3431 581 3488; x_wconf 80' lang='lat' dir='ltr'><strong>Hoc</strong></span> <span class='ocrx_word' id='word_1_489' title='bbox 609 3434 931 3503; x_wconf 88' lang='lat' dir='ltr'><strong>promissum</strong></span> <span class='ocrx_word' id='word_1_490' title='bbox 962 3434 1145 3489; x_wconf 86' lang='lat' dir='ltr'><strong>nescio</strong></span> <span class='ocrx_word' id='word_1_491' title='bbox 1170 3431 1439 3501; x_wconf 91' lang='lat' dir='ltr'><strong>quomodo</strong></span> <span class='ocrx_word' id='word_1_492' title='bbox 1465 3430 1697 3501; x_wconf 89' lang='lat' dir='ltr'><strong>quodam</strong></span> <span class='ocrx_word' id='word_1_493' title='bbox 1726 3442 1860 3487; x_wconf 86' lang='lat' dir='ltr'><strong>tem-</strong></span> 
     </span>
    </p>
   </div>
   <div class='ocr_carea' id='block_1_67' title="bbox 288 3527 1851 3595">
    <p class='ocr_par' dir='ltr' id='par_1_67' title="bbox 288 3527 1851 3595">
     <span class='ocr_line' id='line_1_67' title="bbox 288 3527 1851 3595; baseline 0.004 -18"><span class='ocrx_word' id='word_1_494' title='bbox 288 3538 420 3592; x_wconf 89' lang='lat' dir='ltr'><strong>pore</strong></span> <span class='ocrx_word' id='word_1_495' title='bbox 435 3532 817 3595; x_wconf 88' lang='lat' dir='ltr'><strong>transgressus,</strong></span> <span class='ocrx_word' id='word_1_496' title='bbox 835 3527 1065 3582; x_wconf 87' lang='lat' dir='ltr'><strong>occisam</strong></span> <span class='ocrx_word' id='word_1_497' title='bbox 1087 3541 1239 3582; x_wconf 84' lang='lat' dir='ltr'><strong>avem</strong></span> <span class='ocrx_word' id='word_1_498' title='bbox 1266 3540 1427 3582; x_wconf 90' lang='lat' dir='ltr'><strong>ausus</strong></span> <span class='ocrx_word' id='word_1_499' title='bbox 1443 3538 1525 3582; x_wconf 89' lang='lat' dir='ltr'><strong>est</strong></span> <span class='ocrx_word' id='word_1_500' title='bbox 1547 3528 1851 3585; x_wconf 89' lang='lat' dir='ltr'><strong>comedere.</strong></span> 
     </span>
    </p>
   </div>
   <div class='ocr_carea' id='block_1_68' title="bbox 279 3610 1859 3687">
    <p class='ocr_par' dir='ltr' id='par_1_68' title="bbox 279 3610 1859 3687">
     <span class='ocr_line' id='line_1_68' title="bbox 279 3610 1859 3687; baseline 0.006 -21"><span class='ocrx_word' id='word_1_501' title='bbox 279 3610 416 3667; x_wconf 83' lang='lat' dir='ltr'><strong>Cum</strong></span> <span class='ocrx_word' id='word_1_502' title='bbox 452 3614 592 3668; x_wconf 91' lang='lat' dir='ltr'><strong>Deus</strong></span> <span class='ocrx_word' id='word_1_503' title='bbox 618 3625 795 3670; x_wconf 90' lang='lat' dir='ltr'><strong>autem</strong></span> <span class='ocrx_word' id='word_1_504' title='bbox 827 3632 922 3686; x_wconf 91' lang='lat' dir='ltr'><strong>per</strong></span> <span class='ocrx_word' id='word_1_505' title='bbox 942 3618 1361 3687; x_wconf 88' lang='lat' dir='ltr'><strong>increpationem</strong></span> <span class='ocrx_word' id='word_1_506' title='bbox 1387 3636 1512 3676; x_wconf 92' lang='lat' dir='ltr'><strong>eum</strong></span> <span class='ocrx_word' id='word_1_507' title='bbox 1539 3623 1607 3677; x_wconf 90' lang='lat' dir='ltr'><strong>ad</strong></span> <span class='ocrx_word' id='word_1_508' title='bbox 1629 3636 1859 3677; x_wconf 87' lang='lat' dir='ltr'><strong>conver-</strong></span> 
     </span>
    </p>
   </div>
   <div class='ocr_carea' id='block_1_69' title="bbox 281 3705 1863 3778">
    <p class='ocr_par' dir='ltr' id='par_1_69' title="bbox 281 3705 1863 3778">
     <span class='ocr_line' id='line_1_69' title="bbox 281 3705 1863 3778; baseline 0.006 -20"><span class='ocrx_word' id='word_1_509' title='bbox 281 3705 489 3760; x_wconf 87' lang='lat' dir='ltr'><strong>sionem</strong></span> <span class='ocrx_word' id='word_1_510' title='bbox 521 3708 776 3764; x_wconf 86' lang='lat' dir='ltr'><strong>voluisset</strong></span> <span class='ocrx_word' id='word_1_511' title='bbox 820 3709 1106 3778; x_wconf 90' lang='lat' dir='ltr'><strong>deducere,</strong></span> <span class='ocrx_word' id='word_1_512' title='bbox 1137 3721 1193 3766; x_wconf 91' lang='lat' dir='ltr'><strong>et</strong></span> <span class='ocrx_word' id='word_1_513' title='bbox 1230 3726 1381 3767; x_wconf 91' lang='lat' dir='ltr'><strong>suum</strong></span> <span class='ocrx_word' id='word_1_514' title='bbox 1411 3712 1668 3768; x_wconf 89' lang='lat' dir='ltr'><strong>famulum</strong></span> <span class='ocrx_word' id='word_1_515' title='bbox 1693 3713 1863 3768; x_wconf 86' lang='lat' dir='ltr'><strong>bono-</strong></span> 
     </span>
    </p>
   </div>
   <div class='ocr_carea' id='block_1_70' title="bbox 287 3799 1862 3872">
    <p class='ocr_par' dir='ltr' id='par_1_70' title="bbox 287 3799 1862 3872">
     <span class='ocr_line' id='line_1_70' title="bbox 287 3799 1862 3872; baseline 0.007 -22"><span class='ocrx_word' id='word_1_516' title='bbox 287 3812 444 3865; x_wconf 86' lang='lat' dir='ltr'><strong>rare,</strong></span> <span class='ocrx_word' id='word_1_517' title='bbox 473 3800 564 3869; x_wconf 90' lang='lat' dir='ltr'><strong>qui</strong></span> <span class='ocrx_word' id='word_1_518' title='bbox 589 3799 762 3856; x_wconf 89' lang='lat' dir='ltr'><strong>fuerat</strong></span> <span class='ocrx_word' id='word_1_519' title='bbox 785 3803 937 3856; x_wconf 90' lang='lat' dir='ltr'><strong>testis</strong></span> <span class='ocrx_word' id='word_1_520' title='bbox 965 3802 1215 3871; x_wconf 90' lang='lat' dir='ltr'><strong>promissi</strong></span> <span class='ocrx_word' id='word_1_521' title='bbox 1241 3804 1381 3872; x_wconf 91' lang='lat' dir='ltr'><strong>quod</strong></span> <span class='ocrx_word' id='word_1_522' title='bbox 1406 3805 1453 3858; x_wconf 82' lang='lat' dir='ltr'><strong>is</strong></span> <span class='ocrx_word' id='word_1_523' title='bbox 1479 3804 1651 3860; x_wconf 87' lang='lat' dir='ltr'><strong>fuerat</strong></span> <span class='ocrx_word' id='word_1_524' title='bbox 1680 3813 1862 3861; x_wconf 90' lang='lat' dir='ltr'><strong>trans-</strong></span> 
     </span>
    </p>
   </div>
   <div class='ocr_carea' id='block_1_71' title="bbox 281 3896 1858 3968">
    <p class='ocr_par' dir='ltr' id='par_1_71' title="bbox 281 3896 1858 3968">
     <span class='ocr_line' id='line_1_71' title="bbox 281 3896 1858 3968; baseline 0.005 -24"><span class='ocrx_word' id='word_1_525' title='bbox 281 3904 530 3960; x_wconf 85' lang='lat' dir='ltr'><strong>gressus,</strong></span> <span class='ocrx_word' id='word_1_526' title='bbox 578 3904 778 3950; x_wconf 90' lang='lat' dir='ltr'><strong>mutata</strong></span> <span class='ocrx_word' id='word_1_527' title='bbox 818 3904 902 3950; x_wconf 89' lang='lat' dir='ltr'><strong>est</strong></span> <span class='ocrx_word' id='word_1_528' title='bbox 932 3898 983 3950; x_wconf 88' lang='lat' dir='ltr'><strong>in</strong></span> <span class='ocrx_word' id='word_1_529' title='bbox 1036 3896 1229 3966; x_wconf 85' lang='lat' dir='ltr'><strong>lapidis</strong></span> <span class='ocrx_word' id='word_1_530' title='bbox 1274 3907 1518 3953; x_wconf 86' lang='lat' dir='ltr'><strong>naturam</strong></span> <span class='ocrx_word' id='word_1_531' title='bbox 1565 3913 1693 3954; x_wconf 87' lang='lat' dir='ltr'><strong>caro</strong></span> <span class='ocrx_word' id='word_1_532' title='bbox 1725 3898 1858 3968; x_wconf 88' lang='lat' dir='ltr'><strong>avis,</strong></span> 
     </span>
    </p>
   </div>
   <div class='ocr_carea' id='block_1_72' title="bbox 281 3987 1864 4061">
    <p class='ocr_par' dir='ltr' id='par_1_72' title="bbox 281 3987 1864 4061">
     <span class='ocr_line' id='line_1_72' title="bbox 281 3987 1864 4061; baseline 0.007 -26"><span class='ocrx_word' id='word_1_533' title='bbox 281 3987 423 4038; x_wconf 87' lang='lat' dir='ltr'><strong>adeo</strong></span> <span class='ocrx_word' id='word_1_534' title='bbox 450 3994 631 4040; x_wconf 91' lang='lat' dir='ltr'><strong>utnec</strong></span> <span class='ocrx_word' id='word_1_535' title='bbox 655 3988 699 4040; x_wconf 89' lang='lat' dir='ltr'><strong>si</strong></span> <span class='ocrx_word' id='word_1_536' title='bbox 724 3987 1137 4057; x_wconf 90' lang='lat' dir='ltr'><strong>velletquidem,</strong></span> <span class='ocrx_word' id='word_1_537' title='bbox 1167 3989 1422 4059; x_wconf 89' lang='lat' dir='ltr'><strong>deinceps</strong></span> <span class='ocrx_word' id='word_1_538' title='bbox 1448 4006 1516 4046; x_wconf 90' lang='lat' dir='ltr'><strong>eo</strong></span> <span class='ocrx_word' id='word_1_539' title='bbox 1541 3992 1682 4046; x_wconf 86' lang='lat' dir='ltr'><strong>vesci</strong></span> <span class='ocrx_word' id='word_1_540' title='bbox 1729 4006 1864 4061; x_wconf 89' lang='lat' dir='ltr'><strong>pos-</strong></span> 
     </span>
    </p>
   </div>
   <div class='ocr_carea' id='block_1_73' title="bbox 281 4075 1863 4153">
    <p class='ocr_par' dir='ltr' id='par_1_73' title="bbox 281 4075 1863 4153">
     <span class='ocr_line' id='line_1_73' title="bbox 281 4075 1863 4153; baseline 0.005 -23"><span class='ocrx_word' id='word_1_541' title='bbox 281 4084 385 4130; x_wconf 88' lang='lat' dir='ltr'><strong>set.</strong></span> <span class='ocrx_word' id='word_1_542' title='bbox 416 4075 697 4143; x_wconf 86' lang='lat' dir='ltr'><strong>Quomodo</strong></span> <span class='ocrx_word' id='word_1_543' title='bbox 722 4078 864 4131; x_wconf 88' lang='lat' dir='ltr'><strong>enim</strong></span> <span class='ocrx_word' id='word_1_544' title='bbox 895 4079 1178 4147; x_wconf 90' lang='lat' dir='ltr'><strong>potuisset,</strong></span> <span class='ocrx_word' id='word_1_545' title='bbox 1228 4095 1348 4136; x_wconf 91' lang='lat' dir='ltr'><strong>eum</strong></span> <span class='ocrx_word' id='word_1_546' title='bbox 1380 4082 1691 4150; x_wconf 87' lang='lat' dir='ltr'><strong>lapiduisset</strong></span> <span class='ocrx_word' id='word_1_547' title='bbox 1719 4085 1863 4153; x_wconf 90' lang='lat' dir='ltr'><strong>quod</strong></span> 
     </span>
    </p>
   </div>
   <div class='ocr_carea' id='block_1_74' title="bbox 283 4164 1862 4240">
    <p class='ocr_par' dir='ltr' id='par_1_74' title="bbox 283 4164 1862 4240">
     <span class='ocr_line' id='line_1_74' title="bbox 283 4164 1862 4240; baseline 0.007 -24"><span class='ocrx_word' id='word_1_548' title='bbox 283 4164 354 4218; x_wconf 85' lang='lat' dir='ltr'><strong>ad</strong></span> <span class='ocrx_word' id='word_1_549' title='bbox 381 4166 554 4219; x_wconf 90' lang='lat' dir='ltr'><strong>cibum</strong></span> <span class='ocrx_word' id='word_1_550' title='bbox 584 4176 852 4235; x_wconf 89' lang='lat' dir='ltr'><strong>sumptum</strong></span> <span class='ocrx_word' id='word_1_551' title='bbox 900 4168 1072 4223; x_wconf 87' lang='lat' dir='ltr'><strong>fuerat</strong></span> <span class='ocrx_word' id='word_1_552' title='bbox 1116 4171 1350 4240; x_wconf 77' lang='lat' dir='ltr'><strong>corpus?</strong></span> <span class='ocrx_word' id='word_1_553' title='bbox 1389 4171 1506 4226; x_wconf 84' lang='lat' dir='ltr'><strong>Hoc</strong></span> <span class='ocrx_word' id='word_1_554' title='bbox 1542 4173 1862 4228; x_wconf 84' lang='lat' dir='ltr'><strong>admirando</strong></span> 
     </span>
    </p>
   </div>
   <div class='ocr_carea' id='block_1_75' title="bbox 283 4257 1863 4334">
    <p class='ocr_par' dir='ltr' id='par_1_75' title="bbox 283 4257 1863 4334">
     <span class='ocr_line' id='line_1_75' title="bbox 283 4257 1863 4334; baseline 0.008 -23"><span class='ocrx_word' id='word_1_555' title='bbox 283 4266 342 4311; x_wconf 92' lang='lat' dir='ltr'><strong>et</strong></span> <span class='ocrx_word' id='word_1_556' title='bbox 379 4257 680 4312; x_wconf 86' lang='lat' dir='ltr'><strong>incredibili</strong></span> <span class='ocrx_word' id='word_1_557' title='bbox 709 4262 1017 4329; x_wconf 87' lang='lat' dir='ltr'><strong>spectaculo</strong></span> <span class='ocrx_word' id='word_1_558' title='bbox 1044 4262 1448 4334; x_wconf 88' lang='lat' dir='ltr'><strong>obstupefactus</strong></span> <span class='ocrx_word' id='word_1_559' title='bbox 1487 4265 1764 4332; x_wconf 84' lang='lat' dir='ltr'><strong>barbarus,</strong></span> <span class='ocrx_word' id='word_1_560' title='bbox 1796 4268 1863 4322; x_wconf 89' lang='lat' dir='ltr'><strong>ad</strong></span> 
     </span>
    </p>
   </div>
   <div class='ocr_carea' id='block_1_76' title="bbox 281 4348 1863 4425">
    <p class='ocr_par' dir='ltr' id='par_1_76' title="bbox 281 4348 1863 4425">
     <span class='ocr_line' id='line_1_76' title="bbox 281 4348 1863 4425; baseline 0.006 -25"><span class='ocrx_word' id='word_1_561' title='bbox 281 4356 528 4402; x_wconf 87' lang='lat' dir='ltr'><strong>sanctum</strong></span> <span class='ocrx_word' id='word_1_562' title='bbox 559 4348 705 4425; x_wconf 44' lang='lat' dir='ltr'><strong>vam</strong></span> <span class='ocrx_word' id='word_1_563' title='bbox 734 4364 890 4418; x_wconf 89' lang='lat' dir='ltr'><strong>quam</strong></span> <span class='ocrx_word' id='word_1_564' title='bbox 921 4352 1203 4409; x_wconf 84' lang='lat' dir='ltr'><strong>celerrime</strong></span> <span class='ocrx_word' id='word_1_565' title='bbox 1225 4395 1241 4420; x_wconf 92' lang='lat'><strong>,</strong></span> <span class='ocrx_word' id='word_1_566' title='bbox 1269 4355 1411 4425; x_wconf 88' lang='lat' dir='ltr'><strong>quod</strong></span> <span class='ocrx_word' id='word_1_567' title='bbox 1446 4365 1564 4410; x_wconf 89' lang='lat' dir='ltr'><strong>erat</strong></span> <span class='ocrx_word' id='word_1_568' title='bbox 1593 4357 1863 4411; x_wconf 88' lang='lat' dir='ltr'><strong>occultum</strong></span> 
     </span>
    </p>
   </div>
   <div class='ocr_carea' id='block_1_77' title="bbox 280 4418 1861 4516">
    <p class='ocr_par' dir='ltr' id='par_1_77' title="bbox 280 4418 1861 4516">
     <span class='ocr_line' id='line_1_77' title="bbox 280 4418 1861 4516; baseline 0.006 -24"><span class='ocrx_word' id='word_1_569' title='bbox 280 4448 558 4507; x_wconf 81' lang='lat' dir='ltr'><strong>peccatum</strong></span> <span class='ocrx_word' id='word_1_570' title='bbox 576 4418 818 4496; x_wconf 54' lang='lat' dir='ltr'><strong>{nucem</strong></span> <span class='ocrx_word' id='word_1_571' title='bbox 834 4441 1131 4512; x_wconf 85' lang='lat' dir='ltr'><strong>proferens,</strong></span> <span class='ocrx_word' id='word_1_572' title='bbox 1151 4454 1365 4500; x_wconf 88' lang='lat' dir='ltr'><strong>etsuam</strong></span> <span class='ocrx_word' id='word_1_573' title='bbox 1384 4447 1861 4516; x_wconf 88' lang='lat' dir='ltr'><strong>transgressionem</strong></span> 
     </span>
    </p>
   </div>
   <div class='ocr_carea' id='block_1_78' title="bbox 1961 3244 3538 3314">
    <p class='ocr_par' dir='ltr' id='par_1_78' title="bbox 1961 3244 3538 3314">
     <span class='ocr_line' id='line_1_78' title="bbox 1961 3244 3538 3314; baseline 0.001 -15"><span class='ocrx_word' id='word_1_574' title='bbox 1961 3258 2150 3299; x_wconf 90' lang='lat' dir='ltr'><strong>omnes</strong></span> <span class='ocrx_word' id='word_1_575' title='bbox 2180 3244 2323 3314; x_wconf 88' lang='lat' dir='ltr'><strong>regis</strong></span> <span class='ocrx_word' id='word_1_576' title='bbox 2351 3244 2568 3299; x_wconf 64' lang='lat' dir='ltr'><strong>assecla:</strong></span> <span class='ocrx_word' id='word_1_577' title='bbox 2598 3255 2650 3299; x_wconf 90' lang='lat' dir='ltr'><strong>et</strong></span> <span class='ocrx_word' id='word_1_578' title='bbox 2670 3260 2700 3299; x_wconf 90' lang='lat' dir='ltr'><strong>a</strong></span> <span class='ocrx_word' id='word_1_579' title='bbox 2724 3245 2861 3300; x_wconf 88' lang='lat' dir='ltr'><strong>fama</strong></span> <span class='ocrx_word' id='word_1_580' title='bbox 2884 3250 3160 3312; x_wconf 86' lang='lat' dir='ltr'><strong>commoti,</strong></span> <span class='ocrx_word' id='word_1_581' title='bbox 3184 3258 3239 3302; x_wconf 90' lang='lat' dir='ltr'><strong>et</strong></span> <span class='ocrx_word' id='word_1_582' title='bbox 3268 3248 3462 3301; x_wconf 90' lang='lat' dir='ltr'><strong>multas</strong></span> <span class='ocrx_word' id='word_1_583' title='bbox 3484 3248 3538 3301; x_wconf 91' lang='lat' dir='ltr'><strong>in</strong></span> 
     </span>
    </p>
   </div>
   <div class='ocr_carea' id='block_1_79' title="bbox 1962 3337 3544 3406">
    <p class='ocr_par' dir='ltr' id='par_1_79' title="bbox 1962 3337 3544 3406">
     <span class='ocr_line' id='line_1_79' title="bbox 1962 3337 3544 3406; baseline 0.001 -14"><span class='ocrx_word' id='word_1_584' title='bbox 1962 3352 2083 3392; x_wconf 89' lang='lat' dir='ltr'><strong>eum</strong></span> <span class='ocrx_word' id='word_1_585' title='bbox 2114 3352 2143 3389; x_wconf 88' lang='lat' dir='ltr'><strong>a</strong></span> <span class='ocrx_word' id='word_1_586' title='bbox 2175 3337 2343 3405; x_wconf 91' lang='lat' dir='ltr'><strong>magis</strong></span> <span class='ocrx_word' id='word_1_587' title='bbox 2390 3337 2676 3391; x_wconf 88' lang='lat' dir='ltr'><strong>adornatas</strong></span> <span class='ocrx_word' id='word_1_588' title='bbox 2721 3337 3046 3406; x_wconf 82' lang='lat' dir='ltr'><strong>accipientes</strong></span> <span class='ocrx_word' id='word_1_589' title='bbox 3072 3339 3390 3406; x_wconf 82' lang='lat' dir='ltr'><strong>ealumnias,</strong></span> <span class='ocrx_word' id='word_1_590' title='bbox 3420 3340 3544 3395; x_wconf 87' lang='lat' dir='ltr'><strong>dili-</strong></span> 
     </span>
    </p>
   </div>
   <div class='ocr_carea' id='block_1_80' title="bbox 1962 3430 3540 3499">
    <p class='ocr_par' dir='ltr' id='par_1_80' title="bbox 1962 3430 3540 3499">
     <span class='ocr_line' id='line_1_80' title="bbox 1962 3430 3540 3499; baseline 0.001 -15"><span class='ocrx_word' id='word_1_591' title='bbox 1962 3440 2147 3498; x_wconf 83' lang='lat' dir='ltr'><strong>genter</strong></span> <span class='ocrx_word' id='word_1_592' title='bbox 2174 3430 2462 3499; x_wconf 85' lang='lat' dir='ltr'><strong>rogabant;</strong></span> <span class='ocrx_word' id='word_1_593' title='bbox 2510 3443 2709 3487; x_wconf 90' lang='lat' dir='ltr'><strong>etcum</strong></span> <span class='ocrx_word' id='word_1_594' title='bbox 2742 3431 3149 3498; x_wconf 82' lang='lat' dir='ltr'><strong>intellexissent,</strong></span> <span class='ocrx_word' id='word_1_595' title='bbox 3187 3436 3357 3488; x_wconf 91' lang='lat' dir='ltr'><strong>virum</strong></span> <span class='ocrx_word' id='word_1_596' title='bbox 3398 3434 3540 3488; x_wconf 91' lang='lat' dir='ltr'><strong>divi-</strong></span> 
     </span>
    </p>
   </div>
   <div class='ocr_carea' id='block_1_81' title="bbox 1967 3522 3544 3588">
    <p class='ocr_par' dir='ltr' id='par_1_81' title="bbox 1967 3522 3544 3588">
     <span class='ocr_line' id='line_1_81' title="bbox 1967 3522 3544 3588; baseline 0.001 -11"><span class='ocrx_word' id='word_1_597' title='bbox 1967 3538 2093 3577; x_wconf 93' lang='lat' dir='ltr'><strong>num</strong></span> <span class='ocrx_word' id='word_1_598' title='bbox 2125 3523 2491 3577; x_wconf 89' lang='lat' dir='ltr'><strong>nominabant.</strong></span> <span class='ocrx_word' id='word_1_599' title='bbox 2540 3522 2748 3578; x_wconf 76' lang='lat' dir='ltr'><strong>Cmtera</strong></span> <span class='ocrx_word' id='word_1_600' title='bbox 2778 3538 2905 3578; x_wconf 88' lang='lat' dir='ltr'><strong>vero</strong></span> <span class='ocrx_word' id='word_1_601' title='bbox 2954 3523 3126 3588; x_wconf 84' lang='lat' dir='ltr'><strong>turba,</strong></span> <span class='ocrx_word' id='word_1_602' title='bbox 3158 3534 3212 3578; x_wconf 84' lang='lat' dir='ltr'><strong>et</strong></span> <span class='ocrx_word' id='word_1_603' title='bbox 3240 3524 3305 3578; x_wconf 86' lang='lat' dir='ltr'><strong>ad</strong></span> <span class='ocrx_word' id='word_1_604' title='bbox 3351 3526 3544 3579; x_wconf 65' lang='lat' dir='ltr'><strong>muli0«</strong></span> 
     </span>
    </p>
   </div>
   <div class='ocr_carea' id='block_1_82' title="bbox 1966 3615 3544 3686">
    <p class='ocr_par' dir='ltr' id='par_1_82' title="bbox 1966 3615 3544 3686">
     <span class='ocr_line' id='line_1_82' title="bbox 1966 3615 3544 3686; baseline 0.003 -17"><span class='ocrx_word' id='word_1_605' title='bbox 1966 3630 2061 3670; x_wconf 84' lang='lat' dir='ltr'><strong>nes</strong></span> <span class='ocrx_word' id='word_1_606' title='bbox 2098 3615 2417 3672; x_wconf 90' lang='lat' dir='ltr'><strong>accedentes</strong></span> <span class='ocrx_word' id='word_1_607' title='bbox 2458 3624 2511 3669; x_wconf 93' lang='lat' dir='ltr'><strong>et</strong></span> <span class='ocrx_word' id='word_1_608' title='bbox 2540 3616 2605 3669; x_wconf 88' lang='lat' dir='ltr'><strong>ad</strong></span> <span class='ocrx_word' id='word_1_609' title='bbox 2652 3615 2881 3671; x_wconf 88' lang='lat' dir='ltr'><strong>famulos</strong></span> <span class='ocrx_word' id='word_1_610' title='bbox 2924 3625 2978 3671; x_wconf 90' lang='lat' dir='ltr'><strong>et</strong></span> <span class='ocrx_word' id='word_1_611' title='bbox 3028 3617 3247 3685; x_wconf 89' lang='lat' dir='ltr'><strong>milites,</strong></span> <span class='ocrx_word' id='word_1_612' title='bbox 3292 3628 3345 3671; x_wconf 92' lang='lat' dir='ltr'><strong>et</strong></span> <span class='ocrx_word' id='word_1_613' title='bbox 3390 3634 3544 3686; x_wconf 78' lang='lat' dir='ltr'><strong>pecu~</strong></span> 
     </span>
    </p>
   </div>
   <div class='ocr_carea' id='block_1_83' title="bbox 1964 3706 3541 3779">
    <p class='ocr_par' dir='ltr' id='par_1_83' title="bbox 1964 3706 3541 3779">
     <span class='ocr_line' id='line_1_83' title="bbox 1964 3706 3541 3779; baseline 0.003 -21"><span class='ocrx_word' id='word_1_614' title='bbox 1964 3706 2107 3760; x_wconf 90' lang='lat' dir='ltr'><strong>niam</strong></span> <span class='ocrx_word' id='word_1_615' title='bbox 2137 3706 2450 3773; x_wconf 77' lang='lat' dir='ltr'><strong>offerebant,</strong></span> <span class='ocrx_word' id='word_1_616' title='bbox 2482 3716 2536 3763; x_wconf 92' lang='lat' dir='ltr'><strong>et</strong></span> <span class='ocrx_word' id='word_1_617' title='bbox 2555 3707 2814 3778; x_wconf 88' lang='lat' dir='ltr'><strong>rogabant</strong></span> <span class='ocrx_word' id='word_1_618' title='bbox 2854 3718 2910 3762; x_wconf 91' lang='lat' dir='ltr'><strong>ttt</strong></span> <span class='ocrx_word' id='word_1_619' title='bbox 2931 3721 3106 3763; x_wconf 78' lang='lat' dir='ltr'><strong>essent</strong></span> <span class='ocrx_word' id='word_1_620' title='bbox 3133 3711 3417 3779; x_wconf 87' lang='lat' dir='ltr'><strong>participes</strong></span> <span class='ocrx_word' id='word_1_621' title='bbox 3439 3711 3541 3765; x_wconf 92' lang='lat' dir='ltr'><strong>olei</strong></span> 
     </span>
    </p>
   </div>
   <div class='ocr_carea' id='block_1_84' title="bbox 1964 3798 2369 3854">
    <p class='ocr_par' dir='ltr' id='par_1_84' title="bbox 1964 3798 2369 3854">
     <span class='ocr_line' id='line_1_84' title="bbox 1964 3798 2369 3854; baseline -0.002 0"><span class='ocrx_word' id='word_1_622' title='bbox 1964 3798 2369 3854; x_wconf 87' lang='lat' dir='ltr'><strong>benedictionis.</strong></span> 
     </span>
    </p>
   </div>
   <div class='ocr_carea' id='block_1_85' title="bbox 2042 3892 3555 3963">
    <p class='ocr_par' dir='ltr' id='par_1_85' title="bbox 2042 3892 3555 3963">
     <span class='ocr_line' id='line_1_85' title="bbox 2042 3892 3555 3963; baseline 0.003 -18"><span class='ocrx_word' id='word_1_623' title='bbox 2042 3892 2428 3948; x_wconf 67' lang='lat' dir='ltr'><strong>Ismaelitarum</strong></span> <span class='ocrx_word' id='word_1_624' title='bbox 2457 3902 2633 3947; x_wconf 91' lang='lat' dir='ltr'><strong>autem</strong></span> <span class='ocrx_word' id='word_1_625' title='bbox 2658 3894 2839 3961; x_wconf 84' lang='lat' dir='ltr'><strong>regina</strong></span> <span class='ocrx_word' id='word_1_626' title='bbox 2884 3908 3004 3948; x_wconf 91' lang='lat' dir='ltr'><strong>cum</strong></span> <span class='ocrx_word' id='word_1_627' title='bbox 3046 3902 3194 3949; x_wconf 90' lang='lat' dir='ltr'><strong>esset</strong></span> <span class='ocrx_word' id='word_1_628' title='bbox 3240 3894 3460 3963; x_wconf 90' lang='lat' dir='ltr'><strong>sterilis,</strong></span> <span class='ocrx_word' id='word_1_629' title='bbox 3488 3907 3555 3950; x_wconf 14' lang='lat' dir='ltr'><strong>et;</strong></span> 
     </span>
    </p>
   </div>
   <div class='ocr_carea' id='block_1_86' title="bbox 1967 3984 3541 4056">
    <p class='ocr_par' dir='ltr' id='par_1_86' title="bbox 1967 3984 3541 4056">
     <span class='ocr_line' id='line_1_86' title="bbox 1967 3984 3541 4056; baseline 0.002 -16"><span class='ocrx_word' id='word_1_630' title='bbox 1967 3994 2188 4054; x_wconf 86' lang='lat' dir='ltr'><strong>cuperet</strong></span> <span class='ocrx_word' id='word_1_631' title='bbox 2233 3984 2402 4047; x_wconf 86' lang='lat' dir='ltr'><strong>filios.</strong></span> <span class='ocrx_word' id='word_1_632' title='bbox 2439 3986 2668 4053; x_wconf 88' lang='lat' dir='ltr'><strong>primum</strong></span> <span class='ocrx_word' id='word_1_633' title='bbox 2698 3988 2914 4055; x_wconf 87' lang='lat' dir='ltr'><strong>quidem</strong></span> <span class='ocrx_word' id='word_1_634' title='bbox 2966 3988 3131 4042; x_wconf 86' lang='lat' dir='ltr'><strong>misso</strong></span> <span class='ocrx_word' id='word_1_635' title='bbox 3172 3988 3349 4056; x_wconf 86' lang='lat' dir='ltr'><strong>aliquo</strong></span> <span class='ocrx_word' id='word_1_636' title='bbox 3376 4005 3441 4042; x_wconf 82' lang='lat' dir='ltr'><strong>ex</strong></span> <span class='ocrx_word' id='word_1_637' title='bbox 3475 3990 3541 4043; x_wconf 90' lang='lat' dir='ltr'><strong>iis</strong></span> 
     </span>
    </p>
   </div>
   <div class='ocr_carea' id='block_1_87' title="bbox 1966 4077 3559 4147">
    <p class='ocr_par' dir='ltr' id='par_1_87' title="bbox 1966 4077 3559 4147">
     <span class='ocr_line' id='line_1_87' title="bbox 1966 4077 3559 4147; baseline 0 -14"><span class='ocrx_word' id='word_1_638' title='bbox 1966 4078 2057 4147; x_wconf 92' lang='lat' dir='ltr'><strong>qui</strong></span> <span class='ocrx_word' id='word_1_639' title='bbox 2087 4078 2334 4133; x_wconf 87' lang='lat' dir='ltr'><strong>valebant</strong></span> <span class='ocrx_word' id='word_1_640' title='bbox 2360 4077 2614 4147; x_wconf 84' lang='lat' dir='ltr'><strong>dignitate</strong></span> <span class='ocrx_word' id='word_1_641' title='bbox 2642 4087 2696 4133; x_wconf 92' lang='lat' dir='ltr'><strong>et</strong></span> <span class='ocrx_word' id='word_1_642' title='bbox 2736 4080 3053 4134; x_wconf 88' lang='lat' dir='ltr'><strong>auctoritate</strong></span> <span class='ocrx_word' id='word_1_643' title='bbox 3077 4121 3092 4144; x_wconf 92' lang='lat'><strong>,</strong></span> <span class='ocrx_word' id='word_1_644' title='bbox 3137 4080 3440 4135; x_wconf 88' lang='lat' dir='ltr'><strong>obsecravit</strong></span> <span class='ocrx_word' id='word_1_645' title='bbox 3488 4090 3559 4145; x_wconf 61' lang='lat' dir='ltr'><strong>ut,</strong></span> 
     </span>
    </p>
   </div>
   <div class='ocr_carea' id='block_1_88' title="bbox 1969 4170 3546 4241">
    <p class='ocr_par' dir='ltr' id='par_1_88' title="bbox 1969 4170 3546 4241">
     <span class='ocr_line' id='line_1_88' title="bbox 1969 4170 3546 4241; baseline 0 -16"><span class='ocrx_word' id='word_1_646' title='bbox 1969 4178 2141 4225; x_wconf 77' lang='lat' dir='ltr'><strong>mater</strong></span> <span class='ocrx_word' id='word_1_647' title='bbox 2187 4170 2360 4226; x_wconf 89' lang='lat' dir='ltr'><strong>fleret.</strong></span> <span class='ocrx_word' id='word_1_648' title='bbox 2394 4170 2680 4238; x_wconf 81' lang='lat' dir='ltr'><strong>Postquam</strong></span> <span class='ocrx_word' id='word_1_649' title='bbox 2713 4182 2891 4225; x_wconf 83' lang='lat' dir='ltr'><strong>autem</strong></span> <span class='ocrx_word' id='word_1_650' title='bbox 2922 4183 3165 4227; x_wconf 87' lang='lat' dir='ltr'><strong>assecuta</strong></span> <span class='ocrx_word' id='word_1_651' title='bbox 3211 4182 3292 4227; x_wconf 86' lang='lat' dir='ltr'><strong>est</strong></span> <span class='ocrx_word' id='word_1_652' title='bbox 3333 4174 3546 4241; x_wconf 81' lang='lat' dir='ltr'><strong>petitio-</strong></span> 
     </span>
    </p>
   </div>
   <div class='ocr_carea' id='block_1_89' title="bbox 1970 4260 3551 4334">
    <p class='ocr_par' dir='ltr' id='par_1_89' title="bbox 1970 4260 3551 4334">
     <span class='ocr_line' id='line_1_89' title="bbox 1970 4260 3551 4334; baseline 0.001 -18"><span class='ocrx_word' id='word_1_653' title='bbox 1970 4276 2114 4325; x_wconf 91' lang='lat' dir='ltr'><strong>nem,</strong></span> <span class='ocrx_word' id='word_1_654' title='bbox 2146 4270 2201 4317; x_wconf 90' lang='lat' dir='ltr'><strong>et</strong></span> <span class='ocrx_word' id='word_1_655' title='bbox 2247 4260 2450 4331; x_wconf 87' lang='lat' dir='ltr'><strong>peperit</strong></span> <span class='ocrx_word' id='word_1_656' title='bbox 2496 4271 2550 4315; x_wconf 91' lang='lat' dir='ltr'><strong>ut</strong></span> <span class='ocrx_word' id='word_1_657' title='bbox 2580 4261 2764 4328; x_wconf 87' lang='lat' dir='ltr'><strong>cupiit,</strong></span> <span class='ocrx_word' id='word_1_658' title='bbox 2809 4274 3032 4332; x_wconf 89' lang='lat' dir='ltr'><strong>accepto</strong></span> <span class='ocrx_word' id='word_1_659' title='bbox 3080 4278 3205 4333; x_wconf 91' lang='lat' dir='ltr'><strong>rege</strong></span> <span class='ocrx_word' id='word_1_660' title='bbox 3255 4263 3343 4334; x_wconf 92' lang='lat' dir='ltr'><strong>qui</strong></span> <span class='ocrx_word' id='word_1_661' title='bbox 3390 4274 3551 4318; x_wconf 86' lang='lat' dir='ltr'><strong>natus</strong></span> 
     </span>
    </p>
   </div>
   <div class='ocr_carea' id='block_1_90' title="bbox 1972 4353 3540 4424">
    <p class='ocr_par' dir='ltr' id='par_1_90' title="bbox 1972 4353 3540 4424">
     <span class='ocr_line' id='line_1_90' title="bbox 1972 4353 3540 4424; baseline 0.001 -18"><span class='ocrx_word' id='word_1_662' title='bbox 1972 4354 2163 4419; x_wconf 90' lang='lat' dir='ltr'><strong>fuerat,</strong></span> <span class='ocrx_word' id='word_1_663' title='bbox 2199 4353 2434 4422; x_wconf 87' lang='lat' dir='ltr'><strong>profecta</strong></span> <span class='ocrx_word' id='word_1_664' title='bbox 2460 4367 2541 4408; x_wconf 86' lang='lat' dir='ltr'><strong>est</strong></span> <span class='ocrx_word' id='word_1_665' title='bbox 2585 4354 2650 4406; x_wconf 87' lang='lat' dir='ltr'><strong>ad</strong></span> <span class='ocrx_word' id='word_1_666' title='bbox 2679 4354 2914 4408; x_wconf 90' lang='lat' dir='ltr'><strong>divinum</strong></span> <span class='ocrx_word' id='word_1_667' title='bbox 2954 4370 3167 4421; x_wconf 87' lang='lat' dir='ltr'><strong>senem;</strong></span> <span class='ocrx_word' id='word_1_668' title='bbox 3194 4365 3249 4409; x_wconf 89' lang='lat' dir='ltr'><strong>et</strong></span> <span class='ocrx_word' id='word_1_669' title='bbox 3289 4354 3540 4424; x_wconf 88' lang='lat' dir='ltr'><strong>quoniam</strong></span> 
     </span>
    </p>
   </div>
   <div class='ocr_carea' id='block_1_91' title="bbox 1973 4444 3547 4510">
    <p class='ocr_par' dir='ltr' id='par_1_91' title="bbox 1973 4444 3547 4510">
     <span class='ocr_line' id='line_1_91' title="bbox 1973 4444 3547 4510; baseline -0.001 -10"><span class='ocrx_word' id='word_1_670' title='bbox 1973 4461 2078 4500; x_wconf 91' lang='lat' dir='ltr'><strong>non</strong></span> <span class='ocrx_word' id='word_1_671' title='bbox 2103 4445 2297 4501; x_wconf 87' lang='lat' dir='ltr'><strong>licebat</strong></span> <span class='ocrx_word' id='word_1_672' title='bbox 2314 4444 2623 4500; x_wconf 89' lang='lat' dir='ltr'><strong>mulieribus</strong></span> <span class='ocrx_word' id='word_1_673' title='bbox 2639 4447 2702 4499; x_wconf 88' lang='lat' dir='ltr'><strong>ad</strong></span> <span class='ocrx_word' id='word_1_674' title='bbox 2724 4461 2847 4501; x_wconf 89' lang='lat' dir='ltr'><strong>eum</strong></span> <span class='ocrx_word' id='word_1_675' title='bbox 2873 4446 3148 4510; x_wconf 86' lang='lat' dir='ltr'><strong>accedere,</strong></span> <span class='ocrx_word' id='word_1_676' title='bbox 3174 4446 3241 4500; x_wconf 84' lang='lat' dir='ltr'><strong>ad</strong></span> <span class='ocrx_word' id='word_1_677' title='bbox 3273 4462 3395 4500; x_wconf 91' lang='lat' dir='ltr'><strong>eum</strong></span> <span class='ocrx_word' id='word_1_678' title='bbox 3429 4447 3547 4500; x_wconf 81' lang='lat' dir='ltr'><strong>mis-</strong></span> 
     </span>
    </p>
   </div>
   <div class='ocr_carea' id='block_1_92' title="bbox 283 4516 3542 4607">
    <p class='ocr_par' dir='ltr' id='par_1_92' title="bbox 283 4516 3542 4607">
     <span class='ocr_line' id='line_1_92' title="bbox 283 4516 3542 4607; baseline 0.001 -23"><span class='ocrx_word' id='word_1_679' title='bbox 283 4536 531 4585; x_wconf 87' lang='lat' dir='ltr'><strong>omnibus</strong></span> <span class='ocrx_word' id='word_1_680' title='bbox 560 4537 873 4600; x_wconf 82' lang='lat' dir='ltr'><strong>enuntians,</strong></span> <span class='ocrx_word' id='word_1_681' title='bbox 912 4544 967 4590; x_wconf 91' lang='lat' dir='ltr'><strong>et</strong></span> <span class='ocrx_word' id='word_1_682' title='bbox 990 4535 1171 4591; x_wconf 89' lang='lat' dir='ltr'><strong>delicti</strong></span> <span class='ocrx_word' id='word_1_683' title='bbox 1199 4551 1228 4589; x_wconf 93' lang='lat' dir='ltr'><strong>a</strong></span> <span class='ocrx_word' id='word_1_684' title='bbox 1260 4537 1368 4593; x_wconf 89' lang='lat' dir='ltr'><strong>Deo</strong></span> <span class='ocrx_word' id='word_1_685' title='bbox 1407 4548 1596 4607; x_wconf 89' lang='lat' dir='ltr'><strong>petens</strong></span> <span class='ocrx_word' id='word_1_686' title='bbox 1617 4540 1860 4607; x_wconf 90' lang='lat' dir='ltr'><strong>veniam,</strong></span> <span class='ocrx_word' id='word_1_687' title='bbox 1891 4516 1945 4576; x_wconf 80' lang='lat' dir='ltr'><strong>D</strong></span> <span class='ocrx_word' id='word_1_688' title='bbox 1969 4552 2031 4592; x_wconf 92' lang='lat' dir='ltr'><strong>so</strong></span> <span class='ocrx_word' id='word_1_689' title='bbox 2058 4536 2279 4603; x_wconf 82' lang='lat' dir='ltr'><strong>infante,</strong></span> <span class='ocrx_word' id='word_1_690' title='bbox 2311 4535 2518 4605; x_wconf 88' lang='lat' dir='ltr'><strong>rogavit</strong></span> <span class='ocrx_word' id='word_1_691' title='bbox 2544 4545 2602 4589; x_wconf 91' lang='lat' dir='ltr'><strong>ut</strong></span> <span class='ocrx_word' id='word_1_692' title='bbox 2628 4546 3048 4605; x_wconf 86' lang='lat' dir='ltr'><strong>consequeretur</strong></span> <span class='ocrx_word' id='word_1_693' title='bbox 3072 4534 3190 4603; x_wconf 89' lang='lat' dir='ltr'><strong>ejus</strong></span> <span class='ocrx_word' id='word_1_694' title='bbox 3214 4533 3542 4590; x_wconf 88' lang='lat' dir='ltr'><strong>benedictio-</strong></span> 
     </span>
    </p>
   </div>
   <div class='ocr_carea' id='block_1_93' title="bbox 280 4625 1862 4700">
    <p class='ocr_par' dir='ltr' id='par_1_93' title="bbox 280 4625 1862 4700">
     <span class='ocr_line' id='line_1_93' title="bbox 280 4625 1862 4700; baseline 0.006 -22"><span class='ocrx_word' id='word_1_695' title='bbox 280 4632 340 4678; x_wconf 87' lang='lat' dir='ltr'><strong>et</strong></span> <span class='ocrx_word' id='word_1_696' title='bbox 358 4625 530 4679; x_wconf 90' lang='lat' dir='ltr'><strong>sancti</strong></span> <span class='ocrx_word' id='word_1_697' title='bbox 558 4627 810 4681; x_wconf 82' lang='lat' dir='ltr'><strong>auxilium</strong></span> <span class='ocrx_word' id='word_1_698' title='bbox 867 4629 1145 4696; x_wconf 81' lang='lat' dir='ltr'><strong>invocans,</strong></span> <span class='ocrx_word' id='word_1_699' title='bbox 1179 4639 1234 4684; x_wconf 89' lang='lat' dir='ltr'><strong>ut</strong></span> <span class='ocrx_word' id='word_1_700' title='bbox 1263 4632 1717 4700; x_wconf 87' lang='lat' dir='ltr'><strong>omnipotentibus</strong></span> <span class='ocrx_word' id='word_1_701' title='bbox 1747 4632 1862 4687; x_wconf 87' lang='lat' dir='ltr'><strong>suis</strong></span> 
     </span>
    </p>
   </div>
   <div class='ocr_carea' id='block_1_94' title="bbox 281 4715 1863 4787">
    <p class='ocr_par' dir='ltr' id='par_1_94' title="bbox 281 4715 1863 4787">
     <span class='ocr_line' id='line_1_94' title="bbox 281 4715 1863 4787; baseline 0.009 -21"><span class='ocrx_word' id='word_1_702' title='bbox 281 4715 534 4784; x_wconf 86' lang='lat' dir='ltr'><strong>precibus</strong></span> <span class='ocrx_word' id='word_1_703' title='bbox 565 4718 738 4786; x_wconf 87' lang='lat' dir='ltr'><strong>ipsum</strong></span> <span class='ocrx_word' id='word_1_704' title='bbox 789 4720 989 4787; x_wconf 89' lang='lat' dir='ltr'><strong>peccati</strong></span> <span class='ocrx_word' id='word_1_705' title='bbox 1038 4721 1307 4776; x_wconf 89' lang='lat' dir='ltr'><strong>vinculum</strong></span> <span class='ocrx_word' id='word_1_706' title='bbox 1352 4724 1674 4779; x_wconf 81' lang='lat' dir='ltr'><strong>exsolveret.</strong></span> <span class='ocrx_word' id='word_1_707' title='bbox 1715 4726 1863 4780; x_wconf 82' lang='lat' dir='ltr'><strong>Multi</strong></span> 
     </span>
    </p>
   </div>
   <div class='ocr_carea' id='block_1_95' title="bbox 280 4809 1862 4883">
    <p class='ocr_par' dir='ltr' id='par_1_95' title="bbox 280 4809 1862 4883">
     <span class='ocr_line' id='line_1_95' title="bbox 280 4809 1862 4883; baseline 0.009 -23"><span class='ocrx_word' id='word_1_708' title='bbox 280 4815 460 4864; x_wconf 88' lang='lat' dir='ltr'><strong>autem</strong></span> <span class='ocrx_word' id='word_1_709' title='bbox 490 4809 543 4864; x_wconf 90' lang='lat' dir='ltr'><strong>id</strong></span> <span class='ocrx_word' id='word_1_710' title='bbox 572 4811 757 4867; x_wconf 87' lang='lat' dir='ltr'><strong>videre</strong></span> <span class='ocrx_word' id='word_1_711' title='bbox 788 4813 1124 4877; x_wconf 88' lang='lat' dir='ltr'><strong>miraculum,</strong></span> <span class='ocrx_word' id='word_1_712' title='bbox 1150 4814 1239 4881; x_wconf 84' lang='lat' dir='ltr'><strong>qui</strong></span> <span class='ocrx_word' id='word_1_713' title='bbox 1270 4814 1385 4867; x_wconf 86' lang='lat' dir='ltr'><strong>avis</strong></span> <span class='ocrx_word' id='word_1_714' title='bbox 1413 4825 1618 4883; x_wconf 89' lang='lat' dir='ltr'><strong>partem</strong></span> <span class='ocrx_word' id='word_1_715' title='bbox 1642 4831 1706 4872; x_wconf 78' lang='lat' dir='ltr'><strong>ex</strong></span> <span class='ocrx_word' id='word_1_716' title='bbox 1737 4833 1862 4875; x_wconf 89' lang='lat' dir='ltr'><strong>osse</strong></span> 
     </span>
    </p>
   </div>
   <div class='ocr_carea' id='block_1_96' title="bbox 281 4903 1665 4980">
    <p class='ocr_par' dir='ltr' id='par_1_96' title="bbox 281 4903 1665 4980">
     <span class='ocr_line' id='line_1_96' title="bbox 281 4903 1665 4980; baseline 0.009 -25"><span class='ocrx_word' id='word_1_717' title='bbox 281 4910 339 4956; x_wconf 88' lang='lat' dir='ltr'><strong>et</strong></span> <span class='ocrx_word' id='word_1_718' title='bbox 364 4903 540 4971; x_wconf 87' lang='lat' dir='ltr'><strong>lapide</strong></span> <span class='ocrx_word' id='word_1_719' title='bbox 562 4916 897 4962; x_wconf 87' lang='lat' dir='ltr'><strong>constantem</strong></span> <span class='ocrx_word' id='word_1_720' title='bbox 922 4908 1172 4962; x_wconf 90' lang='lat' dir='ltr'><strong>viderunt</strong></span> <span class='ocrx_word' id='word_1_721' title='bbox 1203 4911 1254 4963; x_wconf 93' lang='lat' dir='ltr'><strong>in</strong></span> <span class='ocrx_word' id='word_1_722' title='bbox 1285 4909 1401 4978; x_wconf 91' lang='lat' dir='ltr'><strong>ejus</strong></span> <span class='ocrx_word' id='word_1_723' title='bbox 1430 4920 1665 4980; x_wconf 83' lang='lat' dir='ltr'><strong>pectore.</strong></span> 
     </span>
    </p>
   </div>
   <div class='ocr_carea' id='block_1_97' title="bbox 359 4995 1862 5073">
    <p class='ocr_par' dir='ltr' id='par_1_97' title="bbox 359 4995 1862 5073">
     <span class='ocr_line' id='line_1_97' title="bbox 359 4995 1862 5073; baseline 0.008 -22"><span class='ocrx_word' id='word_1_724' title='bbox 359 4995 478 5051; x_wconf 82' lang='lat' dir='ltr'><strong>Non</strong></span> <span class='ocrx_word' id='word_1_725' title='bbox 509 4999 680 5054; x_wconf 86' lang='lat' dir='ltr'><strong>solum</strong></span> <span class='ocrx_word' id='word_1_726' title='bbox 709 5012 884 5055; x_wconf 89' lang='lat' dir='ltr'><strong>autem</strong></span> <span class='ocrx_word' id='word_1_727' title='bbox 926 5002 997 5056; x_wconf 89' lang='lat' dir='ltr'><strong>ftti</strong></span> <span class='ocrx_word' id='word_1_728' title='bbox 1028 5012 1300 5071; x_wconf 85' lang='lat' dir='ltr'><strong>spectator</strong></span> <span class='ocrx_word' id='word_1_729' title='bbox 1325 5004 1700 5061; x_wconf 89' lang='lat' dir='ltr'><strong>miraculorum</strong></span> <span class='ocrx_word' id='word_1_730' title='bbox 1721 5049 1735 5073; x_wconf 88' lang='lat'><strong>,</strong></span> <span class='ocrx_word' id='word_1_731' title='bbox 1768 5009 1862 5063; x_wconf 88' lang='lat' dir='ltr'><strong>sed</strong></span> 
     </span>
    </p>
   </div>
   <div class='ocr_carea' id='block_1_98' title="bbox 283 5088 1865 5163">
    <p class='ocr_par' dir='ltr' id='par_1_98' title="bbox 283 5088 1865 5163">
     <span class='ocr_line' id='line_1_98' title="bbox 283 5088 1865 5163; baseline 0.008 -23"><span class='ocrx_word' id='word_1_732' title='bbox 283 5088 448 5143; x_wconf 87' lang='lat' dir='ltr'><strong>etiam</strong></span> <span class='ocrx_word' id='word_1_733' title='bbox 480 5090 690 5145; x_wconf 88' lang='lat' dir='ltr'><strong>auditor</strong></span> <span class='ocrx_word' id='word_1_734' title='bbox 716 5106 903 5147; x_wconf 90' lang='lat' dir='ltr'><strong>eorum</strong></span> <span class='ocrx_word' id='word_1_735' title='bbox 929 5109 1050 5163; x_wconf 75' lang='lat' dir='ltr'><strong>quze</strong></span> <span class='ocrx_word' id='word_1_736' title='bbox 1093 5095 1343 5163; x_wconf 81' lang='lat' dir='ltr'><strong>praedicta</strong></span> <span class='ocrx_word' id='word_1_737' title='bbox 1373 5105 1495 5151; x_wconf 88' lang='lat' dir='ltr'><strong>sunt</strong></span> <span class='ocrx_word' id='word_1_738' title='bbox 1518 5096 1716 5153; x_wconf 87' lang='lat' dir='ltr'><strong>futura.</strong></span> <span class='ocrx_word' id='word_1_739' title='bbox 1768 5099 1865 5153; x_wconf 85' lang='lat' dir='ltr'><strong>Et-</strong></span> 
     </span>
    </p>
   </div>
   <div class='ocr_carea' id='block_1_99' title="bbox 284 5180 1865 5257">
    <p class='ocr_par' dir='ltr' id='par_1_99' title="bbox 284 5180 1865 5257">
     <span class='ocr_line' id='line_1_99' title="bbox 284 5180 1865 5257; baseline 0.009 -25"><span class='ocrx_word' id='word_1_740' title='bbox 284 5180 432 5234; x_wconf 87' lang='lat' dir='ltr'><strong>enim</strong></span> <span class='ocrx_word' id='word_1_741' title='bbox 462 5196 580 5235; x_wconf 91' lang='lat' dir='ltr'><strong>eam</strong></span> <span class='ocrx_word' id='word_1_742' title='bbox 607 5199 727 5252; x_wconf 73' lang='lat' dir='ltr'><strong>qua:</strong></span> <span class='ocrx_word' id='word_1_743' title='bbox 756 5182 856 5238; x_wconf 89' lang='lat' dir='ltr'><strong>fuit</strong></span> <span class='ocrx_word' id='word_1_744' title='bbox 884 5184 1202 5252; x_wconf 79' lang='lat' dir='ltr'><strong>siccitatem,</strong></span> <span class='ocrx_word' id='word_1_745' title='bbox 1229 5194 1284 5241; x_wconf 89' lang='lat' dir='ltr'><strong>et</strong></span> <span class='ocrx_word' id='word_1_746' title='bbox 1310 5202 1553 5257; x_wconf 88' lang='lat' dir='ltr'><strong>magnam</strong></span> <span class='ocrx_word' id='word_1_747' title='bbox 1580 5190 1727 5245; x_wconf 89' lang='lat' dir='ltr'><strong>illius</strong></span> <span class='ocrx_word' id='word_1_748' title='bbox 1767 5206 1865 5246; x_wconf 83' lang='lat' dir='ltr'><strong>an-</strong></span> 
     </span>
    </p>
   </div>
   <div class='ocr_carea' id='block_1_100' title="bbox 286 5272 1868 5346">
    <p class='ocr_par' dir='ltr' id='par_1_100' title="bbox 286 5272 1868 5346">
     <span class='ocr_line' id='line_1_100' title="bbox 286 5272 1868 5346; baseline 0.011 -24"><span class='ocrx_word' id='word_1_749' title='bbox 286 5273 341 5323; x_wconf 88' lang='lat' dir='ltr'><strong>ni</strong></span> <span class='ocrx_word' id='word_1_750' title='bbox 374 5272 735 5342; x_wconf 88' lang='lat' dir='ltr'><strong>sterilitatem,</strong></span> <span class='ocrx_word' id='word_1_751' title='bbox 766 5286 818 5330; x_wconf 92' lang='lat' dir='ltr'><strong>et</strong></span> <span class='ocrx_word' id='word_1_752' title='bbox 847 5291 963 5329; x_wconf 90' lang='lat' dir='ltr'><strong>eam</strong></span> <span class='ocrx_word' id='word_1_753' title='bbox 1004 5292 1121 5346; x_wconf 77' lang='lat' dir='ltr'><strong>qua:</strong></span> <span class='ocrx_word' id='word_1_754' title='bbox 1160 5289 1443 5333; x_wconf 88' lang='lat' dir='ltr'><strong>consecuta</strong></span> <span class='ocrx_word' id='word_1_755' title='bbox 1484 5291 1565 5334; x_wconf 89' lang='lat' dir='ltr'><strong>est</strong></span> <span class='ocrx_word' id='word_1_756' title='bbox 1594 5284 1751 5338; x_wconf 88' lang='lat' dir='ltr'><strong>simul</strong></span> <span class='ocrx_word' id='word_1_757' title='bbox 1797 5285 1868 5339; x_wconf 46' lang='lat' dir='ltr'><strong>fa‘</strong></span> 
     </span>
    </p>
   </div>
   <div class='ocr_carea' id='block_1_101' title="bbox 287 5367 1867 5438">
    <p class='ocr_par' dir='ltr' id='par_1_101' title="bbox 287 5367 1867 5438">
     <span class='ocr_line' id='line_1_101' title="bbox 287 5367 1867 5438; baseline 0.01 -23"><span class='ocrx_word' id='word_1_758' title='bbox 287 5377 428 5416; x_wconf 87' lang='lat' dir='ltr'><strong>tnem</strong></span> <span class='ocrx_word' id='word_1_759' title='bbox 456 5375 510 5418; x_wconf 91' lang='lat' dir='ltr'><strong>et</strong></span> <span class='ocrx_word' id='word_1_760' title='bbox 538 5374 765 5432; x_wconf 87' lang='lat' dir='ltr'><strong>pestem,</strong></span> <span class='ocrx_word' id='word_1_761' title='bbox 798 5367 1008 5422; x_wconf 90' lang='lat' dir='ltr'><strong>duobus</strong></span> <span class='ocrx_word' id='word_1_762' title='bbox 1035 5370 1189 5422; x_wconf 91' lang='lat' dir='ltr'><strong>annis</strong></span> <span class='ocrx_word' id='word_1_763' title='bbox 1218 5376 1344 5424; x_wconf 91' lang='lat' dir='ltr'><strong>ante</strong></span> <span class='ocrx_word' id='word_1_764' title='bbox 1374 5372 1641 5438; x_wconf 81' lang='lat' dir='ltr'><strong>praedixit,</strong></span> <span class='ocrx_word' id='word_1_765' title='bbox 1684 5374 1867 5431; x_wconf 84' lang='lat' dir='ltr'><strong>dicens</strong></span> 
     </span>
    </p>
   </div>
   <div class='ocr_carea' id='block_1_102' title="bbox 284 5449 1868 5531">
    <p class='ocr_par' dir='ltr' id='par_1_102' title="bbox 284 5449 1868 5531">
     <span class='ocr_line' id='line_1_102' title="bbox 284 5449 1868 5531; baseline 0.009 -24"><span class='ocrx_word' id='word_1_766' title='bbox 284 5469 346 5507; x_wconf 84' lang='lat' dir='ltr'><strong>se</strong></span> <span class='ocrx_word' id='word_1_767' title='bbox 376 5449 691 5523; x_wconf 67' lang='lat' dir='ltr'><strong>praevidisse</strong></span> <span class='ocrx_word' id='word_1_768' title='bbox 722 5458 926 5527; x_wconf 88' lang='lat' dir='ltr'><strong>virgam</strong></span> <span class='ocrx_word' id='word_1_769' title='bbox 978 5474 1098 5529; x_wconf 68' lang='lat' dir='ltr'><strong>quae</strong></span> <span class='ocrx_word' id='word_1_770' title='bbox 1146 5458 1401 5531; x_wconf 85' lang='lat' dir='ltr'><strong>infligitur</strong></span> <span class='ocrx_word' id='word_1_771' title='bbox 1444 5465 1766 5531; x_wconf 84' lang='lat' dir='ltr'><strong>hominibus,</strong></span> <span class='ocrx_word' id='word_1_772' title='bbox 1814 5479 1868 5522; x_wconf 92' lang='lat' dir='ltr'><strong>et</strong></span> 
     </span>
    </p>
   </div>
   <div class='ocr_carea' id='block_1_103' title="bbox 285 5547 1868 5627">
    <p class='ocr_par' dir='ltr' id='par_1_103' title="bbox 285 5547 1868 5627">
     <span class='ocr_line' id='line_1_103' title="bbox 285 5547 1868 5627; baseline 0.007 -27"><span class='ocrx_word' id='word_1_773' title='bbox 285 5547 495 5616; x_wconf 86' lang='lat' dir='ltr'><strong>flagella</strong></span> <span class='ocrx_word' id='word_1_774' title='bbox 522 5564 641 5617; x_wconf 79' lang='lat' dir='ltr'><strong>quae</strong></span> <span class='ocrx_word' id='word_1_775' title='bbox 667 5563 758 5613; x_wconf 78' lang='lat' dir='ltr'><strong>per</strong></span> <span class='ocrx_word' id='word_1_776' title='bbox 793 5564 911 5604; x_wconf 89' lang='lat' dir='ltr'><strong>eam</strong></span> <span class='ocrx_word' id='word_1_777' title='bbox 941 5550 1294 5605; x_wconf 88' lang='lat' dir='ltr'><strong>intentantur.</strong></span> <span class='ocrx_word' id='word_1_778' title='bbox 1329 5552 1498 5627; x_wconf 81' lang='lat' dir='ltr'><strong>Porro</strong></span> <span class='ocrx_word' id='word_1_779' title='bbox 1526 5565 1704 5610; x_wconf 89' lang='lat' dir='ltr'><strong>autem</strong></span> <span class='ocrx_word' id='word_1_780' title='bbox 1736 5557 1868 5611; x_wconf 90' lang='lat' dir='ltr'><strong>alias</strong></span> 
     </span>
    </p>
   </div>
   <div class='ocr_carea' id='block_1_104' title="bbox 281 5641 1865 5716">
    <p class='ocr_par' dir='ltr' id='par_1_104' title="bbox 281 5641 1865 5716">
     <span class='ocr_line' id='line_1_104' title="bbox 281 5641 1865 5716; baseline 0.009 -23"><span class='ocrx_word' id='word_1_781' title='bbox 281 5655 500 5711; x_wconf 87' lang='lat' dir='ltr'><strong>quoque</strong></span> <span class='ocrx_word' id='word_1_782' title='bbox 520 5641 849 5713; x_wconf 77' lang='lat' dir='ltr'><strong>significavit</strong></span> <span class='ocrx_word' id='word_1_783' title='bbox 876 5643 1228 5714; x_wconf 88' lang='lat' dir='ltr'><strong>irruptionem</strong></span> <span class='ocrx_word' id='word_1_784' title='bbox 1260 5645 1376 5715; x_wconf 80' lang='lat' dir='ltr'><strong>ejus</strong></span> <span class='ocrx_word' id='word_1_785' title='bbox 1396 5648 1487 5716; x_wconf 90' lang='lat' dir='ltr'><strong>qui</strong></span> <span class='ocrx_word' id='word_1_786' title='bbox 1513 5646 1747 5704; x_wconf 86' lang='lat' dir='ltr'><strong>bruchus</strong></span> <span class='ocrx_word' id='word_1_787' title='bbox 1772 5666 1865 5707; x_wconf 91' lang='lat' dir='ltr'><strong>seu</strong></span> 
     </span>
    </p>
   </div>
   <div class='ocr_carea' id='block_1_105' title="bbox 280 5733 1871 5809">
    <p class='ocr_par' dir='ltr' id='par_1_105' title="bbox 280 5733 1871 5809">
     <span class='ocr_line' id='line_1_105' title="bbox 280 5733 1871 5809; baseline 0.008 -23"><span class='ocrx_word' id='word_1_788' title='bbox 280 5748 447 5790; x_wconf 81' lang='lat' dir='ltr'><strong>eruca</strong></span> <span class='ocrx_word' id='word_1_789' title='bbox 476 5733 693 5800; x_wconf 87' lang='lat' dir='ltr'><strong>dicitur,</strong></span> <span class='ocrx_word' id='word_1_790' title='bbox 727 5743 784 5789; x_wconf 91' lang='lat' dir='ltr'><strong>et</strong></span> <span class='ocrx_word' id='word_1_791' title='bbox 812 5748 932 5789; x_wconf 90' lang='lat' dir='ltr'><strong>eam</strong></span> <span class='ocrx_word' id='word_1_792' title='bbox 982 5751 1089 5790; x_wconf 91' lang='lat' dir='ltr'><strong>non</strong></span> <span class='ocrx_word' id='word_1_793' title='bbox 1135 5751 1255 5792; x_wconf 87' lang='lat' dir='ltr'><strong>esse</strong></span> <span class='ocrx_word' id='word_1_794' title='bbox 1284 5752 1535 5809; x_wconf 85' lang='lat' dir='ltr'><strong>maguum</strong></span> <span class='ocrx_word' id='word_1_795' title='bbox 1574 5739 1871 5799; x_wconf 79' lang='lat' dir='ltr'><strong>detrimen-</strong></span> 
     </span>
    </p>
   </div>
   <div class='ocr_carea' id='block_1_106' title="bbox 693 5853 1299 5914">
    <p class='ocr_par' dir='ltr' id='par_1_106' title="bbox 693 5853 1299 5914">
     <span class='ocr_line' id='line_1_106' title="bbox 693 5853 1299 5914; baseline -0.002 -1"><span class='ocrx_word' id='word_1_796' title='bbox 693 5854 964 5914; x_wconf 69' lang='lat' dir='ltr'><strong>Pnnon.</strong></span> <span class='ocrx_word' id='word_1_797' title='bbox 1014 5853 1299 5914; x_wconf 76' lang='lat' dir='ltr'><strong>LXXIV.</strong></span> 
     </span>
    </p>
   </div>
   <div class='ocr_carea' id='block_1_107' title="bbox 1971 4630 3543 4701">
    <p class='ocr_par' dir='ltr' id='par_1_107' title="bbox 1971 4630 3543 4701">
     <span class='ocr_line' id='line_1_107' title="bbox 1971 4630 3543 4701; baseline -0.002 -15"><span class='ocrx_word' id='word_1_798' title='bbox 1971 4648 2090 4687; x_wconf 90' lang='lat' dir='ltr'><strong>nem</strong></span> <span class='ocrx_word' id='word_1_799' title='bbox 2123 4630 2310 4687; x_wconf 87' lang='lat' dir='ltr'><strong>:Tuus</strong></span> <span class='ocrx_word' id='word_1_800' title='bbox 2354 4631 2518 4695; x_wconf 91' lang='lat' dir='ltr'><strong>enim,</strong></span> <span class='ocrx_word' id='word_1_801' title='bbox 2568 4630 2760 4700; x_wconf 88' lang='lat' dir='ltr'><strong>inquit,</strong></span> <span class='ocrx_word' id='word_1_802' title='bbox 2809 4639 2892 4685; x_wconf 89' lang='lat' dir='ltr'><strong>est</strong></span> <span class='ocrx_word' id='word_1_803' title='bbox 2919 4630 3005 4685; x_wconf 87' lang='lat' dir='ltr'><strong>hic</strong></span> <span class='ocrx_word' id='word_1_804' title='bbox 3053 4640 3203 4686; x_wconf 77' lang='lat' dir='ltr'><strong>actus</strong></span> <span class='ocrx_word' id='word_1_805' title='bbox 3245 4631 3385 4701; x_wconf 77' lang='lat'><strong>(75).</strong></span> <span class='ocrx_word' id='word_1_806' title='bbox 3434 4633 3543 4699; x_wconf 70' lang='lat' dir='ltr'><strong>ligo</strong></span> 
     </span>
    </p>
   </div>
   <div class='ocr_carea' id='block_1_108' title="bbox 1970 4722 3543 4794">
    <p class='ocr_par' dir='ltr' id='par_1_108' title="bbox 1970 4722 3543 4794">
     <span class='ocr_line' id='line_1_108' title="bbox 1970 4722 3543 4794; baseline -0.002 -14"><span class='ocrx_word' id='word_1_807' title='bbox 1970 4723 2112 4780; x_wconf 90' lang='lat' dir='ltr'><strong>enim</strong></span> <span class='ocrx_word' id='word_1_808' title='bbox 2146 4722 2310 4777; x_wconf 88' lang='lat' dir='ltr'><strong>obtuli</strong></span> <span class='ocrx_word' id='word_1_809' title='bbox 2335 4738 2455 4777; x_wconf 90' lang='lat' dir='ltr'><strong>eum</strong></span> <span class='ocrx_word' id='word_1_810' title='bbox 2484 4723 2735 4794; x_wconf 88' lang='lat' dir='ltr'><strong>laeryntis</strong></span> <span class='ocrx_word' id='word_1_811' title='bbox 2760 4738 2943 4779; x_wconf 82' lang='lat' dir='ltr'><strong>semen</strong></span> <span class='ocrx_word' id='word_1_812' title='bbox 2971 4722 3258 4788; x_wconf 90' lang='lat' dir='ltr'><strong>orationis;</strong></span> <span class='ocrx_word' id='word_1_813' title='bbox 3289 4733 3343 4776; x_wconf 94' lang='lat' dir='ltr'><strong>tu</strong></span> <span class='ocrx_word' id='word_1_814' title='bbox 3364 4734 3543 4778; x_wconf 84' lang='lat' dir='ltr'><strong>autem</strong></span> 
     </span>
    </p>
   </div>
   <div class='ocr_carea' id='block_1_109' title="bbox 1971 4816 3545 4885">
    <p class='ocr_par' dir='ltr' id='par_1_109' title="bbox 1971 4816 3545 4885">
     <span class='ocr_line' id='line_1_109' title="bbox 1971 4816 3545 4885; baseline -0.003 -12"><span class='ocrx_word' id='word_1_815' title='bbox 1971 4833 2155 4873; x_wconf 90' lang='lat' dir='ltr'><strong>semen</strong></span> <span class='ocrx_word' id='word_1_816' title='bbox 2195 4816 2415 4872; x_wconf 89' lang='lat' dir='ltr'><strong>effecisti</strong></span> <span class='ocrx_word' id='word_1_817' title='bbox 2448 4817 2812 4884; x_wconf 89' lang='lat' dir='ltr'><strong>manipulum,</strong></span> <span class='ocrx_word' id='word_1_818' title='bbox 2846 4832 2967 4872; x_wconf 91' lang='lat' dir='ltr'><strong>cum</strong></span> <span class='ocrx_word' id='word_1_819' title='bbox 3001 4816 3193 4871; x_wconf 68' lang='lat' dir='ltr'><strong>divinat</strong></span> <span class='ocrx_word' id='word_1_820' title='bbox 3229 4817 3414 4885; x_wconf 76' lang='lat' dir='ltr'><strong>gratia:</strong></span> <span class='ocrx_word' id='word_1_821' title='bbox 3445 4818 3545 4870; x_wconf 83' lang='lat' dir='ltr'><strong>im-</strong></span> 
     </span>
    </p>
   </div>
   <div class='ocr_carea' id='block_1_110' title="bbox 1970 4909 3553 4979">
    <p class='ocr_par' dir='ltr' id='par_1_110' title="bbox 1970 4909 3553 4979">
     <span class='ocr_line' id='line_1_110' title="bbox 1970 4909 3553 4979; baseline -0.003 -14"><span class='ocrx_word' id='word_1_822' title='bbox 1970 4909 2119 4965; x_wconf 90' lang='lat' dir='ltr'><strong>brem</strong></span> <span class='ocrx_word' id='word_1_823' title='bbox 2140 4910 2447 4963; x_wconf 81' lang='lat' dir='ltr'><strong>attraxisses</strong></span> <span class='ocrx_word' id='word_1_824' title='bbox 2478 4924 2571 4978; x_wconf 91' lang='lat' dir='ltr'><strong>per</strong></span> <span class='ocrx_word' id='word_1_825' title='bbox 2589 4911 3038 4979; x_wconf 88' lang='lat' dir='ltr'><strong>deprecationem.</strong></span> <span class='ocrx_word' id='word_1_826' title='bbox 3548 4952 3553 4979; x_wconf 39' lang='grc' dir='ltr'><em>λ</em></span> 
     </span>
    </p>
   </div>
   <div class='ocr_carea' id='block_1_111' title="bbox 2040 5000 3542 5070">
    <p class='ocr_par' dir='ltr' id='par_1_111' title="bbox 2040 5000 3542 5070">
     <span class='ocr_line' id='line_1_111' title="bbox 2040 5000 3542 5070; baseline -0.001 -13"><span class='ocrx_word' id='word_1_827' title='bbox 2040 5002 2144 5057; x_wconf 88' lang='lat' dir='ltr'><strong>Sed</strong></span> <span class='ocrx_word' id='word_1_828' title='bbox 2173 5016 2448 5070; x_wconf 82' lang='lat' dir='ltr'><strong>quousque</strong></span> <span class='ocrx_word' id='word_1_829' title='bbox 2477 5017 2642 5057; x_wconf 88' lang='lat' dir='ltr'><strong>conor</strong></span> <span class='ocrx_word' id='word_1_830' title='bbox 2669 5001 2848 5057; x_wconf 90' lang='lat' dir='ltr'><strong>metiri</strong></span> <span class='ocrx_word' id='word_1_831' title='bbox 2895 5000 3226 5056; x_wconf 86' lang='lat' dir='ltr'><strong>altitudinem</strong></span> <span class='ocrx_word' id='word_1_832' title='bbox 3256 5003 3417 5056; x_wconf 86' lang='lat' dir='ltr'><strong>maris</strong></span> <span class='ocrx_word' id='word_1_833' title='bbox 3450 5005 3542 5056; x_wconf 86' lang='lat' dir='ltr'><strong>At-</strong></span> 
     </span>
    </p>
   </div>
   <div class='ocr_carea' id='block_1_112' title="bbox 1972 5092 3547 5163">
    <p class='ocr_par' dir='ltr' id='par_1_112' title="bbox 1972 5092 3547 5163">
     <span class='ocr_line' id='line_1_112' title="bbox 1972 5092 3547 5163; baseline 0.001 -17"><span class='ocrx_word' id='word_1_834' title='bbox 1972 5092 2148 5147; x_wconf 90' lang='lat' dir='ltr'><strong>lantici</strong></span> <span class='ocrx_word' id='word_1_835' title='bbox 2164 5092 2306 5162; x_wconf 69' lang='lat'><strong>(74)?</strong></span> <span class='ocrx_word' id='word_1_836' title='bbox 2329 5094 2458 5147; x_wconf 76' lang='lat' dir='ltr'><strong>Nam</strong></span> <span class='ocrx_word' id='word_1_837' title='bbox 2477 5094 2614 5147; x_wconf 89' lang='lat' dir='ltr'><strong>sicut</strong></span> <span class='ocrx_word' id='word_1_838' title='bbox 2630 5108 2744 5147; x_wconf 89' lang='lat' dir='ltr'><strong>eam</strong></span> <span class='ocrx_word' id='word_1_839' title='bbox 2763 5106 2868 5145; x_wconf 91' lang='lat' dir='ltr'><strong>non</strong></span> <span class='ocrx_word' id='word_1_840' title='bbox 2888 5093 3362 5163; x_wconf 75' lang='lat' dir='ltr'><strong>possuntliomines</strong></span> <span class='ocrx_word' id='word_1_841' title='bbox 3378 5094 3547 5149; x_wconf 72' lang='lat' dir='ltr'><strong>dime~</strong></span> 
     </span>
    </p>
   </div>
   <div class='ocr_carea' id='block_1_113' title="bbox 1975 5184 3553 5254">
    <p class='ocr_par' dir='ltr' id='par_1_113' title="bbox 1975 5184 3553 5254">
     <span class='ocr_line' id='line_1_113' title="bbox 1975 5184 3553 5254; baseline 0.001 -16"><span class='ocrx_word' id='word_1_842' title='bbox 1975 5185 2083 5248; x_wconf 92' lang='lat' dir='ltr'><strong>tiri,</strong></span> <span class='ocrx_word' id='word_1_843' title='bbox 2133 5186 2202 5238; x_wconf 91' lang='lat' dir='ltr'><strong>ita</strong></span> <span class='ocrx_word' id='word_1_844' title='bbox 2255 5184 2614 5239; x_wconf 86' lang='lat' dir='ltr'><strong>narrationem</strong></span> <span class='ocrx_word' id='word_1_845' title='bbox 2646 5192 2972 5252; x_wconf 84' lang='lat' dir='ltr'><strong>exsuperant</strong></span> <span class='ocrx_word' id='word_1_846' title='bbox 3014 5200 3133 5254; x_wconf 70' lang='lat' dir='ltr'><strong>quze</strong></span> <span class='ocrx_word' id='word_1_847' title='bbox 3177 5185 3370 5240; x_wconf 88' lang='lat' dir='ltr'><strong>abillo</strong></span> <span class='ocrx_word' id='word_1_848' title='bbox 3412 5188 3553 5249; x_wconf 29' lang='lat' dir='ltr'><strong>fiunt,</strong></span> 
     </span>
    </p>
   </div>
   <div class='ocr_carea' id='block_1_114' title="bbox 1969 5275 3553 5355">
    <p class='ocr_par' dir='ltr' id='par_1_114' title="bbox 1969 5275 3553 5355">
     <span class='ocr_line' id='line_1_114' title="bbox 1969 5275 3553 5355; baseline 0 -26"><span class='ocrx_word' id='word_1_849' title='bbox 1969 5275 2227 5345; x_wconf 90' lang='lat' dir='ltr'><strong>quotidie.</strong></span> <span class='ocrx_word' id='word_1_850' title='bbox 2276 5276 2388 5345; x_wconf 84' lang='lat' dir='ltr'><strong>Ego</strong></span> <span class='ocrx_word' id='word_1_851' title='bbox 2432 5284 2609 5329; x_wconf 90' lang='lat' dir='ltr'><strong>autem</strong></span> <span class='ocrx_word' id='word_1_852' title='bbox 2640 5277 2757 5343; x_wconf 90' lang='lat' dir='ltr'><strong>ejus</strong></span> <span class='ocrx_word' id='word_1_853' title='bbox 2805 5284 2928 5329; x_wconf 90' lang='lat' dir='ltr'><strong>ante</strong></span> <span class='ocrx_word' id='word_1_854' title='bbox 2944 5276 3070 5355; x_wconf 76' lang='lat' dir='ltr'><strong>inec</strong></span> <span class='ocrx_word' id='word_1_855' title='bbox 3100 5276 3278 5331; x_wconf 91' lang='lat' dir='ltr'><strong>omnia</strong></span> <span class='ocrx_word' id='word_1_856' title='bbox 3309 5278 3553 5334; x_wconf 85' lang='lat' dir='ltr'><strong>admiror</strong></span> 
     </span>
    </p>
   </div>
   <div class='ocr_carea' id='block_1_115' title="bbox 1969 5366 3548 5437">
    <p class='ocr_par' dir='ltr' id='par_1_115' title="bbox 1969 5366 3548 5437">
     <span class='ocr_line' id='line_1_115' title="bbox 1969 5366 3548 5437; baseline 0.003 -15"><span class='ocrx_word' id='word_1_857' title='bbox 1969 5366 2345 5432; x_wconf 89' lang='lat' dir='ltr'><strong>tolerantiam;</strong></span> <span class='ocrx_word' id='word_1_858' title='bbox 2372 5377 2529 5421; x_wconf 91' lang='lat' dir='ltr'><strong>noctu</strong></span> <span class='ocrx_word' id='word_1_859' title='bbox 2552 5368 2692 5422; x_wconf 89' lang='lat' dir='ltr'><strong>enim</strong></span> <span class='ocrx_word' id='word_1_860' title='bbox 2708 5375 2762 5421; x_wconf 91' lang='lat' dir='ltr'><strong>et</strong></span> <span class='ocrx_word' id='word_1_861' title='bbox 2784 5368 3012 5422; x_wconf 88' lang='lat' dir='ltr'><strong>interdiu</strong></span> <span class='ocrx_word' id='word_1_862' title='bbox 3050 5370 3122 5424; x_wconf 88' lang='lat' dir='ltr'><strong>ita</strong></span> <span class='ocrx_word' id='word_1_863' title='bbox 3142 5379 3268 5437; x_wconf 88' lang='lat' dir='ltr'><strong>stat,</strong></span> <span class='ocrx_word' id='word_1_864' title='bbox 3294 5382 3349 5425; x_wconf 93' lang='lat' dir='ltr'><strong>ut</strong></span> <span class='ocrx_word' id='word_1_865' title='bbox 3365 5373 3548 5427; x_wconf 87' lang='lat' dir='ltr'><strong>videa-</strong></span> 
     </span>
    </p>
   </div>
   <div class='ocr_carea' id='block_1_116' title="bbox 1975 5444 3635 5529">
    <p class='ocr_par' dir='ltr' id='par_1_116' title="bbox 1975 5444 3635 5529">
     <span class='ocr_line' id='line_1_116' title="bbox 1975 5444 3635 5529; baseline 0.004 -16"><span class='ocrx_word' id='word_1_866' title='bbox 1975 5467 2061 5514; x_wconf 90' lang='lat' dir='ltr'><strong>tur</strong></span> <span class='ocrx_word' id='word_1_867' title='bbox 2111 5461 2179 5515; x_wconf 91' lang='lat' dir='ltr'><strong>ab</strong></span> <span class='ocrx_word' id='word_1_868' title='bbox 2205 5461 2474 5515; x_wconf 90' lang='lat' dir='ltr'><strong>omnibus.</strong></span> <span class='ocrx_word' id='word_1_869' title='bbox 2521 5460 2730 5514; x_wconf 83' lang='lat' dir='ltr'><strong>Ablatis</strong></span> <span class='ocrx_word' id='word_1_870' title='bbox 2762 5462 2906 5516; x_wconf 91' lang='lat' dir='ltr'><strong>enim</strong></span> <span class='ocrx_word' id='word_1_871' title='bbox 2937 5460 3166 5529; x_wconf 87' lang='lat' dir='ltr'><strong>foribus,</strong></span> <span class='ocrx_word' id='word_1_872' title='bbox 3206 5473 3262 5518; x_wconf 89' lang='lat' dir='ltr'><strong>et</strong></span> <span class='ocrx_word' id='word_1_873' title='bbox 3292 5480 3399 5520; x_wconf 92' lang='lat' dir='ltr'><strong>non</strong></span> <span class='ocrx_word' id='word_1_874' title='bbox 3447 5466 3547 5520; x_wconf 85' lang='lat' dir='ltr'><strong>tui-</strong></span> <span class='ocrx_word' id='word_1_875' title='bbox 3624 5444 3635 5447; x_wconf 23' lang='grc' dir='ltr'>ι</span> 
     </span>
    </p>
   </div>
   <div class='ocr_carea' id='block_1_117' title="bbox 1970 5554 3546 5626">
    <p class='ocr_par' dir='ltr' id='par_1_117' title="bbox 1970 5554 3546 5626">
     <span class='ocr_line' id='line_1_117' title="bbox 1970 5554 3546 5626; baseline 0.002 -17"><span class='ocrx_word' id='word_1_876' title='bbox 1970 5554 2117 5609; x_wconf 84' lang='lat' dir='ltr'><strong>ninia</strong></span> <span class='ocrx_word' id='word_1_877' title='bbox 2162 5563 2314 5623; x_wconf 87' lang='lat' dir='ltr'><strong>parte</strong></span> <span class='ocrx_word' id='word_1_878' title='bbox 2352 5554 2584 5609; x_wconf 85' lang='lat' dir='ltr'><strong>ambitus</strong></span> <span class='ocrx_word' id='word_1_879' title='bbox 2612 5554 2892 5621; x_wconf 86' lang='lat' dir='ltr'><strong>dissoluta,</strong></span> <span class='ocrx_word' id='word_1_880' title='bbox 2936 5557 3249 5626; x_wconf 87' lang='lat' dir='ltr'><strong>proponitur</strong></span> <span class='ocrx_word' id='word_1_881' title='bbox 3292 5558 3546 5614; x_wconf 86' lang='lat' dir='ltr'><strong>omnibus</strong></span> 
     </span>
    </p>
   </div>
   <div class='ocr_carea' id='block_1_118' title="bbox 1972 5648 3549 5724">
    <p class='ocr_par' dir='ltr' id='par_1_118' title="bbox 1972 5648 3549 5724">
     <span class='ocr_line' id='line_1_118' title="bbox 1972 5648 3549 5724; baseline -0.001 -21"><span class='ocrx_word' id='word_1_882' title='bbox 1972 5648 2338 5717; x_wconf 87' lang='lat' dir='ltr'><strong>spectaculum</strong></span> <span class='ocrx_word' id='word_1_883' title='bbox 2367 5662 2564 5702; x_wconf 91' lang='lat' dir='ltr'><strong>novum</strong></span> <span class='ocrx_word' id='word_1_884' title='bbox 2595 5657 2650 5703; x_wconf 91' lang='lat' dir='ltr'><strong>et</strong></span> <span class='ocrx_word' id='word_1_885' title='bbox 2677 5650 2995 5707; x_wconf 87' lang='lat' dir='ltr'><strong>admirabile</strong></span> <span class='ocrx_word' id='word_1_886' title='bbox 3021 5667 3035 5703; x_wconf 88' lang='lat'><strong>:</strong></span> <span class='ocrx_word' id='word_1_887' title='bbox 3062 5666 3204 5706; x_wconf 88' lang='lat' dir='ltr'><strong>nunc</strong></span> <span class='ocrx_word' id='word_1_888' title='bbox 3230 5652 3393 5724; x_wconf 78' lang='lat'><strong>353</strong></span> <span class='ocrx_word' id='word_1_889' title='bbox 3424 5654 3549 5719; x_wconf 86' lang='lat' dir='ltr'><strong>qui-</strong></span> 
     </span>
    </p>
   </div>
   <div class='ocr_carea' id='block_1_119' title="bbox 1971 5741 3553 5813">
    <p class='ocr_par' dir='ltr' id='par_1_119' title="bbox 1971 5741 3553 5813">
     <span class='ocr_line' id='line_1_119' title="bbox 1971 5741 3553 5813; baseline -0.002 -14"><span class='ocrx_word' id='word_1_890' title='bbox 1971 5743 2093 5799; x_wconf 88' lang='lat' dir='ltr'><strong>dem</strong></span> <span class='ocrx_word' id='word_1_891' title='bbox 2118 5750 2267 5798; x_wconf 86' lang='lat' dir='ltr'><strong>stans</strong></span> <span class='ocrx_word' id='word_1_892' title='bbox 2296 5741 2459 5813; x_wconf 81' lang='lat' dir='ltr'><strong>longe</strong></span> <span class='ocrx_word' id='word_1_893' title='bbox 2483 5752 2747 5813; x_wconf 86' lang='lat' dir='ltr'><strong>tempore,</strong></span> <span class='ocrx_word' id='word_1_894' title='bbox 2781 5759 2921 5801; x_wconf 88' lang='lat' dir='ltr'><strong>nunc</strong></span> <span class='ocrx_word' id='word_1_895' title='bbox 2947 5752 3124 5798; x_wconf 89' lang='lat' dir='ltr'><strong>autem</strong></span> <span class='ocrx_word' id='word_1_896' title='bbox 3156 5743 3460 5813; x_wconf 85' lang='lat' dir='ltr'><strong>frequenter</strong></span> <span class='ocrx_word' id='word_1_897' title='bbox 3480 5756 3553 5796; x_wconf 73' lang='lat' dir='ltr'><strong>se</strong></span> 
     </span>
    </p>
   </div>
   <div class='ocr_carea' id='block_1_120' title="bbox 3241 5859 3253 5883">
    <p class='ocr_par' dir='ltr' id='par_1_120' title="bbox 3241 5859 3253 5883">
     <span class='ocr_line' id='line_1_120' title="bbox 3241 5859 3253 5883; baseline 0 -2"><span class='ocrx_word' id='word_1_898' title='bbox 3241 5859 3253 5883; x_wconf 71' lang='grc' dir='ltr'><strong>Ι</strong></span> 
     </span>
    </p>
   </div>
   <div class='ocr_carea' id='block_1_121' title="bbox 3235 5878 3271 5916">
    <p class='ocr_par' dir='ltr' id='par_1_121' title="bbox 3235 5878 3271 5916">
     <span class='ocr_line' id='line_1_121' title="bbox 3235 5878 3271 5916; baseline 0 0"><span class='ocrx_word' id='word_1_899' title='bbox 3235 5878 3271 5916; x_wconf 71' lang='grc' dir='ltr'><strong>ίΙ-</strong></span> 
     </span>
    </p>
   </div>
  </div>
