4052 6362
508 304 533 359 Ι
542 304 610 361 07

1650 306 1734 358 DE
1780 305 1950 359 \‘lTIS
1993 307 2267 364 I‘ATRUM
2314 309 2514 363 LIBER
2556 311 2642 363 ιχ.

3672 312 3772 372 l0!

502 419 822 476 incurvans.
872 426 923 469 et
952 415 1059 469 Deo
1090 414 1320 469 offerens
1369 416 1760 471 adoratiouem.
1795 416 1910 471 1am
1949 434 2074 471 vero
2108 424 2151 480 Α
2186 436 2399 474 nonam.
2433 422 2618 474 Totam
2650 422 2789 473 cnim
2837 432 3044 475 noctem
3096 432 3145 476 et
3195 422 3333 476 diem
3366 438 3532 492 usque
3561 425 3627 478 ad
3679 441 3779 480 no-

505 510 655 564 multi
686 525 901 579 quoque
928 525 991 563 ex
1017 509 1316 564 astantibus
1345 518 1663 564 enumerant
1695 510 1791 564 has
1818 511 2087 564 adoratio-

505 618 623 657 ncs.
654 602 834 659 Semel
872 610 1048 656 autem
1078 601 1290 671 quidam
1318 616 1381 655 ex
1416 601 1481 656 iis
1521 602 1610 672 qui
1643 616 1851 656 mecum
1894 613 2083 667 erant,

504 710 625 747 cum
653 704 1019 748 enumerasset
1053 693 1199 746 mille
1247 703 1300 747 et
1328 692 1588 747 ducentas
1634 703 1688 747 et
1737 694 2086 762 quadraginta

499 796 749 857 quatuor,
769 786 965 840 deinde
989 788 1166 853 lapsus
1188 794 1349 846 esset,
1374 787 1575 839 destitit
1596 802 1899 841 numerare.
1925 786 2085 842 Sem-

503 895 601 948 per
630 888 807 931 autem
836 893 894 929 se
924 876 1205 940 inclinans,
1231 891 1397 945 pr0pe
1424 877 1617 946 digitos
1642 877 1830 943 pedum
1855 876 2083 929 frontem

502 971 773 1025 admovet.
810 969 938 1024 Nam
965 985 1085 1024 cum
1113 980 1302 1022 venter
1328 970 1497 1022 semel
1533 971 1584 1022 in
1622 970 1956 1024 hebdomada
1986 970 2082 1023 ali-

503 1070 743 1115 mentum
776 1060 1019 1127 accipiat,
1057 1058 1213 1127 idque
1242 1060 1514 1128 exiguum,
1551 1070 1804 1127 quantum
1838 1071 1918 1115 est
1943 1061 2082 1113 divi-

502 1167 690 1205 norum
721 1162 1175 1205 Sacramentorum
1207 1151 1564 1219 participatio,
1617 1151 1779 1205 dorso
1829 1152 2086 1206 concedit

504 1253 561 1296 ut
588 1243 744 1298 facile
774 1243 1089 1297 inilectatur.
1125 1243 1285 1296 Aiunt
1317 1253 1492 1295 autem
1538 1240 1586 1295 ei
1637 1256 1704 1295 ex
1755 1244 1985 1295 statione
2032 1244 2082 1295 in

503 1338 672 1391 altero
716 1334 850 1404 pede
894 1346 1109 1390 enatum
1141 1351 1261 1390 esse
1292 1335 1440 1388 ulcus
1479 1334 1802 1395 cbironimn,
1857 1344 1911 1388 et
1943 1335 2085 1388 illinc

498 1428 712 1482 assidue
740 1427 1019 1498 plurimam
1050 1431 1263 1483 cxcerni
1306 1429 1528 1482 saniem.
1557 1430 1658 1483 Sed
1704 1428 1832 1481 nihil
1865 1434 2005 1496 quod
2036 1429 2081 1483 ei

496 1518 733 1583 accidit,
788 1519 1028 1587 reprimit
1086 1519 1514 1587 philomphiam;
1571 1522 1662 1573 Sed
1719 1519 1821 1572 fert
1862 1520 1985 1572 forti
2032 1529 2086 1574 et

497 1625 760 1681 generoso
785 1614 967 1665 animo
997 1611 1294 1663 voluntaria
1327 1622 1380 1664 et
1405 1611 1782 1677 involuntaria,
1808 1612 2084 1665 alacritate

494 1706 739 1760 animiet
769 1705 882 1759 hzec
911 1714 966 1759 et
995 1705 1080 1757 illa
1114 1719 1395 1773 superans.

2190 529 2310 566 nam
2355 523 2473 566 orat
2531 524 2807 582 perpetuo.
2863 514 2988 571 E'ost
3038 531 3232 570 nonam
3287 527 3481 582 autem,
3540 517 3774 587 primum

2188 604 2402 671 quidem
2458 605 2693 659 divinam
2744 606 3043 659 doctrinam
3091 607 3309 661 exhibet
3368 609 3775 677 praesentibus;

2191 695 2408 759 deinde,
2437 696 2613 751 audita
2665 697 3076 766 uniuscujusque
3106 700 3383 767 petitione,
3415 714 3534 754 cum
3564 700 3776 770 aliquas

2187 786 2375 843 fecerit
2405 790 2732 853 curationes,
2761 792 3032 858 componit
3074 790 3194 845 lites
3221 806 3405 844 eorum
3452 793 3592 845 inter
3639 806 3776 860 quos

2187 889 2268 932 est
2295 880 2683 936 controversia.
2712 879 2867 934 Circa
2892 897 3137 934 occasum
3165 891 3340 935 autem
3366 883 3495 936 solis
3516 884 3776 952 deinceps

2188 968 2372 1038 incipit
2396 970 2683 1025 convenire
2715 970 3018 1026 Dominum.
3050 972 3154 1027 Sed
3194 975 3437 1042 quamvis
3465 975 3514 1027 in
3546 974 3630 1029 bis
3655 990 3780 1027 ver-

2185 1072 2353 1124 setur,
2378 1070 2431 1115 et
2461 1062 2573 1117 haec
2596 1061 2774 1115 omnia
2830 1063 3003 1121 faciat.
3052 1079 3147 1116 nec
3178 1075 3481 1119 sanctarum
3522 1066 3780 1120 ecclesia-

2186 1164 2301 1203 rum
2328 1167 2509 1205 ruram
2538 1152 2715 1220 abjicit
2737 1160 2791 1206 et
2814 1154 3219 1221 providentiam,
3242 1155 3529 1224 aliquando
3558 1158 3777 1225 quidem

2189 1254 2427 1307 pugnans
2472 1256 2591 1296 cum
2642 1244 2915 1311 impietate
2944 1244 3215 1313 gentium,
3272 1247 3559 1317 aliquando
3597 1257 3780 1303 autim

2188 1329 2437 1402 frangens
2457 1331 2763 1388 Judatorum
2795 1337 3070 1390 audaciam
3106 1338 3244 1404 (77),
3275 1340 3562 1407 aliquando
3596 1351 3778 1392 autem

2190 1421 2414 1476 fundens
2444 1438 2506 1477 ac
2538 1425 2824 1494 proﬂigans
2866 1436 3069 1481 turmas
3124 1427 3521 1492 lucreticorum,
3574 1439 3628 1482 et
3680 1431 3783 1482 ali-

2186 1513 2401 1583 quando
2429 1516 2643 1583 quidem
2681 1518 2750 1573 de
2779 1518 2860 1572 his
2886 1519 3124 1574 scribens
3145 1520 3211 1574 ad
3246 1523 3652 1589 imperatorem,
3677 1520 3781 1575 ali-

2186 1606 2399 1671 quando
2438 1617 2613 1661 autem
2662 1610 2918 1677 praesides
2946 1625 3007 1664 ac
3038 1613 3383 1681 magistratus
3413 1613 3478 1667 ad
3530 1613 3778 1668 divinum

2183 1697 2357 1751 zelum
2385 1701 2646 1766 excitans,
2677 1702 2965 1772 aliquando
2991 1713 3169 1758 autem
3223 1706 3351 1773 ipsis
3371 1722 3580 1775 quoque
3605 1708 3781 1762 eccle-

576 1794 687 1848 Hoc
721 1802 900 1847 autem
940 1797 1088 1846 uicus
1143 1806 1357 1848 coaetus
1408 1808 1621 1863 quoque
1669 1803 1749 1848 est
1794 1794 2081 1864 aliquando
2116 1788 2387 1864 Bsiarum
2445 1794 2745 1857 tasturihus
2796 1797 3054 1865 majorem
3106 1798 3284 1868 gregis
3344 1814 3530 1853 curant
3588 1810 3783 1869 gerere

494 1883 655 1940 alicui
687 1888 974 1939 ostendere
1015 1884 1155 1955 (75).
1192 1885 1372 1939 Dicam
1417 1896 1594 1939 autem
1640 1902 1879 1940 causam.
1936 1886 2089 1941 Venit

494 1978 564 2051 ab
588 1978 828 2031 Arahena
857 1979 1070 2048 quidam
1112 1980 1194 2032 vir
1223 1980 1414 2043 bonus,
1465 1990 1516 2030 et
1566 1979 1856 2033 honoratos
1887 1980 2087 2033 Christi

496 2069 815 2124 ministerio.
844 2071 892 2143 Is
932 2085 1053 2123 cum
1105 2071 1171 2123 ad
1226 2071 1350 2124 illttd
1401 2074 1733 2141 pervenisset
1785 2085 2085 2125 cacumen:

499 2163 595 2217 Dic
627 2162 779 2227 mihi,
807 2163 998 2232 inquit,
1030 2180 1122 2232 per
1155 2165 1319 2233 ipsam
1343 2166 1648 2229 veritatem,
1669 2181 1788 2232 qua:
1813 2168 2087 2221 hominum

492 2269 664 2324 genus
692 2255 757 2309 ad
779 2271 837 2310 se
863 2258 1144 2321 convertit,
1174 2272 1304 2311 csne
1329 2258 1511 2319 homo,
1558 2272 1623 2310 an
1658 2267 1843 2311 natura
1899 2258 2089 2312 incor-

492 2361 657 2417 porea
678 2348 702 2400 ?
724 2347 854 2402 Cum
881 2359 1059 2403 auten
1099 2351 1188 2417 qui
1214 2350 1436 2402 aderant
1461 2365 1602 2418 :egre
1629 2350 1833 2404 terrent
1858 2352 2087 2405 interro-

492 2442 781 2509 gationem,
814 2454 1004 2493 omnes
1029 2444 1241 2507 quidem
1268 2440 1424 2505 jussit
1449 2450 1625 2494 tacere
1649 2424 1762 2504 ς’θά
1793 2442 1942 2495 illum
1995 2457 2088 2496 au-

494 2543 600 2585 tem
642 2531 814 2585 dixit:
858 2533 967 2585 Cur
1004 2532 1141 2584 hanc
1188 2532 1316 2585 tuilti
1350 2533 1672 2600 propesuisri
1711 2534 2087 2603 interrogatio-

493 2623 665 2677 nem?
707 2623 837 2675 Cum
870 2631 1047 2675 autem
1101 2622 1367 2676 dixisset:
1405 2624 1665 2688 Quoniam
1712 2638 1899 2677 otnm-s
1928 2625 2089 2693 vulgo

492 2714 694 2784 jactare
746 2712 923 2775 audio,
986 2724 1036 2768 te
1082 2727 1256 2783 neque
1313 2714 1617 2780 comedere,
1673 2728 1771 2768 nec
1815 2715 2084 2781 dormire;

491 2816 777 2877 utrumque
803 2818 982 2861 autem
1012 2818 1092 2861 est
1123 2808 1399 2861 hominum
1427 2807 1723 2876 proprium,
1751 2822 1907 2862 nemo
1940 2809 2083 2861 enim

490 2900 580 2971 qui
612 2899 713 2953 ltac
739 2901 809 2953 sit
837 2908 1019 2952 natura
1053 2898 1307 2968 prreditus
1339 2899 1533 2953 vixerit
1583 2900 1786 2968 ab~que
1834 2900 2088 2955 alimento

490 3005 544 3049 et
575 3009 787 3049 somno.
841 2994 931 3047 Ilie
956 3005 1135 3049 autem
1163 2995 1323 3062 jussit
1352 2993 1564 3063 quidem
1611 2995 1785 3051 scalas
1812 2994 2085 3049 admoveri

492 3086 775 3148 columnae,
813 3086 959 3138 illum
1005 3093 1181 3139 autem
1232 3088 1562 3139 ascendere:
1601 3098 1653 3140 et
1705 3087 1934 3154 primum
1966 3085 2087 3156 qui-

493 3177 613 3231 dem
646 3194 835 3231 manus
862 3178 1128 3247 aspicere,
1182 3177 1376 3231 deinde
1429 3177 1565 3231 intra
1618 3178 1896 3245 pellicenm
1930 3177 2078 3232 illum
2111 3191 2157 3254 ο

493 3268 743 3322 amictum
775 3282 988 3319 manum
1017 3268 1245 3332 mittere,
1281 3277 1335 3321 et
1357 3269 1539 3321 videre
1564 3284 1665 3320 non
1694 3270 1865 3321 solum
1899 3270 2081 3339 pedes,

495 3359 588 3414 sed
619 3359 777 3413 etiam
804 3359 954 3412 ulcus
978 3358 1103 3412 illud
1135 3360 1524 3429 gravissimum.
1555 3357 1687 3414 Cum
1713 3370 1889 3415 autem
1925 3361 2086 3414 homo

497 3452 739 3515 vidisset,
774 3461 826 3507 et
849 3453 1138 3506 admiratus
1165 3465 1308 3507 esset
1340 3453 1532 3507 ulceris
1565 3452 2007 3523 magnitudinem,
2032 3462 2087 3510 et

497 3557 560 3598 ex
593 3558 658 3597 eo
687 3544 964 3600 didicisset
993 3546 1261 3613 qttouiodo
1287 3555 1462 3599 sumat
1492 3550 1908 3613 nutrimentum,
1942 3548 2087 3602 illinc

497 3635 712 3703 quidem
764 3637 1074 3703 descendit,
1124 3640 1189 3690 ad
1244 3653 1328 3693 nte
1368 3650 1545 3693 autem
1585 3640 1813 3693 veniens
1854 3640 2090 3694 narravit

498 3730 692 3781 omnia.

571 3824 626 3879 In
660 3825 807 3880 festis
833 3834 1009 3879 autem
1043 3825 1267 3895 publicis
1314 3827 1469 3880 aliam
1507 3841 1717 3895 quoque
1744 3827 1976 3881 ostendit
2015 3834 2092 3880 to-

498 3914 806 3969 lerantiam.
834 3915 962 3968 Nam
998 3926 1115 3984 post
1149 3930 1397 3969 occasum
1440 3917 1590 3981 solis,
1633 3918 1803 3972 donec
1834 3918 1876 3972 is
1905 3933 2091 3973 rursus

498 4009 710 4062 venerit
763 4008 830 4061 ad
878 4008 1207 4064 horizontem
1254 4010 1639 4064 occidentalem
1673 4053 1688 4078 ,
1741 4014 1985 4067 manibus
2038 4015 2088 4065 in

499 4104 697 4159 caelum
730 4102 963 4158 extensis
990 4112 1096 4157 stat
1126 4113 1234 4156 tota
1260 4114 1413 4158 nocte
1440 4102 1576 4173 (76),
1604 4119 1702 4159 nec
1724 4122 1749 4155 a
1779 4121 1969 4159 somno
2000 4106 2093 4159 de-

500 4196 706 4259 linitus,
734 4211 832 4251 nec
858 4211 887 4249 a
913 4193 1093 4249 labore
1123 4205 1427 4264 superatus.
1457 4196 1510 4249 lu
1542 4196 1704 4250 tantis
1734 4209 1913 4250 autem
1941 4196 2093 4250 labo-

499 4287 671 4351 ribus,
698 4294 949 4355 tantaque
996 4302 1173 4340 rerum
1209 4296 1477 4355 gestarum
1512 4286 1874 4355 magnitudine
1903 4297 1956 4341 et
1988 4287 2090 4339 mi-

500 4377 807 4432 raculorum
855 4377 1213 4439 multitudine,
1247 4385 1332 4431 est
1376 4387 1517 4430 tanta
1565 4394 1772 4431 morum
1828 4378 2089 4434 modestia

501 4483 566 4524 ac
596 4470 957 4524 moderatione
980 4470 1255 4538 prmditus,
1289 4482 1350 4521 ac
1382 4469 1425 4523 si
1464 4470 1532 4523 sit
1574 4470 1837 4539 dignitate
1881 4480 2092 4540 postre-

2192 1882 2531 1949 praecipiens.

2263 1973 2387 2029 lbec
2435 1987 2611 2029 autem
2665 1991 2782 2031 sum
2835 1986 3185 2045 persecutus,
3236 1994 3304 2035 ex
3350 1984 3497 2051 gutta
3554 1991 3781 2035 conatus

2190 2063 2475 2119 ostendere
2504 2066 2733 2135 pluviam
2768 2067 2905 2139 (78),
2937 2078 2993 2124 et
3020 2071 3089 2125 iis
3128 2072 3218 2142 qui
3245 2072 3359 2126 haec
3387 2074 3582 2142 scripta
3636 2073 3783 2144 lege-

2192 2157 2318 2221 rint,
2354 2168 2604 2226 tanquam
2633 2158 2807 2213 indice
2828 2163 3142 2231 gustandam
3175 2163 3417 2231 prmbere
3450 2163 3630 2218 mellis
3655 2163 3781 2217 dul~

2191 2251 2457 2304 cedinem.
2491 2251 2619 2315 Qua:
2648 2260 2823 2307 autem
2855 2254 3209 2310 decantantur
3250 2270 3314 2310 ac
3341 2256 3685 2311 celebrantur
3713 2257 3783 2310 ab

2190 2342 2456 2405 omnibus,
2485 2357 2545 2397 ea
2575 2353 2700 2398 sunt
2729 2346 2794 2399 iis
2818 2345 2972 2416 longe
2996 2348 3165 2415 plura.
3186 2348 3290 2404 Sed
3323 2365 3425 2403 non
3456 2364 3572 2403 sutn
3598 2350 3778 2403 omnia

2193 2432 2431 2487 scribere
2475 2435 2779 2503 pollicitus,
2831 2436 2926 2490 sed
2973 2437 3152 2505 paucis
3202 2439 3319 2507 ejus
3372 2441 3496 2492 vitae
3550 2438 3781 2493 instituti

2192 2526 2481 2580 ostendere
2513 2527 2738 2579 formam
2773 2535 2827 2581 et
2866 2530 3258 2585 characterem.
3297 2530 3651 2586 Conscribent
3682 2548 3784 2585 au-

2194 2626 2321 2682 tem,
2377 2626 2431 2673 ut
2477 2628 2562 2674 est
2620 2629 3061 2689 (onsentaneum,
3114 2624 3202 2677 alii
3233 2640 3449 2695 quoque
3492 2625 3573 2679 his
3623 2624 3783 2693 longe

2191 2710 2363 2779 plura.

2262 2801 2395 2855 Cum
2428 2813 2543 2870 post
2567 2804 2679 2858 hare
2700 2815 2877 2858 au‘em
2907 2804 2995 2859 diu
3046 2811 3267 2859 νὶιιεεει
3298 2805 3432 2876 (79),
3491 2817 3546 2862 et
3598 2809 3783 2863 multis

2162 2892 2465 2947 .miraculis
2495 2902 2549 2948 et
2582 2895 2881 2961 laboribus,
2926 2898 3222 2968 ardoreque
3250 2900 3396 2963 solis,
3452 2907 3507 2953 et
3559 2898 3781 2954 hiberna

2193 2982 2383 3052 glaeie,
2409 2992 2462 3037 et
2488 2986 3204 3041 vehementibus.ventorum
3249 2988 3529 3043 insultibus
3549 3031 3563 3054 ,
3598 2999 3654 3043 et
3686 2990 3784 3044 hu-

2193 3088 2369 3129 manae
2416 3086 2619 3131 natura:
2674 3077 3069 3142 imbecillitate,
3121 3080 3269 3134 solus
3316 3095 3380 3134 ex
3410 3082 3662 3136 omnibus
3692 3083 3783 3151 qui

2193 3182 2421 3237 unquam
2455 3166 2672 3224 fuerunt
2711 3172 2999 3225 mansis~et
3022 3173 3470 3240 inexpugnabilis,
3500 3185 3782 3245 postquam

2190 3276 2312 3314 eum
2337 3262 2593 3327 deinceps
2641 3265 2877 3331 oportuit
2904 3278 3025 3319 esse
3056 3278 3177 3319 cum
3207 3266 3443 3330 Christo,
3473 3278 3526 3321 et
3555 3268 3784 3323 immen-

2191 3366 2375 3406 sorum
2423 3355 2775 3408 certaminum
2819 3369 3048 3411 coronas
3099 3359 3367 3425 accipere,
3420 3360 3563 3429 quod
3621 3361 3785 3415 homo

2191 3444 2407 3510 quidem
2441 3453 2607 3511 esset,
2658 3455 2831 3499 moz'te
2860 3448 3201 3501 continuavit
3228 3448 3290 3502 iis
3318 3449 3406 3518 qui
3438 3465 3542 3504 non
3591 3452 3784 3505 crede-

2193 3534 2319 3587 bant
2348 3550 2361 3587 :
2395 3536 2593 3589 mansit
2619 3543 2798 3590 autem
2827 3538 2988 3591 etiam
3039 3549 3159 3608 post
3198 3550 3424 3594 mortem
3457 3541 3779 3607 immobilis;

2192 3635 2246 3678 et
2271 3626 2323 3678 in
2348 3625 2545 3680 ccelum
2573 3626 2787 3695 quidem
2815 3631 2988 3682 anima
3019 3642 3360 3701 pervenerat,
3384 3647 3578 3701 corpus
3598 3646 3779 3688 autem

2195 3730 2263 3770 ne
2290 3717 2368 3770 sic
2415 3717 2627 3787 quidem
2677 3719 2873 3773 cadere
2918 3723 3205 3789 sustinuit;
3248 3725 3344 3778 sed
3380 3723 3548 3797 85η,
3571 3735 3782 3781 rectum

2193 3810 2344 3861 stetit
2367 3807 2418 3861 io
2453 3810 2571 3863 loco
2601 3811 2979 3878 certaminum,
3014 3822 3263 3883 tanquam
3304 3814 3534 3869 invictus
3556 3816 3783 3883 athleta,

2195 3899 2335 3953 nulla
2371 3911 2521 3969 parte
2549 3901 2913 3957 membrorum
2961 3905 3148 3959 volens
3193 3914 3388 3960 terram
3423 3915 3662 3976 tangere.
3694 3907 3785 3962 Sic

2195 3992 2393 4047 Christi
2422 3994 2639 4049 athletis
2671 4005 2851 4049 manet
2871 3998 3032 4050 etiam
3064 4006 3184 4065 post
3239 4008 3466 4054 mortem
3523 4014 3646 4053 cum
3702 4006 3785 4055 eis

2194 4090 2352 4144 simul
2383 4105 2604 4146 versans
2635 4092 2880 4146 victoria.

2271 4182 2548 4236 Variorum
2576 4193 2725 4238 certe
2746 4185 3052 4238 morborum
3073 4184 3397 4249 curationes,
3421 4194 3476 4240 et
3502 4186 3780 4253 miracula,

2196 4283 2251 4329 et
2278 4274 2578 4328 divinarum
2611 4276 2781 4328 virtus
2812 4278 3182 4343 operationum
3204 4316 3219 4340 ,
3248 4276 3386 4330 sicut
3426 4277 3641 4345 quando
3666 4285 3786 4331 erat

2197 4376 2497 4437 superstes,
2550 4369 2620 4422 ita
2678 4384 2817 4424 nunc
2861 4384 3072 4439 quoque
3102 4369 3253 4436 fiunt,
3290 4385 3392 4423 non
3422 4370 3598 4424 solum
3643 4370 3786 4439 apud

2200 4461 2403 4515 loculos
2425 4469 2729 4516 sanctarum
2762 4461 3129 4531 reliquiarum,
3160 4462 3252 4515 sed
3281 4461 3440 4516 etiam
3466 4462 3607 4527 apud
3641 4476 3789 4516 sum-

501 4574 621 4616 mus
647 4562 884 4614 omnium
915 4560 1212 4614 hominum.
1249 4558 1449 4613 Praeter
1487 4559 1798 4613 modesdam
1827 4570 2005 4615 autem
2039 4571 2089 4616 et

2203 4569 2304 4607 ma:
2330 4552 2446 4621 ejus
2475 4553 2685 4607 virtutis
2708 4561 2762 4605 et
2783 4552 3046 4605 diuturnae
3077 4551 3456 4606 decertationis
3479 4551 3787 4607 monimen-

501 4653 675 4710 facilis
697 4656 761 4710 ad
794 4671 913 4710 eum
949 4663 1091 4722 patet
1113 4654 1305 4721 aditus,
1341 4664 1395 4708 et
1427 4665 1509 4708 est
1530 4635 1752 4708 affabilis
1782 4665 1837 4709 et
1875 4658 2087 4723 suavis;

503 4756 559 4802 et
587 4747 875 4816 respondet
907 4746 1190 4814 unicuique
1238 4762 1427 4802 eorum
1473 4746 1561 4815 qtti
1612 4747 1927 4815 loquuntur,
1979 4750 2093 4805 sive

504 4839 574 4892 sit
594 4840 796 4906 opifex,
823 4840 937 4893 sive
969 4839 1267 4904 mendicus,
1314 4839 1431 4892 sive
1478 4839 1735 4892 rusticus.
1771 4842 1810 4893 A
1843 4841 2091 4894 munifico

505 4942 681 4986 autem
704 4942 758 4987 et
780 4933 983 4987 liberali
1011 4936 1234 4986 nomino
1260 4933 1465 5002 accepit
1489 4935 1647 4986 etiam
1672 4933 1869 4987 donum
1896 4934 2093 4989 doctri-

506 5040 634 5079 nae:
687 5033 742 5080 et
796 5025 875 5077 bis
924 5024 1163 5093 quotidie
1204 5024 1406 5078 faciens
1436 5023 1857 5093 admonitiones,
1906 5027 2090 5094 irrigat

508 5129 664 5169 aures
693 5128 879 5169 eorum
907 5115 995 5182 qui
1029 5114 1269 5176 audiunt,
1296 5114 1515 5181 pulchre
1537 5115 1818 5169 admodum
1846 5119 2089 5185 loquens,

508 5217 562 5261 et
592 5206 756 5260 divini
786 5206 1008 5275 spiritus
1034 5206 1292 5261 exhibens
1314 5205 1645 5277 disciplinam
1675 5225 1691 5273 ;
1737 5219 1789 5263 et
1813 5211 2007 5278 juheus
2040 5213 2089 5265 in

508 5298 703 5351 coelum
730 5299 1002 5367 suspicere
1031 5307 1084 5351 et
1113 5298 1349 5363 evolare,
1379 5306 1434 5351 et
1460 5314 1487 5350 a
1528 5307 1664 5353 terra
1708 5301 2005 5367 discedere,
2040 5312 2093 5358 et

512 5404 734 5460 regnum
765 5391 907 5460 quod
938 5399 1276 5455 exspectatur
1305 5390 1509 5445 visione
1557 5392 1978 5463 apprehendere,
2038 5404 2090 5449 et

513 5485 772 5555 geltenna:
804 5485 975 5538 minas
1014 5476 1226 5554 timere.
1259 5495 1314 5540 et
1361 5497 1572 5541 terrena
1627 5499 1989 5553 contemnere,
2040 5496 2093 5542 et

506 5578 682 5634 futura
717 5587 1049 5647 exspectare.
1089 5575 1233 5632 Licet
1272 5588 1450 5633 autem
1500 5593 1621 5632 eum
1659 5594 1871 5648 quoque
1911 5579 2094 5634 videre

504 5666 861 5741 iudicantem,
888 5679 941 5725 et
970 5678 1142 5725 rectas
1167 5680 1221 5725 et
1260 5670 1433 5739 justas
1474 5669 1732 5724 ferentem
1779 5668 2092 5724 sententias.

509 5758 637 5820 Haec
663 5774 839 5822 autem
871 5773 926 5821 et
949 5778 1068 5832 qua:
1092 5774 1218 5821 sunt
1242 5764 1567 5830 Itttjusmodi.
1602 5764 1728 5820 fiunt
1761 5773 1881 5830 post
1911 5761 2092 5817 horam

2202 4654 2348 4710 tum;
2377 4658 2645 4714 magnam,
2678 4645 2892 4712 inquam
2913 4685 2928 4707 ,
2961 4643 3106 4696 illam
3149 4653 3202 4697 et
3230 4643 3550 4697 celebratam
3574 4644 3788 4698 colum-

2201 4750 2322 4789 nam
2351 4736 2507 4803 hujus
2527 4735 2658 4803 justi
2686 4743 2739 4787 et
2773 4734 3021 4790 laudibus
3048 4734 3351 4790 celebrandi
3383 4735 3671 4789 Simeonis.

2270 4828 2433 4895 Cujus
2460 4828 2659 4880 sanctis
2683 4825 3153 4880 intercessionibus
3184 4824 3340 4892 cupio
3390 4834 3448 4879 ut
3485 4838 3588 4892 ego
3633 4823 3792 4893 adju-

2203 4927 2308 4984 tus,
2339 4919 2391 4971 in
2424 4918 2510 4971 his
2543 4919 2742 4971 sanctis
2775 4931 3112 4985 perseverem
3160 4916 3469 4970 laboribus:
3510 4916 3789 4985 Deumque

2204 5026 2395 5080 precor
2424 5010 2515 5080 qui
2545 5020 2632 5063 est
2651 5009 2952 5062 communis
2997 5019 3234 5074 ornatus,
3285 5018 3337 5062 et
3391 5014 3477 5062 est
3530 5007 3785 5076 splendor

2204 5102 2417 5171 pietatis
2445 5112 2499 5154 et
2527 5114 2668 5153 verae
2692 5099 2989 5169 religionis,
3020 5108 3077 5151 ut
3102 5110 3155 5153 et
3177 5113 3292 5152 mea
3324 5098 3427 5151 vita
3459 5098 3789 5168 corrigatur,

2201 5204 2255 5248 et
2275 5194 2341 5247 ad
2373 5193 2731 5263 evangelicum
2780 5194 2901 5245 vita:
2931 5189 3155 5244 formam
3185 5190 3464 5259 dirigatur.

2757 5339 2983 5395 CAPUT
3024 5338 3230 5393 XXVII.

2752 5470 3056 5509 sasaoarus
3082 5454 3222 5525 (80).

2278 5573 2342 5627 Et
2363 5570 2662 5626 communis
2695 5568 2968 5624 hominum
3008 5568 3178 5623 hostis
3205 5569 3406 5623 invenit
3450 5570 3647 5624 multas
3668 5569 3792 5627 vias

2207 5667 2340 5731 vitii,
2385 5666 2690 5719 universam
2721 5662 3007 5717 humanam
3048 5671 3291 5717 naturam
3326 5662 3548 5717 studens
3578 5664 3795 5731 penitus

2209 5758 2467 5826 perdere;
2502 5765 2555 5812 et
2577 5756 2787 5826 pietatis
2813 5771 3059 5826 veraeque
3105 5755 3378 5828 religionis
3408 5757 3613 5814 alumni
3642 5759 3790 5812 mul-
