4052 6362
263 323 368 386 109

1348 317 1798 386 Pl'llLOTllEUS,
1839 338 1954 377 srvi-1
1995 317 2447 376 TllEOPlllLES.

3430 321 3531 380 HO

263 452 348 497 tas
370 449 419 496 et
450 437 688 494 diversas
713 435 1090 505 excogitavere
1115 433 1283 488 scalas
1316 435 1504 500 quibus
1555 435 1605 486 in
1653 434 1848 489 coelum
1877 436 1924 492 A
1953 445 2078 499 pere
2121 429 2259 484 circa
2308 433 2476 498 ipsum
2535 432 2670 484 latus
2699 431 2912 484 montis.
2965 431 3052 486 Sic
3083 433 3224 486 enim
3277 444 3534 503 quantum

265 533 672 592 ascenderetur.
729 531 832 586 Alii
886 529 1096 599 quidem
1129 544 1223 597 per
1273 527 1475 581 classes
1514 528 1850 580 decertantes

265 630 418 698 (sunt
465 635 643 679 autem
695 623 748 676 hi
804 632 976 677 coetus
1027 619 1466 686 innumerabiles)
1523 618 1850 686 incorruptis

265 719 521 773 fruuntur
563 715 801 778 coronis,
838 723 891 769 et
940 713 1302 767 desideratum
1335 726 1613 765 ascensum
1664 725 1852 764 conse—

265 817 526 878 quuntur.
558 805 664 859 Alii
685 815 862 858 autem
887 804 1046 857 vitam
1066 803 1454 871 amplectentes
1479 801 1850 865 monasticam,

267 911 326 957 et
353 915 476 954 cum
510 900 619 952 Deo
647 897 818 952 solum
853 896 994 964 loqui
1035 894 1376 958 meditantes,
1404 901 1460 946 et
1503 893 1696 945 nullam
1726 907 1854 945 con-

270 991 592 1046 solationem
626 989 911 1047 humanam
947 986 1344 1054 participantes,
1379 985 1454 1037 sic
1487 984 1720 1036 victores
1752 1001 1851 1052 pu-

267 1081 410 1136 blice
439 1078 836 1135 renuntiantur.
860 1076 961 1130 Alii
989 1085 1166 1128 autem
1198 1074 1250 1126 in
1287 1072 1662 1138 tabernaculis,
1689 1081 1743 1126 et
1764 1073 1853 1124 alii

263 1173 325 1231 in
355 1172 584 1242 tuguriis
613 1171 870 1240 degentes
890 1209 906 1233 ,
940 1166 1106 1221 Deum
1138 1165 1379 1219 laudibus
1408 1165 1702 1219 celebrant.
1753 1165 1856 1218 Alii

263 1285 398 1326 vero
413 1269 805 1338 amplectuntur
825 1265 988 1318 vitam
1020 1263 1074 1316 in
1105 1261 1272 1315 antris
1302 1269 1355 1314 et
1388 1259 1856 1327 Speluncis.vMulti

267 1371 482 1427 autem,
531 1374 595 1414 ex
639 1357 835 1427 quibus
871 1356 1170 1423 aliquorum
1199 1352 1561 1417 meminimus,
1610 1367 1714 1403 non
1761 1366 1855 1403 an-

265 1465 432 1519 trum,
461 1469 567 1508 non
597 1451 1023 1514 tabernaculum,
1056 1461 1161 1500 non
1193 1446 1527 1513 speluncam,
1571 1458 1675 1498 non
1701 1454 1857 1512 tugu-

265 1551 409 1606 rium
443 1548 641 1602 habere
669 1547 1044 1606 decreverunt,
1078 1540 1169 1594 sed
1199 1538 1344 1593 nudo
1370 1537 1484 1592 aeri
1509 1552 1601 1590 sua
1629 1550 1857 1604 corpora

271 1643 615 1705 mandantes,
646 1636 946 1693 contrarias
971 1631 1256 1703 qualitates
1284 1629 1546 1693 tolerant,
1575 1627 1859 1696 aliquando

268 1734 486 1805 quidem
515 1745 724 1787 summo
751 1729 871 1797 gelu
895 1723 1159 1789 concreti,
1197 1723 1480 1793 aliquando
1525 1731 1701 1775 autem
1736 1720 1856 1790 igne

1955 522 2056 575 sibi
2087 523 2337 575 damnum
2367 537 2517 576 mens
2544 522 2793 578 ceuciliat
2837 540 2954 592 qua:
2986 535 3153 578 tumet
3195 537 3246 578 et
3279 528 3426 582 ardet
3453 531 3540 584 itt-

1955 615 2202 668 solentia.
2241 615 2363 668 llaec
2392 627 2471 668 est
2499 615 2548 668 in
2581 631 2786 669 summa
2819 619 2934 685 ejus
2959 619 3311 688 philosophia.

2029 705 2122 758 Cui
2154 706 2474 760 concedatur
2499 717 2553 759 ut
2577 708 2866 762 crescendo
2913 711 3080 778 possit
3127 723 3319 764 metam
3347 727 3537 767 cursus

1957 793 2240 863 attingere.
2271 799 2361 850 list
2390 798 2530 850 enim
2554 800 2848 852 communis
2871 802 3076 868 piorum
3101 802 3286 855 lmtitia
3305 844 3316 866 ,
3349 805 3536 858 horum

1960 887 2045 951 qui
2076 887 2296 939 victoria
2331 889 2479 956 potiti
2513 898 2635 942 sunt
2684 890 2874 958 gloria.
2909 892 3029 945 Mihi
3078 906 3250 946 autem
3299 895 3455 948 detur
3487 904 3544 948 ut

1959 991 2142 1029 eorum
2194 978 2440 1032 suffultus
2484 982 2751 1049 precibus,
2802 999 2903 1036 non
2958 985 3056 1038 sim
3115 987 3297 1053 procul
3344 988 3409 1042 ab
3441 989 3542 1043 hoc

1960 1080 2177 1122 monte:
2229 1073 2321 1124 sed
2374 1073 2622 1140 paulatim
2680 1075 3055 1144 conscendant,
3111 1089 3166 1130 et
3219 1093 3302 1132 me
3355 1094 3542 1135 eorum

1959 1165 2423 1233 contenqdationis
2449 1167 2718 1232 voluptate
2746 1170 3003 1236 expleam.

2505 1259 2728 1312 CAPUT
2768 1259 2999 1315 XXVI“.

2509 1365 2836 1406 'rnALELazus
2874 1354 3011 1424 (81).

2033 1439 2216 1507 Neque
2245 1439 2499 1496 Tlialelsei
2536 1442 2708 1498 silebo
2741 1446 3121 1505 narrationem.
3166 1457 3246 1501 est
3268 1448 3410 1502 enim
3440 1451 3542 1519 plc-

1963 1547 2087 1584 num
2135 1534 2392 1588 miraculo
2427 1536 2811 1604 spectaculum.
2857 1535 2969 1590 Non
3001 1537 3172 1591 solum
3205 1550 3380 1593 autem
3412 1542 3545 1595 alios

1963 1623 2139 1677 audivi
2171 1636 2474 1691 narrantes,
2500 1626 2594 1680 sed
2640 1627 2798 1681 etiam
2829 1627 2941 1698 ipse
2989 1629 3096 1682 vidi
3148 1631 3460 1686 admirabile
3490 1645 3546 1686 et

1964 1726 2160 1782 prmter
2181 1718 2485 1787 Opinionem
2517 1722 2904 1787 spectaculum.
2932 1721 3062 1775 Nam
3083 1737 3202 1775 cum
3228 1723 3410 1792 viginti
3439 1734 3546 1778 sta-

270 1826 546 1882 radiorum
576 1823 773 1878 exusti.
803 1821 920 1874 Jam
950 1831 1080 1873 vero
1101 1830 1288 1870 eorum
1320 1829 1534 1883 quoque
1569 1827 1753 1868 rursus
1780 1823 1862 1867 est
1893 1812 1938 1872 B
1968 1807 2068 1862 diis
2092 1811 2274 1877 procul
2305 1825 2330 1862 a
2355 1810 2569 1866 Gabalis
2603 1814 2684 1881 (ea
2708 1822 2790 1867 est
2811 1823 2988 1868 autem
3016 1815 3140 1868 urbs
3178 1830 3336 1883 parva
3366 1825 3417 1870 et
3439 1816 3548 1871 ele-

270 1917 381 1972 vita
413 1916 643 1970 diversa.
673 1913 804 1967 Nam
831 1911 924 1966 alii
955 1908 1168 1979 quidem
1211 1916 1358 1960 Slatll.
1384 1907 1619 1968 assidue,
1653 1907 1741 1959 alii
1773 1921 1862 1960 ve-

268 2025 336 2066 ro
366 2011 418 2064 in
449 2009 742 2063 sessionem
784 2014 838 2061 et
888 2006 1174 2061 stationem
1218 2006 1356 2060 diem
1387 2002 1666 2062 dividunt;
1695 2008 1751 2054 et
1775 2000 1863 2052 alii

268 2101 490 2171 quidem
515 2100 680 2168 septis
709 2098 1024 2168 quibusdam
1059 2097 1283 2161 inclusi,
1319 2094 1530 2160 fugiunt
1569 2093 1860 2146 multorum

270 2193 744 2261 congressionem;
794 2191 882 2244 alii
915 2204 1043 2244 vero
1091 2190 1238 2244 nullo
1282 2185 1592 2255 huiusmodi
1649 2192 1862 2238 utentes

271 2294 600 2352 tegumento,
661 2282 914 2350 propositi
947 2289 1073 2336 sunt
1122 2280 1374 2335 omnibus
1402 2281 1492 2347 qui
1535 2291 1630 2332 eos
1677 2275 1862 2330 volunt

268 2375 644 2444 contemplari.
695 2374 1122 2444 Unumquodque
1171 2382 1346 2427 autem
1383 2367 1571 2426 horum
1619 2371 1670 2424 in
1727 2385 1862 2437 prm-

269 2467 444 2522 sentia
493 2482 713 2522 necesse
745 2465 908 2520 habui
956 2465 1202 2534 persequi
1249 2478 1368 2517 cum
1402 2460 1731 2515 admirabilis
1765 2462 1861 2512 lla-

269 2558 447 2613 radati
481 2557 667 2613 vellem
698 2557 861 2611 vitam
889 2556 1252 2610 conscribere.
1283 2555 1330 2609 ls
1373 2554 1514 2608 enim
1541 2551 1862 2621 excogitavit

270 2664 441 2706 novas
463 2649 696 2704 rationes
729 2647 1047 2703 exercendae
1078 2646 1396 2702 ιοιθτειιιιίιε.

345 2742 478 2796 Nam
508 2757 631 2796 cum
659 2740 885 2810 primum
915 2740 1132 2808 quidem
1180 2740 1339 2807 longe
1391 2748 1634 2804 tempore
1683 2751 1742 2790 se
1784 2737 1864 2788 in-

271 2837 524 2892 clusisset
565 2839 615 2891 in
647 2835 991 2901 domuncula,
1038 2836 1149 2889 sola
1180 2834 1359 2887 divina
1403 2831 1677 2886 fruebatur
1729 2846 1862 2884 con-

271 2930 639 2998 templatione.
673 2929 822 2982 lllinc
850 2943 969 2982 cum
993 2942 1182 2997 rupem
1213 2934 1532 2995 occupasset
1577 2925 1864 2978 imminen-

271 3032 404 3088 tem,
432 3032 486 3075 et
518 3037 728 3090 parvam
753 3021 1038 3090 quamdam
1071 3033 1274 3084 arcam,
1328 3033 1428 3072 nec
1472 3018 1617 3086 justa
1648 3017 1860 3084 quidem

271 3113 584 3183 symmetria
611 3113 824 3181 corpori
867 3122 1273 3180 congruentem,
1317 3125 1381 3164 ex
1415 3110 1573 3180 lignis
1617 3116 1862 3163 constru-

1965 1900 2120 1971 gans)
2152 1903 2409 1957 tumulum
2459 1905 2740 1972 quemdam
2798 1914 3130 1974 occupasset,
3195 1907 3244 1960 in
3279 1923 3383 1977 quo
3431 1920 3548 1962 erat

1968 1994 2219 2057 templum
2252 1993 2554 2048 dedicatum
2588 1995 2750 2065 855
2800 1997 3154 2057 daemonibus,
3214 2007 3267 2052 et
3310 1999 3450 2068 quod
3481 2001 3550 2054 ab

1967 2087 2033 2140 iis
2063 2086 2152 2152 qui
2177 2085 2287 2156 jam
2315 2100 2468 2141 erant
2489 2091 2780 2156 antiquitus
2820 2088 3000 2159 impii,
3035 2091 3216 2145 multis
3247 2091 3550 2146 honoraba-

1967 2189 2050 2232 tur
2071 2180 2368 2244 sacriﬁciis,
2405 2195 2622 2249 parvum
2655 2181 2923 2250 quoddam
2957 2183 3066 2234 fixit
3105 2183 3392 2252 tugurium.
3418 2183 3550 2238 Sec.

1966 2270 2164 2324 leratos
2216 2278 2396 2323 autem
2442 2270 2561 2324 illos
2606 2281 2658 2324 et
2700 2273 3060 2326 exsecrandos
3108 2283 3362 2343 perpetuo
3409 2274 3552 2328 cole-

1967 2361 2112 2424 bant,
2149 2370 2206 2414 ut
2230 2362 2499 2426 dicebant,
2534 2378 2776 2431 magnam
2808 2379 2989 2418 eorum
3017 2367 3382 2419 crudelitatem
3407 2367 3552 2422 cultu

1969 2453 2179 2522 placare
2233 2455 2557 2510 adnitentes.
2614 2457 2791 2510 Multis
2841 2457 2982 2511 enim
3035 2459 3328 2528 perniciem
3361 2459 3550 2514 affere-

1968 2549 2114 2613 bant,
2143 2558 2195 2602 et
2226 2549 2288 2602 iis
2319 2550 2410 2617 qui
2448 2549 2807 2615 accedebant,
2841 2560 2890 2603 et
2939 2549 3003 2603 iis
3043 2551 3128 2619 qui
3162 2561 3314 2605 erant
3347 2553 3550 2616 vicini;

1968 2653 2068 2694 nec
2098 2640 2268 2693 solum
2293 2641 2616 2704 hominibus,
2651 2641 2743 2695 sed
2770 2650 2824 2695 et
2855 2641 3041 2706 asinis,
3067 2652 3121 2697 et
3157 2643 3312 2698 mulis
3334 2684 3348 2707 ,
3371 2652 3425 2698 et
3454 2645 3552 2697 ho-

1969 2731 2086 2796 bus,
2115 2740 2168 2784 et
2196 2731 2419 2798 ovibus;
2453 2747 2558 2786 non
2583 2747 2705 2786 cum
2731 2733 2918 2787 bestiis
2945 2732 3139 2788 bellum
3168 2746 3437 2803 gerentes,
3457 2735 3553 2794 sed

1969 2839 2063 2892 per
2091 2840 2183 2879 eas
2209 2840 2420 2894 quoque
2449 2815 2754 2879 hominibus
2779 2826 3056 2880 tendentes
3095 2826 3335 2882 insidias.

2042 2917 2191 2971 Tunc
2213 2932 2339 2985 ergo
2361 2933 2480 2970 cum
2503 2932 2625 2971 eum
2651 2917 2910 2971 vidissent
2934 2918 3236 2984 advenisse,
3256 2927 3553 2984 perterrere

1969 3008 2180 3078 quidem
2209 3009 2558 3070 conabantur,
2591 3008 2686 3062 sed
2727 3023 2832 3062 non
2867 3018 3143 3076 poterant,
3175 3024 3292 3063 cum
3335 3019 3388 3064 et
3431 3025 3553 3067 eum

1969 3101 2199 3156 muniret
2230 3101 2363 3156 lides
2386 3141 2401 3167 ,
2433 3111 2488 3156 et
2520 3117 2618 3170 pro
2651 3117 2716 3156 eo
2748 3115 3002 3171 pugnaret
3031 3107 3221 3172 gratia.
3253 3104 3418 3160 llabie
3453 3107 3554 3160 ita.

271 3204 462 3265 xisset,
488 3204 540 3256 in
565 3219 626 3256 ca
659 3204 820 3257 vitam
849 3202 1099 3272 degebat,
1147 3202 1398 3256 deorsum
1431 3199 1641 3253 assidue
1683 3201 1862 3253 incur-
1890 3202 1936 3264 C
1967 3211 2070 3265 que
2096 3203 2150 3248 et
2179 3196 2358 3248 lurore
2386 3195 2574 3262 repleti
2607 3195 2660 3248 in
2689 3210 2779 3249 eas
2821 3211 2940 3263 quae
2979 3205 3106 3250 tunc
3155 3196 3261 3252 illic
3303 3197 3554 3266 plantam:

272 3294 388 3346 vari
439 3303 674 3346 coactus.
729 3293 843 3348 Non
902 3293 1129 3347 habebat
1180 3293 1321 3347 enim
1364 3290 1698 3344 altitudinem
1747 3289 1864 3358 ejus

273 3383 597 3454 longitudini
650 3385 796 3453 justa
849 3385 1196 3453 proportione
1243 3383 1678 3436 convenientem.
1747 3381 1863 3433 Non

274 3488 391 3532 erat
418 3487 593 3530 autem
623 3491 686 3530 ea
713 3485 987 3545 compacta
1031 3476 1324 3538 asseribus,
1375 3476 1467 3527 sed
1515 3485 1632 3527 erat
1679 3482 1863 3541 aperta

274 3569 524 3623 similiter
554 3578 714 3638 atque
739 3570 997 3634 cancelli;
1023 3579 1076 3622 et
1103 3579 1218 3622 erat
1249 3567 1438 3620 similis
1469 3564 1722 3620 fenestris
1744 3581 1864 3634 qua:

274 3657 495 3712 latiores
540 3658 737 3712 habent
792 3659 1066 3727 ingressus
1119 3658 1356 3712 luminis.
1405 3657 1663 3724 Quocirca
1706 3672 1805 3710 nec
1834 3672 1862 3710 a

275 3749 470 3819 pluvia:
495 3758 611 3804 erat
637 3751 837 3819 impetu
875 3750 1064 3815 libera,
1096 3764 1197 3804 nec
1222 3759 1341 3804 erat
1389 3759 1523 3802 tecta
1569 3765 1600 3802 a
1651 3749 1863 3804 flamina

275 3841 446 3893 solis:
474 3839 571 3894 sed
598 3849 822 3908 utraque
870 3856 978 3895 non
1017 3842 1192 3896 minus
1232 3841 1544 3895 admittebat
1575 3857 1732 3907 quam
1762 3842 1863 3895 alia

274 3943 396 3998 qua:
419 3941 538 3983 sunt
567 3932 666 3984 sub
695 3931 850 3993 divo;
882 3932 934 3984 in
967 3933 1068 3985 hoc
1099 3941 1275 3985 autem
1305 3931 1423 3985 solo
1447 3947 1510 3985 ea
1553 3933 1861 4000 superabat,

273 4025 419 4094 quod
448 4027 731 4080 accederet
755 4027 902 4081 labor
938 4027 1270 4080 inclusionis.

349 4118 480 4171 Cum
504 4133 685 4173 autem
709 4121 922 4190 longum
951 4131 1158 4188 tempus
1188 4121 1288 4175 hoc
1317 4121 1474 4174 modo
1497 4123 1863 4191 transegisse’,

277 4218 462 4280 postea
495 4226 744 4281 egressus
792 4222 894 4280 est,
951 4213 1148 4266 cedens
1185 4212 1430 4280 precibus
1480 4213 1641 4266 divini
1693 4215 1732 4267 Τ
1741 4215 1868 4269 hieo-

278 4301 437 4367 doti,
492 4303 576 4356 cui
625 4304 888 4372 obtigerat
941 4304 1262 4372 pontificalis
1305 4304 1462 4359 sedes
1512 4307 1864 4361 Antiochena.

276 4391 594 4446 Statautem
624 4395 839 4449 assidue
869 4410 1058 4450 manus
1089 4399 1140 4450 in
1191 4398 1387 4451 coelum
1443 4399 1764 4463 extendens,
1813 4409 1869 4453 et

276 4484 652 4538 universorum
699 4487 862 4540 Deum
915 4487 1180 4542 laudans:
1232 4497 1400 4542 totum
1449 4504 1643 4556 corpus
1685 4491 1861 4545 tunica

1966 3294 2119 3342 erant
2139 3287 2358 3340 arbores
2379 3285 2622 3341 fecerunt
2640 3287 2894 3356 impetum
2915 3306 2928 3354 ;
2949 3289 3001 3342 in
3030 3290 3122 3342 illo
3144 3299 3322 3345 autem
3349 3294 3556 3348 tumulo

1968 3380 2148 3434 multm
2169 3390 2319 3434 erant
2349 3379 2478 3434 licus
2509 3394 2561 3434 et
2590 3380 2723 3434 olea:
2761 3397 2881 3450 qua:
2925 3383 3205 3436 florebant.
3239 3385 3316 3438 Ex
3373 3385 3438 3438 iis
3468 3387 3553 3439 di»

1966 3483 2092 3527 cunt
2131 3474 2249 3541 plus
2279 3488 2435 3542 quam
2464 3474 2784 3542 quingentas
2834 3485 3052 3543 repente
3101 3476 3264 3530 fuisse
3304 3477 3550 3542 evulsas;

1967 3565 2251 3632 audivique
2296 3565 2476 3633 plures
2507 3565 2710 3618 vicinos
2757 3575 2997 3633 agrestes
3030 3566 3079 3618 id
3118 3576 3428 3633 narrantes,
3463 3570 3556 3637 qui

1967 3657 2094 3710 olim
2125 3656 2337 3725 quidem
2371 3656 2746 3710 detinebantur
2789 3657 3018 3725 caligine
3076 3658 3366 3726 impietatis
3392 3699 3407 3725 ,
3461 3673 3554 3726 per

1967 3749 2085 3818 ejus
2115 3761 2291 3802 autem
2321 3747 2623 3802 doctrinam
2657 3757 2711 3802 et
2736 3748 2990 3802 miracula
3030 3758 3355 3816 acceperunt
3383 3753 3554 3803 lucem

1968 3840 2064 3895 Dei
2091 3841 2429 3908 cognitionis.
2477 3841 2741 3906 Quoniam
2773 3851 2948 3894 autem
2994 3854 3115 3894 cum
3160 3841 3259 3896 hoc
3298 3840 3555 3896 fecissent

1970 3934 2255 4002 perniciosi
2303 3943 2356 3987 et
2397 3934 2646 3987 scelerati
2698 3931 2969 3987 daemones
2994 3973 3008 3996 ,
3040 3948 3145 3987 non
3179 3943 3557 3990 exterruerunt

1969 4027 2224 4079 athletam
2251 4026 2606 4095 philosophia:
2625 4065 2641 4089 ,
2673 4041 2860 4080 rursus
2889 4026 2940 4079 in
2969 4040 3092 4080 eum
3135 4027 3266 4080 alias
3299 4041 3556 4094 paravero

1971 4119 2267 4173 machinas.
2302 4118 2466 4172 Noctu
2500 4120 2641 4172 enim
2671 4118 2952 4185 ululantes,
2991 4127 3045 4173 et
3077 4119 3348 4189 lampades
3375 4131 3557 4176 osten-

1973 4221 2165 4275 tantes,
2205 4213 2534 4266 conabantur
2566 4212 2989 4280 perterrefacere
3014 4255 3028 4277 ,
3062 4221 3117 4268 et
3143 4215 3256 4282 ejus
3288 4215 3550 4270 rationem

1971 4305 2303 4373 perturbare.
2334 4304 2430 4359 libi
2454 4314 2630 4359 autem
2657 4306 2772 4359 risit
2792 4319 2981 4360 omnes
3003 4321 3187 4360 eorum
3219 4308 3464 4372 insultas.
3488 4324 3556 4363 eo

1973 4406 2157 4464 postea
2190 4396 2378 4450 relicto
2407 4397 2659 4464 effugere.

2045 4487 2092 4542 ls
2118 4498 2294 4543 autem
2327 4504 2446 4542 cum
2477 4489 2608 4541 duas
2651 4497 2794 4542 rotas
2827 4489 3241 4550 construxisset,
3271 4506 3387 4558 quae
3417 4491 3554 4545 duo-

278 4575 505 4642 pellicea
536 4586 864 4646 contegens:
890 4580 1030 4632 circa
1064 4595 1248 4632 nasum
1282 4590 1458 4633 autem
1503 4582 1673 4634 solum
1698 4591 1750 4634 et
1778 4598 1861 4648 os,
1901 4576 1945 4633 ί)
1973 4596 2088 4633 rum
2118 4582 2414 4634 cubitorum
2451 4580 2718 4634 habebant
2746 4579 3063 4634 diametrum
3089 4620 3102 4641 ,
3135 4582 3406 4634 asseribus
3445 4597 3555 4637 non

276 4665 496 4734 reliquit
530 4667 795 4721 modicum
854 4669 1154 4737 ingressum
1209 4671 1458 4738 Spiritui,
1515 4683 1570 4725 ut
1613 4674 1861 4740 respiret,

277 4769 616 4812 communem
654 4774 836 4813 aerem
867 4759 1177 4826 excipiens,
1211 4761 1464 4830 quoniam
1505 4761 1735 4816 humana
1768 4779 1862 4816 na-

276 4858 396 4901 tura
424 4863 529 4902 nou
564 4861 745 4918 posset
791 4852 946 4906 aliter
991 4851 1208 4906 vivere:
1261 4867 1477 4908 omnem
1511 4865 1689 4908 autem
1741 4871 1861 4910 eum

275 4941 515 4996 laborem
539 4943 785 5010 sustinet,
809 4960 930 4998 cum
957 4960 1060 4998 non
1085 4947 1156 4997 sit
1183 4961 1412 5015 corpore
1441 4948 1594 5002 valde
1620 4951 1857 5012 robusto,

275 5033 370 5087 sed
405 5034 795 5088 valetudinario
824 5046 877 5089 et
899 5037 1078 5089 multis
1102 5038 1302 5090 morbis
1330 5039 1588 5094 obnoxio.
1625 5040 1862 5095 Fervens

274 5134 452 5179 autem
477 5126 638 5179 animi
669 5127 935 5192 alacritas,
961 5135 1016 5180 et
1043 5127 1227 5180 divino
1258 5145 1442 5188 amore
1471 5132 1688 5185 incensa
1721 5133 1865 5202 cogit

274 5228 332 5270 ut
360 5219 571 5274 laboret
592 5219 681 5287 qui
711 5235 814 5273 non
841 5228 1016 5288 potest
1043 5221 1304 5275 laborare.

347 5315 464 5370 .lam
493 5331 622 5371 vero
665 5317 921 5384 sapientia
972 5331 1184 5385 quoque
1230 5327 1282 5370 el
1311 5318 1657 5389 intelligentia
1700 5336 1862 5374 orna-

271 5415 384 5472 tus,
414 5409 617 5477 optime
648 5417 700 5462 et
728 5410 1020 5478 interrogat
1047 5420 1101 5462 et
1133 5411 1441 5477 respondet,
1475 5420 1530 5465 et
1568 5412 1861 5466 ratiocina-

271 5507 360 5552 tur
391 5515 769 5570 nonnunquam
796 5502 988 5556 melius
1016 5511 1070 5556 et
1095 5503 1368 5570 potentius
1412 5504 1473 5557 iis
1522 5505 1611 5572 qui
1657 5505 1866 5559 Aristo-

269 5591 462 5646 telicas
493 5591 670 5660 legere
718 5592 1072 5664 labyrinthos.
1112 5593 1244 5648 Cum
1299 5595 1368 5649 sit
1417 5603 1594 5649 autem
1644 5596 1695 5649 in
1751 5598 1865 5664 ipso

267 5695 487 5736 summo
510 5684 724 5739 virtutis
753 5684 986 5754 fastigio,
1036 5702 1140 5740 non
1177 5687 1304 5740 sinit
1355 5697 1412 5740 ut
1441 5687 1743 5757 arrogantia
1791 5691 1865 5741 si-

267 5773 383 5827 mul
427 5773 683 5830 ell'eratur
729 5779 967 5848 spiritus,
1005 5779 1100 5833 sed
1142 5779 1291 5832 iubet
1343 5795 1463 5833 eum
1498 5778 1746 5835 deorsum
1781 5795 1864 5837 re-

1972 4674 2109 4726 inter
2131 4686 2190 4726 se
2212 4673 2526 4739 compactis,
2557 4671 2650 4726 sed
2673 4671 2959 4740 disjunctis
2981 4681 3033 4724 et
3057 4673 3338 4738 separatis,
3367 4674 3554 4728 ambas

1970 4773 2115 4818 rotas
2144 4762 2443 4832 conjunxit.
2473 4763 2672 4817 Deinde
2697 4777 2818 4816 cum
2845 4764 2984 4816 intus
3008 4763 3257 4827 sedisset,
3289 4774 3343 4817 et
3371 4765 3557 4818 cuneis

1968 4865 2022 4909 et
2050 4856 2214 4908 clavis
2243 4856 2540 4921 disjunctas
2569 4855 2684 4907 illas
2715 4855 3025 4908 confixisset
3066 4855 3274 4909 tabulas
3295 4899 3308 4923 ,
3337 4857 3435 4910 sub
3467 4857 3558 4912 dio

1968 4956 2138 5000 rotam
2165 4947 2437 5015 appendit,
2466 4947 2636 5000 tribus
2662 4946 2783 5000 aliis
2811 4947 2930 5000 altis
2966 4947 3124 5015 lignis
3157 4948 3207 5000 in
3239 4957 3434 5003 terram
3464 4952 3558 5004 de»

1978 5038 2095 5089 lixis
2116 5077 2132 5100 ,
2165 5044 2218 5091 et
2248 5036 2613 5105 superioribus
2642 5052 2828 5090 eorum
2872 5037 3037 5092 initiis
3065 5038 3188 5093 aliis
3221 5041 3378 5109 lignis
3409 5057 3555 5096 com-

1975 5131 2148 5184 missis
2168 5169 2186 5195 ,
2211 5139 2263 5183 et
2288 5129 2339 5182 iu
2372 5144 2556 5184 eorum
2598 5131 2776 5184 medio
2806 5130 3003 5199 duplici
3033 5132 3122 5186 illa
3156 5143 3268 5189 rota
3308 5135 3517 5205 alligata
3539 5178 3555 5204 ,

1971 5231 2023 5276 et
2051 5222 2282 5275 sublime
2312 5222 2472 5276 elata.
2505 5221 2669 5289 llujus
2698 5233 2875 5275 autem
2905 5226 3133 5290 Spatium
3167 5227 3380 5293 quidem
3413 5227 3558 5296 quod

1971 5325 2053 5369 est
2077 5314 2321 5378 interius,
2355 5314 2514 5366 habet
2542 5313 2758 5382 quidem
2792 5315 3094 5369 cubitorum
3120 5317 3345 5371 duorum
3376 5321 3556 5374 altituo

1972 5405 2174 5469 dinem,
2205 5406 2366 5458 cubiti
2399 5421 2526 5459 vero
2554 5405 2907 5461 latitudinem.
2938 5407 2993 5460 ln
3029 5424 3093 5461 eo
3124 5411 3318 5465 sedens
3341 5413 3426 5466 vel
3458 5430 3556 5482 po-

1973 5500 2075 5553 tius
2105 5515 2415 5567 suspensus,
2447 5498 2597 5551 annis
2619 5497 2730 5566 jam
2759 5498 2857 5552 fuit
2886 5501 3073 5554 decent
3102 5504 3396 5570 perpetuis.
3423 5504 3557 5558 Cum

1969 5603 2148 5646 autem
2180 5606 2376 5659 corpus
2409 5591 2600 5643 haheat
2631 5593 2954 5657 maximum,
2990 5609 3160 5662 neque
3201 5597 3394 5648 sedens
3435 5595 3554 5663 qui-

1970 5685 2091 5739 dem
2123 5693 2296 5750 potest
2325 5681 2518 5735 eoilum
2543 5684 2766 5752 erigere,
2799 5683 2890 5737 sed
2924 5700 3139 5753 semper
3176 5686 3326 5740 sedet
3371 5686 3550 5740 incur-

1971 5786 2146 5843 vatus,
2172 5774 2393 5844 genibus
2421 5775 2623 5832 habens
2653 5777 2873 5832 aflixam
2904 5776 3116 5832 faciem.
