4052 6362
519 306 616 403 ι’τι

1628 349 1712 403 DE
1756 348 1928 402 ΥΠιὸ
1967 346 2247 403 PATRUM
2292 347 2492 405 LIBER
2536 350 2621 405 IX.

3671 322 3797 417 ns

585 452 661 506 Ad
711 467 833 509 eum
879 468 998 507 cum
1049 454 1311 509 venissem
1332 495 1347 519 ,
1395 454 1568 510 iuveni
1615 455 1828 525 quidem
1866 472 1987 510 eum
2019 469 2084 511 ex
2117 459 2165 515 Α
2193 465 2275 510 est
2304 457 2555 526 fenestra,
2577 475 2845 530 perquam
2876 465 3234 520 necessarium
3262 468 3425 539 853
3454 470 3773 527 alimentum

513 543 815 617 Evangeliis
840 546 1178 616 colligentem
1213 547 1528 611 utilitatem;
1561 563 1682 601 eum
1715 557 1891 603 autem
1924 550 2088 603 inter—

512 638 712 707 rogavi,
745 638 965 707 cupiens
997 638 1132 692 scire
1164 654 1378 694 causam
1429 640 1566 695 illius
1608 642 1730 696 novi
1770 643 1893 697 vita:
1926 644 2084 697 insti-

511 729 633 783 tuti.
680 727 770 783 Ille
811 737 985 783 autem
1014 728 1198 783 Crmca
1231 730 1402 800 lingua
1436 745 1561 784 usus
1585 772 1600 795 ,
1640 743 1754 787 erat
1780 734 1921 788 enim
1948 732 2084 788 Cilix

508 834 708 889 genere
737 838 750 872 :
782 818 916 889 Ego,
949 820 1119 887 inquit
1140 861 1155 884 ,
1207 822 1384 873 multis
1437 823 1669 888 peccatis
1702 824 2000 887 obnoxius,
2032 833 2087 878 et

508 909 734 964 credens
760 911 1035 978 suppliciis
1060 926 1282 980 quorum
1313 914 1469 965 minae
1500 922 1624 967 sunt
1648 916 1949 979 intentataa,
1981 915 2085 970 hoc

508 1003 631 1056 vita:
661 1017 827 1071 genus
855 1005 1149 1072 excogitivi
1176 1045 1191 1067 ,
1226 1004 1328 1057 hoc
1357 1020 1521 1073 agens
1554 1017 1608 1059 ut
1634 1007 1924 1071 castigetur
1965 1023 2083 1062 cor-

509 1110 607 1161 pus
650 1096 819 1164 poenis
850 1096 1241 1162 mediocribus,
1291 1105 1348 1150 ut
1395 1097 1596 1165 eripiar
1644 1112 1673 1151 a
1724 1098 2083 1168 magnitudine

507 1203 692 1242 earum
724 1203 843 1257 quae
871 1197 1283 1255 exspemantur.
1309 1187 1443 1241 Sunt
1487 1187 1627 1241 enim
1677 1187 1779 1241 illa:
1808 1188 2083 1257 graviores

508 1298 617 1339 non
651 1285 820 1338 solum
852 1284 1170 1352 quantitate,
1201 1282 1292 1336 sed
1323 1284 1483 1336 etiam
1519 1283 1630 1349 ipsa
1660 1284 1935 1350 qualitate,
1961 1291 2085 1337 sunt

505 1375 646 1428 enim
674 1374 1058 1429 iuvoluntaria'.
1082 1374 1235 1441 Quod
1279 1382 1455 1428 autem
1490 1374 1556 1428 ab
1594 1375 1761 1429 invito
1793 1377 1850 1430 lit
1875 1419 1888 1441 ,
1926 1375 1974 1429 id
2004 1385 2086 1430 est

502 1466 656 1521 valde
678 1467 989 1531 mulcatum;
1011 1466 1147 1532 quod
1172 1475 1350 1519 autem
1373 1466 1850 1532 estvoluntarium,
1877 1466 2082 1520 etiamsi

510 1557 581 1612 s'it
601 1558 947 1621 laboriosum,
971 1558 1230 1611 minorem
1255 1557 1407 1612 affert
1434 1558 1704 1623 dolorem;
1726 1569 1918 1628 sponte
1940 1560 2081 1613 enim

504 1646 809 1717 suscipitur,
840 1647 933 1701 sed
962 1664 1066 1701 non
1110 1647 1262 1701 labor
1295 1648 1574 1704 violentus.
1604 1648 1659 1703 Si
1693 1649 1772 1704 his
1801 1665 1927 1719 ergo
1948 1690 1962 1715 ,
1997 1649 2081 1703 in-

502 1739 636 1807 quit,
672 1739 849 1808 parvis
874 1739 1132 1793 molestiis
1164 1740 1406 1794 minuero
1429 1755 1488 1795 ea
1520 1757 1637 1810 qua:
1667 1750 2078 1809 exspectantur,

2191 547 2493 615 accipiunt;
2528 559 2578 603 et
2622 564 2738 603 cum
2774 551 2849 607 'iis
2892 566 3008 622 qua:
3052 555 3117 608 ad
3161 557 3302 625 ipsas
3338 560 3561 613 veniunt
3597 556 3775 615 collo-

2190 650 2425 707 quuntur
2462 641 2797 699 mulieribus.
2831 645 2911 699 Ad
2952 656 3069 701 eam
3114 657 3291 703 autem
3336 653 3773 719 congressionem

2190 730 2465 784 deﬁnitum
2494 744 2576 786 est
2616 743 2827 802 tempus
2862 730 3208 794 Pentecostes
3234 781 3249 803 ,
3293 742 3398 794 alio
3425 751 3599 796 autem
3631 754 3772 797 tein-

2191 833 2327 886 pore
2359 822 2517 873 vitam
2549 822 2944 892 amplectuntur
2972 829 3203 895 quietam
3233 848 3244 880 :
3276 830 3386 883 sola
3424 842 3606 887 autem
3649 835 3762 887 Ma-

2194 924 2321 962 rana
2379 910 2615 980 loquitur
2655 928 2775 968 cum
2819 916 3250 985 advenientibus;
3307 921 3526 975 alteram
3588 934 3769 978 autem

2188 1015 2348 1055 nemo
2394 1003 2599 1057 audivit
2642 1019 2874 1075 unquam
2931 1009 3257 1078 loquentem.
3313 1011 3531 1067 Ferrum
3585 1026 3769 1070 autem

2187 1100 2414 1159 gestant,
2446 1100 2500 1147 et
2527 1103 2727 1149 tantum
2750 1112 2885 1152 onus
2922 1098 3133 1167 ferunt,
3165 1111 3223 1156 ut
3250 1102 3383 1174 Cyra
3408 1146 3421 1167 ,
3455 1106 3539 1159 cui
3568 1116 3771 1177 corpus

2187 1182 2377 1252 obtigit
2423 1181 2777 1253 imbecillius,
2809 1188 2876 1243 ad
2910 1201 3103 1245 terram
3146 1208 3314 1263 usque
3355 1196 3684 1265 incurvetur,
3715 1209 3771 1253 et

2188 1288 2386 1339 corpus
2430 1276 2651 1331 minime
2688 1280 2854 1346 possit
2902 1282 3125 1350 erigere.
3176 1285 3374 1339 llabent
3428 1297 3602 1342 autem
3650 1291 3768 1343 vela

2187 1366 2446 1433 maxima,
2477 1377 2534 1422 ut
2561 1380 2704 1424 retro
2721 1371 2937 1439 quidem
2958 1374 3252 1439 trahantur,
3284 1386 3335 1429 et
3359 1380 3519 1445 pedes
3543 1379 3767 1433 omnino
3792 1400 3797 1403 -

2186 1465 2511 1527 contegant,
2556 1462 2793 1515 anterius
2842 1472 3017 1517 autem
3068 1479 3236 1534 usque
3272 1467 3336 1520 ad
3376 1468 3542 1536 ipsam
3575 1462 3795 1523 zonam

2191 1544 2562 1612 demittantur,
2596 1551 2795 1605 vultum
2841 1554 2998 1608 simul
3027 1565 3078 1610 et
3106 1558 3335 1623 collum,
3375 1568 3427 1612 ct
3465 1558 3691 1629 pectus,
3715 1573 3791 1618 et!

2196 1650 2385 1691 manus
2413 1639 2732 1696 occultantia
2764 1642 2978 1710 penitus

2258 1726 2361 1781 Eas
2381 1741 2480 1795 ego
2502 1741 2645 1798 saepe
2658 1731 2787 1796 vidi,
2810 1733 3169 1799 intrajanuam
3197 1737 3564 1803 intromissus;
3586 1741 3768 1808 jusse~
3790 1766 3793 1771 i

510 1828 638 1884 hinc
666 1844 913 1900 magnum
948 1828 1151 1883 lucrum
1183 1829 1431 1885 referam,
1462 1831 1552 1885 “is
1582 1830 1776 1884 auditis
1796 1870 1812 1894 ν
1846 1830 1963 1899 ejus
2003 1831 2084 1885 in-
2119 1822 2163 1882 Β
2202 1829 2324 1873 runt
2349 1821 2492 1874 enim
2524 1822 2653 1876 mihi
2681 1824 2899 1892 aperiri,
2928 1827 3215 1881 εθοετάοιίἰ
3245 1829 3554 1897 dignitatem
3589 1832 3763 1885 hono-

502 1921 643 1991 genii
665 1921 933 1975 solertiam
958 1922 1112 1976 valde
1138 1937 1253 1976 sum
1284 1922 1594 1988 admiratus,
1621 1924 1757 1991 quod
1789 1939 1891 1978 non
1916 1924 2084 1979 solum

503 2011 611 2079 iam
639 2011 775 2066 facta
820 2023 967 2081 septa
1006 2012 1353 2079 transiliebat,
1397 2015 1490 2067 sed
1515 2016 1671 2067 etiam
1695 2030 1755 2068 ex
1780 2030 1836 2068 se
1864 2016 1964 2068 alia
1989 2031 2084 2069 ex-

508 2102 778 2170 COgitabat
800 2104 1124 2167 certamina;
1153 2111 1207 2157 et
1235 2103 1373 2172 quod
1412 2120 1515 2157 non
1546 2106 1717 2158 solum
1750 2106 2084 2168 decertabat,

508 2194 602 2249 sed
634 2208 819 2249 eorum
851 2195 1009 2249 etiam
1035 2209 1221 2249 causas
1250 2197 1487 2260 sciebat,
1520 2197 1726 2249 etalios
1757 2197 2002 2251 docebat.

575 2286 690 2341 Jam
726 2302 852 2341 vero
882 2289 1043 2341 multa
1083 2303 1291 2357 quoque
1330 2289 1582 2342 miracula
1626 2304 1719 2357 per
1748 2288 1863 2357 ejus
1896 2303 2082 2357 preces

501 2376 616 2430 ﬁeri
663 2376 913 2431 dixerunt
957 2377 1186 2438 accol-.e,
1234 2392 1338 2432 non
1388 2380 1558 2433 solum
1608 2378 1955 2445 hominibus,
1988 2381 2081 2434 sed

505 2469 663 2521 etiam
706 2469 927 2523 camelis
952 2512 965 2531 ,
1007 2478 1062 2523 et
1089 2470 1289 2532 asinis,
1317 2478 1371 2523 et
1409 2471 1566 2525 mulis
1610 2472 1937 2526 curationem
1990 2488 2084 2539 per

505 2573 623 2612 eum
656 2559 1087 2626 adipisceutibus.
1121 2560 1254 2613 Hinc
1286 2560 1527 2616 universa
1561 2562 1646 2615 illa
1677 2576 1808 2630 gens
1834 2578 1952 2633 qure
1977 2565 2080 2616 im-

501 2649 701 2715 pietate
730 2650 1088 2712 detinebatur,
1122 2662 1402 2719 paternum
1433 2652 1645 2721 quidem
1676 2652 1963 2724 abnegavit
1992 2669 2081 2708 er-

500 2751 701 2804 rorem,
736 2739 928 2795 divinae
971 2751 1147 2796 autem
1180 2742 1314 2795 lucis
1340 2741 1545 2811 accepit
1582 2743 1950 2813 splendorem.
1984 2733 2076 2798 His

500 2839 659 2886 utens
684 2830 1012 2885 adminiSIris
1036 2871 1050 2896 ,
1092 2842 1147 2887 et
1178 2832 1435 2898 templum
1464 2833 1766 2887 dzemonum
1797 2834 1990 2900 diruit,
2028 2844 2083 2891 et

499 2921 787 2975 maximam
817 2921 984 2975 atdem
1017 2923 1271 2977 excitavit
1297 2924 1518 2978 victoria
1544 2924 1839 2993 insignibus
1864 2938 2068 2995 marty-

499 3013 668 3078 ribus,
694 3014 758 3068 iis
783 3014 873 3085 qui
901 3013 1140 3070 dii-'falso
1169 3015 1600 3083 nominabantur,
1626 3015 1776 3072 divos
1799 3032 2078 3087 opponens

499 3114 767 3162 mortuos.

2190 1918 2394 1966 rantes.
2430 1910 2544 1964 Vidi
2574 1928 2701 1982 ergo
2732 1913 2859 1967 illud
2890 1914 3015 1969 ferri
3048 1919 3250 1983 pondus
3278 1920 3419 1987 quod
3450 1937 3547 1976 nec
3578 1937 3607 1975 a
3638 1925 3755 1976 viro

2185 2001 2401 2070 quidem
2432 2000 2555 2057 forti
2591 2016 2643 2058 et
2691 2005 2914 2059 robusto
2946 2008 3068 2061 ferri
3106 2021 3313 2076 posset;
3350 2020 3405 2066 et
3432 2027 3552 2066 cum
3596 2015 3764 2069 veheo

2185 2101 2396 2147 menter
2423 2107 2689 2163 rogassem
2711 2134 2726 2158 ,
2757 2107 2882 2151 tunc
2909 2099 3121 2166 quidem
3151 2101 3360 2156 auferre
3397 2105 3539 2171 potui
3566 2122 3580 2157 :
3607 2115 3755 2173 post:

2183 2198 2342 2252 quam
2391 2194 2568 2238 autem
2618 2187 2972 2251 recessimus,
3019 2190 3067 2242 id
3114 2205 3302 2247 rursus
3348 2193 3459 2247 suis
3505 2196 3795 2250 membris'

2185 2273 2524 2341 imposuere,
2576 2276 2720 2330 collo
2766 2278 2982 2345 quidem
3039 2281 3278 2347 collare,
3334 2284 3528 2338 lumbis
3574 2296 3756 2341 autem

2184 2380 2393 2431 zonam,
2425 2367 2672 2423 manibus
2701 2378 2878 2423 autem
2920 2383 2973 2425 et
3002 2373 3223 2440 pedibus
3252 2390 3315 2428 ea
3346 2391 3463 2445 qua:
3503 2387 3627 2431 sunt
3675 2379 3756 2431 eis

2182 2458 2458 2512 attributa.
2494 2459 2604 2513 Hoc
2636 2462 2792 2514 modo
2819 2474 2994 2517 autem
3024 2466 3228 2529 vivunt,
3259 2481 3363 2520 non
3394 2468 3630 2537 quinque
3663 2483 3752 2523 so-

2183 2548 2291 2601 lum
2316 2550 2394 2603 vel
2416 2548 2604 2603 decem
2630 2552 2759 2603 solis
2783 2554 3063 2607 transactis
3078 2555 3253 2618 annis,
3278 2556 3373 2609 sed
3401 2557 3751 2626 quadraginta

2181 2636 2411 2692 duobus.
2459 2640 2526 2692 Et
2567 2655 2687 2694 cum
2734 2650 2881 2693 tanto
2912 2654 3152 2712 tempore
3195 2645 3613 2710 decertaverint,
3642 2659 3757 2701 tan-

2181 2743 2337 2797 quam
2367 2744 2485 2798 quaa
2517 2746 2686 2798 nuper
2732 2734 3021 2787 certamina
3064 2736 3368 2804 attigerint,
3421 2738 3759 2792 delectantur

2180 2820 2486 2875 sudoribus.
2516 2818 2736 2877 Visiene
2763 2824 2907 2877 enim
2937 2826 3399 2893 apprehendentes
3420 2829 3606 2897 sponsi
3636 2831 3752 2899 pul-

2180 2914 2538 2970 chritudinem
2556 2955 2570 2980 ,
2600 2914 2753 2970 {acile
2784 2916 2960 2971 ferunt
2982 2933 3171 2972 cursus
3217 2921 3454 2975 laborem
3474 2960 3492 2986 ,
3520 2933 3574 2974 et
3624 2936 3757 2989 pre-

2182 3016 2373 3075 persnt
2417 3009 2697 3076 pervenire
2732 3008 2798 3061 ad
2839 3008 2997 3063 ﬁnem
3041 3010 3391 3065 certaminis:
3427 3011 3669 3066 videntes
3701 3013 3783 3066 in.

2182 3098 2273 3153 illo
2298 3108 2440 3154 stare
2460 3099 2736 3161 dilectum,
2754 3109 2808 3153 et
2829 3103 3196 3155 ostendentem
3221 3115 3472 3155 coronam
3496 3103 3754 3156 victoriae.
3778 3151 3783 3157 .

577 3194 775 3248 ﬂorum
823 3195 1149 3250 concedatur
1195 3196 1666 3251 intercessionibus
1715 3206 1772 3251 ut
1824 3197 1912 3253 hic
1953 3214 2075 3253 cum
2104 3188 2150 3250 C
2184 3189 2257 3242 Εἴ·
2288 3189 2355 3243 de
2393 3204 2553 3243 causa
2596 3200 2651 3245 et
2691 3190 2896 3257 imbris,
2929 3201 2983 3246 et
3010 3192 3168 3257 nivis,
3196 3201 3250 3246 et
3275 3192 3405 3245 solis
3432 3193 3781 3261 excipientes

504 3285 693 3339 eadem
727 3286 943 3340 victor.a
978 3287 1335 3341 certaminum
1381 3289 1669 3340 terminum
1716 3299 1979 3358 occupet,
2026 3299 2080 3344 et

502 3389 603 3431 nos
633 3375 699 3429 ab
734 3377 813 3431 his
841 3385 895 3431 et
926 3378 1016 3432 illo
1042 3376 1227 3446 adjuti,
1252 3377 1421 3432 simus
1443 3377 1793 3434 vehementes
1813 3389 2082 3436 amatores

504 3468 855 3521 certaminum
890 3468 1258 3539 philosophiae.

1059 3558 1289 3615 CAPUT
1326 3560 1517 3616 XXIX.

956 3666 1170 3705 uanam
1213 3667 1280 3705 ετ
1322 3668 1457 3707 cvtu
1500 3652 1636 3721 (82).

579 3742 860 3810 Postquam
893 3746 1215 3814 optimorum
1254 3753 1309 3799 et
1347 3747 1907 3815 praestantissimorum
1940 3750 2081 3805 viro-

504 3848 622 3888 rum
656 3836 777 3889 vitae
803 3836 1092 3906 conscripsi
1124 3836 1461 3905 institutum,
1494 3854 1670 3907 opera:
1701 3841 1928 3909 pretium
1969 3843 2082 3897 cxi.

503 3927 667 3983 stimo
694 3927 977 3981 mulierum
1006 3943 1217 3998 quoque
1245 3931 1576 3993 meminisse,
1607 3947 1724 4001 quae
1752 3948 1854 3986 non
1882 3934 2077 3997 minus,

505 4016 553 4071 si
601 4031 706 4071 non
749 4018 911 4071 etiam
940 4019 1166 4085 amplius
1191 4059 1206 4084 ,
1244 4030 1605 4076 certaverunt.
1641 4022 1728 4075 Ea:
1776 4025 1917 4078 enim
1962 4033 2086 4080 sunt

507 4105 782 4177 digniores
809 4123 927 4176 quae
956 4108 1260 4175 laudentur,
1290 4122 1344 4163 ut
1372 4114 1566 4180 quibus
1590 4114 1799 4181 quidem
1829 4116 2083 4186 obtigerit

507 4209 698 4256 natura
729 4199 1067 4267 imbecillior,
1096 4200 1338 4255 eamdem
1373 4215 1546 4257 alitem
1589 4220 1745 4273 quam
1776 4207 1873 4261 viri
1903 4217 2086 4262 osten-

508 4294 639 4347 dant
664 4292 827 4345 animi
856 4293 1183 4347 alacritalezo
1205 4334 1219 4358 ,
1266 4304 1319 4347 et
1354 4310 1381 4347 a
1426 4298 1592 4363 prima
1626 4310 1839 4365 parente
1867 4313 2086 4368 accepto

510 4383 776 4439 dedecore
817 4397 985 4453 genus
1029 4383 1344 4439 liberavere.
1380 4385 1607 4441 Maraua:
1632 4399 1805 4444 autem
1838 4401 1893 4446 et-
1931 4392 2085 4461 (lyra:

509 4477 807 4533 meminero
835 4477 887 4531 in
912 4477 1215 4546 prasentia,
1240 4492 1360 4547 qua:
1384 4478 1677 4537 tolerantia:
1700 4487 2085 4540 certaminibus

511 4582 700 4623 omnes
725 4568 858 4621 alias
891 4567 1086 4623 vicere.

586 4659 679 4713 llis
713 4658 879 4728 patria
909 4659 1125 4727 quidem
1156 4668 1239 4714 est
1295 4661 1515 4721 Berbaea
1540 4709 1552 4728 ,
1585 4670 1766 4732 patriae
1793 4678 1968 4723 autem
1999 4682 2091 4736 ge-

516 4768 616 4805 nus
648 4752 875 4819 insigne,
907 4749 1152 4805 educatio
1180 4762 1355 4807 autem
1376 4758 1558 4824 generi
1583 4764 1930 4813 conveniens.
1961 4758 2087 4820 Sed,

514 4843 597 4897 his
628 4843 875 4897 oumibus
904 4845 1245 4913 contemptis,
1278 4861 1398 4900 cum
1429 4849 1675 4919 exiguum
1705 4849 1989 4917 quemdam
2014 4851 2093 4899 lo-

512 4949 637 4988 cum
688 4943 812 4988 ante
854 4934 1036 4989 urbem
1083 4939 1645 5007 comprehemlisseut,
1689 4952 1744 4995 et
1792 4942 1927 4994 intra
1969 4955 2090 4993 eum

526 5027 779 5092 fuissent,
828 5027 939 5081 luto
979 5039 1031 5083 et
1074 5029 1332 5099 lapidibus
1375 5031 1491 5104 (85)
1542 5036 1737 5088 ostium
1761 5033 2092 5085 obstruxere.

518 5120 768 5174 Fatnulas
791 5133 965 5174 autem
988 5135 1104 5191 qua:
1125 5123 1364 5191 ejusdem
1395 5129 1517 5179 vita:
1546 5122 1799 5179 volebant
1828 5137 1946 5178 esse
1977 5138 2093 5191 par-

518 5211 737 5278 ticipes,
767 5224 1032 5267 exstructo
1058 5224 1207 5269 extra
1240 5217 1495 5272 ambitum
1546 5216 1851 5270 habitaculo
1874 5254 1890 5278 ,
1926 5222 2098 5281 jusse-

517 5310 644 5357 runt
687 5304 740 5357 in
769 5304 859 5358 illo
892 5306 1144 5362 habitare.
1181 5310 1297 5377 Ipse
1328 5320 1507 5365 autem
1540 5324 1636 5378 per
1664 5306 1946 5376 quamdam
1982 5321 2100 5373 par-

516 5408 637 5448 um
689 5393 972 5451 fenestram
1019 5398 1301 5468 respiciunt
1348 5414 1410 5453 ea
1447 5414 1565 5467 qua:
1596 5399 1664 5451 ab
1695 5398 1800 5450 illis
1843 5398 2009 5459 liuut,
2044 5406 2098 5449 et

500 5504 612 5543 reas
642 5490 947 5556 trcquenter
971 5494 1204 5547 excitant
1234 5493 1299 5546 ad
1339 5496 1673 5551 orationem,
1717 5501 1767 5544 et
1799 5491 2099 5543 accendunt

502 5580 847 5643 addivinum
876 5600 1147 5649 amorem;
1181 5584 1310 5653 ipsa:
1337 5595 1465 5635 vero
1506 5594 1628 5634 cum
1669 5594 1842 5646 neque
1883 5582 2100 5631 domum

522 5676 782 5742 habeant,
830 5693 927 5733 nec
958 5678 1265 5746 tugurium,
1307 5675 1406 5727 anb
1434 5674 1529 5727 diu
1569 5688 1664 5727 sua
1700 5680 1891 5741 sponte
1938 5676 2103 5725 vitam

521 5778 699 5838 agunt.
733 5768 837 5823 Pio
870 5769 1024 5824 ianua
1060 5776 1235 5823 autem
1259 5768 1335 5821 cis
1368 5766 1613 5820 uurdam
1646 5780 1803 5834 parva
1832 5772 2104 5821 exstructa

2183 3280 2455 3347 impetum,
2491 3297 2597 3334 non
2627 3282 2918 3336 cruciatum
2952 3297 3050 3337 uec
3077 3282 3319 3337 dolorem
3355 3283 3634 3347 sentiunt;
3662 3283 3759 3337 sed

2182 3387 2245 3426 ex
2276 3372 2342 3426 iis
2366 3388 2485 3443 quae
2514 3373 2761 3428 videntur
2789 3377 3009 3429 molesta
3036 3415 3052 3441 ,
3094 3377 3257 3429 animi
3301 3376 3554 3445 gaudium
3588 3376 3781 3444 perci-.

2185 3465 2355 3533 piunt.
2383 3466 2445 3518 Et
2473 3464 2637 3519 divini
2669 3466 2867 3535 Moysis
2896 3468 3159 3521 ambulate
3182 3467 3444 3536 jejunium
3468 3508 3482 3526 ,
3510 3476 3590 3522 ter
3612 3473 3766 3520 tante

2186 3564 2424 3624 tempore
2460 3556 2690 3610 inediam
2732 3558 3069 3622 sustinuere;
3095 3559 3443 3627 quadraginta
3474 3558 3618 3613 enim
3650 3558 3767 3611 die-

2187 3648 2287 3703 bus
2313 3650 2485 3718 exigui
2530 3649 2632 3703 cibi
2675 3648 2827 3703 fuere
2872 3652 3175 3719 participes.
3210 3652 3315 3704 Ter
3356 3665 3569 3719 quoque
3595 3649 3765 3703 divini

2192 3740 2427 3796 Danielis
2470 3757 2499 3793 a
2551 3741 2672 3794 cibo
2710 3741 3084 3795 abstinentiam
3136 3752 3263 3795 sunt
3309 3743 3601 3804 :cmulata,
3656 3750 3769 3794 tres

2191 3838 2399 3893 dierum
2446 3835 2805 3890 hebdomadas
2843 3836 3183 3889 conlicieutes
3206 3877 3222 3900 ,
3268 3845 3323 3890 et
3351 3835 3527 3889 cibum
3548 3838 3770 3904 corpori

2196 3930 2618 3999 suppeditantes.

2262 4022 2392 4096 Cum
2448 4029 2624 4074 autem
2673 4019 2957 4088 aliquando
3000 4018 3395 4074 desiderassent
3447 4019 3764 4073 salutarium

2192 4110 2397 4167 Christi
2428 4112 2730 4180 passionum
2754 4121 2936 4165 sancta
2966 4112 3079 4165 loca
3111 4112 3481 4181 contemplari,
3507 4119 3772 4165 venerunt

2198 4204 2392 4258 Etiam
2414 4243 2430 4269 ,
2452 4219 2572 4257 cum
2602 4202 2656 4256 in
2680 4204 2761 4255 via
2793 4202 2923 4255 n.hil
2953 4203 3053 4257 cibi
3082 4205 3453 4269 sumpsissent.
3483 4201 3590 4256 Sed
3616 4212 3767 4269 post-

2193 4312 2350 4366 quam
2379 4297 2430 4349 in
2460 4296 2600 4349 illam
2632 4295 2815 4349 urbem
2847 4307 3102 4349 venerunt
3128 4338 3143 4363 ,
3182 4306 3237 4350 et
3259 4296 3631 4349 adorationem
3664 4296 3769 4348 im—

2195 4390 2496 4459 plcverunt,
2524 4387 2700 4441 cibum
2736 4397 3097 4455 sumpserunt,
3130 4395 3184 4441 et
3215 4401 3441 4440 reversa:
3466 4394 3623 4448 sunt,
3648 4399 3741 4437 cur
3770 4426 3775 4431 .

2195 4497 2289 4536 sus
2316 4498 2344 4533 a
2373 4481 2574 4547 jejunis
2618 4480 2859 4534 conlecto
2908 4480 3100 4534 itinere
3132 4498 3144 4535 :
3173 4488 3257 4533 est
3287 4488 3465 4532 autem
3512 4478 3617 4533 iter
3661 4493 3771 4531 non

2117 4561 2171 4621 Β
2197 4573 2505 4643 pauciorum
2532 4585 2691 4640 quam
2720 4572 2902 4640 viginti
2930 4572 3159 4625 dierum.

2270 4662 2406 4729 Quin
2453 4664 2611 4716 etiam
2645 4677 2764 4716 cum
2799 4662 3016 4716 victoria
3060 4661 3281 4730 insignis
3320 4659 3532 4713 Thecla:
3569 4659 3779 4727 cupiis-

2198 4764 2318 4808 seut
2346 4754 2526 4808 videre
2547 4753 2717 4807 aedem
2742 4769 2863 4822 qua:
2892 4760 2977 4806 est
3020 4753 3073 4806 in
3104 4751 3331 4816 Isauria,
3371 4758 3429 4804 ut
3469 4748 3779 4804 dilectionis

2198 4846 2253 4900 in
2283 4846 2450 4899 Deum
2482 4843 2749 4897 ﬂammam
2780 4844 3130 4912 undeqnaque
3150 4842 3524 4906 accenderent,
3549 4841 3629 4895 sic
3654 4857 3781 4911 pro-

2200 4935 2355 4990 lecta:
2374 4943 2520 4998 sunt,
2544 4945 2598 4989 et
2627 4947 2856 4988 reversa:
2880 4944 3001 4986 snnt
3026 4934 3242 5002 ieiunas.
3266 4934 3492 4988 Tantum
3523 4948 3617 4987 eas
3645 4934 3781 4986 divi-

2206 5042 2334 5081 num
2362 5027 2679 5080 amatorium
2717 5026 2841 5079 fecit
2885 5025 3066 5079 divino
3094 5028 3322 5093 quodam
3371 5024 3551 5079 furore
3586 5025 3783 5080 debac-

2206 5121 2355 5175 chari
2404 5137 2418 5172 :
2468 5127 2669 5172 tantam
2717 5120 2929 5171 divinus
2973 5132 3123 5172 amor
3178 5132 3361 5170 earum
3416 5117 3470 5170 in
3523 5132 3785 5185 sponmun

2209 5213 2495 5269 concitavit
2524 5212 2807 5266 insaniam.

2279 5309 2454 5375 Atque
2475 5322 2554 5359 ea:
2574 5304 2786 5375 quidem
2806 5319 2924 5373 qua:
2946 5304 3036 5358 tali
3061 5303 3179 5356 vit=e
3203 5301 3442 5356 instituto
3467 5300 3784 5359 iemininnm

2218 5413 2386 5467 genus
2418 5411 2770 5459 exornavere,
2808 5404 2863 5448 ut
2886 5412 3005 5464 qua:
3029 5396 3147 5448 aliis
3178 5394 3376 5448 fuerint
3420 5395 3786 5463 exetnplaria;

2207 5487 2607 5544 coronabuntur
2627 5505 2657 5540 a
2680 5486 2907 5540 Domino
2935 5487 3152 5541 coronis
3180 5485 3511 5540 victricibus.
3550 5486 3660 5551 Ego
3693 5499 3788 5535 au-

2210 5588 2316 5634 tem
2368 5578 2641 5649 proposita
2690 5591 2810 5645 quae
2861 5576 2985 5631 hinc
3032 5577 3325 5645 percipitur
3369 5574 3627 5638 utilitate,
3664 5589 3790 5627 cum

2214 5674 2533 5738 dccerpsero
2565 5668 3012 5735 benedictionem,
3043 5670 3108 5725 ad
3140 5669 3298 5724 aliam
3340 5667 3578 5723 transibo
3612 5680 3790 5725 narras

2218 5767 2440 5817 Uoneuu
