4052 6362
332 420 427 476 N3

888 538 1111 593 CAPUT
1164 538 1331 594 XXX.

908 647 1135 685 hortatus
1168 631 1309 701 (84).

399 722 569 774 Divini
626 722 883 784 Maronis,
935 716 1093 792 cujus
1136 729 1279 792 prius
1324 725 1695 792 meminimus,
1730 722 1890 776 vitam

321 813 566 865 :etnulata
594 813 812 867 Domina
835 814 1162 869 admirabilis
1182 859 1194 879 ,
1231 818 1282 871 in
1313 816 1470 872 horto
1506 825 1758 871 materna:
1797 816 1892 869 do-

323 919 443 956 mus
470 919 688 973 parvum
721 905 985 974 quoddam
1018 907 1128 960 lixit
1156 909 1443 974 tugurium.
1497 907 1555 961 Ei
1599 916 1778 962 autem
1812 916 1892 960 tu-

318 998 530 1066 gurium
562 996 724 1052 eflicit
757 998 924 1066 panici
944 1000 1159 1067 stipula.
1191 999 1474 1054 Continuis
1503 1009 1679 1055 autern
1720 1000 1892 1069 lacry-

321 1087 426 1142 mis
446 1104 548 1142 non
580 1090 749 1142 solum
774 1095 908 1155 rigat
936 1107 1097 1157 grtias
1117 1132 1132 1154 ,
1163 1091 1254 1145 sed
1294 1093 1452 1145 etiam
1481 1092 1793 1146 vestimenta
1818 1106 1886 1146 ex

321 1178 445 1245 pilis
472 1195 485 1230 :
511 1178 699 1231 talibus
743 1180 882 1231 enim
936 1180 1255 1233 indumentis
1299 1182 1429 1251 tegit
1473 1196 1688 1248 corpus.
1736 1180 1891 1235 Circa

318 1269 580 1337 gallorum
609 1278 786 1322 autem
814 1279 1027 1322 cantum
1055 1270 1386 1323 adedivinutn
1422 1272 1675 1338 templum
1698 1311 1712 1334 ,
1747 1272 1889 1340 quod

318 1374 425 1411 non
456 1369 539 1412 est
565 1361 767 1427 procul.
799 1360 1003 1413 vadens
1025 1375 1143 1413 cum
1174 1362 1295 1414 aliis
1317 1371 1372 1416 et
1401 1361 1618 1415 feminis
1642 1370 1709 1417 et<
1727 1363 1855 1417 viris
1873 1405 1886 1426 ,

316 1451 685 1506 universorum
709 1452 938 1505 Domino
974 1452 1131 1506 oﬂ‘ert
1167 1453 1369 1507 laudes.
1405 1451 1517 1507 Hoc
1548 1463 1724 1507 autem
1765 1454 1890 1507 facit

274 1600 279 1603 ,
317 1560 425 1597 non
450 1547 620 1601 solum
651 1547 738 1601 die
769 1546 1191 1615 incipiente,,sed
1222 1528 1393 1603 etiam.
1413 1550 1723 1615 desinente;
1756 1563 1891 1616 quo-

315 1638 396 1689 vis
416 1638 522 1692 alio
554 1638 670 1690 luco
699 1640 877 1692 locum
905 1638 1429 1694 Deoeeonsecratum.
1451 1641 1619 1711 magis
1646 1656 1768 1695 esse
1792 1654 1887 1696 ve.

314 1729 610 1782 nerandum
638 1744 863 1785 censens
890 1772 903 1795 ,
948 1731 1228 1785 et-docens
1258 1731 1408 1785 alios.
1434 1731 1505 1785 Ea
1538 1732 1604 1785 de
1632 1745 1793 1786 causa
1833 1739 1889 1786 et

312 1818 430 1887 ejus
453 1835 697 1889 magnam
725 1834 904 1874 curam
933 1821 1115 1891 gessit,
1142 1821 1297 1875 matri
1343 1821 1669 1889 persuadens
1699 1831 1754 1877 et
1780 1821 1886 1876 fra-

312 1909 488 1963 tribus
511 1920 566 1964 nt
596 1910 875 1967 facultates
902 1914 1103 1967 snas-iu
1137 1913 1186 1967 id
1219 1925 1619 1970 consumerent.

386 2002 556 2056 liabet
581 2013 756 2059 autem
802 2008 1183 2061 nutrimentum
1228 2008 1422 2062 lentem
1474 2024 1619 2075 aqua-
1649 2008 1883 2064 madcfa-

308 2104 475 2147 ctam.
508 2097 732 2149 Omnem
779 2108 956 2151 autem
988 2100 1127 2152 hunc
1158 2100 1397 2153 laborem
1439 2101 1669 2153 sustinet
1692 2143 1707 2164 ,
1758 2116 1881 2156 cunt

310 2188 384 2240 sit
427 2187 583 2254 plane
634 2188 915 2242 exsiccato-
944 2205 1169 2259 corpore
1213 2201 1260 2245 et
1310 2193 1683 2248 semimortua.
1722 2192 1881 2250 Pellis

309 2280 455 2331 cnim
487 2280 850 2344 subtilissima,
872 2291 925 2336 et
947 2298 1068 2350 quas
1102 2292 1184 2337 est
1212 2286 1379 2337 instar
1415 2285 1770 2353 membranae,
1800 2296 1883 2342 est

308 2370 522 2423 ossibus
547 2372 789 2426 tenuibus
828 2374 1164 2441 circumiecta
1191 2418 1205 2439 ,
1236 2376 1395 2445 adipe
1444 2387 1500 2432 et
1547 2392 1710 2432 carne
1754 2394 1882 2433 con-

306 2470 520 2527 sumpta
549 2476 575 2511 a
610 2460 896 2516 laboribus.
921 2463 1243 2533 Proponitur
1269 2477 1445 2521 autem
1477 2467 1724 2523 omnibus
1763 2484 1881 2524 eam

308 2553 494 2607 videre
516 2555 832 2619 volentibus,
865 2567 918 2609 et
939 2558 1063 2611 viris
1092 2566 1147 2612 et
1177 2560 1493 2613 mulieribus
1522 2601 1538 2625 ,
1570 2576 1741 2630 neque
1764 2562 1879 2615 vul.

308 2654 420 2697 tum
448 2647 730 2713 aspiciens.
761 2662 930 2715 neque
972 2649 1061 2702 alii
1095 2650 1293 2704 vultum
1333 2652 1678 2719 spcctandttm
1726 2653 1880 2707 exhi-

309 2736 443 2789 brns
468 2736 600 2805 (.95),
633 2739 723 2790 sed
757 2741 949 2792 amicm
981 2740 1195 2808 quidem
1241 2742 1449 2809 penitus
1494 2752 1739 2799 contecta
1767 2785 1782 2806 ,
1814 2746 1879 2799 ad

310 2840 481 2895 genua
509 2840 683 2882 autem
717 2844 882 2895 usque
928 2832 1221 2898 incurvata,
1262 2835 1419 2888 valde
1467 2838 1651 2904 gracili
1703 2846 1881 2891 autem

309 2932 444 2971 voce
470 2929 522 2972 et
553 2935 655 2972 non
687 2921 820 2975 satis
847 2936 1099 2991 expressa
1139 2924 1364 2994 loquens
1388 2969 1402 2991 ,
1436 2935 1491 2981 et
1522 2942 1639 2981 eam
1672 2943 1883 2998 quoque

308 3026 523 3078 semper
565 3028 682 3066 cum
726 3014 974 3085 lacrymis
1024 3017 1311 3084 proferens.
1370 3018 1523 3088 Stepe
1570 3020 1721 3075 enim
1760 3037 1882 3077 cum

263 3106 269 3115 ‘
309 3116 484 3155 meam
510 3101 779 3158 dexteram
809 3107 1151 3174 sumpsisset,
1193 3115 1251 3162 et
1287 3108 1455 3165 oculis
1497 3109 1879 3177 imposuisset,

306 3188 431 3251 eam
471 3197 672 3252 dimisit
721 3199 857 3254 adeo
910 3200 1291 3268 madefactam,
1338 3210 1395 3257 ut
1429 3218 1493 3258 ex
1552 3204 1664 3272 ipsa
1721 3192 1881 3260 manu

274 3312 279 3317 ·
310 3286 627 3343 distillarent
660 3290 926 3361 lacrymm.

310 3438 311 3441 η
384 3377 704 3449 Eamergo.
739 3380 894 3450 cujus
936 3391 1060 3436 sunt
1108 3393 1265 3438 tanta:
1315 3399 1444 3454 opes
1491 3386 1873 3458 phil050phize,

266 3538 275 3551 ί
308 3468 548 3534 ﬂentem,
570 3470 968 3538 lamentantem,
997 3484 1052 3530 et
1074 3476 1506 3543 ingemiscentem
1534 3481 1780 3535 similiter
1798 3493 1878 3536 at-

308 3576 412 3629 que
434 3576 511 3616 ea:
537 3578 652 3633 quae
676 3566 872 3619 suntin
900 3575 1135 3621 extrema
1160 3580 1490 3638 paupertate,
1515 3587 1757 3642 qua-nam
1784 3588 1879 3640 pro

226 3646 231 3651 ’
307 3654 568 3724 dignitate
600 3658 893 3715 laudaverit
921 3661 1455 3718 oralio?'Vehemens
1481 3666 1620 3720 enim
1652 3681 1801 3720 amor
1824 3666 1878 3720 in

311 3746 478 3801 Deum
514 3748 630 3804 illas
674 3754 811 3820 parit
837 3751 1136 3823 lacrymas,
1166 3756 1229 3807 ad
1260 3756 1494 3810 divinam
1538 3756 1878 3811 inﬂammatis

309 3842 841 3911 contemplationem,
874 3855 926 3899 et
969 3861 1215 3913 pungens
1242 3848 1475 3913 aculeis,
1505 3858 1559 3903 et
1587 3863 1782 3918 urgens
1812 3849 1879 3903 ad

305 3948 431 3986 cum
462 3934 550 4001 qui
580 3943 662 3988 est
691 3933 813 3989 hinc
839 3934 1047 3991 futurus
1075 3953 1376 3997 excessum.

266 4012 269 4015 ’
383 4024 547 4079 Porro
578 4037 756 4082 autem
802 4030 1045 4096 quamvis
1075 4032 1125 4083 in
1160 4030 1241 4083 bis
1271 4030 1359 4084 diu
1391 4041 1658 4101 noctuque
1699 4047 1880 4088 verse-

311 4126 419 4179 tur,
449 4132 516 4171 ne
542 4116 764 4172 aliorum
797 4120 1012 4188 quidem
1040 4136 1294 4189 generum
1314 4124 1533 4177 virtutis
1570 4136 1753 4177 curam
1781 4128 1877 4174 ab-

306 4210 445 4277 jicit.
470 4208 562 4262 sed
594 4225 688 4277 pro
715 4212 913 4267 viribus
942 4214 1153 4283 quidem
1185 4226 1337 4269 cnrat
1366 4216 1597 4284 optimos
1619 4216 1842 4271 athletas
1863 4258 1877 4281 ,

306 4318 532 4372 quorum
568 4304 932 4372 meminimus,
975 4318 1030 4362 et
1068 4324 1201 4377 quos
1240 4310 1694 4379 prmtermisimus.
1720 4311 1881 4365 Curat

305 4406 486 4450 autem
535 4413 629 4454 eos
675 4413 889 4468 quoque
931 4401 1018 4468 qui
1066 4402 1131 4454 ad
1179 4401 1346 4468 ipsom
1398 4405 1648 4466 veniunt;
1688 4400 1881 4471 iubens

305 4488 469 4558 857
501 4490 716 4557 quidem
751 4490 990 4546 habitare
1017 4493 1165 4561 apud
1181 4494 1283 4547 vici
1308 4501 1596 4562 pastorem,
1622 4494 1732 4562 ipsa
1754 4509 1881 4549 vero

309 4582 530 4633 mittens
560 4581 739 4634 omnia
768 4598 884 4650 qua:
932 4594 1055 4635 sunt
1092 4586 1410 4638 necessaria.
1445 4584 1627 4639 Matris
1654 4585 1795 4640 enim
1826 4594 1881 4641 et

310 4670 529 4724 fratrum
559 4671 833 4727 facultates
867 4673 914 4727 ei
945 4683 1068 4727 sunt
1099 4677 1385 4743 propositae
1414 4676 1478 4729 ad
1508 4686 1773 4744 sumptum
1804 4676 1882 4731 fa-

266 4790 269 4791 ν
309 4761 555 4815 ciendum
583 4804 597 4825 ,
632 4778 750 4831 qua:
788 4779 885 4833 per
915 4766 1084 4834 ipsum
1115 4768 1384 4835 accipiunt
1425 4768 1877 4824 benedictionem.

262 4930 265 4931 ν
308 4854 609 4922 Quinetiam
641 4856 767 4911 mihi
799 4873 1007 4927 quoque
1027 4861 1253 4914 venienti
1282 4861 1342 4913 ad
1363 4860 1509 4915 illam
1539 4872 1742 4930 partem
1773 4863 1882 4934 (est

309 4953 486 4999 autem
516 4955 711 5001 no-trte
740 4950 940 5019 regioni
972 4950 1036 5002 ad
1065 4950 1340 5018 Austrum)
1370 4953 1530 5007 mittit
1568 4961 1622 5007 et
1654 4967 1844 5023 panem
1864 4994 1879 5019 ,

307 5047 361 5092 et
395 5038 617 5098 fructus.
645 5047 700 5092 et
726 5040 918 5094 lentem
950 5040 1319 5096 madefactam.

384 5130 501 5183 Sed.
535 5144 809 5198 quousque
839 5132 1040 5199 prolixa
1065 5145 1182 5185 utor
1209 5135 1469 5198 oratione,
1497 5136 1717 5191 studens
1756 5152 1880 5191 om-

312 5235 434 5273 nem
486 5222 601 5289 ejus
643 5237 861 5276 narrare
900 5223 1177 5288 virtutem,
1222 5239 1340 5278 cum
1370 5235 1611 5293 nportcat
1661 5227 1882 5280 aliorum

313 5328 525 5383 quoque
547 5312 786 5381 proferre
816 5315 998 5380 vitam,
1026 5330 1145 5381 qua:
1177 5316 1393 5368 imitata:
1422 5325 1547 5370 sunt
1574 5326 1628 5371 et
1668 5320 1804 5371 banc
1831 5328 1887 5371 et

314 5406 456 5468 illas,
507 5421 727 5474 quarum
785 5407 928 5473 prius
978 5406 1335 5462 meminimus.
1385 5408 1560 5462 Multae
1579 5408 1721 5463 enim
1766 5409 1885 5464 alia:

314 5502 504 5570 partim
535 5503 747 5567 quidem
776 5504 935 5557 vitam
975 5503 1233 5568 amplexa:
1278 5513 1400 5556 sunt
1429 5502 1740 5570 solitariam,
1768 5518 1886 5572 par-

266 5616 269 5617 '
316 5597 408 5650 tim
438 5606 616 5649 autem
646 5594 824 5647 vivere
848 5601 1093 5647 amarunt
1115 5608 1235 5646 cum
1258 5593 1517 5663 pluribus,
1546 5595 1679 5648 adeo
1706 5603 1763 5648 ut
1788 5595 1886 5648 du-

314 5698 486 5742 centa:
528 5697 583 5741 et
610 5687 1009 5757 quinquaginta,
1033 5695 1085 5740 et
1106 5688 1303 5755 plures,
1336 5695 1390 5739 et
1427 5684 1701 5754 pauciores
1729 5686 1888 5742 simul

314 5778 515 5843 vivant,
559 5794 666 5832 uno
703 5778 823 5832 cibo
869 5789 1167 5841 vescentes,
1207 5792 1366 5847 super
1408 5777 1552 5833 solas
1580 5787 1783 5833 storeas
1821 5793 1886 5833 ex

315 5874 557 5930 instituto
597 5872 959 5941 dormientes,
999 5881 1053 5930 et
1089 5888 1277 5927 ntanus
1316 5870 1524 5941 quidem
1565 5872 1699 5928 lance
1730 5873 1885 5930 altri-

1394 422 1818 480 rimo-rusus
1845 465 1858 487 ,
1899 438 2012 477 SHB
2052 419 2495 477 THEOPHILES.

1922 543 1967 599 Α
1999 539 2255 605 burntes,
2298 540 2505 611 hymnis
2545 553 2670 594 veto
2719 539 2947 607 linguam
2988 548 3380 596 consecranles.
3432 540 3565 594 Sunt

3466 421 3564 476 ili

1996 640 2170 684 autem
2201 632 2460 699 ejusmodi
2518 632 2924 685 innumerabilia
2965 633 3239 699 sapientia:
3291 632 3564 701 gymnasia

1995 738 2099 776 non
2131 724 2301 777 solum
2349 726 2398 777 in
2439 734 2614 779 nostra
2649 724 2884 792 regione,
2924 722 3015 777 sed
3055 724 3213 777 etiam
3264 737 3359 790 per
3398 730 3562 775 totum

1994 814 2285 873 Orientem.
2310 816 2375 869 Iis
2404 825 2578 869 autem
2612 819 2760 885 plena
2782 829 2863 870 est
2884 824 2937 870 et
2964 814 3265 877 Palaestina,
3288 824 3342 870 et
3363 814 3563 886 A'Zgyp—

1995 913 2099 971 tus,
2124 916 2177 958 et
2205 907 2343 968 Asia,
2377 918 2430 959 et
2460 906 2678 970 Pontus,
2708 916 2761 961 et
2784 916 2891 959 tota
2916 907 3143 975 Eurum.
3181 907 3252 959 Ex
3290 921 3396 973 quo
3419 908 3560 960 enim

1992 995 2233 1052 Christus
2254 999 2504 1053 Dominus
2526 998 2809 1052 honoravit
2826 999 3200 1069 virginitatem,
3221 1007 3276 1050 ut
3297 997 3383 1063 qui
3408 1006 3562 1050 natus

1992 1089 2062 1143 sit
2083 1106 2143 1143 ex
2170 1090 2486 1157 virginitate,
2513 1097 2657 1157 prata
2682 1089 2994 1159 virginitatis
3018 1098 3200 1143 natura
3224 1088 3555 1157 germinavit,

1993 1189 2047 1233 et
2074 1180 2167 1231 bos
2199 1195 2362 1232 suave
2405 1180 2631 1244 olentes,
2663 1187 2717 1232 et
2750 1179 2837 1247 qui
2866 1194 2968 1233 non
3001 1187 3367 1243 marcescunt,
3402 1178 3561 1230 ﬂores

1992 1268 2147 1323 offert
2178 1269 2463 1323 Creatoris:
2508 1285 2609 1322 non
2640 1270 2883 1324 virtutem
2925 1271 2975 1324 in
3016 1269 3251 1323 masculo
3284 1278 3337 1323 et
3361 1268 3559 1322 femina

1990 1361 2318 1423 discernens.
2350 1376 2450 1416 nec
2476 1362 2532 1415 in
2557 1362 2688 1415 duas
2710 1362 3032 1417 differentias
3055 1362 3293 1419 dividens
3322 1362 3559 1431 philoso-

1991 1453 2204 1522 phiam;
2236 1463 2318 1508 est
2347 1454 2485 1508 enim
2516 1453 2810 1509 differentia
2842 1469 3141 1523 corporum,
3175 1454 3270 1508 sed
3308 1469 3411 1507 non
3437 1454 3557 1506 ani-

1992 1560 2218 1598 morum.
2245 1544 2297 1598 ln
2323 1544 2535 1599 Christo
2562 1543 2701 1600 enim
2728 1543 2871 1608 Jesn,
2904 1553 2961 1598 ut
2988 1545 3061 1598 ait
3090 1545 3303 1598 divinus
3334 1547 3555 1613 Aposto-

1991 1630 2093 1695 lus,
2120 1648 2220 1685 nou
2244 1642 2325 1688 est
2349 1634 2613 1688 masculus
2635 1642 2688 1688 et
2709 1634 2898 1688 femina
2916 1633 3111 1705 (Galat.
3132 1636 3235 1701 Ill).
3251 1632 3361 1689 Una
3378 1644 3552 1687 autem

1990 1723 2298 1777 mulieribus
2319 1732 2373 1778 et
2401 1724 2529 1779 viris
2569 1736 2648 1779 est
2682 1724 2813 1778 fides
2852 1726 3207 1792 suppeditata.
3236 1725 3382 1780 Unus
3410 1726 3554 1779 enim

1991 1812 2261 1877 Dominus,
2294 1829 2397 1868 una
2426 1814 2579 1879 fides,
2626 1831 2787 1869 unum
2820 1815 3118 1885 baptisma:
3152 1831 3285 1872 unus
3315 1817 3471 1875 Deus
3501 1827 3554 1871 et

1912 1896 1960 1954 B
1989 1902 2146 1958 Pater
2188 1905 2444 1970 omnium,
2489 1907 2576 1975 qui
2623 1918 2891 1976 cstsuper
2919 1909 3117 1974 omnia,
3148 1909 3553 1976 etperomuia,

1984 2006 2037 2050 et
2086 1998 2139 2050 in
2167 1998 2413 2052 omnibus
2460 2000 2609 2057 nobis
2642 2000 2869 2070 (Ephes.
2891 2003 2984 2070 tv).
3015 2001 3151 2069 Quin
3192 2003 3350 2055 etiam
3394 2017 3553 2055 unum

1984 2103 2205 2159 regnum
2253 2092 2509 2145 cmlorum
2543 2094 2859 2159 agonotheta
2912 2094 3185 2164 proposuit
3228 2093 3553 2158 victoribus,

1986 2179 2087 2235 ltoc
2112 2195 2395 2238 commune
2424 2185 2698 2253 prtemiutu
2730 2185 2990 2240 definiens
3017 2185 3413 2240 certaminibus.

2057 2292 2190 2347 Sunt
2211 2282 2359 2364 ergo,
2395 2305 2449 2349 ut
2479 2297 2616 2361 dixi,
2643 2297 2823 2352 multze
2852 2307 2908 2352 et
2928 2296 3160 2352 virorum
3192 2306 3245 2353 et
3276 2299 3553 2352 mulierum

1987 2383 2200 2450 pietatis
2232 2389 2490 2455 palmstrze
2517 2403 2621 2442 non
2649 2389 2786 2458 apud
2830 2404 2924 2444 nos
2949 2390 3140 2454 solum,
3170 2391 3261 2443 sed
3298 2390 3455 2443 etiam
3502 2390 3554 2445 in

1987 2477 2227 2532 universa
2259 2478 2434 2549 Syria,
2462 2490 2513 2534 et
2543 2480 2843 2551 Palaestina,
2875 2492 2929 2537 et
2948 2482 3149 2547 Cilicia,
3181 2492 3234 2537 et
3263 2480 3313 2535 in
3344 2497 3405 2536 ea
3436 2498 3555 2549 quia

1983 2577 2065 2621 est
2087 2569 2259 2623 media
2286 2572 2425 2624 inter
2449 2571 2579 2625 duos
2604 2572 2808 2627 ﬂuvios.
2840 2574 2892 2626 ln
2916 2572 3148 2643 )Egypto
3176 2583 3350 2626 autem
3373 2572 3555 2626 dicunt

1986 2659 2142 2710 etiam
2172 2660 2286 2726 plus
2306 2676 2459 2729 quam
2488 2664 2721 2731 quinque
2752 2663 2910 2716 millia
2942 2664 3175 2717 virorum
3205 2661 3402 2717 habere
3440 2676 3554 2714 mo.

1987 2750 2238 2815 nasteria,
2271 2754 2358 2818 qui
2391 2761 2680 2821 operantur
2714 2763 2767 2808 et
2797 2754 3007 2808 interim
3039 2753 3314 2807 Dominum
3342 2752 3554 2806 laudant

1988 2840 2303 2912 bymnisque
2330 2845 2598 2899 celebrant
2624 2863 2637 2909 ;
2673 2862 2768 2900 nec
2792 2847 2966 2901 solum
2995 2862 3060 2900 ex
3090 2845 3338 2911 cperibus
3370 2860 3553 2899 neces.

1986 2936 2181 2988 sarium
2210 2936 2515 2990 alimentum
2553 2948 2882 3004 COlllpal‘alll,
2922 2937 3013 2990 sed
3044 2936 3198 2990 etiam
3227 2934 3553 2989 advenienlia‘

1987 3028 2081 3083 bus
2111 3030 2406 3099 hospitibus
2431 3039 2485 3084 ct
2513 3031 2788 3102 egentibus
2819 3047 2993 3101 opem.
3024 3032 3218 3087 ferunt.

2058 3160 2163 3216 Sed
2198 3162 2372 3217 omnia
2401 3180 2616 3219 narrare
2649 3181 2751 3219 ncn
2784 3166 2952 3220 solum
2986 3182 3104 3236 ego,
3130 3166 3221 3221 sed
3247 3180 3343 3220 nec
3372 3180 3555 3221 omnes

1911 3274 1955 3337 ρ
1987 3258 2277 3325 scriptores
2314 3260 2613 3327 potuerint;
2643 3270 2695 3313 et
2727 3269 2784 3313 ut
2822 3260 3051 3315 maxime
3080 3260 3191 3315 lieri
3225 3268 3420 3329 posset,
3464 3275 3557 3314 su-

1986 3361 2370 3417 pervacaneum
2402 3349 2452 3403 id
2493 3364 2614 3404 esse
2641 3349 2915 3414 existimo,
2965 3361 3020 3405 et
3049 3349 3267 3403 honoris
3296 3349 3557 3419 cupidita-

1986 3450 2091 3494 tem
2122 3456 2239 3508 qum
2282 3441 2409 3495 nihil
2443 3442 2630 3495 habeat
2656 3444 2938 3498 commodi.
2972 3444 3039 3497 lis
3074 3444 3216 3497 enim
3256 3443 3342 3512 qui
3375 3442 3557 3496 volunt

1992 3532 2222 3603 aliquam
2255 3533 2527 3603 percipere
2552 3534 2849 3602 utilitatem,
2882 3533 3148 3588 sufficiunt
3178 3548 3239 3587 ea
3273 3548 3389 3602 qua:
3418 3531 3559 3588 dicta

1986 3634 2111 3679 sunt
2138 3624 2204 3678 ad
2236 3625 2576 3693 praebendum
2609 3625 2658 3678 id
2689 3626 2827 3694 quod
2854 3624 3205 3680 desideratur.

2059 3758 2180 3812 ldeo
2204 3757 2345 3811 enim
2376 3766 2427 3810 et
2456 3760 2577 3809 vita:
2605 3756 2937 3811 diversorum
2969 3756 3189 3810 fecimus
3210 3755 3557 3819 mentionem,

1985 3860 2039 3904 et
2074 3848 2353 3903 mulierum
2383 3848 2710 3901 narrationes
2739 3848 3125 3901 narrationibus
3154 3845 3384 3900 virorum
3407 3844 3559 3911 adje-

1984 3942 2175 4006 cimus,
2212 3950 2267 3994 ut
2296 3950 2350 3994 et
2388 3955 2565 4004 senes,
2596 3949 2648 3993 et
2675 3940 2920 4009 juvenes,
2962 3947 3018 3995 ct
3047 3939 3297 3994 mulieres
3327 3938 3559 4008 philoso-

1944 4077 1949 4081 .
1985 4032 2125 4101 phiae
2169 4030 2394 4086 habeant
2428 4031 2790 4099 exemplaria;
2822 4041 2877 4085 et
2905 4032 3263 4101 unusquisque
3284 4044 3400 4086 eam
3438 4044 3559 4099 quas

1984 4120 2083 4172 sibi
2136 4119 2285 4173 cordi
2329 4128 2411 4173 est
2459 4121 2618 4174 vitam
2669 4119 2993 4188 exprimens,
3042 4121 3233 4174 habeat
3279 4136 3389 4175 sum
3433 4123 3559 4175 vita!

1984 4210 2266 4278 quamdam
2318 4209 2551 4279 regulam
2598 4221 2652 4265 et
2697 4226 3042 4283 gnomonem,
3077 4214 3165 4280 qui
3196 4220 3277 4267 est
3326 4213 3457 4266 situs
3503 4211 3557 4265 in

1986 4302 2288 4357 narratione
2324 4320 2335 4355 :
2367 4311 2422 4357 et
2442 4303 2709 4371 quomodo
2739 4304 2966 4372 pictores
2993 4305 3059 4359 ad
3089 4306 3361 4375 exemplar
3391 4306 3559 4371 respi-

1954 4396 2208 4460 cientes,
2234 4406 2291 4449 et
2311 4397 2493 4450 oculos
2537 4398 2826 4466 imitantur,
2863 4408 2919 4453 et
2944 4412 3129 4452 nasum
3151 4444 3163 4465 ,
3188 4410 3241 4452 et
3271 4412 3353 4463 os,
3394 4407 3447 4453 et
3469 4413 3559 4466 ge-

1986 4500 2099 4548 nas,
2129 4495 2181 4539 et
2209 4500 2397 4552 aures,
2435 4496 2489 4540 et
2517 4487 2764 4552 frontem,
2792 4496 2843 4544 et
2886 4489 3030 4557 ipsos
3055 4489 3244 4557 capitis
3288 4498 3344 4541 et
3382 4487 3557 4539 barhm

1989 4578 2140 4645 pilos,
2184 4587 2237 4633 et
2276 4579 2341 4631 ad
2384 4579 2497 4633 haec
2535 4587 2590 4634 ct
2629 4583 2917 4657 sessionem
2970 4589 3023 4635 et
3072 4581 3559 4648 stationemtquiu

1988 4670 2147 4724 etiam
2191 4670 2334 4738 ipsos
2362 4671 2635 4724 oculei-um
2680 4672 2920 4738 intuitus,
2951 4673 3062 4728 sive
3087 4672 3195 4727 sint
3233 4672 3337 4724 laeti
3368 4681 3421 4723 et
3449 4670 3561 4723 alae

1989 4775 2128 4824 cres,
2161 4762 2276 4815 sive
2302 4762 2472 4815 severi
2502 4769 2556 4815 et
2588 4770 2796 4825 truces;
2827 4764 2897 4816 ita
2940 4764 3099 4816 etiam
3133 4770 3342 4830 oportet
3372 4776 3562 4814 unum-

1990 4866 2250 4920 quemque
2277 4865 2340 4904 ex
2378 4851 2442 4905 iis
2466 4852 2555 4920 qtti
2582 4851 2693 4905 lucc
2721 4853 2911 4921 scripta
2944 4851 3143 4920 legunt,
3186 4851 3448 4905 volentem
3480 4852 3561 4903 vi-

1991 4952 2096 4996 tam
2128 4943 2356 5012 aliquam
2381 4941 2596 5010 imitari,
2626 4958 2773 4996 suam
2796 4943 2861 4998 ad
2895 4943 3037 4999 illam
3057 4956 3214 5012 quam
3243 4941 3391 5013 eligit
3410 4956 3559 4997 com-

1991 5048 2208 5100 ponere.
2244 5033 2306 5086 Et
2329 5034 2598 5102 quomodo
2625 5033 2760 5087 fabri
2781 5046 2992 5086 asseres
3012 5033 3217 5088 rubrica
3241 5031 3561 5104 dirigentes,

1987 5139 2054 5178 eo
2103 5140 2270 5193 usque
2299 5125 2361 5179 id
2396 5127 2535 5196 quod
2576 5135 2658 5178 est
2702 5124 3025 5191 superﬂuum
3072 5124 3351 5194 auferunt,
3391 5126 3564 5181 donec

1987 5216 2225 5285 apposita
2251 5217 2459 5286 regula,
2488 5217 2717 5277 viderint
2748 5230 2979 5270 asserem
3010 5231 3129 5273 esse
3170 5221 3427 5288 aequalem
3449 5234 3466 5283 ;
3492 5218 3565 5273 ita

1989 5310 2148 5363 etiam
2188 5322 2307 5361 eum
2331 5310 2419 5377 qui
2450 5308 2574 5361 velit
2603 5309 2760 5361 vitam
2806 5308 3038 5376 aliquam
3090 5310 3305 5373 imitari,
3351 5318 3564 5377 oportet

1990 5411 2106 5450 eam
2136 5398 2239 5451 sibi
2267 5397 2364 5464 ipsi
2394 5411 2589 5465 potiere
2617 5412 2709 5464 pro
2739 5399 2919 5468 regula
2940 5438 2954 5461 .
2988 5411 3039 5453 et
3068 5399 3178 5453 vitii
3204 5415 3449 5454 resecare
3475 5415 3565 5453 su-
3612 5432 3619 5439 -

1992 5485 2212 5553 perﬂua,
2257 5495 2311 5541 et
2337 5484 2546 5538 virtutis
2585 5488 2788 5554 replere
2818 5504 2878 5541 ea
2903 5506 3018 5558 quae
3056 5489 3269 5547 desunt.
3310 5488 3383 5543 Ba
3415 5488 3560 5543 enim

1991 5577 2058 5631 de
2076 5592 2233 5632 causa
2280 5577 2582 5644 scriptionis
2640 5578 3281 5647 laborem.suscepimus,
3325 5576 3567 5632 utilitatis

1991 5669 2321 5723 occasionem
2346 5679 2700 5737 proponentes
2729 5669 3046 5726 soletnibus.

2064 5779 2211 5848 Rogo
2240 5788 2415 5832 autem
2447 5795 2539 5836 eos
2569 5783 2655 5850 qui
2687 5793 2807 5837 sunt
2831 5780 3036 5844 lecturi,
3070 5787 3125 5833 ut
3165 5793 3282 5831 cum
3314 5790 3376 5830 ex
3424 5775 3559 5826 alio-

1993 5888 2106 5926 rum
2140 5852 2410 5927 laboribus
2436 5872 2637 5943 absque
2664 5874 2842 5930 labore
2873 5873 3192 5941 voluptatem
3217 5872 3452 5940 capiunt,
3481 5868 3565 5927 ιειρ
