4052 6362
503 394 605 447 123
1632 388 1718 442 DE
1761 386 1934 440 VlTlS
1974 384 2253 440 PATRUM
2294 385 2489 440 LIBER
2534 386 2598 438 Χ.
3636 382 3759 443 lii

498 504 699 559 litatem
726 519 880 573 quam
912 519 973 556 ex
1004 517 1069 556 eo
1094 502 1328 570 legentes
1349 502 1578 570 capient.
1614 501 1788 554 Virtus
1814 501 1978 563 enim,
2009 500 2131 554 vita:
2160 515 2471 569 morumque
2495 500 2745 554 honestas
2770 509 2873 564 est,
2900 501 2966 553 ad
2993 515 3149 570 quam
3178 515 3282 555 non
3304 501 3414 555 sola
3438 500 3761 555 divinarum-

499 612 676 649 rcrum
710 593 986 648 meditatio
1011 594 1246 659 lidesque
1273 604 1411 649 tecta
1437 593 1603 657 ducit,
1638 607 1818 648 verum
1846 600 1903 645 et
1926 593 2149 646 aliorum
2174 593 2530 657 conversatio,
2564 595 2775 661 vitaque
2804 594 3082 647 virtutibus
3120 594 3273 662 plena
3302 595 3355 648 in
3385 595 3599 662 scriptis
3625 604 3740 648 tra-

501 688 632 742 dita.
665 687 923 752 Quocirca
948 685 1046 738 hoc
1075 685 1199 737 mihi
1245 686 1508 754 negotium
1539 683 1802 752 assumpsi
1830 682 2105 737 conlidens
2136 684 2187 735 in
2216 682 2458 750 Domino,
2495 682 2570 736 fili
2596 683 2928 750 charissima,
2955 682 3112 751 quue
3134 693 3322 738 vestra:
3346 684 3593 738 eharitati
3618 698 3745 753 per-

500 794 713 835 suasum
738 792 857 831 esse
885 776 1125 842 cupiens,
1152 775 1273 843 quia
1298 774 1411 842 apis
1443 775 1495 828 iu
1523 789 1745 839 morem,
1778 772 1931 835 utilia
1961 766 2185 842 quicque
2212 787 2276 828 ac
2304 786 2426 830 vera
2455 783 2791 843 prosecutus,
2817 783 3118 829 sanctorum
3152 775 3363 830 Patrum
3410 785 3556 831 recte
3602 776 3769 839 facta,

504 887 601 943 pro
629 869 927 924 animarum
957 867 1102 921 lucro
1128 866 1407 936 descripsi.

1032 1031 1037 1032 ,
1108 1031 1127 1033 _
2450 1031 2539 1032 φη

777 1181 1796 1345 PRATUM
1933 1182 3461 1352 SPIRITUALE.
3532 1060 3539 1069 ι

1026 1522 1251 1580 CAPUT
1303 1520 1581 1575 PRIMUM.

575 1617 691 1669 Vita
716 1616 875 1668 sancti
904 1616 1038 1667 senis
1076 1613 1315 1677 Joannis,
1348 1620 1394 1665 et
1427 1613 1488 1663 de
1508 1609 1751 1680 spelunca
1782 1609 1999 1678 Sapsns.

575 1709 704 1762 Erat
734 1723 897 1763 senex
930 1708 1141 1775 quidam
1172 1704 1416 1759 habitans
1437 1706 1487 1757 in
1516 1700 1842 1757 monasterio
1868 1700 2074 1753 abbatis

503 1800 794 1866 Eusturgii,
822 1798 1052 1853 Joannes
1097 1796 1476 1862 nomine,qu:e
1530 1802 1745 1847 sanctus
1795 1791 1934 1844 Elias
1988 1804 2075 1843 ar-

501 1890 877 1957 chiepiscopus
924 1885 1379 1955 Jcrosolymorum
1405 1882 1568 1936 voluit
1599 1878 1938 1950 praepositum
1962 1893 2077 1933 mo—

504 1981 724 2035 nasterii
763 1980 1104 2035 constituere.
1148 1978 1240 2033 llle
1277 1991 1405 2030 vero
1448 1990 1552 2030 non
1588 1972 1971 2041 acquiescebat,
1994 1970 2077 2024 di-

506 2087 634 2127 cens
662 2090 673 2121 :
709 2072 760 2123 In
793 2081 1025 2125 montem
1059 2068 1184 2123 Sina
1214 2067 1467 2122 orationis
1495 2079 1654 2118 causa
1682 2075 1902 2132 pergere
1931 2058 2073 2114 volo.

504 2162 946 2231 Archiepisc0pus
998 2170 1171 2213 autem
1216 2158 1437 2228 eogabat
1468 2171 1623 2218 eum,
1654 2163 1712 2206 ut
1742 2154 1884 2221 prius
1913 2150 2077 2204 abbas

505 2257 679 2322 lieret,
710 2266 762 2309 et
794 2264 969 2324 postea
996 2263 1238 2322 pergeret
1258 2266 1362 2321 quo
1394 2250 1576 2304 vellet.
1604 2246 1734 2302 Cum
1760 2261 1886 2300 vero
1912 2259 2075 2299 senex

505 2363 609 2402 non
639 2346 1018 2413 acquiesceret,
1048 2342 1247 2397 dimisit
1275 2356 1395 2393 eum
1429 2338 1801 2408 spondentem,
1826 2349 1904 2402 se,
1935 2342 2079 2402 post~

505 2453 659 2504 quam
691 2451 932 2491 reversus
958 2443 1116 2497 esset,
1152 2441 1523 2502 suscepturum
1571 2429 1843 2496 regiminis
1865 2440 2071 2480 curam.

507 2530 573 2583 Et
604 2531 671 2583 ita
695 2529 920 2582 salutato
942 2524 1342 2593 archiepiscopo
1368 2525 1470 2575 iter
1498 2519 1741 2588 arripuit,
1768 2527 1824 2571 ut
1854 2517 1920 2570 ad
1951 2515 2075 2570 Sina

506 2630 737 2676 montem
775 2619 1217 2687 proﬁcisceretur,
1245 2625 1514 2680 assumpto
1530 2627 1710 2666 secum
1734 2619 1788 2665 et
1817 2607 2078 2676 discipulo

506 2711 1109 2778 suo.’l‘ransvadatoque
1133 2706 1365 2762 Jordane
1386 2704 1562 2768 ﬂuvio,
1583 2717 1703 2755 cum
1736 2702 1823 2754 vix
1861 2716 1966 2753 uno
2000 2699 2077 2751 la-

504 2804 631 2873 pide
677 2801 1076 2871 processissent,
1106 2797 1267 2868 coepit
1319 2796 1498 2851 senior
1543 2795 1718 2863 rigore
1747 2789 2078 2851 detineri.ac

2104 1514 2157 1574 Δ

2793 1523 3019 1580 CAPUT
3051 1525 3131 1580 lli.

2290 1612 2406 1665 Vita
2437 1610 2660 1667 Cononis
2691 1615 2963 1685 presbyteri
2990 1620 3277 1672 monasterii
3297 1617 3637 1673 Penthncula.

2247 1703 2381 1756 Cum
2434 1706 2486 1758 in
2519 1708 2895 1762 tnOuasterium
2948 1711 3123 1769 sancti
3169 1711 3338 1767 Patris
3382 1714 3547 1767 nostri
3591 1712 3775 1767 Saba.

2177 1794 2396 1860 proiecti
2445 1796 2727 1853 fu‘ssemus
2756 1801 2817 1852 ad
2847 1800 3089 1856 abbatem
3128 1803 3487 1866 Athanasium,
3514 1804 3753 1857 narravit

2177 1890 2330 1944 nobis
2346 1905 2528 1952 senes,
2560 1892 2746 1947 dicens
2778 1910 2792 1947 :
2822 1894 2953 1948 Cum
2983 1910 3154 1950 essem
3181 1898 3231 1949 in
3256 1898 3577 1951 inouasterio
3606 1896 3749 1949 Pen-

2179 1984 2413 2048 thucula,
2447 1985 2722 2057 presbyter
2751 1986 2967 2055 quidam
2999 1988 3200 2042 eratad
3214 1988 3468 2055 baptismi
3510 1987 3751 2042 ministe-

2177 2074 2545 2141 rimn,Cuuou
2597 2078 2833 2143 nomine,
2863 2079 3258 2134 Alexandrinus
3318 2094 3543 2150 genere,
3588 2094 3749 2146 quem

2179 2181 2274 2233 pro
2332 2168 2453 2219 vita:
2515 2169 2703 2221 merito
2776 2168 2957 2222 Patres
3017 2169 3284 2237 jusscraut
3348 2178 3404 2222 ut
3453 2169 3751 2237 baptizaret

2178 2256 2508 2309 accedentes.
2552 2257 2665 2325 Ipse
2715 2258 2873 2328 igitur
2945 2268 3129 2313 sancto
3175 2260 3461 2314 chrismate
3518 2260 3752 2329 ungebat

2179 2354 2237 2398 et
2286 2347 2585 2414 baptizabat
2645 2364 2738 2404 eos
2778 2349 2867 2418 qui
2938 2350 3003 2404 ad
3055 2352 3156 2419 hoc
3189 2352 3492 2406 veniebant.
3520 2351 3746 2417 Quoties

2179 2450 2305 2503 ergo
2334 2436 2607 2490 mulierem
2631 2437 2925 2503 iniungeret,
2952 2439 3425 2503 scandalizabatur,
3444 2448 3605 2509 atque
3627 2438 3753 2493 ideo

2182 2543 2245 2579 ex
2276 2529 2595 2582 monasterio
2616 2530 2903 2583 abscedere
2935 2531 3162 2585 volebat.
3187 2529 3351 2600 δεῇ,
3388 2529 3518 2585 Cum
3569 2538 3751 2584 autem

2179 2632 2240 2671 ea
2305 2617 2623 2683 cogitatione
2699 2620 3043 2687 pulsabatur,
3094 2621 3373 2675 assistebat
3427 2621 3474 2674 ei
3534 2630 3751 2674 sanctus

2179 2706 2410 2761 Joannes
2461 2709 2723 2777 Baptista,
2765 2709 2992 2765 dicens:
3052 2710 3276 2775 'l'olcra,
3328 2720 3381 2765 et
3449 2725 3752 2778 persevera,

2180 2807 2233 2851 et
2282 2814 2379 2865 ego
2424 2810 2473 2852 te
2521 2800 2588 2851 ab
2657 2798 2758 2855 hoc
2812 2800 2955 2853 bello
3031 2799 3288 2855 liberabo.
3336 2800 3572 2865 Quadam
3624 2816 3753 2854 vero

505 2871 620 2965 post
675 2893 941 2961 paululum
988 2890 1180 2946 invasit
1214 2903 1335 2945 eum
1375 2887 1560 2942 febris.
1581 2886 1711 2940 Cum
1736 2899 1863 2939 vero
1885 2885 1934 2936 in
1967 2890 2082 2935 ιειιιο
2108 2871 2156 2933 Β
2183 2880 2268 2943 die
2290 2888 2433 2942 venit
2472 2889 2640 2957 puella
2670 2904 2735 2943 ex
2776 2889 3015 2954 perside,
3036 2899 3094 2944 υι
3124 2891 3500 2959 [ηρακλε-ερατ,
3529 2907 3647 2959 ηοω
3680 2894 3750 2943 ηε,

505 2997 614 3041 turn
648 2982 1150 3040 exeresceretardor
1173 2979 1353 3040 febris,
1372 2989 1426 3031 ut
1444 2976 1719 3031 ambulare
1744 2989 1849 3027 non
1874 2979 2075 3042 posset,

505 3080 821 3133 invenerunt
872 3075 1172 3143 speluncam
1223 3068 1515 3134 parvulam,
1548 3069 1600 3123 in
1648 3082 1804 3134 quam
1855 3064 2077 3134 ingressi

507 3180 628 3225 sunt
660 3181 710 3222 ut
748 3169 1161 3237 requiescerent.
1193 3162 1323 3218 Cum
1355 3170 1481 3216 vero
1502 3160 1661 3215 febris
1687 3157 1757 3213 ita
1791 3158 2080 3212 invalesce-

509 3271 609 3324 ret,
644 3269 702 3314 ut
748 3273 804 3312 se
836 3263 919 3310 vix
970 3271 1183 3311 movere.
1230 3263 1427 3320 posset,
1459 3254 1509 3305 in
1542 3251 1653 3319 ipsa
1695 3250 1943 3318 spelunca
1972 3258 2083 3303 tres

511 3354 621 3408 dies
645 3350 965 3406 commorati
1011 3356 1154 3403 sunt.
1186 3346 1333 3399 'l‘unc
1364 3359 1527 3399 senex
1562 3343 1615 3396 in
1642 3344 1844 3396 somnis
1879 3340 2085 3408 aspexit

509 3442 792 3511 quemdam
838 3447 1100 3493 astantem
1158 3436 1292 3500 sibi,
1316 3443 1369 3490 et
1408 3435 1714 3488 dicentem:
1757 3431 1866 3496 Dic,
1896 3445 2078 3497 senex,

514 3552 617 3603 quo
660 3536 738 3589 ire
759 3534 869 3587 vis?
906 3530 1195 3599 Respondit
1230 3548 1242 3581 :
1278 3529 1331 3581 In
1375 3533 1608 3581 montem
1654 3524 1798 3579 Sina.
1830 3522 1963 3576 Dicit
1988 3522 2081 3576 ei:

510 3626 607 3691 Ne,
638 3641 842 3695 qumso,
870 3640 935 3678 ne
962 3622 1182 3677 recedas
1219 3621 1363 3673 hinc.
1393 3618 1526 3672 Cum
1557 3630 1686 3671 vero
1723 3615 1836 3670 seni
1867 3614 1918 3668 id
1965 3628 2089 3683 per-

513 3718 742 3771 suadere
772 3732 874 3770 non
902 3710 1398 3784 posset,ab~cessit.
1430 3708 1614 3762 Febris
1629 3722 1755 3761 Vero
1773 3706 1887 3760 seni
1912 3704 2087 3760 acrius

513 3810 704 3863 intesta
758 3817 890 3861 erat.
922 3805 1127 3858 Rursus
1160 3811 1315 3854 nocte
1343 3799 1584 3867 sequenti
1617 3799 1751 3851 idem
1776 3799 1887 3852 seni
1922 3797 2089 3851 astitit

514 3901 703 3955 eodem
760 3899 961 3961 habitu,
996 3906 1047 3949 ct
1076 3895 1148 3949 ait
1174 3912 1184 3945 :
1217 3893 1373 3960 Quid,
1402 3893 1602 3957 senior,
1635 3889 1794 3959 affligi
1824 3890 1939 3944 vis?
1964 3892 2088 3945 audi

514 4006 625 4057 me,
648 3999 703 4044 et
723 4005 982 4057 nusquam
1008 3988 1128 4040 hinc
1160 3984 1533 4052 proﬁciscaris.
1558 3982 1643 4036 Ait
1673 3981 1747 4035 illi
1777 3996 1939 4037 senex
1968 4000 1982 4035 :
2010 3983 2090 4035 'l‘u

518 4082 760 4148 quisnam
790 4079 883 4130 es?
918 4075 1217 4144 Ruspmnlet
1249 4075 1292 4126 is
1323 4072 1413 4141 qui
1442 4079 1759 4140 apparuerat
1792 4087 1804 4122 :
1838 4071 1947 4140 Ego
1973 4086 2089 4124 sum

518 4172 748 4227 Joannes
778 4168 1006 4237 Baptista
1040 4184 1053 4230 ;
1088 4175 1144 4218 et
1170 4163 1289 4217 ideo
1318 4163 1407 4216 tibi
1441 4162 1601 4231 jubeo
1632 4172 1687 4214 ut
1717 4177 1974 4229 nusquam
2001 4177 2094 4215 re-

2182 2981 2425 3049 speciosa
2455 2991 2568 3035 erat
2595 2996 2655 3035 ac
2702 2990 2861 3035 tantze
2892 2981 3317 3051 pulchritudinis,
3350 2992 3408 3035 ut
3437 2996 3539 3035 non
3574 2991 3756 3048 posset

2184 3070 2463 3141 presbyter
2493 3070 2686 3123 nudam
2715 3086 2833 3125 eam
2867 3077 3052 3126 sancto
3079 3072 3197 3124 oleo
3221 3072 3471 3141 inungere
3500 3071 3755 3141 (l).Cum

2184 3162 2260 3216 sic
2282 3176 2407 3215 vero
2439 3160 2610 3229 puella
2652 3160 2757 3215 illic
2780 3162 3062 3215 mansisset
3083 3161 3215 3215 duos
3236 3162 3373 3227 dies,
3404 3162 3627 3217 audiens
3658 3162 3757 3215 hoc

2186 3252 2623 3320 archiepiscOpus
2654 3252 2841 3305 Petrus
2870 3251 3139 3319 obstupuit
3154 3253 3222 3307 (le
3242 3266 3369 3307 sene
3389 3253 3755 3316 vehementer,

2183 3343 2454 3412 voluitque
2472 3342 2535 3396 ad
2558 3344 2657 3396 hoc
2676 3357 2809 3410 opus
2829 3343 3075 3413 delegare
3085 3343 3432 3397 diacuuissam
3453 3344 3777 3408 mulierem;

2186 3438 2280 3491 sed
2307 3436 2358 3491 id
2397 3452 2500 3490 non
2526 3435 2672 3501 fecit,
2695 3449 2764 3489 ne
2781 3447 2963 3490 contra
2986 3450 3217 3491 canones
3249 3436 3437 3490 fecisse
3461 3435 3757 3489 videretur.

2185 3526 2372 3582 Conon
2396 3541 2523 3582 vero
2568 3528 2866 3597 presbyter,
2897 3535 3108 3594 sumpta
3150 3527 3342 3581 melote
3371 3540 3486 3589 sua,
3512 3528 3756 3588 recessit,

2188 3617 2371 3673 dicens
2398 3635 2417 3673 :
2447 3620 2564 3674 Jam
2606 3633 2709 3671 nou
2731 3618 2956 3685 amplius
2984 3618 3037 3672 in
3065 3617 3164 3673 hoc
3202 3619 3318 3673 loco
3350 3619 3599 3674 manebo.
3626 3618 3759 3673 Cum

2188 3726 2316 3781 ergo
2342 3711 2562 3766 exiisset
2601 3712 2665 3763 ad
2692 3710 2879 3774 colles,
2909 3724 3035 3765 cete
3080 3720 3293 3763 sanctus
3316 3710 3550 3766 Joannes
3578 3711 3756 3777 Bapti-

2189 3810 2270 3858 sta
2312 3803 2500 3855 ohrius
2546 3801 2617 3855 illi
2650 3800 2817 3855 factus
2842 3811 2945 3866 est,
2977 3810 3033 3856 et
3061 3801 3343 3870 tranquilla
3383 3815 3515 3855 voce
3568 3800 3761 3857 aﬂ’atus

2191 3900 2275 3946 est
2304 3891 2473 3955 illum,
2498 3890 2716 3945 dicens:
2746 3889 3039 3961 Revertere
3067 3889 3134 3943 ad
3166 3890 3542 3945 monasterium
3589 3900 3759 3955 tuum,

2191 3983 2366 4038 ethoc
2389 3993 2439 4035 te
2468 3981 2609 4036 bel’o
2640 3980 2847 4035 levabo.
2868 3980 3044 4034 Abbas
3072 3995 3200 4035 vero
3226 3981 3410 4035 Conon
3442 3980 3516 4033 ait
3540 3980 3614 4033 illi
3642 3995 3763 4034 cum

2194 4072 2553 4141 indignatione
2581 4086 2596 4125 :
2630 4069 2766 4123 Vere
2790 4084 2892 4129 non
2915 4079 3175 4123 revertar.
3212 4071 3346 4123 Ecce
3372 4070 3512 4123 enim
3537 4069 3647 4137 jam
3677 4076 3760 4121 to-

2194 4165 2292 4217 ties
2322 4162 2588 4229 pollicitus
2614 4176 2671 4214 es
2697 4161 2823 4213 mihi
2846 4159 3006 4225 istud,
3048 4175 3144 4215 nec
3170 4160 3358 4213 fecisti.
3379 4159 3529 4213 Tunc
3550 4170 3764 4214 sanctus

519 4267 713 4331 cedas,
759 4279 879 4318 nam
920 4261 1170 4328 Spelunca
1220 4257 1316 4338 ista
1349 4257 1521 4311 brevis
1573 4257 1741 4325 major
1771 4263 1855 4310 est
1906 4256 2155 4318 memet)
2189 4254 2422 4309 Joannes
2470 4269 2590 4305 eum
2639 4251 2827 4305 sedere
2876 4251 3042 4319 fecit,
3090 4251 3382 4320 amotisque
3429 4254 3764 4305 vestimentis

518 4361 667 4415 Sina.
700 4358 903 4424 Quippe
934 4354 985 4407 in
1019 4354 1153 4405 hanc
1186 4352 1379 4420 saepius
1406 4349 1657 4407 Dominus
1687 4359 1865 4405 noster
1902 4347 2079 4406 Jesus.

517 4466 637 4503 cum
669 4462 753 4501 me
775 4446 1034 4511 visitaret,
1061 4443 1326 4512 ingressus
1353 4451 1452 4497 est.
1483 4442 1740 4497 Pollicere
1766 4457 1893 4511 ergo
1930 4440 2081 4507 mihi,

520 4540 658 4609 quod
703 4539 787 4593 hic
816 4535 1097 4602 lmbitabis,
1121 4543 1175 4587 et
1213 4550 1309 4603 ego
1336 4550 1456 4588 mox
1490 4535 1583 4589 tibi
1620 4536 1899 4588 sanitatem
1930 4533 2085 4585 resti-

522 4645 631 4688 tuo.
667 4629 816 4697 Quod
869 4642 1036 4684 senex
1088 4625 1331 4692 audiens,
1361 4626 1586 4683 libenter
1616 4625 1900 4695 spopondit
1941 4639 2000 4677 se
2034 4623 2085 4675 iu

522 4722 707 4777 eadem
735 4720 983 4789 spelunca
1016 4733 1440 4788 permansurum.
1470 4719 1533 4773 Et
1555 4718 1807 4773 continuo
1826 4730 1986 4769 sanus
2012 4716 2088 4769 et-

523 4812 712 4876 fectus,
745 4815 1099 4879 perseveravit
1147 4809 1343 4865 ibidem
1393 4820 1502 4864 toto
1528 4811 1650 4863 vitae
1678 4822 1787 4861 suae
1828 4816 2086 4871 tempore.

525 4904 843 4969 Speluncam
876 4917 999 4957 vero
1048 4901 1188 4955 illam
1222 4900 1346 4955 fecit
1395 4898 1697 4963 ecclesiam,
1724 4893 2093 4964 congregavit-

525 5009 628 5062 que
655 4993 863 5046 fratres.
897 4993 1203 5063 Appellatur
1220 5003 1395 5047 autem
1423 4992 1566 5044 lucus
1592 4989 1677 5041 ille
1700 4988 1911 5052 Sapsas.
1935 4983 2094 5036 Juxta

527 5084 668 5140 illam
714 5084 778 5137 ad
811 5084 990 5137 laevam
1039 5084 1171 5138 situs
1200 5094 1282 5140 est
1308 5092 1519 5136 torrens
1563 5079 1816 5135 Chorath,
1848 5075 1912 5127 ad
1934 5088 2091 5142 quem

531 5176 726 5230 missus
754 5186 832 5230 est
873 5176 1010 5232 Elias
1041 5185 1280 5246 tempore
1324 5172 1601 5235 siccitatis,
1630 5184 1694 5224 ex
1723 5169 1952 5220 adverso
1971 5164 2090 5218 Jor-

530 5265 700 5320 danis.

1150 5353 1373 5409 CAPUT
1420 5351 1479 5404 ll.

607 5448 678 5502 De
699 5450 849 5511 Sena,
869 5453 955 5521 ιιιιί
982 5452 1032 5504 in
1067 5450 1274 5522 propria
1301 5446 1544 5514 spelunca
1569 5442 1803 5512 pascebat
1835 5441 2027 5493 leones.

604 5542 721 5596 Fuit
775 5546 825 5598 in
870 5544 1060 5600 eodem
1092 5544 1210 5596 loco
1233 5541 1420 5606 Sapsa,
1445 5551 1779 5590 commorans
1821 5534 1872 5587 iu
1901 5533 2098 5600 spelaea

2146 4390 2157 4397 .
2188 4346 2323 4418 ejus.
2354 4344 2581 4412 signavit
2603 4357 2724 4395 eum
2758 4350 2839 4396 ter
2877 4343 3028 4413 signo
3050 4343 3221 4397 crucis
3249 4344 3347 4395 sub
3381 4342 3649 4409 umbilico,
3678 4343 3762 4399 di-

2188 4443 2369 4510 xitque
2390 4437 2438 4495 ei
2471 4454 2484 4492 :
2519 4434 2687 4495 Crede
2717 4434 2866 4506 mihi,
2892 4436 3173 4509 presbyter
3203 4435 3407 4499 Conon,
3441 4438 3683 4491 volebam
3715 4448 3767 4492 te

2189 4546 2285 4603 pro
2314 4532 2412 4586 hac
2440 4546 2609 4599 pugna
2666 4530 2910 4583 mercede
2953 4530 3171 4594 donari;
3217 4529 3309 4583 sed
3351 4527 3472 4597 quia
3511 4543 3614 4581 non
3655 4529 3767 4593 vis,

2190 4640 2314 4681 ecce
2357 4622 2549 4678 abstuli
2584 4640 2612 4676 a
2640 4631 2689 4676 te
2721 4622 2822 4675 hoc
2854 4621 3071 4684 bellum,
3105 4620 3350 4675 mercede
3397 4627 3574 4674 autem
3614 4617 3770 4686 hujus

2190 4719 2371 4787 operis
2397 4715 2626 4770 carebis.
2656 4714 2921 4769 Reversus
2947 4714 3225 4782 presbyter
3246 4709 3298 4763 in
3328 4710 3656 4769 cteuobium.
3676 4707 3766 4762 ubi

2194 4810 2466 4879 baptizare
2493 4816 2867 4868 consueverat,
2901 4805 2952 4858 in
2984 4804 3271 4859 crastinum
3299 4812 3512 4855 unctam
3538 4800 3765 4869 puellam

2194 4901 2497 4969 baptizavit,
2525 4915 2697 4968 neque
2741 4900 2950 4967 penitus
2994 4895 3510 4951 auimadvertiteam
3533 4906 3652 4948 esse
3674 4908 3772 4945 na-

2196 5011 2308 5053 tura
2342 4997 2640 5050 muliercm.
2667 4992 2912 5061 Implevit
2933 5002 3107 5045 autem
3139 4997 3194 5043 et
3220 4989 3357 5042 alios
3373 4999 3544 5041 annos
3569 4984 3774 5039 duode-

2196 5091 2299 5143 cim
2360 5089 2411 5141 in
2470 5083 2771 5154 baptizandi
2848 5082 3144 5137 ministerio
3192 5087 3336 5135 tanta
3387 5076 3775 5144 tranquillitate

2196 5179 2359 5234 animi
2402 5188 2451 5232 et
2484 5174 2745 5243 corporis,
2781 5182 2838 5227 ut
2888 5173 3091 5228 nullum
3133 5172 3267 5225 ultra
3322 5171 3548 5224 sentiret
3593 5169 3774 5221 carnis

2200 5281 2425 5329 motum,
2461 5283 2631 5335 neque
2654 5265 2928 5319 mulierem
2960 5272 3149 5317 natura
3178 5261 3403 5316 videret.
3431 5259 3607 5328 Atque
3627 5255 3700 5312 ita
3722 5256 3789 5316 in

2203 5375 2334 5429 pace
2359 5363 2760 5414 consummatus
2782 5362 2884 5409 est.

2804 5443 3030 5501 CAPUT
3071 5444 3134 5498 IV

2663 5535 2804 5590 Visio
2856 5533 3048 5587 abbatis
3093 5532 3311 5589 Leontii.

538 5651 703 5691 senex
732 5637 865 5688 alius
896 5644 1055 5690 tanta:
1076 5631 1309 5693 virtutis,
1337 5638 1394 5683 ut
1422 5630 1604 5683 leones
1632 5641 1811 5682 secum
1839 5628 1889 5680 in
1916 5626 2101 5679 eadem
2131 5636 2182 5695 Γ
2280 5631 2527 5685 Narravit
2554 5630 2706 5685 nobis
2736 5628 2901 5681 abbas
2925 5626 3199 5690 Leontius,
3221 5625 3451 5681 ρωποι)Ῑί
3474 5624 3647 5679 sancti
3682 5623 3793 5681 PI";

538 5730 782 5795 spelunca
804 5729 1118 5798 susciperet,
1143 5738 1301 5795 atque
1317 5724 1494 5779 cibum
1514 5724 1595 5778 eis
1622 5724 1672 5777 iu
1700 5738 1797 5777 suo
1824 5723 1938 5775 sinu
1970 5738 2105 5781 prte-

538 5816 682 5877 beret
708 5864 721 5886 ,
753 5824 885 5878 adeo
914 5821 1090 5877 divina
1119 5819 1283 5888 gratia
1318 5818 1505 5887 plenus
1533 5826 1648 5870 erat
1671 5815 1749 5870 vir
1776 5815 1888 5870 Dei.

2212 5725 2306 5778 tris
2337 5722 2505 5775 nostri
2533 5719 2821 5775 Theodosii
2849 5717 3298 5781 autistes,dicens
3324 5734 3336 5768 :
3370 5717 3654 5784 Postquam
3704 5715 3781 5769 fu-

2210 5814 2317 5881 gati
2349 5822 2469 5867 sunt
2498 5812 2564 5866 ab
2593 5810 2894 5867 iulidelibus
2915 5808 3340 5893 persecutionem
3366 5806 3510 5878 passi
3532 5805 3777 5863 monachi
