4052 6362
310 390 417 449 195

1562 387 1846 444 ιδῐιΑτυΜ
1885 387 2315 445 SPlRlTUALE.

3472 391 3573 446 126

309 520 531 584 propter
579 522 770 565 novum
824 508 1226 573 monasterium,
1256 506 1398 578 quod
1449 506 1645 561 dicitur
1689 505 1886 570 Lanra,
1914 506 1960 562 Α
1992 504 2120 558 Erat
2139 514 2317 560 autem
2346 503 2665 564 Parasceves
2693 504 2841 563 dies:
2864 505 3279 564 Dominicavero
3308 505 3394 562 die
3417 522 3575 565 mane

306 606 437 661 illuc
464 618 576 677 ego
604 605 871 674 profectus
912 616 1053 667 sum,
1085 601 1361 668 mansique
1392 600 1445 653 in
1476 600 1662 653 eadem
1691 596 1883 652 Laura.

305 696 551 774 Quodam
576 710 703 748 vero
730 692 818 747 die
845 692 1115 746 Dominico
1142 691 1393 746 descendi
1420 691 1472 744 in
1502 689 1805 753 ecclesiam,
1824 696 1891 742 ut

268 787 279 797 ”
308 789 610 856 acciperem
634 801 781 841 sacra
812 787 1085 854 mysteria.
1106 784 1484 854 Ingressusque
1500 783 1604 836 vidi
1628 782 1887 852 Angelum

311 888 541 935 stantem
586 877 651 931 ad
682 878 933 932 dextrum
969 877 1154 931 altaris
1183 890 1374 938 cornu,
1392 889 1444 929 et
1468 889 1662 945 magno
1691 886 1889 941 pavore

306 979 610 1040 correptus,
638 984 884 1024 reversus
911 983 1027 1022 sum
1052 968 1105 1020 in
1135 967 1378 1023 cellulam
1422 980 1617 1020 meam.
1647 964 1717 1018 Et
1744 962 1891 1016 venit

308 1060 442 1116 mihi
474 1077 571 1114 vox
603 1061 670 1115 de
700 1059 857 1123 caelo,
888 1058 1107 1111 dicens:
1136 1056 1212 1110 Ex
1236 1071 1341 1125 quo
1388 1055 1775 1109 sanctiﬁcatum
1807 1060 1891 1108 est

307 1155 479 1214 altare
502 1153 666 1219 istud,
686 1166 785 1222 ego
809 1148 1003 1221 jugiter
1042 1149 1115 1202 illi
1137 1159 1312 1204 astare
1334 1150 1516 1216 jussus
1535 1161 1654 1202 sum
1678 1147 1716 1200 ¹.

943 1256 1169 1314 CAPUT
1190 1258 1250 1312 ν.

424 1373 622 1428 Relatio
650 1370 843 1426 abbatis
876 1368 1206 1440 Polycln'anii
1235 1370 1298 1422 de
1325 1368 1483 1424 tribus
1503 1367 1788 1422 monachis.

389 1486 557 1540 Abbas
594 1470 977 1554 Pol'ychronius
1008 1481 1246 1550 ejusdem
1277 1496 1427 1535 nova:
1450 1480 1650 1535 Laurze'
1669 1480 1875 1550 presby.

306 1591 411 1646 ter,
444 1578 679 1632 narravit
722 1577 884 1640 mihi,
911 1576 1099 1630 dicens
1130 1593 1141 1627 :
1172 1575 1303 1629 Cum
1332 1575 1575 1629 sederem
1605 1574 1891 1642 aliquando

305 1671 367 1725 in
422 1670 747 1725 monasterio
775 1668 1021 1721 Turrium
1050 1666 1298 1721 Jordanis
1317 1708 1331 1731 ,
1365 1681 1527 1719 unum
1559 1666 1667 1720 illic
1694 1681 1758 1720 ex
1785 1664 1892 1719 fra-

304 1762 482 1817 tribus
533 1761 882 1816 animadverti
932 1762 1011 1814 sui
1053 1760 1215 1827 ipsius
1273 1761 1727 1831 negligentem,et
1757 1774 1890 1813 nun-

1993 596 2273 667 requievit.

2340 712 2343 715 .
2587 666 2813 723 CAPUT
2840 668 2971 723 Vill.

2286 756 2400 809 Vita
2455 756 2648 811 abbatis
2678 759 2971 828 Myrogenis
2998 757 3286 829 IiytIrOpici.

2062 847 2234 902 Senex
2264 848 2478 918 quidam
2504 857 2621 903 erat
2649 850 2700 902 in
2734 850 2921 903 eodem
2952 849 3275 903 monasterio
3302 848 3570 914 Turrium,

1994 940 2310 1011 Myrogeues
2358 943 2592 1008 nomine,
2626 943 2711 1011 qui
2738 943 2900 1014 865
2930 943 2999 996 ob
3046 941 3264 999 nimiam
3294 942 3579 996 austerita-

1994 1042 2099 1086 tem
2138 1032 2261 1086 vitte
2310 1032 2640 1104 hydropicus
2669 1034 2890 1089 effectus
2920 1032 3110 1087 fuerat.
3146 1032 3364 1087 Dicebat
3398 1041 3575 1085 autem

1990 1122 2184 1194 jngiter
2233 1123 2313 1177 his
2361 1124 2600 1191 senibus,
2629 1125 2716 1192 qui
2748 1124 2814 1178 ad
2859 1139 2982 1177 eum
3029 1123 3416 1177 conveniebant
3444 1121 3577 1175 visi-

1997 1214 2137 1270 tandi
2168 1217 2333 1283 gratia
2367 1232 2383 1273 ;
2412 1218 2569 1269 t‘rate
2594 1231 2687 1284 pro
2717 1231 2824 1279 me,
2849 1216 3053 1279 Patres,
3071 1229 3136 1268 ne
3166 1214 3386 1268 interior
3416 1212 3577 1267 homo

1996 1307 2315 1377 hydropicus
2340 1306 2448 1361 ﬁat.
2479 1308 2586 1377 Ego
2618 1307 2783 1372 enim,
2818 1318 2873 1361 ut
2900 1306 2955 1360 in
2988 1306 3087 1361 hac
3115 1305 3427 1360 inﬁrmitate
3458 1303 3576 1358 diu-

1993 1397 2095 1450 tius
2125 1398 2337 1463 durem,
2374 1399 2536 1452 Deum
2569 1414 2686 1453 oro.

2066 1487 2140 1541 De
2170 1486 2269 1541 hoc
2292 1488 2482 1542 abbate
2510 1488 2794 1559 Myrogene
2825 1503 2947 1542 cum
2987 1486 3278 1541 audivisset
3300 1485 3576 1555 Jerosoly—

1995 1578 2229 1632 mitauus
2260 1578 2695 1648 archiepiseotnis
2747 1580 3083 1642 Eustochius,
3114 1577 3287 1633 voluit
3336 1576 3402 1630 ad
3451 1592 3575 1630 eum

1995 1666 2207 1721 mittere
2253 1684 2586 1739 quaecunque
2617 1678 2769 1723 erant
2802 1669 3129 1729 necessaria,
3170 1667 3263 1720 sed
3296 1666 3385 1721 ille
3435 1681 3575 1719 nun-

1994 1774 2149 1827 quam
2176 1759 2245 1813 ab
2272 1776 2335 1815 eo
2363 1752 2647 1830 quidquam
2671 1759 2943 1814 consensit
2969 1758 3231 1826 accipere.
3263 1756 3372 1811 lloc
3395 1764 3571 1810 autem

302 1868 468 1923 quam
513 1862 714 1907 sanctae
750 1853 856 1907 diei
902 1852 1182 1906 dominica:
1235 1865 1491 1905 canonem
1542 1852 1885 1920 implentem;
1924 1880 1967 1939 Β
1995 1854 2162 1907 solum
2200 1852 2274 1907 illi
2304 1853 2636 1922 significabat
2661 1871 2672 1904 :
2697 1852 2800 1906 Ora
2831 1868 2925 1922 pro
2951 1866 3055 1916 me,
3082 1850 3258 1913 Pater,
3293 1859 3347 1904 ut
3380 1848 3576 1904 libcrer

301 1954 429 2015 post
476 1944 743 1998 modicum
778 1959 904 1997 vero
960 1943 1214 2012 temporis
1253 1942 1498 1997 eumdem
1540 1943 1726 2011 aspexi
1768 1957 1890 1997 eum

298 2038 453 2094 omni
488 2037 664 2092 studio
688 2042 743 2090 et
792 2037 1065 2091 alacritate
1119 2051 1178 2091 se
1206 2045 1567 2091 exercentem.
1598 2036 1749 2090 Tunc
1791 2051 1891 2105 ego

296 2129 415 2184 dixi
442 2129 489 2183 ei
516 2146 528 2181 :
560 2128 710 2183 Nunc
739 2129 943 2196 optime
974 2127 1123 2194 facis,
1155 2143 1336 2181 curam
1364 2128 1434 2179 tui
1467 2142 1680 2196 gerens,
1705 2126 1887 2182 frater.

297 2221 405 2286 Qui
435 2219 508 2275 ait
537 2219 664 2273 mihi
691 2238 703 2272 :
737 2220 959 2274 Domine
996 2218 1169 2286 Pater,
1187 2219 1345 2273 modo
1367 2221 1653 2273 moriturus
1670 2236 1810 2288 sum,
1834 2229 1890 2275 el.

298 2323 424 2383 post
452 2312 566 2367 dies
597 2322 705 2366 tres
730 2321 974 2368 mortuus
1005 2321 1110 2366 est.

375 2405 577 2459 Rursus
602 2406 741 2459 idem
763 2404 925 2457 abbas
960 2403 1345 2474 Polychrunins
1378 2406 1608 2458 narravit
1640 2403 1889 2471 milii,di-

293 2514 430 2555 cens
456 2516 472 2553 :
502 2496 636 2552 Cum
665 2500 718 2552 in
750 2498 936 2551 eodem
970 2499 1294 2553 monasterio
1323 2497 1568 2551 Turrium
1607 2499 1886 2554 defunctus

291 2598 446 2646 esset
486 2589 747 2658 quispiam
775 2590 1016 2654 fratrum,
1049 2589 1180 2643 dixit
1208 2589 1336 2643 mihi
1372 2589 1746 2657 dispensator:
1783 2590 1886 2645 Fac

290 2683 637 2747 charitatetn,
667 2690 721 2735 et
752 2681 894 2744 veni,
923 2691 979 2735 ut
1010 2682 1189 2736 fratris
1218 2698 1341 2736 vasa
1375 2683 1425 2736 in
1464 2684 1636 2737 locum
1662 2683 1881 2753 dispen-

290 2772 522 2829 sationis
569 2772 889 2826 deferamus.
915 2772 1045 2827 Cum
1079 2789 1207 2843 ergo
1238 2775 1378 2829 ferre
1406 2776 1773 2842 cmpissemus,
1799 2790 1884 2829 as-

289 2865 438 2935 picio
455 2865 876 2934 dispensatorem
910 2865 1147 2933 flentem,
1172 2867 1256 2922 cui
1288 2868 1396 2922 dixi
1432 2887 1444 2923 :
1488 2869 1648 2936 Quid,
1677 2884 1879 2939 qnzeso,

286 2958 368 3011 ita
397 2957 594 3025 ploras,
618 2957 795 3012 abba?
831 2957 962 3024 Quia
989 3003 1003 3026 ,
1029 2960 1202 3029 inquit
1230 2960 1342 3025 ille,
1368 2960 1524 3015 hodie
1556 2961 1734 3015 fratris
1756 2976 1880 3016 vasa

288 3046 439 3111 fero,
468 3055 523 3102 et
553 3058 671 3116 post
696 3050 827 3102 duos
854 3051 968 3104 dies
994 3050 1084 3104 alii
1110 3051 1398 3119 portabunt
1422 3068 1559 3106 mea.
1591 3053 1881 3121 Tertiaque

286 3138 385 3195 die
409 3139 670 3210 requievit
700 3141 862 3197 frater
892 3142 999 3207 ille,
1020 3144 1159 3197 sicut
1179 3142 1520 3209 pra-dixerat,
1544 3160 1662 3197 cum
1697 3144 1879 3198 Domi-

285 3245 399 3289 nus
420 3247 541 3287 eum
569 3231 908 3300 singulariter
934 3232 985 3286 in
1003 3247 1099 3302 spe
1125 3234 1508 3288 constituisset.

915 3346 1143 3403 CAPUT
1175 3349 1260 3404 Vl.

893 3461 1098 3535 jusdem
1127 3463 1329 3520 relatio.

365 3569 513 3625 idem
542 3570 685 3627 enim
713 3572 877 3627 abbas
900 3574 1285 3645 Polychronius
1313 3579 1595 3650 presbyter
1624 3579 1727 3635 hoc
1746 3593 1875 3635 nar-

281 3664 449 3728 ravit,
483 3663 623 3732 quod
646 3679 766 3718 cum
790 3677 932 3721 esset
949 3666 1003 3720 in
1026 3669 1349 3723 monasterio
1375 3670 1582 3724 abbatis
1608 3670 1879 3726 Constan-

283 3754 389 3810 Iini
414 3755 664 3809 antistitis
690 3758 995 3812 monasterii
1023 3768 1221 3814 sanctae
1237 3760 1418 3816 Mariae
1449 3762 1541 3818 Dei
1569 3764 1869 3834 genitricis,

283 3861 413 3917 qua
442 3845 585 3901 Nova
628 3848 841 3912 dicitur,
873 3850 1077 3905 audivit
1104 3851 1385 3920 quemdam
1437 3853 1658 3908 fratrum
1688 3855 1742 3909 in
1775 3872 1868 3911 xe-

286 3938 566 3994 nodncliio
592 3940 959 3997 Jerichuntino
989 3944 1338 4013 requievisse,
1366 3961 1521 4015 quem
1570 3962 1690 4001 cum
1718 3963 1872 4004 acce-

287 4031 498 4099 pissent
523 4027 734 4098 fratres,
765 4040 825 4086 ut
857 4032 1060 4087 ferrent
1093 4035 1160 4089 ad
1189 4038 1570 4092 monasterium
1599 4038 1875 4107 Turrium,

286 4130 346 4177 et
365 4121 672 4191 sepelirent,
703 4137 770 4178 ex
799 4139 905 4192 quo
948 4124 1052 4179 iter
1079 4140 1238 4195 agere
1272 4143 1391 4182 cum
1434 4144 1665 4199 corpore
1691 4145 1875 4199 ccepe—

286 4224 439 4281 rnnt,
471 4215 620 4269 stella
642 4229 799 4284 supra
825 4218 1056 4272 defuncti
1086 4230 1243 4288 caput
1274 4222 1424 4290 quasi
1456 4237 1638 4278 comes
1669 4224 1878 4279 itineris

285 4321 556 4378 apparere
584 4323 687 4362 non
720 4308 942 4379 destitit,
974 4312 1144 4366 donec
1169 4314 1342 4382 ipsum
1372 4317 1661 4385 sepulturae
1695 4318 1875 4373 trade-

286 4406 431 4454 rent.

892 4470 1122 4527 CAPUT
1164 4474 1273 4530 VII.

293 4555 422 4610 Vita
444 4566 493 4613 et
516 4574 651 4613 mors
670 4561 941 4631 cuiusdam
965 4564 1235 4636 senis._qui
1252 4568 1495 4621 recusavit
1521 4568 1678 4623 abbas
1700 4568 1877 4636 [ierim

787 4635 1091 4687 monasterio
1115 4633 1377 4690 Turrium.

367 4720 516 4774 Alius
544 4721 759 4790 quidam
803 4738 965 4779 senex
998 4726 1217 4781 sedebat
1258 4728 1309 4781 in
1340 4729 1526 4784 eodem
1554 4733 1875 4787 monasterio

292 4810 544 4864 Turrium
579 4830 590 4864 :
628 4811 813 4868 Patres
863 4816 1021 4883 igitur
1044 4817 1285 4887 ejusdem
1317 4824 1626 4877 monasterii
1673 4823 1873 4893 ipsum,

291 4911 351 4954 ut
381 4916 629 4972 magnum
658 4916 708 4957 et
731 4906 1010 4961 virtutibus
1037 4910 1258 4975 clarum,
1291 4915 1571 4967 voluerunt
1597 4915 1697 4970 sibi
1747 4931 1877 4971 con-

290 4993 516 5049 stituere
559 4995 823 5051 abbatem.
858 4998 1030 5053 Senex
1057 5015 1184 5055 vero
1210 5004 1427 5073 orabat,
1462 5005 1648 5061 dicens
1676 5023 1691 5061 :
1729 5008 1877 5078 Igno-

289 5084 427 5140 scite
460 5086 607 5150 mihi,
637 5087 837 5154 Patres,
858 5102 909 5144 et
933 5092 1217 5159 permittite
1239 5110 1325 5149 me
1356 5096 1481 5152 ﬁere
1504 5110 1716 5167 peccata
1734 5116 1869 5155 mea.

293 5176 410 5248 Ego
431 5179 570 5232 cnim
604 5183 723 5234 talis
757 5186 929 5237 meriti
963 5201 1066 5240 non
1096 5203 1241 5254 sum,
1272 5200 1328 5243 ut
1352 5192 1548 5259 possim
1574 5194 1871 5250 animarum

291 5282 474 5323 curam
502 5286 688 5341 gerere
721 5292 733 5327 :
768 5277 1034 5345 negotium
1081 5280 1223 5334 istud
1258 5297 1572 5352 magnorum
1599 5294 1653 5339 et
1697 5289 1874 5341 excel-

292 5360 515 5415 lentium
570 5363 781 5420 Patrum
837 5377 939 5432 est,
977 5372 1214 5438 Antonii,
1249 5374 1542 5441 Pachumii,
1595 5378 1872 5449 sanctique

288 5452 576 5545 Theodori.
602 5457 732 5511 Cum
766 5476 890 5516 vero
942 5464 1126 5519 fratres
1178 5468 1252 5521 illi
1288 5484 1389 5523 non
1445 5472 1863 5545 acquiescerent,

289 5541 571 5615 ipsumque
598 5547 786 5604 diebus
835 5554 1059 5624 singulis
1089 5569 1324 5624 orarent,
1358 5562 1546 5617 videns
1599 5579 1658 5619 se
1688 5566 1753 5619 ab
1778 5541 1866 5622 eis

290 5636 509 5695 nimium
562 5644 757 5709 urgeri,
789 5645 922 5699 dixit
949 5650 1025 5701 cis
1060 5668 1070 5702 :
1099 5651 1399 5709 Permittite
1443 5671 1529 5710 me
1558 5656 1725 5711 tribus
1752 5659 1867 5714 die-

234 5812 235 5815 ,
287 5725 388 5783 bus
404 5744 643 5797 orare,et
667 5734 919 5806 quidquid
944 5756 1023 5794 me
1060 5736 1861 5816 Deusfacercjnsserit,faciam.

363 5842 588 5901 ‘Siutilc
618 5846 773 5911 infra,
805 5864 855 5905 c.
897 5852 974 5905 l0.

1994 1943 2062 1999 ab
2092 1952 2296 1999 aeterno
2323 1944 2583 1999 cruciatu.

2605 2034 2832 2090 CAPUT
2871 2033 2960 2087 ιχ.

2180 2128 2257 2182 De
2285 2129 2416 2181 mira
2444 2128 2715 2198 cujusdam
2742 2128 2904 2181 sancti
2935 2125 3110 2180 Patris
3137 2126 3405 2179 charitate.

2067 2217 2259 2287 lnipso
2292 2220 2616 2271 monasterio
2662 2217 2936 2282 Turrium,
2988 2231 3150 2271 senex
3197 2217 3410 2285 quidam
3457 2224 3574 2270 erat

1990 2322 2191 2363 sanctae
2219 2310 2469 2363 unditatis
2492 2319 2543 2361 et
2569 2308 2925 2378 eleemosyua:
2950 2308 3104 2362 valde
3126 2308 3396 2361 studiosus
3418 2321 3570 2359 ama-

1993 2409 2093 2454 tor.
2128 2401 2364 2466 Quadam
2392 2416 2519 2468 ergo
2557 2400 2645 2453 die
2685 2401 2828 2451 venit
2868 2414 3066 2468 pauper
3091 2398 3157 2453 ad
3188 2398 3303 2465 ejus
3324 2398 3570 2453 cellulam

1990 2493 2384 2564 eleemnsynam
2433 2500 2656 2563 petens;
2711 2506 2874 2545 senex
2923 2508 3085 2558 vero,
3135 2507 3253 2545 cum
3316 2506 3422 2545 non
3473 2489 3575 2547 nisi

1990 2600 2149 2637 unum
2184 2599 2372 2651 panem
2435 2583 2673 2647 haberet,
2722 2585 2999 2654 proferens
3030 2587 3226 2653 ipsum,
3258 2583 3408 2638 dedit
3447 2599 3575 2651 pan-

1989 2676 2125 2745 peri.
2177 2677 2327 2729 Tunc
2354 2676 2481 2730 dicit
2508 2675 2556 2729 ei
2608 2690 2843 2744 pauper:
2878 2674 3010 2730 Nolo
3040 2690 3248 2744 panem,
3292 2675 3387 2729 sed
3424 2675 3575 2728 indu-

1990 2777 2252 2821 mentum.
2288 2767 2485 2821 V'olens
2528 2774 2703 2819 autem
2754 2767 2934 2819 senior
2961 2782 3151 2820 curare
3180 2766 3350 2831 illum,
3382 2779 3575 2834 appre-

1992 2857 2156 2913 hensa
2188 2872 2344 2911 manu
2372 2858 2509 2924 ejus,
2542 2856 2839 2909 introduxit
2870 2856 2920 2909 in
2951 2858 3197 2910 cellulam
3226 2870 3398 2908 suam.
3441 2854 3574 2907 Pau-

1985 2965 2081 3020 per
2109 2960 2285 3003 autem
2328 2964 2445 3001 eum
2475 2948 2582 3001 illic
2614 2947 2739 3000 nihil
2763 2950 2979 3000 omnino
3006 2947 3330 3009 invenisset,
3362 2943 3463 2998 nisi
3484 2958 3573 2998 so-

1982 3044 2090 3097 lum
2119 3042 2259 3112 quod
2291 3041 2378 3095 ille
2405 3040 2692 3105 induebat,
2734 3049 2877 3093 tanta
2907 3039 3053 3092 senis
3083 3040 3278 3091 virtute
3307 3051 3566 3103 compun-

1983 3141 2119 3195 ctus,
2152 3132 2310 3185 solvit
2357 3133 2627 3185 saeculum
2681 3146 2877 3197 suum,
2931 3138 2985 3183 et
3029 3130 3080 3183 in
3133 3129 3313 3183 medio
3360 3128 3571 3182 cellula:

1903 3256 1952 3319 ο
1982 3243 2314 3299 quzecunque
2345 3227 2571 3282 habebat
2612 3242 2898 3290 evacuans,
2930 3227 3061 3281 dixit
3092 3244 3103 3279 :
3140 3227 3303 3280 Sume
3331 3225 3453 3289 ista,
3485 3238 3571 3278 se-

1986 3319 2103 3373 nior
2126 3321 2343 3388 optime,
2375 3327 2430 3374 et
2458 3334 2556 3388 ego
2581 3318 2704 3372 alibi
2732 3334 2967 3386 quaeram
3004 3334 3124 3389 qua:
3170 3318 3298 3372 mihi
3326 3326 3450 3372 sunt
3474 3331 3569 3371 ue-

1988 3412 2240 3465 eessaria.

2621 3480 2850 3537 CAPUT
2890 3481 2958 3536 Χ.

2404 3561 2518 3615 Vita
2542 3560 2792 3615 Barnabaz
2815 3561 3163 3617 anachoreta.

2055 3656 2391 3712 Anaehnreta
2418 3655 2631 3721 quidam
2662 3667 2777 3710 erat
2807 3655 2859 3709 in
2880 3655 3150 3725 speluncis
3181 3653 3348 3708 sancti
3371 3652 3563 3707 Jorda-

1983 3761 2089 3801 ms.
2124 3746 2393 3800 Barnabas
2426 3744 2660 3800 nomine.
2691 3744 2789 3799 Hic
2812 3745 2901 3799 die
2938 3745 3164 3814 quadam
3188 3760 3306 3799 cum
3332 3744 3561 3798 descen-

1980 3836 2135 3890 deret
2162 3836 2349 3890 bibere
2386 3850 2576 3904 aquam
2605 3835 2672 3889 de
2701 3834 2955 3900 Joraane,
2987 3834 3142 3888 inﬁxa
3172 3844 3258 3888 est
3289 3834 3409 3903 pedi
3450 3834 3568 3902 ejus

1981 3942 2046 3980 ex
2090 3926 2349 3980 arundine
2398 3926 2619 3991 fesmca,
2678 3926 3078 3995 permansitque
3124 3927 3396 3981 stimulum
3446 3928 3570 3996 pedi

1983 4017 2204 4071 infixum
2240 4025 2427 4071 tenens
2452 4016 2671 4087 jugiter,
2701 4032 2874 4084 neque
2902 4033 3089 4087 passus
3112 4029 3196 4074 est
3223 4028 3279 4073 ut
3305 4034 3426 4085 eum
3458 4034 3571 4072 tne-

1984 4111 2135 4165 dicus
2164 4111 2393 4171 videret;
2448 4114 2625 4182 itaque
2666 4116 3009 4183 computruit
3039 4131 3130 4183 pes
3177 4115 3312 4185 ejus.
3343 4117 3571 4171 Coactus

1986 4215 2113 4256 vero
2137 4210 2218 4256 est
2243 4201 2535 4256 ascendere
2556 4202 2620 4255 ad
2645 4209 3027 4259 monasterium
3053 4205 3329 4271 Turrium,
3361 4208 3571 4277 sibique

1984 4308 2141 4346 unam
2170 4293 2412 4347 cellulam
2458 4294 2725 4362 accipere.
2759 4296 2923 4352 Porro
2960 4313 3052 4367 pes
3094 4298 3210 4366 ejus
3239 4300 3289 4352 in
3321 4298 3435 4353 dies
3476 4317 3571 4367 pu-

1986 4385 2251 4438 treseebat
2281 4385 2467 4454 magis.
2520 4386 2738 4441 Dicebat
2775 4397 2950 4443 autem
2985 4388 3064 4443 his
3104 4392 3194 4459 qui
3227 4390 3291 4445 ad
3324 4406 3446 4445 eum
3478 4407 3569 4447 ve-

1986 4472 2227 4537 niebant,
2258 4474 2399 4543 quod
2424 4488 2623 4544 quanto
2657 4479 2829 4549 magis
2877 4480 3040 4535 homo
3079 4484 3315 4537 exterior
3340 4484 3562 4552 patitur,

1986 4571 2132 4615 tanto
2152 4563 2380 4631 amplius
2410 4563 2630 4618 interior
2661 4567 2816 4623 viret.

2056 4653 2338 4722 Postquam
2370 4669 2499 4709 vero
2523 4658 2765 4712 ascendit
2792 4658 2954 4713 abbas
3003 4660 3270 4715 Barnabas
3319 4677 3387 4716 ex
3437 4677 3563 4731 spc-

1982 4724 2137 4799 iunca
2185 4760 2279 4798 sua
2305 4748 2371 4799 ad
2404 4747 2621 4813 Turres,
2656 4764 2776 4802 cum
2829 4749 3015 4804 fuisset
3062 4752 3130 4805 ibi
3171 4752 3556 4820 aliquantulum

1982 4837 2256 4906 temporis,
2298 4838 2621 4893 anachoreta
2663 4841 2873 4910 quidam
2926 4842 3063 4896 alius
3091 4843 3219 4896 abiit
3250 4855 3314 4897 au
3343 4844 3564 4911 spelun-

1981 4946 2098 4985 cam
2134 4932 2319 5000 ipsius,
2367 4933 2741 5005 ingressusque
2769 4937 2901 4989 vidit
2930 4938 3174 5005 angelum
3204 4924 3563 4993 Deistautem

1980 5034 2141 5089 super
2187 5020 2353 5076 altare
2395 5022 2534 5092 quod
2566 5024 2765 5079 fecerat
2804 5025 2983 5077 senior
3025 5035 3184 5095 atque
3232 5036 3558 5082 sacraverat.

1982 5113 2174 5183 Aitque
2202 5114 2268 5167 ad
2311 5117 2556 5185 angelum
2587 5119 2906 5171 anachoreta
2938 5135 2953 5172 :
2982 5118 3118 5184 Quid
3149 5118 3236 5175 hic
3273 5119 3432 5190 agis?
3458 5118 3559 5174 Cui

1980 5207 2199 5274 angelus
2245 5207 2378 5263 ille:
2410 5209 2486 5263 Ex
2537 5223 2640 5278 quo
2687 5209 3010 5265 sanctiﬁcata
3056 5223 3180 5268 sunt
3224 5213 3357 5282 ista,
3388 5228 3418 5267 a
3448 5211 3563 5269 Deo

1982 5299 2097 5366 ipso
2120 5297 2245 5351 mihi
2273 5300 2474 5354 credita
2504 5310 2630 5355 sunt
2660 5303 2704 5355 ⁸.

2602 5392 2828 5449 CAPUT
2861 5395 2953 5453 XI.

2460 5482 2575 5538 Vita
2594 5485 2786 5541 abbatis
2815 5489 3073 5559 Agioduli.

2044 5571 2220 5626 Abbas
2266 5572 2453 5628 Petrus
2501 5577 2775 5647 presbyter
2818 5582 3121 5637 monasterii
3173 5584 3342 5637 sancti
3385 5583 3551 5650 patris

1972 5663 2137 5716 nostri
2179 5662 2356 5727 Sabae,
2390 5668 2624 5720 narravit
2654 5671 2805 5725 nobis
2833 5671 2904 5727 de
2931 5671 3122 5728 abbate
3145 5672 3404 5742 Agiudulo
3451 5672 3553 5727 lla-

1971 5751 2205 5823 giodulo]
2233 5751 2414 5807 dicens
2441 5770 2455 5809 :
2489 5757 2620 5814 Cum
2649 5760 2693 5817 is
2723 5771 2863 5820 esset
2883 5764 3107 5818 antistes
3131 5762 3239 5818 dux
3275 5770 3546 5818 monaste-

2057 5862 2077 5893 ³
2098 5863 2279 5919 Simile
2310 5879 2488 5937 supra,
2512 5886 2631 5939 cap.
2655 5872 2710 5930 ιι.
