4052 6362
492 394 612 463 127

1658 400 1746 454 DE
1791 392 1963 451 VITIS
2004 389 2285 448 PATIIUM
2327 389 2525 444 LIBER
2569 387 2634 443 Χ.

3674 386 3783 440 198

498 524 564 577 rii
594 521 731 575 beati
756 518 1040 583 G‘erasimi,
1071 519 1289 587 contigit
1320 517 1537 571 fratrem
1572 513 1854 584 quemdam
1885 512 1951 564 de
1975 509 2079 564 illic
2106 506 2154 566 Α
2184 502 2323 568 dios.
2350 517 2540 558 manus
2564 517 2750 557 eorum
2778 502 2830 556 in
2861 501 3092 559 sublime
3122 516 3395 572 suspensa
3422 504 3785 571 perstiterunt

502 613 862 670 residentibus
888 610 1044 665 mori.
1070 610 1219 677 Quod
1252 625 1370 664 cum
1396 623 1556 662 senex
1586 608 1876 676 ignoraret,
1909 607 2085 674 pulsa-

506 716 690 775 retqne
721 703 1000 772 praefectus
1024 700 1244 756 canonis
1273 702 1496 770 lignum,
1544 698 1685 767 quod
1719 699 1910 752 fratres
1956 712 2086 751 cou-

504 799 782 852 venientes
805 805 1071 849 mortuum
1100 793 1371 857 elferrcnt,
1409 801 1465 845 ut
1493 792 1624 846 vidit
1652 807 1814 845 senex
1855 790 2085 843 cadaver
2168 800 2176 807 '

509 891 560 950 in
585 889 824 943 ecclesiae
848 887 1024 942 medio
1042 887 1242 953 jacere,
1275 885 1621 940 contristatus
1645 894 1726 937 est
1752 882 1924 946 val'de,
1949 881 2086 947 quod

509 998 614 1034 non
662 981 811 1035 illum
846 984 1129 1035 salutasset
1177 979 1479 1046 priusquam
1512 977 1762 1044 migraret
1806 990 1835 1028 e
1866 973 2087 1026 sa'culo.

513 1071 892 1140 Profectusque
938 1085 1093 1125 secus
1145 1068 1398 1123 lectulum
1459 1068 1543 1120 ubi
1589 1067 1823 1135 jacebat,
1879 1066 1954 1118 ait
1998 1064 2091 1116 de-

507 1161 687 1215 functo
721 1160 950 1231 :Snrge,
985 1160 1163 1222 frater,
1197 1169 1251 1213 et
1279 1158 1342 1211 da
1374 1158 1501 1211 mihi
1526 1156 1784 1209 osculum.
1827 1155 1926 1223 Qui
1971 1168 2092 1219 pro-

506 1255 652 1311 tiuus
698 1268 940 1322 surgens,
990 1252 1257 1307 osculatus
1299 1263 1381 1305 est
1408 1265 1616 1303 senem.
1668 1248 1801 1302 Tum
1845 1249 1979 1302 dixit
2007 1265 2092 1303 se-

514 1362 658 1400 nex:
695 1345 871 1399 Dormi
921 1344 1053 1413 jam,
1099 1359 1374 1413 quousque
1405 1341 1581 1396 veniat
1629 1340 1870 1395 Christus
1924 1341 2090 1395 Filius

516 1441 646 1503 Dei“
661 1448 712 1492 et
742 1438 1023 1493 resuscitct
1044 1448 1113 1490 te.

583 1529 722 1583 ltlcm
745 1528 909 1581 abbas
931 1527 1223 1597 Agiodulus
1250 1540 1368 1578 cum
1398 1526 1647 1578 transiret
1668 1525 1815 1592 juxta
1839 1522 2090 1576 .lordanis

508 1623 688 1690 ripas,
739 1635 923 1675 secum
977 1620 1157 1672 animo
1211 1627 1265 1671 et
1308 1617 1625 1686 cogitatione
1677 1616 1921 1670 volvebat
1965 1614 2092 1684 quid

504 1727 678 1768 actum
712 1713 897 1768 fuisset
944 1713 1013 1767 dc
1063 1713 1325 1782 lapidibus
1356 1712 1566 1780 injectis
1591 1728 1619 1765 a
1660 1712 1783 1765 .lesu
1814 1710 1955 1765 Nave
1999 1726 2093 1781 pro

508 1806 589 1859 bis
616 1821 749 1876 quos
775 1805 899 1860 inde
926 1805 1237 1859 sustulerat.
1270 1802 1511 1873 Cumque
1531 1804 1628 1857 ista
1657 1803 1939 1874 cogitaret,
1964 1818 2090 1856 con-

507 1897 683 1953 festim
711 1897 834 1952 hinc
861 1905 917 1951 et
946 1896 1068 1950 hinc
1089 1895 1271 1949 divisa:
1292 1905 1416 1949 sunt
1444 1909 1613 1964 aquai.
1640 1893 1790 1947 Tune
1815 1893 1945 1947 vidit
1974 1893 2092 1946 illos
2126 1887 2173 1945 B

505 1992 785 2047 duodecim
838 1992 1062 2059 lapides,
1112 1999 1513 2060 prostratusque
1564 1988 1709 2042 humi
1757 1986 1867 2042 Deo
1894 1988 2092 2057 gratias

507 2082 635 2153 egit,
669 2093 725 2139 et
748 2085 988 2139 recessit.

1113 2171 1340 2229 CAPUT
1380 2172 1497 2226 XII.

944 2264 1151 2319 Dictum
1181 2266 1377 2318 abbatis
1411 2264 1661 2335 Olympii.

586 2356 771 2411 Frater
800 2356 1148 2426 interrogavit
1176 2357 1422 2411 abbatem
1448 2354 1773 2425 Olympium,
1815 2354 2093 2426 presbyte-

512 2466 628 2503 rum
680 2451 986 2507 monasterii
1036 2452 1207 2505 sancti
1260 2450 1543 2516 Gerasimi,
1583 2448 1810 2503 dicens:
1844 2447 1937 2501 Dic
1966 2446 2094 2501 mihi

512 2542 757 2597 verbum.
808 2543 907 2608 Qui
937 2542 1071 2598 dixit
1121 2546 1166 2596 ei
1201 2560 1213 2595 :
1244 2544 1320 2597 Ne
1350 2544 1538 2596 sedeas
1567 2558 1688 2596 cum
1722 2541 2008 2603 haereticis,
2042 2550 2093 2593 et

511 2636 727 2689 contine
759 2635 991 2705 linguam
1040 2645 1092 2688 ct
1122 2644 1399 2698 ventrem;
1445 2650 1507 2688 ac
1537 2634 1840 2701 ubicunque
1867 2631 2091 2695 sederis,

510 2724 596 2779 die
618 2726 833 2783 assidue
861 2745 873 2781 :
908 2726 1229 2796 Peregrinos
1258 2743 1397 2780 sum.

1104 2816 1330 2872 CAPUT
1374 2815 1506 2870 .\'lll.

851 2908 968 2963 Vita
997 2909 1193 2964 abbatis
1224 2908 1389 2962 Marci
1414 2909 1759 2962 anachoretw.

587 3002 840 3058 Dicebant
868 3002 934 3056 de
972 3001 1164 3056 abbate
1211 3001 1387 3056 Marco
1427 3000 1771 3065 anachoreta,
1804 3001 1890 3068 qui
1922 3015 2098 3053 mora-

512 3096 665 3150 batur
688 3112 852 3165 prope
872 3097 1252 3150 monasterium
1281 3095 1604 3149 Penthucula
1633 3110 1725 3163 per
1748 3109 1917 3148 annos
1940 3109 2097 3149 sexa-

515 3189 659 3258 ginta
693 3201 821 3251 tres,
854 3189 995 3258 quod
1020 3189 1156 3243 hanc
1188 3189 1433 3243 habuerit
1456 3188 1703 3241 virtutem
1735 3186 2097 3241 hebdomadas

512 3279 745 3349 integras
767 3280 1064 3351 jejnnandi,
1095 3281 1165 3334 ita
1191 3292 1245 3334 ut
1277 3288 1525 3349 putarent
1554 3278 1767 3348 quidam
1822 3293 1939 3333 eum
1983 3267 2174 3331 sinetC

514 3386 673 3426 carne
702 3387 843 3426 esse.
869 3371 1201 3437 Operabatur
1225 3380 1400 3424 autem
1423 3370 1509 3424 die
1535 3384 1598 3423 ac
1629 3380 1807 3435 nocte,
1840 3377 1892 3423 et
1913 3367 2092 3424 distri-

514 3462 706 3518 buebat
735 3464 1057 3533 pauperibus
1078 3464 1280 3527 omnia,
1307 3477 1478 3533 neque
1506 3463 1571 3514 ab
1601 3462 1776 3530 aliquo
1818 3460 2090 3530 quidpiam

513 3553 827 3620 accipiebat.
861 3554 934 3608 De
961 3553 1062 3607 hoc
1101 3554 1380 3610 audientes
1429 3551 1617 3607 ﬁdeles
1645 3551 1767 3616 viri,
1809 3561 2089 3618 venerunt,

516 3655 573 3700 ut
595 3647 784 3699 darent
807 3646 857 3700 ei
878 3661 1121 3717 agapem,
1153 3657 1208 3702 et
1226 3648 1301 3701 ait
1323 3645 1389 3701 ad
1416 3662 1511 3701 eos
1536 3662 1548 3701 :
1575 3646 1687 3701 Non
1718 3648 1947 3716 accipio,
1968 3648 2093 3717 quia

514 3752 703 3792 manus
735 3755 866 3793 mea:
908 3741 1147 3795 nutriunt
1194 3755 1282 3796 me
1310 3748 1365 3795 et
1403 3754 1496 3796 eos
1524 3740 1614 3811 qui
1666 3751 1881 3812 prOpter
1929 3745 2093 3797 Deum

516 3828 579 3884 ad
610 3844 696 3883 me
723 3832 957 3886 veniunt.

1109 3922 1336 3979 CAPUT
1367 3924 1504 3979 XIV.

522 4009 597 4065 De
640 4012 798 4081 fratre
825 4016 915 4085 qui
943 4033 974 4068 a
1003 4018 1189 4085 spiritu
1218 4019 1578 4087 fornicationis
1608 4018 2020 4091 impugnabatur,
2049 4028 2099 4073 et

1034 4109 1259 4176 leprosus
1285 4108 1495 4175 cﬂ‘ectus
1519 4121 1612 4163 est.

595 4198 773 4254 Abbas
802 4200 1187 4271 Polychronius
1212 4219 1420 4259 rursum
1448 4207 1601 4259 nobis
1623 4209 1858 4261 narravit
1878 4206 2017 4274 quod
2047 4207 2107 4261 in.

521 4293 768 4347 ctenobio
827 4294 1155 4350 Penthucula
1206 4297 1369 4354 frater
1416 4300 1635 4368 quidam
1690 4310 1804 4355 erat
1851 4301 1952 4355 sibi
2002 4300 2102 4366 ipsi

528 4384 682 4438 valde
724 4384 960 4442 intentus
995 4400 1047 4442 et
1074 4390 1371 4445 continens.
1419 4393 1549 4447 Cum
1599 4404 1777 4448 autern
1817 4393 2105 4463 aliquando

525 4476 978 4548 impugnaretura
1010 4482 1196 4548 spiritu
1221 4482 1604 4553 fornicationis,
1636 4501 1740 4540 nou
1766 4486 1948 4539 valens
1970 4486 2107 4541 banc

525 4585 751 4638 pugnam
783 4575 1073 4637 suanere,
1104 4590 1352 4645 egressus
1397 4578 1464 4632 de
1504 4579 1848 4642 monasterio,
1896 4578 2104 4646 profec-

2191 596 2512 652 immobites.
2548 596 2704 651 Facta
2732 612 2859 652 vero
2888 597 3153 662 oratione,
3197 596 3355 651 solvit
3377 611 3471 652 eos
3499 611 3685 662 senes,
3714 605 3781 652 et

2188 691 2412 745 dimisit.
2447 692 2515 745 Et
2542 691 2785 745 abierunt
2812 694 3013 759 gratias
3034 700 3253 761 agentes
3283 690 3425 745 Deo-

2781 803 3009 858 CAPUT
3052 803 3189 857 XVI.

2376 893 2577 947 Relatio
2608 894 2804 946 abbatis
2834 894 3045 947 Nicotai
3075 896 3138 947 de
3155 895 3323 963 seipso
3348 895 3597 949 et'sociist

2263 987 2437 1044 Senex
2475 989 2689 1059 quidam
2719 988 2937 1042 sedebat
2960 987 3011 1041 in
3041 989 3365 1041 monasterio
3394 987 3602 1042 abbatis
3633 986 3783 1041 Petri

2189 1087 2340 1155 juxta
2393 1094 2637 1140 sanctum
2669 1085 2981 1150 Jord'anem,
3014 1085 3263 1140 Nicolaus
3293 1085 3528 1144 nomine,
3562 1083 3652 1152 qui
3683 1100 3786 1135 ηο-
3854 1158 3863 1165 _

2195 1184 2275 1234 his
2303 1180 2556 1246 narravit,
2585 1179 2811 1234 dicens:
2845 1178 2977 1231 Cum
3019 1190 3192 1230 es~em
3243 1174 3527 1243 aliquando
3555 1175 3607 1228 in
3640 1174 3786 1246 Bay-

2196 1274 2310 1337 thu,
2343 1274 2489 1328 missi
2523 1288 2708 1327 sumus
2732 1282 2841 1326 tres
2863 1269 3055 1324 fratres
3087 1270 3139 1321 in
3171 1268 3522 1323 ministerium
3557 1268 3610 1321 in
3638 1267 3787 1322 Thc-

2196 1365 2428 1420 baidem.
2479 1364 2612 1419 Cum
2665 1378 2793 1432 ergo
2847 1377 2941 1431 per
2981 1361 3250 1416 desertum
3295 1363 3396 1415 iter
3448 1360 3780 1422 faceremus.

2194 1460 2488 1512 erravimus
2541 1457 2610 1512 de
2657 1458 2762 1520 via,
2817 1455 3226 1523 ferebamurque
3257 1470 3352 1523 per
3402 1455 3567 1508 eremi
3618 1456 3784 1508 latam

2196 1551 2518 1605 vastitatem.
2575 1551 2868 1604 Delieiente
2907 1564 3036 1604 vero
3067 1550 3220 1603 nobis
3267 1564 3403 1617 aqua
3434 1564 3528 1616 per
3577 1547 3785 1617 aliquot

2196 1645 2334 1707 dies,
2369 1645 2456 1697 siti
2504 1658 2747 1698 arescere
2787 1642 3065 1711 coepimus.
3090 1639 3329 1708 Caurique
3369 1640 3491 1708 Lini.
3516 1649 3570 1694 et
3609 1638 3789 1694 sitiet

2195 1745 2327 1792 aestu
2360 1738 2692 1799 deficientes,
2744 1737 2991 1806 progredi
3044 1736 3269 1789 ulterius
3299 1751 3405 1789 non
3454 1736 3789 1800 soleremus,

2202 1829 2432 1882 inventis
2474 1844 2567 1897 per
2596 1829 2868 1882 desertum
2910 1827 3148 1898 nyricis,
3186 1826 3507 1893 iactavimus
3538 1840 3638 1879 nos
3674 1827 3789 1879 sin-

2197 1918 2302 1987 guli
2332 1918 2431 1972 sub
2462 1918 2651 1971 umbra
2681 1919 2958 1980 arborum,
2981 1924 3353 1985 exspectantes
3385 1915 3517 1970 mori
3542 1931 3652 1984 pra:
3672 1914 3790 1971 siti.

2197 2010 2504 2067 Prostratns
2554 2026 2680 2065 vero
2727 2012 2777 2063 in
2821 2010 3063 2063 umbram
3110 2023 3210 2076 ego
3258 2010 3425 2062 factus
3453 2023 3572 2060 sum
3608 2008 3660 2059 in
3697 2021 3789 2061 er-

2195 2105 2348 2168 stasi,
2377 2104 2479 2157 vidi
2503 2118 2587 2169 ,ue
2616 2102 2872 2171 piscinam
2902 2115 3039 2169 aqua
3071 2099 3305 2164 plenam,
3335 2106 3389 2152 et
3409 2099 3790 2153 circumﬂuen-

2199 2206 2345 2263 tem,
2377 2196 2512 2249 duos
2563 2206 2751 2247 autem
2785 2209 2944 2263 supra
2996 2191 3211 2261 piscina:
3260 2191 3458 2244 labium
3508 2191 3790 2255 assistere,

2198 2306 2397 2357 vasque
2428 2306 2588 2343 unum
2633 2292 2888 2357 ligneum.
2924 2288 3072 2341 Tunc
3101 2287 3241 2355 (ξαερί
3279 2302 3443 2339 unum
3467 2302 3533 2339 ex
3565 2286 3674 2339 illis
3699 2301 3791 2336 ro.

2196 2395 2343 2451 gare,
2369 2380 2552 2434 dicens
2587 2397 2599 2431 :
2633 2378 2739 2433 I'Iac
2768 2394 2972 2432 mecum
3005 2377 3344 2442 charitatem,
3376 2376 3612 2442 domine,
3644 2384 3700 2430 et
3718 2374 3791 2434 da

2198 2472 2328 2525 mihi
2354 2471 2600 2540 pusillum
2632 2485 2807 2538 aqum,
2840 2469 3090 2536 quoniam
3116 2468 3329 2520 delicio.
3358 2466 3452 2521 Ille
3482 2482 3610 2521 vero
3631 2469 3789 2522 nole-

2199 2564 2311 2619 bat.
2341 2564 2492 2618 Tunc
2521 2563 2651 2617 dicit
2677 2563 2896 2615 adweum
2929 2560 3067 2613 alter
3101 2579 3115 2613 :
3150 2558 3225 2612 Da
3252 2558 3649 2613 illitnodicum.
3687 2559 3790 2624 Qui

2202 2657 2477 2726 respondit
2504 2656 2574 2719 ei,
2600 2655 2784 2710 dicens
2816 2672 2829 2706 :
2866 2654 2979 2708 Non
3006 2654 3192 2707 demus
3220 2650 3295 2717 ei,
3328 2652 3483 2705 valde
3506 2652 3648 2704 enim
3685 2652 3791 2706 de-

2201 2751 2431 2804 SltllOSlIS
2452 2761 2556 2817 est,
2587 2759 2639 2804 et
2680 2748 2953 2816 negligens
2991 2747 3095 2802 sui.
3125 2748 3193 2800 At
3223 2746 3358 2801 alter
3388 2764 3400 2799 :
3440 2744 3632 2812 Utique
3656 2760 3791 2800 sane

2201 2843 2473 2912 negligens
2508 2852 2592 2896 est
2639 2858 2701 2895 ac
2731 2839 3060 2907 desidiosus,
3110 2850 3329 2907 propter
3365 2836 3790 2906 hospitalitatem

2204 2945 2380 2988 tamen
2411 2934 2599 2987 demus
2641 2934 2712 2987 ei.
2745 2936 2915 3000 Atque
2956 2933 3026 2984 ita
3073 2930 3415 2999 praebuerunt
3444 2928 3577 2981 mihi
3607 2939 3659 2983 et
3704 2927 3792 2981 his

2202 3027 2291 3095 qui
2325 3041 2534 3080 mecmn
2561 3032 2733 3078 erant.
2768 3024 2886 3077 Mox
2927 3032 3105 3076 autem
3137 3030 3190 3075 ut
3217 3021 3469 3086 bibimus,
3497 3018 3790 3074 coofortati

2201 3134 2405 3182 sumus,
2449 3129 2501 3172 et
2542 3119 2643 3172 iter
2668 3126 2888 3187 agentes
2930 3117 3099 3171 tribus
3127 3116 3317 3173 diebus
3346 3114 3463 3171 aliis
3485 3116 3604 3169 sine
3635 3121 3788 3184 potu,

2205 3213 2548 3282 pervenimus
2566 3212 2637 3265 ad
2663 3212 2779 3266 loca
2805 3210 3155 3265 habitabilia-

2786 3325 3011 3381 CAPUT
3054 3323 3212 3378 XVII.

2740 3420 2859 3472 I'ita
2903 3418 2953 3471 Μ
2961 3417 3079 3470 acni
3115 3416 3268 3470 senis.

2270 3512 2526 3567 Dicebant
2566 3510 2633 3565 de
2677 3511 2905 3579 quodam
2944 3509 3130 3562 Macuo
3166 3520 3317 3571 sene,
3364 3504 3452 3572 qui
3500 3503 3552 3558 in
3589 3502 3789 3556 eodem

2199 3606 2526 3661 monasterio
2552 3603 2756 3657 abbatis
2792 3601 2935 3658 Petri
2966 3601 3294 3665 morabatur,
3340 3598 3479 3668 quod
3519 3595 3789 3666 quinqua-

2198 3699 2343 3767 ginta
2376 3712 2546 3751 anuos
2587 3696 2786 3765 egisset
2823 3696 2872 3748 in
2921 3695 3174 3763 spelunca
3207 3707 3322 3757 sua,
3383 3705 3558 3759 neque
3592 3691 3780 3745 vinum

2200 3790 2409 3853 bibens,
2436 3801 2609 3855 neque
2654 3801 2843 3855 panem
2876 3783 3198 3846 comedens,
3245 3782 3346 3835 nisi
3390 3790 3597 3834 tantum
3629 3781 3791 3837 furtu.

2199 3893 2372 3933 reum.
2416 3877 2598 3931 Tertio
2646 3886 2825 3932 autem
2883 3876 3105 3946 singulis
3160 3873 3587 3928 hebdomadibus
3641 3886 3791 3927 com-

2202 3969 2526 4024 municabat.

2773 4038 3000 4094 CAPUT
3040 4038 3225 4092 XVI“.

2212 4134 2331 4188 Vita
2356 4131 2567 4187 alterius
2591 4133 2742 4188 Senis
2766 4132 3062 4254 magasterii
3083 4130 3286 4188 Laura'.
3308 4132 3399 4183 oui
3418 4146 3534 4183 cum
3561 4130 3792 4183 leonibus

2882 4205 3146 4254 ormiebat.

2882 4205 3146 4256 ormiebat.

2276 4297 2525 4353 Narravit
2577 4298 2730 4352 nobis
2773 4299 2937 4352 abbas
2984 4297 3369 4368 Polychrouius
3400 4295 3681 4365 presbyter
3724 4296 3794 4349 de

2208 4392 2311 4445 alio
2338 4407 2484 4456 sene,
2522 4392 2611 4461 qui
2645 4392 2865 4445 sedebat
2897 4393 2947 4446 in
2979 4391 3166 4445 eadem
3194 4389 3365 4444 Laura
3391 4389 3599 4443 abbatis
3622 4388 3791 4455 Petri,

2209 4485 2348 4553 quod
2382 4485 2691 4554 plerumque
2717 4485 2921 4548 abiens,
2955 4485 3004 4538 in
3038 4485 3148 4552 ripa
3188 4482 3438 4536 Iordanis
3479 4495 3795 4536 commane-

2213 4578 2335 4642 bat,
2356 4584 2411 4628 et
2453 4576 2539 4629 ubi
2568 4575 2742 4629 cubile
2772 4576 2942 4630 leonis
2985 4576 3294 4636 invenisset,
3331 4575 3436 4627 illic
3470 4571 3794 4629 dormiebat.

525 4671 611 4713 tus
638 4669 722 4715 est
748 4660 982 4732 Iericho,
1018 4675 1074 4717 ut
1099 4668 1546 4736 concupiscentia:
1573 4668 1739 4739 866
1767 4684 1875 4721 sua:
1897 4669 2103 4723 satisfa-
2133 4652 2183 4711 Ῐ)
2213 4668 2307 4723 Die
2337 4684 2466 4722 vero
2493 4669 2719 4739 quadam
2753 4670 2870 4722 tulit
2911 4669 3046 4723 duos
3089 4669 3256 4723 leonis
3279 4668 3484 4721 catulos
3507 4668 3642 4720 intra
3676 4667 3794 4736 pal-

523 4761 693 4807 ceret.
724 4752 947 4823 Moxque
994 4764 1050 4809 ut
1103 4760 1398 4814 meretricis
1440 4761 1625 4815 cellam
1680 4761 1948 4830 ingressus
2000 4773 2103 4830 est,

524 4844 766 4913 leprosus
789 4846 959 4904 factus
984 4858 1066 4904 est
1088 4859 1250 4907 totus.
1291 4853 1483 4907 Videns
1512 4863 1688 4908 antem
1720 4853 1940 4922 lepram,
1973 4871 2104 4908 con-

522 4936 676 4989 tinuo
727 4938 886 4993 rediit
924 4941 988 4995 ad
1024 4945 1429 5012 monasterium,
1472 4946 1581 4999 Deo
1628 4947 1823 5013 gratias
1868 4949 2105 5001 referens

525 5035 582 5080 et
608 5029 791 5085 dicens
821 5048 835 5085 :
868 5033 1069 5089 Idcirco
1098 5036 1237 5092 Deus
1269 5037 1366 5091 hac
1395 5052 1479 5091 me
1504 5036 1852 5106 castigatione
1884 5054 2104 5107 percus-

524 5122 618 5186 sit,
648 5132 701 5177 ut
722 5126 897 5180 anima
927 5145 1046 5184 mea
1077 5131 1223 5184 salva
1260 5131 1351 5196 sit,
1384 5141 1437 5185 et
1467 5132 1745 5200 magnifice
1775 5132 2107 5201 gloriticabat

528 5213 714 5271 Deum.

1128 5316 1355 5371 CAPUT
1395 5316 1511 5371 XV.

832 5404 1052 5459 Factum
1082 5406 1307 5461 mirabile
1338 5408 1533 5461 abbatis
1563 5408 1804 5463 Cononis.

601 5494 856 5549 Dicebant
903 5496 969 5550 de
1015 5496 1205 5551 abbate
1245 5496 1464 5553 Conone
1508 5499 1744 5555 antistite
1799 5504 2107 5561 monasterii

531 5584 881 5651 l’enthucnla,
928 5588 1066 5655 quod
1108 5588 1194 5642 die
1223 5589 1450 5658 quadam
1482 5606 1601 5644 cum
1632 5591 1732 5645 iret
1763 5591 2104 5661 Bctamarim,

528 5677 715 5731 obvios
745 5678 929 5731 habuit
971 5678 1244 5735 Ilehrteos.
1276 5680 1378 5749 Qui
1421 5697 1539 5737 cum
1568 5696 1690 5737 eum
1713 5684 1959 5739 occidere
2000 5687 2110 5741 vel-

532 5764 663 5831 lent,
714 5768 969 5825 districtis
1017 5772 1209 5842 gladiis
1246 5788 1597 5830 occurrerunt
1660 5785 1843 5831 contra
1899 5793 2107 5834 senem.

533 5854 773 5928 Cumque
798 5863 1331 5933 appropinquassent,
1367 5866 1741 5935 vibrarentque
1767 5867 1821 5924 in
1850 5885 1972 5925 eum
2000 5872 2111 5939 gla-

2212 4759 2338 4814 lium
2371 4777 2523 4815 suum
2571 4761 2622 4815 in
2668 4760 2981 4825 ecclesiam,
3014 4770 3094 4813 tet
3140 4759 3350 4813 dicebat
3404 4758 3656 4812 fratribus
3687 4775 3701 4812 :
3735 4757 3796 4813 Si

2211 4851 2457 4906 mandata
2504 4851 2715 4906 Domini
2760 4852 2927 4907 nostri
2972 4851 3098 4905 Jesu
3137 4849 3333 4906 Cltl’iSli
3375 4850 3795 4918 custodiremus,

2212 4946 2309 4998 ista
2341 4946 2587 4999 animalia
2617 4943 2857 5013 profecto
2886 4958 2983 4999 nos
3009 4945 3287 5010 timerent;
3310 4943 3400 4999 sed
3430 4954 3647 5013 propter
3675 4959 3799 5011 pec-

2210 5048 2385 5092 catum
2420 5040 2555 5093 servi
2599 5039 2794 5103 effecti,
2836 5055 2935 5093 nos
2974 5040 3094 5093 illos
3126 5038 3318 5093 timere
3356 5039 3792 5106 comprolnunur.

2214 5132 2327 5196 Qua
2384 5148 2440 5185 re
2485 5133 2764 5199 magnifice
2811 5130 3056 5186 aedificati
3096 5128 3309 5196 fratres,
3360 5130 3426 5184 ad
3486 5131 3797 5185 mansiones

2213 5240 2337 5279 SllﬁS
2368 5234 2719 5279 Γερεεδηῐυηι.

2800 5315 3030 5370 CAPUT
3066 5316 3211 5371 XIX.

2556 5410 2756 5465 Relatio
2778 5410 2974 5463 abbatis
3006 5408 3144 5464 Elia:
3164 5410 3227 5463 de
3254 5410 3445 5478 seipso.

2287 5500 2531 5555 Narravit
2554 5502 2705 5556 nobis
2727 5502 2892 5556 abbas
2920 5501 3081 5569 Elias,
3105 5501 3289 5557 dicens
3314 5519 3326 5553 :
3353 5502 3482 5556 Cum
3510 5502 3797 5571 aliquando

2216 5609 2456 5649 morarer
2488 5595 2537 5649 in
2572 5595 2806 5662 partibus
2845 5595 3014 5649 sancti
3056 5594 3304 5650 .l'ordanis
3336 5594 3387 5648 iu
3420 5594 3619 5662 spelaio
3645 5595 3797 5664 juxta

2219 5684 2596 5740 Eunuchorum
2628 5687 3034 5752 monasterium,
3073 5684 3195 5742 ideo
3220 5686 3359 5757 quod
3403 5702 3507 5740 non
3554 5700 3799 5739 comnm-

2221 5778 2455 5832 nicarem
2486 5778 2715 5832 Macario
2746 5778 3149 5849 archiepiscopo
3192 5779 3667 5849 Jerosolymitano.
3713 5777 3804 5832 die

2224 5871 2448 5941 quadam
2494 5873 2636 5929 circa
2667 5873 2850 5931 horam
2880 5883 3115 5943 sextam,
3162 5884 3293 5931 testu
3325 5874 3803 5931 vehementissimo
