4052 6362
261 343 364 405 ὶῖθ

1526 326 1804 384 ΙἮᾹΤΕΜ
1846 322 2273 378 SPIRITUALE.

3422 312 3517 371 I30

263 477 525 537 coquente
552 467 784 531 desuper
818 460 956 529 (erat
998 457 1138 511 enim
1174 458 1351 521 Auges
1379 466 1439 503 ns
1468 448 1689 511 mensis)
1727 445 1836 513 pul-
1867 446 1919 503 Α
1945 458 2131 495 versus
2176 458 2313 497 unus
2339 458 2401 498 ex
2430 442 2506 497 cis
2534 441 2868 496 anachorelre
2900 448 3054 505 caput
3094 437 3338 505 abscidit,
3366 439 3517 493 nobis

264 564 404 613 savit
445 559 660 627 quidam
705 553 900 607 ostium
937 549 1204 618 speluncae
1249 558 1381 598 mea:
1406 560 1418 595 :
1444 555 1689 611 egressus
1716 552 1843 591 vero

265 652 373 708 vidi
405 649 705 711 mulierem,
740 653 793 698 et
830 641 935 695 dixi
966 640 1031 693 ad
1070 638 1212 691 illam
1251 655 1263 691 :
1300 635 1436 702 Quid
1476 645 1530 687 tu
1562 633 1647 686 hic
1679 630 1845 684 facis?

268 746 333 800 Et
365 740 714 813 respondens,
748 736 881 791 dixit
913 733 1039 788 mihi
1072 748 1086 784 :
1123 731 1187 784 Et
1234 745 1351 796 ego,
1403 726 1472 780 nti
1504 737 1672 792 pater,
1703 723 1848 791 ejus-

269 829 390 888 dem
415 847 521 901 quo
544 839 593 883 te
617 826 838 881 insututi
868 839 1007 887 sum,
1041 834 1093 874 et
1131 820 1279 890 quasi
1302 834 1405 872 uno
1433 817 1608 885 lapide
1630 815 1789 867 distat
1817 827 1846 865 a

270 939 325 982 te
356 925 605 994 spelunca
630 932 776 974 ‘mea.
800 914 1136 971 ostendebat
1180 922 1356 965 autem
1404 921 1455 965 et
1498 908 1669 962 locum
1699 905 1846 974 quasi

271 1017 338 1073 ad
370 1017 645 1072 Austrum.
670 1011 739 1066 Et
767 1009 839 1062 ait
875 1026 887 1059 :
914 1004 1164 1060 Lustravi
1208 1003 1343 1056 hanc
1371 1017 1630 1066 cretnum,
1659 1009 1713 1052 et
1740 1012 1849 1066 pra:

271 1120 408 1163 astu
456 1106 624 1159 nimio
660 1100 747 1156 siti
784 1100 996 1167 fatigata
1039 1111 1188 1161 sum;
1230 1093 1314 1147 fac
1350 1107 1478 1162 ergo
1517 1092 1845 1153 charilatem,

275 1208 453 1269 paler,
486 1206 540 1250 et
566 1195 630 1249 da
676 1190 800 1246 mihi
833 1188 1082 1259 pusillum
1127 1198 1299 1255 aqum.
1322 1186 1508 1252 Itaque
1543 1183 1736 1251 protuli
1768 1192 1851 1234 ur-

274 1305 448 1351 ceum,
489 1297 541 1341 et
569 1284 686 1339 dedi
723 1284 792 1335 ei.
844 1282 971 1344 Qua:
1000 1294 1119 1332 cum
1150 1292 1368 1330 sumens
1396 1276 1634 1337 bibisset,
1678 1272 1853 1327 dimisi

276 1379 442 1436 illam.
462 1380 590 1432 Cum
614 1383 789 1428 autem
819 1374 1058 1435 ahiisset,
1081 1369 1243 1438 cmpit
1266 1366 1511 1421 diabolus
1536 1367 1849 1435 impugnare

274 1488 387 1535 me,
419 1468 714 1524 immittens
743 1463 1091 1533 cogitationes
1117 1458 1359 1515 sordidas
1383 1460 1433 1511 in
1460 1466 1597 1512 eam.
1630 1455 1853 1525 Supera-

275 1573 362 1616 tus
406 1563 583 1631 igitur,
637 1570 806 1625 neque
864 1558 1040 1609 ferens
1082 1550 1320 1606 libidinis
1342 1550 1613 1615 ardorem,
1644 1555 1853 1616 sumpta

276 1658 423 1721 virga
455 1666 593 1716 mea,
639 1649 825 1702 cellam
869 1656 1113 1714 egressus
1143 1658 1260 1697 sum
1308 1642 1361 1695 in
1414 1642 1621 1695 fervore
1670 1649 1855 1703 aestus,

276 1757 399 1796 cum
428 1738 633 1809 lapides
659 1737 1013 1808 ignescerent,
1050 1736 1417 1802 profectttsque
1439 1747 1554 1785 sum
1591 1730 1654 1783 ad
1687 1724 1853 1792 illam,

276 1847 339 1891 ut
384 1834 661 1903 implerem
719 1839 922 1899 turpem
971 1827 1479 1895 eon‘cupiscentiam.
1537 1825 1670 1877 Cum
1730 1838 1856 1877 vero
1890 1814 1932 1873 Β

277 1929 453 1983 ferme
493 1938 598 1979 uno
640 1923 813 1976 stadio
855 1921 922 1973 ab
962 1919 1078 1988 ejus
1116 1919 1290 1971 adhuc
1336 1916 1532 1985 spelaea
1578 1914 1856 1979 distarem,

279 2028 473 2072 urente
492 2016 725 2086 graviter
748 2024 880 2068 aestu
918 2012 1174 2076 libidinis,
1224 2019 1443 2079 repente
1491 2010 1658 2063 factus
1690 2007 1740 2061 in
1783 2024 1865 2062 ee-

280 2108 435 2173 stasi,
463 2109 566 2163 vidi
597 2117 833 2176 apertam
862 2119 1078 2168 terram,
1114 2115 1166 2157 et
1202 2122 1284 2158 me
1317 2104 1463 2157 hiatu
1500 2114 1652 2158 terra:
1677 2103 1867 2158 absor-

281 2213 457 2272 ptum.
498 2200 815 2269 Αςιιὶείοίιιιιξ
853 2201 961 2252 illic
992 2203 1255 2253 cadavera
1301 2199 1507 2267 putrida
1537 2198 1787 2269 jacculia,
1812 2207 1867 2253 et

283 2294 541 2357 resoluta,
592 2300 645 2345 et
692 2290 996 2345 incredibili
1043 2288 1213 2343 fetore
1253 2290 1435 2359 plena,
1476 2290 1868 2359 quemdamque

284 2383 574 2439 reverendi
614 2383 823 2436 habitus
861 2383 1029 2435 virum
1063 2398 1122 2434 ea
1150 2382 1277 2435 mihi
1306 2382 1780 2446 demonstrantetn,
1807 2395 1870 2435 ac

285 2476 554 2529 dicentem
585 2490 599 2528 :
633 2475 770 2528 Ecce
798 2473 936 2527 istud
976 2475 1211 2526 mulieris
1244 2483 1354 2539 est,
1388 2473 1523 2527 istud
1561 2473 1655 2526 viri
1678 2515 1690 2533 ,
1730 2473 1868 2527 istud

287 2564 481 2633 pueri;
526 2564 699 2618 fruere
725 2565 831 2629 jam
864 2572 919 2616 ut
954 2564 1053 2627 vis,
1083 2572 1137 2616 et
1176 2574 1427 2631 quantum
1470 2562 1596 2615 libet
1621 2564 1872 2630 concupi-

288 2658 495 2711 scentia
521 2660 613 2710 tua
639 2657 834 2726 :hujus
866 2663 1044 2709 tamen
1096 2655 1378 2723 voluptatis
1413 2657 1576 2723 gratia
1603 2654 1720 2708 vide
1747 2663 1875 2722 quot

291 2748 510 2817 labores
550 2749 796 2802 amittere
828 2746 1061 2801 voluiSti.
1114 2745 1243 2799 \‘ide
1276 2757 1487 2815 prepter
1516 2746 1654 2816 quod
1685 2762 1873 2815 pecca-

293 2851 414 2894 tum
451 2856 544 2894 vns
577 2842 719 2909 ipsos
762 2842 969 2908 priiare
1008 2837 1167 2911 867
1200 2836 1360 2893 vultis
1398 2856 1558 2907 regno
1595 2841 1871 2894 ccelnrum.

289 2932 394 2986 Va:
418 2935 661 2986 humanae
688 2933 946 2986 miserim!
972 2951 1018 2997 pi
1035 2938 1187 2997 epter
1209 2932 1364 2984 unius
1389 2931 1533 2985 hora:
1551 2931 1875 3000 voluptatem

294 3026 436 3079 tanti
470 3025 668 3081 laboris
708 3016 957 3081 mercede
999 3024 1350 3078 frustramini.
1402 3024 1513 3095 Ego
1553 3032 1730 3078 autem
1771 3040 1879 3091 pra

293 3118 469 3173 nimio
508 3119 674 3173 fetore
720 3119 771 3171 in
823 3127 1016 3171 terram
1061 3119 1256 3170 corrui.
1301 3113 1452 3169 Tunc
1501 3116 1759 3168 accedens
1801 3132 1881 3170 vir

1947 538 2014 591 de
2043 537 2333 607 longinquo
2375 534 2906 603 spectantibus;jam
2949 530 3089 587 enim
3134 533 3519 585 conscendera-

1947 639 2063 684 mus
2087 641 2339 684 montem.
2365 628 2495 683 Cum
2520 644 2644 683 vero
2665 629 3075 699 Iacrymaremur
3101 627 3279 679 t‘ristes
3302 630 3518 693 propter

1948 719 2283 773 anachoreta:
2323 734 2501 771 casum
2523 759 2538 784 ,
2568 730 2786 787 repente
2813 720 3079 771 cernimus
3106 732 3256 771 avem
3288 730 3519 783 superne

1951 810 2249 863 venientcm
2271 851 2284 872 ,
2317 822 2521 879 raptum
2576 810 2924 863 Sarraccnum
2959 809 3007 862 in
3039 808 3262 862 sublime
3313 807 3516 865 tulisse.

1950 907 2108 967 atque
2138 900 2260 952 inde
2290 900 2340 953 in
2374 911 2567 953 terram
2599 900 2744 953 illum
2772 899 3058 959 dimisisse.
3083 915 3147 953 ex
3172 914 3341 968 eoque
3370 899 3520 966 lapsu

1952 991 2304 1047 Sarracenum
2336 992 2621 1046 interiisse.

2522 1082 2746 1139 CAPUT
2797 1083 2958 1136 XXII.

2344 1172 2458 1226 Vita
2494 1174 2704 1227 alterius
2743 1175 2876 1226 senis
2906 1173 3143 1227 Cononis.

2025 1263 2201 1319 Senex
2231 1264 2443 1333 quidam
2476 1271 2592 1318 erat
2615 1265 2666 1317 in
2698 1265 2939 1319 cmnnbio
2969 1265 3138 1319 sancti
3158 1264 3327 1319 Patris
3359 1268 3524 1319 nostri

1956 1356 2263 1418 Theodasit,
2316 1356 2532 1408 nomine
2578 1356 2782 1417 Conon,
2813 1355 2943 1408 Cilix
2986 1371 3191 1425 gerere,
3224 1355 3360 1410 hanc
3408 1357 3531 1410 vita:

1958 1463 2198 1503 normam
2227 1463 2318 1516 per
2348 1446 2560 1515 triginta
2591 1462 2760 1500 annos
2787 1448 3092 1501 custodiens
3118 1465 3129 1500 :
3159 1449 3324 1502 semel
3354 1462 3531 1503 come-

1958 1541 2121 1596 debat
2149 1543 2200 1595 in
2232 1539 2563 1596 hebdomade
2595 1555 2782 1609 panem
2813 1550 2867 1594 et
2895 1554 3106 1609 aquam,
3132 1549 3188 1595 et
3225 1540 3339 1594 sine
3367 1541 3532 1595 inter-

1960 1634 2219 1689 missione
2263 1648 2527 1704 operans,
2575 1650 2844 1705 nunquam
2897 1637 2974 1701 de,
3016 1633 3242 1690 ecclesia
3286 1635 3532 1704 egredie-

1962 1727 2134 1782 batur.

2519 1796 2742 1851 CAPUT
2794 1796 2980 1852 XXIII.

2414 1889 2533 1943 Vita
2577 1889 2825 1943 Tlteoduli
2861 1890 3114 1942 monachi.

2040 1980 2216 2034 Aliqu
2248 1980 2480 2035 vidimus
2502 1996 2682 2035 senem
2709 1982 2759 2034 in
2781 1981 2969 2035 eodem
2998 1982 3342 2045 monasterio,
3367 1980 3540 2034 'l‘hen-

1970 2070 2151 2126 dulum
2188 2074 2427 2137 nomine,
2454 2073 2542 2140 qui
2566 2074 2717 2126 miles
2737 2083 2893 2125 antea
2925 2074 3112 2127 fuerat.
3141 2073 3184 2127 Is
3212 2074 3327 2128 dies
3356 2089 3542 2129 omnes

1969 2163 2217 2231 jeQunans
2237 2203 2253 2228 ,
2283 2179 2549 2233 nunquam
2583 2164 2634 2217 in
2668 2164 2804 2217 latus
2833 2165 3150 2219 dormiebat.

2537 2275 2762 2331 CAPUT
2803 2276 2990 2332 XXIV.

2084 2367 2197 2420 Vita
2218 2369 2348 2422 senis
2377 2370 2646 2431 cuiusdam
2685 2368 2961 2423 habitantis
2989 2371 3041 2423 in
3067 2372 3206 2425 cellis
3237 2372 3450 2426 Cusiba.

2052 2460 2174 2514 Erat
2212 2475 2372 2515 senex
2404 2462 2616 2530 quidam
2660 2462 2904 2515 habitans
2941 2462 2993 2516 in
3032 2466 3186 2517 cellis
3231 2464 3447 2533 Cuziba,
3483 2467 3547 2518 de

1977 2569 2083 2623 quo
2111 2555 2398 2607 narrabant
2423 2556 2572 2607 nobis
2606 2554 2705 2608 loci
2734 2555 2849 2624 ejus
2880 2556 3138 2620 seniores,
3172 2558 3310 2627 quod
3339 2559 3463 2611 dum
3496 2559 3549 2611 in

1981 2645 2102 2698 vico
2153 2658 2250 2697 suo
2299 2655 2461 2708 esset,
2496 2645 2630 2698 hanc
2677 2647 2903 2700 habebat
2945 2652 3401 2715 consuetudinem,
3432 2652 3550 2705 utsi

1981 2752 2138 2807 quem
2168 2738 2387 2793 vidisset
2411 2740 2461 2791 in
2483 2740 2598 2793 vico
2625 2755 2730 2808 prze
2755 2740 2927 2809 inopia
2952 2757 3054 2795 non
3081 2744 3343 2798 valentem
3368 2736 3571 2811 agrum

1981 2844 2135 2883 suum
2167 2831 2454 2897 seminare,
2486 2841 2642 2885 noctu
2694 2832 2836 2895 ibat,
2871 2834 3147 2900 ignorante
3178 2834 3290 2903 agri
3318 2837 3573 2899 d0mino,‘

1983 2936 2268 2992 semenque
2285 2939 2464 2976 secum
2485 2924 2682 2989 ferens,
2698 2927 2945 2992 pauperis
2968 2927 3109 2979 illius
3124 2927 3332 2981 serebat
3351 2943 3554 2996 agrum.

1982 3014 2115 3067 Cutn
2158 3025 2334 3070 autem
2383 3018 2616 3071 venisset
2662 3020 2713 3071 in
2760 3034 3039 3084 eremum,
3068 3029 3122 3074 et
3161 3028 3462 3073 moraretur
3505 3021 3557 3073 in

1984 3109 2131 3163 cellis
2156 3110 2575 3174 Cuziba,eadem
2602 3111 2961 3166 miserationis
2989 3112 3215 3167 faciebat
3236 3128 3419 3179 opera.
3450 3114 3559 3169 Ibat

298 3209 397 3263 ille
447 3208 790 3270 venerabilis,
836 3210 924 3276 qui
970 3206 1096 3261 mihi
1139 3217 1491 3274 apparuerat,
1543 3206 1717 3260 erexit
1772 3224 1878 3263 me.
1910 3193 1957 3256 C
1988 3202 2126 3255 enim
2161 3216 2255 3270 per
2287 3199 2446 3268 viam,
2473 3218 2589 3271 qua:
2619 3203 2763 3258 ducit
2793 3219 2819 3256 a
2849 3204 3084 3259 Jordane
3115 3204 3179 3258 ad
3211 3215 3446 3259 sanctam
3480 3206 3571 3259 ci-'

301 3297 375 3351 Et
422 3300 620 3368 gratias
676 3312 840 3368 agens
887 3298 1037 3363 Deo,
1095 3311 1339 3351 reversus
1397 3311 1512 3350 sum
1573 3293 1627 3350 in
1693 3297 1881 3352 cellam

299 3407 504 3447 meam.

894 3483 1116 3539 CAPUT
1162 3483 1282 3539 XX.

300 3570 580 3626 Conversio
617 3573 884 3644 cujusdam
929 3574 1107 3626 militis
1138 3576 1205 3626 ad
1250 3573 1553 3627 miraculum
1607 3572 1701 3627 Dei
1740 3574 1791 3627 in
1836 3591 1888 3629 se

373 3666 588 3731 factum,
622 3664 765 3724 cuius
800 3665 950 3716 etiam
978 3664 1078 3717 trita
1105 3666 1460 3731 compendiose
1496 3665 1824 3719 describitur.

380 3756 630 3810 Narravit
652 3757 804 3809 nobis
826 3754 1039 3824 quidam
1070 3756 1307 3825 Patrum,
1333 3758 1599 3825 accepisse
1620 3772 1677 3810 se
1701 3772 1729 3810 a
1749 3774 1883 3826 quo-

298 3850 434 3904 dam
466 3849 651 3911 milite,
679 3848 817 3918 quod
849 3864 967 3903 cum
1001 3850 1194 3903 bellum
1219 3849 1272 3903 in
1305 3848 1480 3903 Africa
1509 3861 1759 3921 gererent
1782 3851 1891 3904 Rn-

309 3938 461 3991 tnani
485 3952 605 3991 cum
632 3939 1201 4007 Mauritauis,vietique
1231 3940 1537 4008 legarentur
1568 3956 1596 3994 a
1633 3942 1889 4009 barbaris,

308 4044 377 4084 ac
405 4030 621 4099 plurimi
651 4031 857 4083 illorum
883 4030 1076 4097 passim
1102 4031 1456 4097 caederentur,
1482 4033 1651 4100 ipsum
1682 4049 1892 4104 quoque

314 4138 458 4176 unus
488 4137 553 4176 ex
588 4122 828 4176 barbaris
851 4135 1036 4177 nactus
1067 4124 1293 4188 hastam,
1324 4133 1379 4177 ut
1405 4124 1551 4177 illum
1578 4124 1780 4192 feriret,
1811 4126 1892 4180 vi-

308 4214 473 4267 hrare
515 4214 700 4281 capit.
749 4213 897 4281 Quod
939 4215 1028 4269 ille
1068 4229 1189 4267 cum
1237 4225 1513 4281 cerneret,
1542 4231 1697 4271 orare
1731 4218 1892 4273 Deum

305 4305 499 4371 coepit,
527 4321 592 4359 ac
622 4305 802 4360 dicere
827 4322 840 4357 :
868 4306 1092 4361 Domine
1140 4306 1278 4360 Deus
1305 4348 1319 4371 ,
1350 4307 1436 4372 qui
1467 4310 1755 4378 apparuisti
1801 4327 1896 4365 an-

307 4397 458 4451 cilla:
488 4407 589 4451 tuas
617 4397 850 4463 Theclte,
876 4407 928 4452 et
950 4399 1189 4468 eripuisti
1220 4414 1334 4453 eam
1363 4400 1428 4453 de
1450 4400 1749 4470 iniquorum
1779 4418 1893 4457 nta-

309 4487 498 4551 nibus,
528 4489 691 4543 libera
732 4498 785 4543 et
816 4504 904 4543 me
950 4490 1016 4544 de
1048 4490 1146 4544 hac
1190 4490 1513 4545 necessitate
1534 4534 1547 4558 ,
1577 4501 1629 4545 et
1657 4494 1800 4545 salva
1829 4510 1891 4548 ex

1991 3295 2425 3362 vitatem,ferens
2452 3313 2613 3366 panes
2642 3310 2695 3354 et
2724 3315 2935 3366 aquam.
2955 3302 3014 3354 Et
3043 3301 3085 3354 si
3117 3302 3328 3371 quando
3358 3300 3565 3354 videret

1988 3386 2219 3455 aliquem
2261 3387 2635 3454 lacescentcm,
2663 3390 3051 3457 portahatonus
3072 3392 3205 3459 eius,
3231 3400 3280 3446 et
3310 3389 3563 3444 ascende-

1991 3479 2079 3534 bat
2111 3495 2276 3548 usque
2325 3481 2389 3535 ad
2438 3490 2679 3535 sanctum
2732 3495 2965 3537 montem
3011 3484 3233 3549 Oliveti,
3269 3498 3558 3552 rursusque

1990 3586 2088 3641 per
2122 3572 2364 3626 eamdem
2406 3588 2525 3627 cum
2566 3576 2773 3630 caeteris
2813 3576 3017 3630 redibat
3045 3577 3213 3642 viam,
3247 3577 3421 3631 ferens
3451 3578 3567 3631 illu-

1993 3679 2107 3716 rurn
2141 3680 2302 3718 onera
2337 3680 2502 3734 usque
2537 3665 2771 3721 Jericho.
2810 3667 3041 3720 Vidisses
3073 3684 3254 3722 senem
3283 3669 3567 3737 aliquando

1994 3755 2249 3809 ferentem
2281 3771 2414 3810 Onus
2448 3759 2661 3828 ingens,
2706 3761 3090 3830 sudantemque
3129 3762 3226 3815 sub
3272 3762 3443 3826 fasce;
3474 3766 3570 3814 all-

1995 3847 2204 3915 quando
2232 3857 2528 3915 portantem
2562 3850 2614 3901 in
2646 3849 2881 3904 humeris
2908 3850 3209 3917 puerulum,
3239 3865 3383 3918 saepe
3408 3852 3567 3904 etiam

1996 3939 2149 3993 duos.
2169 3940 2553 4009 Nonnunquam
2576 3941 2815 4008 sedebat,
2836 3941 2931 3994 viri
2953 3942 3062 3995 sive
3077 3942 3313 3995 mulieris
3331 3941 3569 4010 disrupta

1997 4034 2352 4085 calceamenta
2381 4030 2679 4086 resarciens
2705 4048 2719 4085 :
2742 4031 2947 4086 ferebat
2984 4034 3180 4101 quippe
3211 4048 3391 4086 secum
3422 4046 3571 4100 qum-

1998 4137 2203 4192 cunque
2239 4122 2304 4176 ad
2347 4125 2446 4177 hoc
2483 4132 2638 4177 erant
2682 4124 3007 4179 necessaria.
3058 4124 3205 4177 Alius
3249 4125 3464 4192 putabat
3511 4138 3573 4177 ea

1997 4228 2154 4283 quam
2206 4213 2409 4269 ferebat
2454 4229 2607 4285 aqua,
2642 4215 2757 4269 aliis
2788 4215 3060 4285 pra-bebat
3107 4232 3301 4284 partes;
3330 4216 3374 4270 si
3413 4231 3575 4284 quem

1999 4321 2124 4359 vero
2156 4305 2445 4361 invenisset
2473 4308 2671 4361 nudum
2702 4350 2716 4372 ,
2750 4307 2965 4378 pallium
2997 4310 3135 4378 quod
3168 4309 3384 4371 terebat,
3417 4308 3575 4361 dabat

1998 4398 2067 4450 ei.
2120 4397 2351 4466 Eratque
2381 4399 2556 4463 dulce,
2584 4400 2763 4454 videre
2808 4414 2989 4454 senem
3021 4402 3246 4470 singulis
3282 4399 3469 4453 diebus
3501 4399 3575 4452 la-

2003 4490 2297 4543 borantem.
2343 4488 2406 4541 Et
2448 4490 2492 4543 si
2541 4492 2752 4558 quando
2783 4501 3047 4545 mortuum
3078 4491 3129 4544 in
3160 4492 3239 4542 via
3269 4490 3571 4558 reperissa-t,

310 4578 417 4631 hac
447 4578 638 4632 acerba
668 4588 859 4643 morte,
893 4593 1016 4633 mox
1062 4580 1152 4633 ibo
1181 4580 1231 4633 in
1263 4596 1522 4647 eretnum,
1561 4593 1613 4636 et
1638 4598 1788 4651 agam
1818 4587 1895 4636 vi-
1926 4569 1976 4628 θ
2001 4580 2231 4649 expletis
2261 4595 2422 4648 super
2451 4596 2571 4634 eum
2600 4582 2817 4650 psalmis
2846 4581 3118 4636 consuetis
3140 4590 3195 4635 et
3223 4580 3576 4644 orationibus,

309 4679 426 4723 tam
477 4671 791 4725 solitariam.
825 4672 1126 4727 Conversus
1160 4684 1336 4727 autem
1367 4675 1633 4728 neminem
1666 4691 1731 4729 ex
1774 4676 1895 4730 bar-

309 4762 462 4816 baris
507 4762 658 4818 vidit.
699 4760 881 4831 Itaque
917 4762 1169 4819 continuo
1211 4765 1355 4819 venit
1397 4766 1462 4819 ad
1497 4767 1631 4820 hanc
1662 4768 1889 4821 Lauram

307 4852 579 4923 Cupatha,
610 4848 983 4925 manseratqire
1008 4857 1119 4926 jam
1162 4858 1215 4911 in
1245 4859 1517 4928 spelunca,
1552 4860 1641 4915 Dei
1682 4877 1741 4917 se
1772 4879 1893 4932 pro-

308 4953 532 5015 tegente
558 4946 746 5016 gratia,
776 4962 943 5001 annos
972 4947 1183 5018 triginta
1215 4949 1465 5019 quinque.

896 5056 1119 5116 CAPUT
1158 5061 1301 5120 XXI.

535 5147 675 5204 Mors
728 5153 1055 5206 anachoreta:
1092 5162 1137 5206 et
1176 5156 1286 5225 ejus
1321 5156 1676 5224 interfectoris.

386 5237 567 5292 Abbas
593 5237 879 5294 Gerontius
906 5243 1224 5311 praepositus
1256 5249 1564 5301 monasterii
1595 5250 1764 5302 sancti
1794 5248 1891 5304 Pa-

310 5329 411 5382 tris
442 5334 605 5383 nostri
657 5330 924 5403 Euthymii
966 5335 1197 5388 narravit
1245 5336 1372 5390 mihi
1405 5344 1455 5391 et
1486 5338 1755 5407 Sophiste
1786 5341 1890 5394 So-

307 5425 583 5493 phrouio,
638 5425 1020 5481 dicens:Tres
1068 5428 1225 5482 simul
1283 5444 1497 5484 eramus
1545 5441 1693 5487 trans
1745 5449 1892 5487 mare

310 5513 612 5579 Morluum;
644 5516 1143 5586 authulautibusmte
1192 5520 1345 5574 nobis
1375 5520 1429 5573 in
1474 5532 1735 5587 montem,
1767 5539 1895 5577 ana-

304 5608 533 5661 choreta
562 5607 775 5676 quidam
796 5608 932 5662 alius
951 5610 1091 5665 circa
1115 5612 1277 5665 maris
1305 5611 1473 5680 ripam
1495 5614 1891 5673 deambulabat.

306 5697 549 5767 Contigit
592 5708 769 5752 autem
818 5699 1117 5755 Saracenos
1150 5700 1227 5770 (2)
1260 5705 1485 5757 transire
1519 5720 1611 5771 per
1640 5706 1751 5758 loca
1803 5704 1892 5760 illa

308 5797 370 5843 et
400 5802 684 5843 occurrere
712 5788 847 5856 ipsi;
878 5805 999 5846 cum
1033 5806 1161 5859 ergo
1193 5793 1572 5858 praeteriisscnt
1605 5795 1771 5858 illum,
1805 5814 1893 5852 re-

1997 4672 2288 4741 sepeliebat
2319 4687 2459 4727 cum.

2569 4763 2795 4821 CAPUT
2845 4764 2992 4820 XXV

1998 4881 2077 4935 De
2101 4881 2261 4952 fratre
2288 4882 2588 4933 monasterii
2619 4878 2811 4933 Cusibn
2836 4922 2848 4942 ,
2883 4892 2929 4933 et
2959 4890 3145 4952 sancta:
3173 4879 3442 4933 oblationis
3462 4894 3578 4934 ver-

2324 4953 2417 5014 bis,
2451 4967 2540 5004 nec
2586 4968 2686 5004 non
2726 4954 2788 5003 de
2823 4954 2999 5004 abbate
3037 4950 3260 5007 Joanne.

2083 5066 2267 5122 Frater
2314 5065 2524 5134 quidam
2556 5071 2673 5117 erat
2705 5066 2754 5116 in
2784 5064 3030 5117 C(B'lOi)I0
3077 5062 3301 5130 Cusiba,
3337 5073 3392 5118 ut
3428 5065 3579 5119 nobis

2000 5160 2165 5214 abbas
2187 5158 2473 5226 Gregorius
2495 5171 2557 5209 ex
2583 5154 2929 5209 Sebolaribus
2952 5152 3028 5224 (5)
3046 5155 3243 5219 retulit,
3265 5155 3354 5224 qui
3378 5165 3580 5209 sancta:

2000 5248 2285 5306 oblationis
2336 5248 2494 5302 verba
2547 5247 2812 5323 ritumque
2841 5245 3118 5301 didicerat.
3152 5247 3244 5302 Die
3288 5263 3420 5316 ergo
3449 5264 3579 5318 qua-

2000 5343 2123 5397 dam
2155 5342 2347 5395 missus
2374 5349 2429 5391 ut
2460 5336 2858 5394 benedictiones
2890 5336 3074 5405 ferret,
3100 5353 3218 5393 cum
3243 5339 3352 5407 jam
3382 5338 3580 5394 rediret

2001 5434 2068 5489 ad
2099 5432 2481 5489 monasterium
2502 5472 2517 5495 ,
2547 5429 2706 5483 verba
2737 5436 2936 5483 sanctas
2980 5430 3269 5484 oblationis
3295 5427 3393 5501 (4),
3426 5429 3577 5498 quasi

2001 5540 2189 5581 versus
2233 5524 2440 5590 aliquos
2470 5530 2707 5589 caneret,
2743 5520 2900 5576 dixit.
2938 5522 3163 5574 Easdem
3199 5537 3324 5573 vero
3359 5518 3567 5574 bcttcdi'

2000 5618 2211 5671 ctiones
2242 5615 2609 5679 imposuerunt
2638 5612 2847 5668 diaconi
2871 5624 3054 5666 sancto
3079 5613 3250 5665 altari.
3281 5612 3424 5675 Quas
3451 5622 3573 5660 cum

2000 5709 2165 5762 abbas
2195 5707 2426 5758 .tnanues
2472 5705 2748 5776 presbyter
2795 5704 3034 5766 oll‘crret,
3066 5704 3154 5773 qui
3188 5713 3370 5771 postea
3396 5701 3577 5752 Caesa.-

1998 5816 2104 5854 rem
2157 5793 2449 5850 Palat-uina:
2498 5796 2781 5868 episcopus
2822 5796 2937 5861 fuit,
2965 5810 3067 5848 non
3109 5793 3259 5858 vidit,
3293 5803 3348 5845 ut
3379 5790 3573 5843 solitus
