4052 6362
495 308 593 364 131

495 520 553 566 et
578 511 841 584 cogitans,
874 527 942 566 ne
967 512 1091 581 quid
1124 510 1263 568 forte
1311 526 1584 583 peccasset
1609 516 1661 569 in
1693 524 1891 578 mente,
1921 523 2080 579 atque

491 602 620 657 ideo
640 617 700 657 sc
719 602 947 673 Spiritus
967 603 1135 674 868
1158 613 1373 659 sanctus
1390 607 1687 670 avertisset,
1710 607 1977 675 ingressus
1997 615 2079 658 est

495 697 789 751 sacrarium
818 697 1051 765 plorans,
1074 699 1380 767 corruitque
1404 699 1454 752 in
1478 698 1667 753 faciem
1693 714 1866 753 suam.
1900 704 2077 768 Appa-

489 788 597 842 ruit
618 796 794 843 autem
822 789 869 843 ei
899 789 1120 859 angelus
1150 789 1391 853 Domini,
1419 790 1604 844 dicens
1634 806 1649 846 :
1674 791 1936 858 Quoniam
1970 792 2077 847 fra-

488 887 574 933 ter
599 880 687 934 ille
713 881 803 947 qui
834 881 1130 935 oblationes
1157 882 1353 945 attulit,
1370 883 1530 937 verba
1555 895 1753 938 sanctze
1778 886 2072 942 oblationis

489 970 542 1025 in
572 973 653 1024 via
685 972 845 1040 dixit,
877 973 1223 1027 sanctificata:
1262 973 1372 1041 jam
1415 987 1479 1026 ae
1520 973 1772 1042 perfecta:
1817 984 1960 1029 sunt.
1995 976 2073 1030 Ex

489 1072 618 1119 tunc
648 1064 808 1133 igitur
836 1067 1017 1118 statuit
1046 1065 1226 1118 senior
1254 1075 1308 1119 ut
1335 1066 1513 1119 nullus
1540 1067 1794 1135 deinceps
1821 1068 2068 1121 addisce-

489 1166 575 1212 ret
613 1159 813 1211 sanctae
859 1156 1139 1211 oblationis
1182 1158 1369 1223 verba,
1402 1158 1503 1212 nisi
1544 1159 1634 1228 qui
1682 1159 1957 1213 ordinatus
2003 1159 2069 1213 ad

490 1252 594 1306 hoc
641 1260 804 1315 esset,
837 1267 1008 1320 neque
1039 1252 1235 1319 passim
1276 1267 1339 1306 ea
1378 1252 1643 1321 quispiam
1683 1252 1911 1317 diceret,
1938 1267 2071 1321 quo-

483 1359 691 1415 cunque
719 1355 958 1414 tempore
985 1345 1187 1415 absque
1218 1345 1337 1398 loco
1357 1355 1692 1399 consecrato.

1050 1456 1279 1511 CXPUT
1308 1456 1497 1512 XXVI.

492 1548 609 1603 Vita
634 1550 810 1618 fratris
840 1547 1190 1615 Theophanis,
1222 1549 1432 1618 ejusque
1460 1550 1707 1603 mirabilis
1737 1550 1887 1618 visio,
1920 1563 1965 1605 et
2002 1553 2068 1605 de

837 1620 1293 1674 communicatione
1312 1637 1427 1673 cum
1445 1622 1715 1677 Ita'reticis.

548 1709 724 1766 Senex
771 1711 985 1779 quidam
1032 1710 1258 1765 sedebat
1288 1712 1340 1764 in
1371 1711 1541 1766 Lauta
1584 1714 1886 1768 Calamonis
1910 1716 2061 1785 juxta

1639 310 1724 364 DE
1760 307 1935 365 VITIS
1974 309 2255 365 I’ATRIIM
2297 310 2499 367 LIBER
2541 310 2605 366 Χ.

492 431 628 482 erat,
659 418 827 473 sancti
851 418 1080 489 Spiritus
1102 419 1410 475 adventum.
1438 421 1899 491 Conlristatusque
1931 421 2082 475 valde
2114 424 2158 478 Α

3681 324 3787 380 153

2745 422 2975 479 CAPUT
3016 425 3228 484 XXVII.

2477 552 2595 608 Vita
2638 556 2921 626 presbyteri
2969 561 3103 614 villa:
3148 561 3487 619 Mardandos.

2257 686 2447 742 Decem
2473 688 2583 742 fere
2607 690 2840 745 millibus
2862 708 3111 762 passuum
3131 696 3198 749 ab
3210 696 3341 751 urbe
3356 696 3560 754 Ciliciae
3576 697 3776 771 £gina

2180 779 2303 832 villa
2350 781 2590 847 quaedam
2643 790 2745 847 est,
2780 786 2996 839 nomine
3028 785 3345 843 blardandos
3369 832 3384 853 ,
3419 791 3471 843 in
3501 806 3603 859 qua
3637 802 3776 848 tem~

2184 879 2330 941 plum
2358 886 2439 927 cst
2468 877 2635 928 sancti
2667 876 2885 931 Joannis
2915 879 3188 948 Baptisms.
3228 886 3281 935 In
3329 882 3427 936 hac
3455 899 3622 938 senex
3654 887 3775 956 qui-

2175 965 2298 1017 dam
2347 966 2625 1035 presbyter
2656 968 2893 1031 sedebat,
2923 971 3118 1025 Summi
3159 974 3297 1040 apud
3347 972 3513 1028 Deum
3563 979 3770 1043 meriti.

2175 1076 2594 1131 magnarumque
2619 1063 2896 1117 virtutum.
2913 1064 3152 1130 Quadam
3179 1082 3303 1121 vero
3325 1067 3412 1123 die
3430 1069 3569 1122 villa:
3593 1068 3769 1135 ipsius

2173 1150 2499 1209 habitatores
2526 1167 2872 1209 accesserunt
2899 1157 2965 1209 ad
2995 1157 3304 1226 episcopum
3334 1171 3652 1216 accusantes
3679 1176 3770 1216 se-

2172 1259 2318 1308 nem,
2347 1260 2409 1298 ac
2456 1245 2700 1301 dicentes
2727 1264 2741 1300 :
2765 1246 2914 1301 Tolle
2939 1262 2969 1301 a
2995 1248 3150 1302 nobis
3194 1265 3380 1304 senem
3431 1250 3570 1305 hunc
3591 1292 3607 1316 ,
3640 1268 3769 1307 nam

2172 1336 2431 1390 molestus
2474 1337 2627 1392 nobis
2672 1348 2774 1392 est.
2811 1339 2944 1393 Dicit
2989 1338 3065 1393 eis
3094 1341 3377 1409 episcOpns
3403 1358 3417 1397 :
3442 1342 3579 1408 Quid
3611 1343 3769 1397 vobis

2172 1426 2336 1481 facit?
2368 1427 2559 1482 Dicunt
2601 1428 2648 1483 ei
2678 1446 2690 1481 :
2716 1431 2937 1485 Accedit
2986 1433 3204 1486 missam
3240 1432 3514 1487 celebrare
3544 1435 3631 1488 die
3661 1433 3769 1487 Do-

2171 1520 2386 1583 minico,
2422 1536 2563 1575 nunc
2596 1521 2723 1575 hora
2755 1522 2932 1585 tertia,
2967 1537 3109 1578 nunc
3138 1533 3314 1578 autem
3348 1525 3477 1580 lio'a
3509 1540 3674 1589 nona,
3704 1534 3767 1579 ut

2169 1610 2273 1665 sibi
2300 1612 2471 1666 visunt
2503 1611 2695 1677 fuerit,
2728 1628 2902 1682 neque
2944 1623 3121 1668 servat
3151 1616 3449 1670 solemnem
3480 1630 3543 1670 ac
3586 1615 3763 1685 legiti-

2169 1716 2314 1753 mum
2344 1701 2586 1755 ordinem
2612 1713 2811 1756 sancta:
2839 1703 3142 1759 oblationis.
3179 1705 3270 1760 llis
3297 1710 3607 1775 compertis,
3647 1708 3766 1777 epis

476 1803 762 1859 Jordanem
811 1802 1051 1866 ﬂuvium,
1094 1802 1351 1873 Cyriacus
1400 1805 1658 1871 nomine,
1716 1807 1889 1873 magni
1928 1808 2064 1877 apud
2100 1789 2148 1850 Β
2173 1806 2366 1862 εοορυς
2404 1809 2684 1848 assumens
2729 1810 2911 1849 senem
2957 1810 3236 1862 seorsum,
3268 1800 3343 1852 ait
3383 1799 3657 1867 illianid
3687 1802 3763 1855 ita

476 1897 644 1953 Deum
692 1896 886 1951 meriti.
917 1897 996 1950 Ad
1025 1896 1168 1951 hunc
1198 1898 1465 1964 profectus
1508 1909 1591 1955 est
1638 1899 1803 1953 frater
1834 1901 2068 1969 peregri-

477 2006 578 2045 nus
607 2004 673 2045 ex
706 1989 922 2059 regione
955 1990 1094 2045 Dura
1116 2033 1131 2056 ,
1164 1990 1524 2059 TheOphanes
1551 1993 1782 2055 nomine,
1819 2003 1876 2047 ut
1905 1996 2067 2050 inter-

475 2092 688 2150 rogaret
718 2095 901 2135 senem
931 2082 998 2134 de
1025 2082 1433 2150 cogitationibus
1464 2081 1857 2138 fornicationis.
1891 2086 2061 2151 Quem

475 2173 658 2228 senior
682 2172 881 2227 hortari
912 2171 1076 2242 cmpit
1102 2184 1262 2241 atque
1287 2189 1475 2243 urgere
1506 2175 1686 2230 verbis
1716 2176 1784 2231 de
1812 2179 2063 2245 pudicitia

477 2274 534 2321 et
561 2262 820 2318 castitate.
866 2263 1051 2317 Frater
1095 2264 1273 2332 itaque
1315 2265 1594 2333 magnifice
1644 2267 1959 2335 azdilicatus,
1991 2270 2066 2325 ait

479 2356 595 2410 seni
624 2354 818 2421 :Vere,
850 2356 919 2409 mi
953 2356 1134 2421 Pater,
1155 2372 1255 2425 ego
1282 2356 1381 2409 nisi
1410 2358 1461 2410 in
1486 2359 1698 2428 regione
1728 2376 1844 2416 ntea
1875 2363 2065 2416 Nesto-

476 2446 642 2500 rianis
686 2446 1142 2502 communicarem
1168 2488 1184 2514 ,
1216 2458 1391 2502 tecum
1439 2452 1874 2517 pertnansiSscnt.
1928 2456 2060 2509 Cum

472 2551 601 2592 vero
628 2537 868 2592 audisset
900 2552 1064 2592 senex
1092 2538 1327 2592 Nestorii
1352 2555 1568 2604 nomen,
1590 2541 1818 2596 amictus
1847 2542 1914 2596 de
1946 2559 2065 2611 per-

474 2630 677 2686 ditione
706 2630 909 2697 fratris,
938 2631 1266 2699 corripiebat
1295 2646 1442 2699 eum,
1473 2641 1528 2686 et
1552 2633 1740 2688 orabat
1765 2642 1821 2687 ut
1847 2635 2062 2689 recede-

472 2732 553 2780 ret
578 2725 645 2778 ab
669 2725 767 2780 hac
789 2725 1018 2793 pessima
1042 2734 1095 2778 et
1119 2726 1418 2794 perniciosa
1447 2727 1658 2790 haeresi,
1675 2728 2063 2799 accederetque

471 2815 540 2870 ad
593 2825 833 2872 sanctam
884 2817 1202 2873 catholicam
1253 2827 1310 2873 et
1356 2820 1707 2889 apostolicam
1742 2823 2058 2887 Ecclesiam,

470 2909 657 2966 dicens
685 2926 793 2966 non
819 2925 940 2966 esse
961 2912 1121 2965 aliam
1150 2912 1340 2968 salutis
1365 2929 1539 2981 spem,
1562 2914 1667 2969 nisi
1695 2924 1842 2970 recte
1866 2918 2063 2973 sentia-

474 3022 596 3062 mus
615 3016 670 3063 et
690 3008 971 3063 credamus
999 3009 1081 3075 (ut
1107 3023 1289 3062 revera
1320 3007 1426 3076 est)
1452 3017 1690 3063 sanctam
1711 3009 1933 3064 Mariam
1966 3011 2058 3065 Dei

473 3099 786 3169 genitricem
817 3114 957 3155 esse.
992 3097 1137 3153 Dixit
1166 3110 1344 3153 autem
1380 3099 1542 3154 frater
1571 3101 1659 3156 ille
1690 3101 1802 3156 seni
1831 3121 1842 3153 :
1873 3102 2057 3157 Profe-

471 3199 583 3257 cto,
613 3191 831 3247 domine
871 3191 1047 3258 Pater,
1078 3206 1269 3246 omnes
1300 3191 1532 3246 hrcreses
1580 3194 1656 3246 sic
1694 3193 1875 3247 dicunt
1907 3206 1920 3245 :
1950 3193 2057 3247 Nisi

471 3285 754 3339 nobiscum
781 3285 1164 3350 communiccs,
1185 3285 1365 3340 salvus
1390 3301 1509 3340 esse
1539 3301 1643 3341 non
1676 3289 1891 3355 poteris.
1923 3288 2060 3355 Quid

471 3388 602 3443 ergo
633 3374 825 3431 faciam
869 3378 1048 3431 infelix
1075 3418 1092 3443 ,
1123 3378 1306 3431 nescio
1329 3394 1344 3431 :
1366 3377 1656 3446 deprecare
1685 3380 1849 3450 igitur
1876 3380 2056 3436 Domi-

477 3483 609 3522 num
642 3477 700 3521 ut
740 3469 912 3538 reipsa
959 3484 1044 3524 me
1091 3481 1299 3525 certum
1337 3470 1511 3533 faciat,
1543 3486 1786 3539 qurenam
1820 3479 1890 3526 sit
1935 3487 2058 3527 vera

473 3559 629 3613 ﬁdes.
660 3558 835 3615 Senex
859 3568 1036 3613 autem
1060 3574 1182 3615 cum
1208 3559 1399 3630 gaudio
1418 3560 1594 3616 fratris
1617 3562 1780 3618 verba
1803 3562 2055 3630 suscepit,

464 3651 717 3721 dixitque
765 3651 840 3706 illi
868 3668 882 3706 :
907 3650 1047 3706 Sede
1095 3652 1149 3705 in
1200 3651 1453 3720 spelunca
1483 3667 1691 3708 mecum
1712 3695 1728 3714 ,
1761 3664 1812 3705 et
1841 3652 2060 3707 omnino

463 3759 623 3814 spem
654 3745 705 3799 in
739 3743 848 3798 Deo
879 3744 1096 3810 habeto,
1129 3744 1254 3810 quia
1285 3746 1545 3799 revelabit
1577 3747 1670 3800 tibi
1716 3746 1880 3815 ipsius
1911 3747 2061 3802 beni-

470 3837 647 3907 gnitas
690 3851 811 3907 qua:
838 3838 909 3889 sit
946 3850 1069 3890 vera
1108 3834 1257 3890 fides.
1296 3836 1625 3907 Dimissoque
1655 3837 1820 3892 fratre
1850 3839 1900 3893 in
1933 3852 2059 3908 spe-

475 3926 629 3982 iunca
659 3941 775 3988 sua,
803 3941 1052 3997 egressus
1079 3935 1161 3980 est
1190 3926 1369 3981 senior
1399 3942 1563 3996 prope
1593 3942 1740 3982 mare
1772 3927 2058 3994 Mortuum,

473 4034 637 4076 orans
667 4018 831 4073 Deum
865 4034 960 4087 pro
990 4019 1175 4074 fratre.
1207 4018 1357 4072 Circa
1406 4028 1582 4073 autem
1628 4018 1812 4073 horam
1865 4036 2059 4075 nonam

473 4111 580 4167 diei
601 4112 871 4179 sequentis
913 4111 1120 4180 aspexit
1144 4114 1311 4165 lratcr
1351 4113 1635 4181 quemdam
1665 4123 1927 4168 astantem
1959 4116 2059 4169 sibi

474 4211 691 4273 aspectu
724 4203 1036 4268 terribilem,
1070 4217 1134 4257 ac
1162 4203 1425 4258 dicentem
1454 4221 1467 4255 :
1492 4203 1621 4258 Veni
1645 4245 1660 4270 ,
1693 4215 1746 4259 et
1773 4206 1893 4259 vide
1924 4207 2063 4260 veri-

477 4302 663 4350 tatem.
717 4292 1114 4362 Assumensque
1143 4309 1262 4347 eum
1294 4336 1309 4358 ,
1351 4295 1503 4347 duxit
1533 4295 1584 4347 in
1616 4295 1786 4349 locum
1819 4295 2064 4349 tenebro-

475 4401 595 4442 sum
623 4400 688 4441 ac
730 4384 974 4448 fetidum,
1022 4384 1169 4454 ignes
1219 4396 1635 4453 evaporanlt'nt;
1666 4398 1825 4453 atque
1853 4387 1904 4439 in
1936 4387 2064 4451 ips's

472 4480 685 4550 ﬁnibus
736 4478 866 4533 vidit
912 4477 1213 4532 Nestorium
1241 4519 1257 4542 ,
1291 4480 1606 4549 Eutychen,
1664 4480 2060 4547 Apollinarem,

475 4567 831 4632 Dioscorum'.
884 4568 1185 4633 Severum,
1223 4570 1432 4637 Arium,
1483 4570 1789 4638 Origenem,
1828 4576 1884 4622 et
1929 4569 2063 4623 alios

476 4660 759 4730 quosdam.
786 4658 1036 4728 Dixitque
1066 4659 1140 4713 illi
1177 4659 1221 4711 is
1252 4661 1340 4729 qui
1374 4667 1692 4729 apparuerat
1716 4676 1731 4714 :
1757 4660 1927 4715 Locus
1963 4660 2062 4715 iste

479 4766 812 4829 praeparatus
841 4768 925 4813 est
957 4757 1247 4823 hmreticis,
1278 4767 1334 4811 et
1360 4757 1873 4826 blasphemantibus,
1902 4766 1955 4810 et
1983 4755 2064 4809 bis

476 4853 565 4922 qui
610 4851 826 4905 illorum
855 4850 1097 4921 dogmata
1144 4862 1462 4917 sequuntur.
1512 4849 1564 4903 Si
1596 4864 1723 4919 ergo
1770 4849 1940 4916 placet
1969 4847 2060 4901 tibi

478 4944 651 5011 locus,
680 4943 901 5011 persiste
932 4944 981 4997 in
1016 4954 1104 4996 tuo
1140 4943 1421 5012 dogmate;
1463 4943 1506 4995 si
1538 4951 1715 4995 autem
1746 4938 2063 5007 supplicium

480 5037 618 5092 istud
647 5036 875 5103 experiri
904 5052 1008 5091 non
1040 5038 1140 5101 vis,
1160 5036 1356 5089 accede
1383 5034 1447 5087 ad
1480 5043 1718 5087 sanctam
1741 5031 2061 5086 catholicam

482 5138 538 5184 et
567 5129 907 5198 apostolicam
934 5128 1255 5194 Ecclesiam,
1278 5143 1435 5197 quam
1465 5135 1517 5181 te
1539 5142 1700 5181 senex
1724 5128 1903 5181 docet.
1934 5126 2063 5181 Dico

481 5219 623 5272 enim
658 5219 773 5285 tibi,
798 5221 919 5291 quia
950 5223 990 5274 si
1022 5236 1213 5274 omnes
1236 5221 1461 5275 virtutes
1485 5222 1644 5274 homo
1667 5230 1941 5291 operetur,
1966 5237 2064 5275 nec

483 5322 628 5367 recte
656 5314 858 5377 credat,
887 5315 940 5369 in
989 5313 1091 5368 hoc
1138 5313 1258 5366 loco
1306 5313 1649 5367 cruciabitur.
1682 5316 1854 5382 Atque
1884 5313 1933 5365 in
1964 5311 2065 5366 hoc

482 5405 646 5462 verbo
687 5409 831 5463 venit
863 5409 1024 5462 frater
1050 5408 1101 5461 in
1153 5406 1534 5476 semetipsum,
1583 5416 1636 5463 et
1677 5406 1921 5462 redeunti
1950 5407 2062 5462 seni

484 5498 717 5552 narravit
744 5499 919 5554 onmia
947 5514 1066 5568 qnte
1093 5497 1299 5552 viderat
1323 5539 1336 5562 ,
1370 5498 1703 5565 accessitque
1730 5498 1794 5553 ad
1828 5514 2070 5553 commuo

482 5590 693 5645 nionem
725 5605 926 5647 sancta:
970 5589 1250 5646 catholicae
1283 5589 1556 5646 Ecclesiae.
1590 5589 1863 5644 Remansit
1890 5599 2067 5645 autem

482 5693 603 5736 eum
632 5698 782 5751 sene,
809 5684 1153 5753 impletisque
1180 5689 1413 5753 quatuor
1462 5695 1583 5737 cum
1616 5681 1711 5736 illo
1738 5682 1913 5748 annis,
1946 5683 2071 5737 dor-

486 5772 636 5843 mivit
660 5774 713 5831 in
742 5790 883 5846 pare.

2171 1884 2324 1947 iacis,
2373 1884 2592 1937 senior?
2623 1899 2689 1937 an
2738 1885 2952 1955 ignoras
2995 1896 3193 1942 sanctae
3232 1888 3483 1944 Ecclesia:
3527 1887 3762 1942 statuta!

2168 1974 2258 2028 Ait
2283 1990 2444 2029 senex
2473 1991 2484 2025 :
2512 1973 2650 2029 Vera
2680 1974 2920 2046 profecto
2950 1980 3311 2046 prosequeris,
3342 1990 3395 2034 et
3419 1992 3564 2033 recte
3591 1980 3756 2046 dii-is;

2169 2077 2355 2118 verum
2387 2065 2512 2135 quid
2554 2079 2740 2135 agam,
2772 2066 2977 2136 ignoro.
3012 2066 3104 2120 Die
3133 2067 3273 2121 enim
3324 2067 3596 2122 Dominico
3639 2078 3764 2138 post

2167 2168 2458 2211 nocturnos
2506 2158 2756 2230 hymnos,
2791 2174 2955 2228 prope
2998 2170 3240 2212 sanctum
3272 2162 3443 2215 altare
3485 2163 3672 2226 sedeo,
3703 2172 3763 2217 et

2171 2268 2451 2321 quousque
2468 2253 2675 2306 videam
2697 2252 2949 2321 Spiritum
2973 2264 3214 2307 sanctum
3241 2254 3408 2307 altare
3436 2253 3759 2308 obumbran-

2168 2350 2312 2405 tem,
2345 2353 2527 2397 sancta
2570 2345 2856 2397 missarum
2904 2339 3166 2413 solemnia
3211 2360 3316 2397 non
3366 2345 3562 2414 incipio
3589 2363 3602 2409 ;
3634 2361 3755 2400 cum

2165 2446 2343 2491 autem
2375 2438 2659 2491 advenisse
2682 2437 2939 2507 Spiritum
2971 2450 3215 2493 sanctum
3245 2440 3470 2510 aspicio,
3505 2451 3630 2496 tunc
3656 2457 3758 2510 ego

2164 2544 2314 2583 sacra
2340 2529 2515 2583 officia
2538 2544 2875 2584 consumma.
2905 2530 2994 2584 llis
3026 2530 3243 2595 auditis,
3270 2532 3552 2601 episcopus
3583 2533 3758 2587 admi-

2164 2628 2313 2673 ratus
2338 2622 2588 2673 virtutem
2612 2619 2778 2684 senis,
2809 2631 3070 2674 convocat
3117 2622 3445 2677 habitatores
3471 2623 3638 2688 villae,
3669 2639 3757 2678 sa-

2164 2710 2538 2780 tisfaciensque
2565 2711 2702 2775 illis,
2734 2710 2939 2765 dimisit
2969 2728 3063 2765 eos
3093 2713 3144 2766 in
3175 2729 3325 2782 pace.

2237 2802 2368 2857 Huic
2396 2803 2511 2857 seni
2544 2803 2687 2858 misit
2716 2803 2885 2858 abbas
2930 2803 3176 2858 Julianus
3224 2805 3443 2874 Stylites
3471 2805 3754 2859 salutatio-

2166 2910 2309 2958 nem,
2342 2895 2559 2947 mittens
2587 2894 2636 2947 ei
2667 2898 2828 2948 etiam
2856 2910 3087 2962 pannum
3114 2894 3437 2957 lnt'olutum,
3468 2896 3679 2950 habent.
3700 2910 3757 2950 tn

2166 2983 2307 3037 intus
2339 2994 2448 3037 tres
2478 2983 2739 3039 carbones
2769 2983 2928 3055 ignis.
2978 2983 3153 3040 Senex
3184 3002 3309 3040 vero
3341 2988 3635 3056 suscipiens
3663 3002 3757 3041 sa-

2166 3075 2478 3131 lutationem
2511 3086 2566 3130 et
2592 3077 2856 3133 carbones
2901 3079 3187 3142 ardentes,
3215 3081 3421 3134 remisit
3450 3081 3628 3135 eidem
3656 3081 3758 3134 ab-

2090 3156 2136 3219 C
2168 3168 2273 3221 bati
2304 3168 2478 3238 ipsum
2532 3183 2763 3237 pannum
2801 3170 3102 3224 involutum
3144 3186 3280 3240 aqua
3312 3172 3550 3241 plenum.
3585 3171 3760 3226 Dista-

2167 3260 2297 3313 bant
2336 3269 2514 3315 autem
2561 3262 2628 3316 ab
2677 3262 2908 3316 invicem
2958 3261 3068 3317 fere
3118 3262 3306 3332 viginti
3351 3263 3588 3319 millibus
3636 3276 3759 3333 pas-

2165 3366 2339 3405 suum.

2699 3421 2925 3477 CAPUT
2974 3421 3212 3476 XXVIII.

2347 3530 2563 3591 Factum
2594 3538 2826 3592 mirabile
2860 3539 3057 3592 abbatis
3098 3538 3305 3593 Iuliani
3344 3539 3570 3610 Styltta'.

2235 3648 2496 3705 Narrabat
2519 3649 2683 3705 abbas
2705 3649 2983 3722 Cyriacus,
3010 3651 3302 3719 discipulus
3329 3651 3572 3720 przedicti
3594 3651 3761 3705 abba-

2166 3743 2232 3796 tis
2274 3742 2472 3797 Juliaui
2512 3742 2755 3815 Stylitte,
2807 3744 3034 3798 dicens:
3064 3744 3317 3799 Venimus
3362 3759 3463 3813 ego
3506 3753 3562 3799 et
3611 3753 3763 3809 pater

2164 3848 2316 3888 meus
2342 3840 2397 3888 et
2421 3833 2624 3887 fratera
2653 3835 2866 3903 regione
2893 3843 3072 3888 nostra
3098 3835 3163 3887 ad
3189 3834 3434 3889 abbatem
3461 3834 3758 3896 Juliauum.

2164 3926 2342 3980 audita
2372 3926 2488 3995 ejus
2514 3922 2677 3979 fama.
2728 3924 2839 3994 Ego
2880 3926 3021 3979 enim
3053 3924 3312 3981 habt-bam
3342 3927 3642 3994 passionem
3675 3928 3761 3980 ine

2164 4017 2480 4084 sanabilem,
2495 4032 2653 4087 quam
2672 4017 2852 4070 nullus
2872 4017 3038 4087 869
3056 4018 3327 4072 hominum
3350 4033 3542 4073 curare
3568 4028 3761 4088 potue-

2166 4122 2268 4169 rat.
2316 4112 2634 4168 Venientem
2683 4110 2845 4180 igitur
2892 4124 3055 4164 senex
3088 4111 3331 4178 pretinus
3380 4126 3468 4166 me
3515 4111 3765 4166 oratione

2165 4207 2397 4260 curavit.
2431 4205 2724 4260 Mansimus
2753 4212 2933 4257 autem
2974 4218 3161 4257 omnes
3192 4202 3330 4274 apud
3356 4218 3500 4267 eun,
3526 4211 3583 4257 et
3605 4203 3764 4258 abre-

2167 4298 2547 4353 nuntiavimusa
2582 4295 2815 4359 saeculo,
2867 4294 3248 4363 constituitque
3303 4295 3487 4350 senior
3554 4304 3763 4363 patrem

2168 4405 2345 4446 meum
2376 4405 2538 4457 super
2573 4387 2924 4443 frumentum.
2953 4387 3191 4455 Quadam
3222 4402 3352 4442 vero
3380 4387 3466 4440 die
3496 4387 3642 4441 venit
3668 4402 3764 4454 pa-

2169 4493 2251 4538 ter
2297 4496 2465 4545 meus,
2498 4490 2554 4535 et
2599 4486 2674 4536 ait
2718 4482 2894 4535 abbati
2942 4481 3156 4535 Iuliano
3193 4497 3208 4533 :
3252 4479 3602 4535 Frumentum
3652 4495 3763 4533 non

2173 4577 2449 4632 habemus.
2480 4577 2657 4630 Senex
2699 4585 2875 4629 autem
2907 4575 2977 4630 de
3002 4575 3248 4628 columna
3280 4575 3611 4643 respondeas
3638 4574 3714 4627 ait
3741 4589 3757 4625 :

2176 4667 2339 4733 Vade,
2370 4665 2555 4729 frater,
2581 4674 2636 4719 et
2668 4666 2839 4733 ipsum
2866 4664 3007 4734 quod
3043 4665 3330 4730 inveneris,
3356 4664 3548 4734 collige
3576 4663 3762 4725 hodie.

2172 4768 2227 4813 et
2259 4757 2419 4819 mole,
2445 4765 2498 4811 et
2539 4755 2607 4809 de
2643 4755 2879 4809 crastino
2911 4754 3051 4808 Deus
3098 4756 3266 4810 nostri
3310 4769 3493 4809 curam
3525 4754 3761 4808 habebit.

2173 4850 2269 4906 Ille
2294 4864 2421 4904 vero
2447 4848 2501 4903 in
2532 4847 2633 4901 hoc
2665 4846 2827 4902 verbo
2848 4848 3092 4902 turbatus
3118 4847 3345 4918 (sciebat
3363 4846 3507 4901 enim
3534 4860 3597 4901 se
3627 4844 3764 4899 nihil

2174 4939 2464 5007 dimisisse)
2495 4941 2627 4993 abiit
2662 4939 2729 4991 ad
2759 4937 2951 4991 cellam
2999 4953 3171 4992 suam.
3214 4938 3540 4997 Necessitate
3582 4946 3764 4991 autem

2176 5040 2400 5099 urgente
2451 5030 2597 5084 misit
2639 5028 2703 5081 ad
2742 5043 2865 5081 eum
2913 5041 3099 5093 senex,
3129 5027 3586 5083 dicenszAccede
3634 5028 3764 5082 huc.

2175 5124 2268 5177 Ille
2315 5138 2436 5177 cum
2479 5123 2566 5175 vix
2614 5120 2794 5173 venire
2854 5119 3230 5189 acquievisset,
3274 5120 3407 5175 dicit
3445 5121 3498 5175 ei
3542 5123 3768 5176 senior:

2176 5219 2363 5273 Frater
2383 5215 2593 5279 Conon,
2623 5216 2783 5281 vade,
2810 5223 2864 5269 et
2893 5214 3033 5284 quod
3062 5216 3357 5279 inveneris,
3389 5215 3471 5269 fac
3503 5230 3554 5268 tn
3586 5214 3769 5268 cibum

2175 5308 2423 5361 fiatrum.
2473 5307 2567 5361 ille
2598 5321 2704 5373 prae
2750 5304 3018 5359 iracundia
3059 5305 3285 5374 sumptis
3312 5302 3488 5381 horrei
3526 5302 3771 5357 clavibus

2182 5400 2328 5464 abiit,
2362 5399 2546 5452 volens
2576 5406 2732 5451 terrae
2758 5397 3033 5467 pulverem
3058 5394 3219 5452 ferre.
3246 5398 3376 5451 Cum
3406 5405 3586 5450 autem
3615 5410 3771 5449 amo-

2181 5494 2248 5549 tis
2288 5493 2536 5546 claustris
2585 5491 2723 5544 ostia
2752 5490 2917 5545 vellet
2947 5490 3177 5557 aperire,
3225 5506 3329 5545 non
3361 5497 3589 5559 poterat.
3640 5490 3772 5543 Erat

2180 5587 2322 5643 enim
2351 5594 2517 5639 totum
2546 5584 2797 5638 horreum
2831 5582 3099 5638 frumento
3130 5584 3363 5651 plenum.
3383 5582 3501 5649 Quo
3529 5582 3624 5638 ille
3652 5581 3771 5636 viso

2182 5677 2518 5749 perterritus,
2550 5690 2579 5728 a
2612 5690 2743 5759 sene
2774 5675 2984 5731 veniam
3018 5683 3312 5745 prostratus
3343 5673 3512 5743 petiit.
