4052 6362
286 318 402 385 Ἴδε

852 434 1084 499 CAPUT
1124 440 1313 497 XXIX.

533 553 846 611 Mirandum
892 557 1226 611 sanctissima:
1265 554 1629 611 Eucharistice.

356 668 526 735 Quasi
560 666 774 736 triginta
805 666 1114 722 milliaribus
1155 668 1222 723 ab
1270 669 1463 739 Egina
1495 664 1709 725 civitate
1738 670 1869 726 Cili-

274 757 413 824 'ci:c,
446 758 655 828 SUIIIJ‘.
683 760 789 811 duo
816 767 967 812 erant
993 761 1221 826 separati
1245 764 1311 814 ab
1342 761 1564 816 invicem
1588 778 1680 818 sex
1713 764 1873 818 milli-

285 850 389 904 bus
416 864 691 918 passuum.
724 849 799 903 Ex
835 849 916 904 his
941 851 1078 905 alter
1107 863 1303 906 sancta:
1345 856 1621 909 catholica:
1651 866 1700 910 et
1743 872 1871 925 apo-

274 944 494 997 ‘stolica:
559 941 820 997 Ecclesia:
860 943 1327 1009 communicabat;
1378 946 1511 999 alter
1556 956 1730 1001 autem
1780 948 1867 1015 qui

274 1033 448 1088 etiam
482 1033 601 1104 plus
633 1034 890 1102 temporis
948 1037 998 1087 in
1030 1035 1278 1089 columna
1313 1048 1513 1105 egerat,
1565 1037 1868 1094 Severiana:

286 1129 580 1198 impietatis
618 1136 753 1193 erat,
781 1129 1047 1197 variisque
1092 1130 1264 1184 modis
1306 1131 1591 1187 haereticus
1629 1131 1866 1186 Catholi-

271 1234 404 1274 cum
457 1217 865 1273 criminabatur.
917 1219 1013 1273 Ille
1062 1234 1191 1274 vero
1238 1219 1490 1274 divinitus
1548 1222 1860 1291 inSpiratus,

282 1311 439 1378 petiit
479 1309 549 1363 ab
590 1319 657 1364 eo
706 1319 767 1362 nt
815 1319 1015 1377 partem
1062 1310 1162 1364 Sibi
1205 1312 1438 1365 mitteret
1465 1312 1867 1369 Cummuuiouis

281 1414 421 1457 stite.
451 1400 773 1470 Quigaudio
794 1400 991 1467 elatus,
1014 1401 1155 1470 quod
1185 1404 1337 1472 quasi
1371 1394 1516 1456 illum
1544 1405 1864 1470 seduxis.~et,

279 1497 528 1563 protinus
556 1497 703 1550 misit
733 1496 864 1550 nihil
899 1496 1176 1551 haesitans.
1210 1496 1523 1567 Suscipiens
1553 1500 1729 1568 itaque
1758 1499 1863 1554 Ca-

277 1589 511 1644 tholicus
532 1589 750 1644 missam
776 1589 877 1643 sibi
905 1589 973 1643 ab
1004 1588 1255 1645 hatretico
1284 1589 1561 1644 Severiaui
1589 1600 1854 1645 sectatore

274 1683 622 1752 particulam,
652 1682 705 1737 in
731 1680 1023 1738 ferventem
1053 1683 1212 1736 ollam
1259 1682 1463 1751 injecit.
1511 1696 1742 1753 moxque
1778 1697 1864 1736 re.

1564 329 1842 386 PRATU.“
1885 327 2315 388 SPIRITUALE.

3454 332 3563 393 156

2544 441 2768 497 CAPUT
2807 442 2997 498 XXXI.

2251 555 2535 611 Conversio-
2556 567 2601 611 et
2622 557 2726 612 vita
2757 556 2944 612 Maria:
2971 560 3267 613 meretricis.

2044 671 2158 724 Duo
2189 684 2344 723 senes
2372 670 2613 723 abierunt
2644 669 2709 723 ab
2739 669 2885 739 Aigis
2918 670 2968 723 iu
2998 669 3283 736 Tharsum,
3330 672 3550 725 venien-

1968 768 2159 828 tesque
2190 763 2239 833 in
2267 762 2530 816 stabulum
2577 773 2632 815 ut
2700 762 3093 831 requiescerent
3137 763 3275 833 (erat
3303 764 3443 817 enim
3476 780 3547 816 τιξ-

1971 848 2109 919 διιιν)
2144 867 2235 919 per
2261 852 2709 919 dispensationem
2752 852 2842 907 Dei
2896 855 3211 908 invenerunt
3251 855 3306 909 in
3338 856 3548 911 stabqu

1972 949 2082 995 tres
2115 943 2480 998 adolescentes
2503 944 2756 997 habentes
2777 959 2955 998 secum
2990 961 3145 999 uuam
3190 946 3546 1001 meretricem.

1968 1032 2136 1087 Senes
2166 1050 2293 1104 ergo
2320 1051 2560 1089 seorsum
2601 1037 2876 1103 sederunt,
2912 1053 3155 1109 unusque
3199 1054 3263 1092 ex
3296 1038 3372 1093 eis
3404 1039 3546 1093 acci-i

1973 1126 2123 1191 piens
2171 1135 2411 1179 sanctum
2461 1126 2800 1196 Evangelium
2853 1128 3079 1199 legebat.
3127 1129 3373 1184 Meretrix
3418 1144 3548 1185 vero

1969 1230 2087 1283 qua:
2118 1226 2230 1269 erat
2259 1233 2379 1270 cum
2411 1216 2857 1284 adolescentibus,
2892 1228 2949 1272 ut
2992 1220 3119 1271 vidit
3150 1219 3415 1285 legentem
3459 1235 3543 1274 sc-

1968 1320 2110 1370 nem,
2143 1306 2342 1360 relictis
2383 1307 2485 1361 illis
2524 1309 2746 1361 accessit
2791 1308 2854 1361 ad
2887 1324 3089 1371 senem,
3124 1310 3365 1380 seditque
3391 1309 3544 1381 juxta

1966 1398 2138 1452 illum.
2183 1398 2359 1453 Senex
2405 1408 2581 1453 autem
2612 1400 2754 1453 illaut
2788 1401 3054 1470 rejicicns,
3087 1400 3221 1453 dixit
3251 1419 3264 1456 :
3297 1403 3544 1465 Multum,

1966 1505 1999 1542 o
2027 1491 2230 1557 infelix,
2280 1494 2557 1561 impudens
2584 1508 2663 1560 es,
2697 1510 2815 1563 qua:
2859 1496 3022 1547 verita
3064 1509 3167 1547 uou
3199 1494 3342 1548 fuisti
3388 1511 3547 1549 acce—

1966 1580 2096 1637 dere
2121 1584 2187 1636 ad
2220 1599 2316 1637 nos
2362 1598 2424 1638 ac
2454 1584 2664 1638 sedere.
2708 1585 2776 1637 At
2808 1584 2893 1637 illa
2920 1600 2932 1637 :
2960 1582 3055 1649 Ne,
3108 1600 3313 1653 quaeso,
3360 1584 3541 1650 Pater,

1967 1689 2035 1728 ne
2076 1675 2403 1730 abomineris
2433 1690 2542 1741 me,
2576 1691 2753 1746 neque
2783 1675 3035 1744 abjic'as;
3078 1678 3176 1730 etsi
3204 1678 3345 1730 enim
3391 1679 3537 1732 omni

276 1778 459 1831 ωιυιι
489 1784 595 1831 εει,
623 1776 899 1845 Sumpta")
927 1789 1141 1845 quoque
1167 1774 1446 1830 catholica;
1469 1775 1712 1830 ecclesia:
1736 1789 1861 1829 san-
1890 1812 1938 1876 Β
1966 1778 2184 1833 peccato
2214 1767 2366 1834 plena
2396 1782 2533 1832 sum,
2565 1782 2667 1820 non
2704 1776 2877 1821 tamen
2909 1767 3100 1837 repulit
3139 1768 3439 1821 venieutetn
3472 1766 3538 1821 ad

272 1876 419 1924 ctam
472 1867 901 1922 communionem
956 1867 1007 1920 in
1073 1879 1191 1922 eam
1253 1865 1511 1933 coniecit;
1568 1868 1856 1935 statimque

271 1959 493 2016 fervens
507 1960 612 2015 olla
639 1958 953 2029 refrigerata
983 1967 1085 2021 est,
1109 1966 1166 2013 et
1194 1968 1373 2012 sancta
1401 1958 1708 2012 communio
1729 1973 1858 2027 per-

269 2053 477 2108 mansit
518 2053 749 2123 integra,
778 2066 952 2120 neque
979 2049 1272 2105 madefacta
1303 2059 1404 2105 est.
1436 2049 1607 2116 Quam
1654 2057 1709 2104 et
1735 2049 1859 2104 dilia-

269 2155 466 2216 genter
492 2146 751 2207 servavit,
780 2153 836 2200 et
864 2144 1103 2200 ostendit
1146 2143 1303 2199 nobis
1329 2159 1452 2199 cum
1484 2144 1550 2199 ad
1594 2143 1742 2199 illum
1773 2159 1859 2201 ve-

269 2237 563 2293 nissemus.

849 2325 1075 2382 CAPUT
1115 2325 1285 2380 XXX.

271 2439 400 2499 Vita
431 2439 625 2497 Isidori
651 2441 893 2494 monachi
933 2438 1294 2499 Mclitinensis.
1344 2441 1665 2509 alterumque
1700 2442 1859 2496 mira.

484 2512 659 2567 culum
679 2514 815 2566 circa
842 2513 1216 2565 sanctissimam
1247 2509 1647 2565 Eur/taristiam.

348 2620 494 2677 Dade
516 2619 676 2693 Cypri
706 2623 1001 2690 emporium
1034 2631 1135 2685 est,
1171 2623 1222 2675 iu
1253 2637 1319 2677 eo
1362 2626 1745 2679 monasterium
1771 2632 1859 2680 est

264 2714 415 2786 quod
444 2714 638 2769 dicitur
668 2713 1000 2769 Philoxene:
1026 2715 1092 2766 ad
1147 2714 1196 2767 id
1228 2728 1349 2767 cum
1382 2715 1738 2781 venissemus,
1770 2718 1857 2769 in-

264 2807 521 2859 venimus
549 2805 619 2860 ibi
671 2804 988 2859 monachum
1021 2820 1217 2875 genere
1245 2804 1653 2873 Melitinensem,
1690 2806 1855 2862 Isidoo

262 2912 393 2951 rum
425 2895 659 2949 nomine.
696 2894 845 2949 llunc
870 2895 1102 2949 vidimus
1144 2895 1261 2950 sine
1310 2896 1415 2949 ulla
1458 2896 1855 2953 intermissione

261 3003 399 3043 cum
433 2986 631 3056 eiulatu
659 2986 895 3042 ﬂentem.
920 2985 1053 3041 Cum
1082 2996 1259 3041 autem
1291 2998 1570 3057 rogaretur
1592 2990 1662 3042 ab
1681 2990 1854 3044 omni-

260 3078 372 3134 bus
416 3087 471 3132 ut
497 3078 881 3147 aliquantulum
910 3079 1230 3147 quiesceret,
1264 3086 1320 3132 et
1363 3093 1392 3131 a
1421 3078 1548 3133 ﬂetu
1580 3086 1851 3147 tempera-

1965 1872 2023 1912 se
2061 1861 2394 1913 meretricem
2425 1858 2700 1924 Dominus,
2742 1870 2797 1913 et
2837 1861 3080 1913 Salvator
3119 1860 3360 1913 omnium
3386 1858 3542 1913 Chri-

1964 1959 2079 2006 stus
2104 1950 2244 2007 Deus
2277 1960 2481 2006 noster.
2517 1950 2805 2020 ReSpoudit
2837 1951 2887 2006 ei
2928 1968 3087 2007 senex
3115 1968 3127 2004 :
3153 1951 3256 2006 Sed
3290 1952 3541 2006 meretrix

1966 2042 2052 2096 illa
2083 2058 2189 2097 non
2237 2043 2532 2112 permansit
2572 2043 2845 2097 meretrix.
2900 2043 3034 2096 Tum
3086 2043 3237 2112 ipsa:
3267 2044 3437 2110 Spero
3485 2043 3539 2097 in

1964 2134 2156 2190 Filium
2190 2135 2280 2190 Dei
2312 2137 2435 2203 vivi,
2465 2134 2586 2206 quia
2613 2136 2680 2189 ab
2702 2136 2963 2190 hodierno
2988 2137 3073 2191 die
3096 2151 3268 2203 neque
3297 2151 3396 2204 ego
3421 2151 3540 2204 per-

1963 2229 2193 2285 manebo
2223 2230 2274 2283 in
2298 2239 2517 2299 peccato
2547 2229 2666 2282 hoc.
2696 2230 3018 2296 ltelmquens
3042 2229 3201 2298 igitur
3230 2228 3540 2282 adolescen-

1964 2332 2063 2387 tes,
2096 2334 2149 2375 et
2191 2334 2285 2375 sua
2314 2322 2524 2386 omnia,
2568 2331 2749 2375 secuta
2787 2329 2869 2374 est
2897 2335 3055 2374 senes
3097 2321 3234 2373 illos.
3284 2319 3539 2373 Miserunt

1958 2414 2125 2485 870
2154 2422 2331 2468 autem
2364 2412 2507 2467 illam
2537 2413 2588 2467 in
2629 2412 3011 2467 monasterium
3046 2428 3208 2480 prope
3235 2409 3371 2481 Ega
3402 2412 3534 2465 civi-

1963 2517 2145 2560 tatem.
2180 2504 2329 2558 Hauc
2359 2515 2413 2559 et
2440 2517 2537 2572 ego
2560 2503 2670 2573 jam
2719 2519 2879 2557 anum
2926 2504 3032 2557 vidi
3061 2519 3264 2569 magna:
3302 2504 3535 2572 pruden-

1962 2596 2049 2650 tiae
2076 2597 2353 2660 feminam,
2395 2608 2447 2650 et
2477 2595 2577 2649 ista
2604 2612 2665 2650 ex
2698 2596 2816 2664 ejus
2846 2610 2941 2650 ore
2983 2594 3166 2650 didici.
3198 2596 3325 2647 Erat
3355 2605 3535 2648 autem

1958 2688 2031 2743 illi
2052 2704 2246 2743 nomen
2276 2688 2458 2743 Maria.

2507 2777 2733 2834 CAPUT
2776 2777 2992 2834 XXXII.

1956 2893 2241 2949 Conversio
2281 2905 2329 2950 et
2368 2895 2469 2947 vita
2500 2892 2707 2963 Babglm
2730 2894 2806 2963 (ὅ)
2852 2895 3010 2957 mimi,
3044 2909 3133 2945 nec
3172 2909 3271 2946 non
3318 2893 3535 2948 Cometa:

2308 2975 2353 3019 ct
2381 2963 2583 3017 Nicosa:
2620 2965 3015 3016 concubinarum
3042 2966 3174 3029 eius.

2027 3069 2220 3123 Mimos
2269 3068 2484 3137 quidam
2534 3076 2649 3120 erat
2694 3066 2745 3119 in
2793 3066 2995 3119 Tharso
3041 3067 3263 3131 Cilicim,
3319 3068 3535 3123 nomine

260 3182 375 3239 ret,
428 3172 555 3227 nuili
613 3170 823 3241 penitus
868 3170 1265 3239 acQuiescebat,
1311 3172 1497 3227 dicens
1547 3174 1842 3229 omnibus:
1876 3204 1925 3270 ο
1957 3161 2403 3270 Βεῴγξξδεεθωιιι
2442 3167 2618 3213 amem
2675 3158 2745 3270 illi
2783 3158 2908 3270 filii?
2946 3158 3295 3270 CWCI‘lkimft;
3344 3176 3536 3216 nomen

259 3261 503 3319 Nimium
535 3273 785 3332 peccator
807 3278 924 3318 sum
955 3263 1094 3318 ultra
1122 3278 1313 3319 omnes
1343 3266 1431 3333 qui
1475 3265 1545 3319 ab
1570 3266 1722 3320 initio
1747 3282 1850 3321 ste-

258 3354 374 3409 culi
401 3354 637 3410 fuerunt.
668 3356 803 3409 Cum
830 3363 1008 3411 autem
1031 3354 1105 3409 illi
1129 3355 1429 3410 diceremus
1454 3374 1469 3411 :
1500 3357 1684 3411 Nullus
1707 3369 1856 3414 certe

257 3446 391 3501 sine
440 3455 660 3513 peccato
704 3454 808 3510 est,
859 3446 965 3500 nisi
994 3460 1134 3501 unus
1164 3447 1326 3514 Deus,
1380 3448 1738 3516 respondebat
1774 3449 1857 3503 di-

257 3552 400 3593 cens
423 3553 438 3590 :
464 3536 759 3601 Veraciter,
788 3535 1000 3605 fratres,
1052 3536 1254 3591 nullum
1298 3538 1476 3590 inveni
1508 3538 1648 3592 inter
1675 3538 1851 3593 homi-

261 3640 372 3682 nes
394 3625 621 3681 similem
650 3628 779 3682 mihi
813 3637 1171 3693 peccatorem,
1205 3628 1515 3698 nullumque
1557 3630 1732 3699 majus
1759 3630 1857 3687 de-

260 3718 456 3773 lictum
484 3734 639 3789 quam
679 3734 880 3773 meum.
912 3718 978 3773 Et
1007 3727 1065 3773 ut
1088 3722 1429 3790 cognoscatis
1460 3734 1544 3773 me
1573 3735 1699 3775 vera
1731 3736 1856 3790 pro-

257 3811 453 3879 sequi,
504 3810 681 3865 audite
734 3821 1011 3879 peccatum
1080 3825 1293 3876 meum,
1338 3822 1398 3865 ut
1451 3820 1506 3866 et
1552 3824 1647 3866 vos
1688 3816 1855 3869 oretis

258 3913 369 3974 pro
402 3915 510 3957 me.

341 3992 455 4065 Ego
484 4008 607 4049 cum
634 4007 808 4049 essem
842 3994 895 4049 in
919 3994 1138 4059 saeculo,
1168 4008 1391 4049 uxorem
1414 3994 1572 4048 habui
1602 4012 1615 4047 :
1641 4009 1855 4052 eramus

269 4092 457 4140 autem
487 4085 647 4138 ambo
673 4087 947 4139 Severiani
976 4085 1259 4155 dogmatis.
1289 4089 1425 4138 Cum
1454 4100 1583 4154 ergo
1603 4086 1692 4141 die
1718 4102 1852 4155 qua-

264 4176 399 4231 dam
428 4179 695 4231 venissem
740 4177 980 4243 domum,
1013 4192 1117 4231 non
1168 4178 1342 4232 inveni
1372 4192 1594 4234 uxorem
1636 4193 1851 4234 meam:

263 4267 449 4323 audivi
477 4275 656 4323 autem
687 4267 830 4337 quod
874 4268 1098 4323 abiisset
1128 4270 1193 4322 ad
1224 4269 1453 4323 vicinam
1480 4268 1759 4325 mulierem
1796 4280 1854 4325 ut

258 4359 340 4414 illi
372 4358 800 4413 communicaret
826 4358 962 4429 (erat
988 4373 1166 4414 autem
1200 4360 1290 4413 illa
1320 4360 1609 4415 catholicae
1636 4360 1851 4429 religio-

259 4451 350 4505 nis
393 4459 448 4503 et
476 4448 623 4519 Iidei)
670 4450 989 4519 cucurrique
1021 4450 1261 4518 protinus
1315 4452 1500 4506 volens
1542 4452 1848 4519 prohibere.

1961 3253 2050 3307 uni
2100 3249 2342 3314 Cometa,
2400 3264 2591 3304 nomen
2645 3250 2796 3304 alteri
2844 3250 3053 3304 Nicosa.
3094 3250 3314 3304 Vivebat
3356 3265 3538 3307 autent

1962 3343 2243 3399 luxuriose
2271 3356 2435 3411 agens
2463 3340 2639 3396 omnia
2664 3358 2782 3410 qute
2813 3341 2886 3395 illi
2917 3341 3125 3395 ἀωιηοη
3154 3344 3534 3412 suggessisset.

1967 3435 2066 3491 Die
2105 3452 2233 3491 vero
2280 3434 2509 3506 quadam
2548 3434 2819 3504 ingressus
2855 3435 3174 3502 ecclesiam,
3221 3436 3419 3489 audivit
3446 3452 3537 3505 per

1957 3526 2416 3595 dispensatiOuem
2449 3524 2540 3581 Dei
2584 3538 2825 3581 sanctum
2861 3527 3204 3596 Evangelium
3250 3527 3374 3597 legi.
3413 3528 3539 3581 Erat

1965 3631 2144 3675 autem
2167 3619 2267 3673 ἰδίει
2290 3618 2446 3674 lectio
2468 3636 2481 3673 :
2506 3618 2877 3673 Pteuitentiam
2907 3621 3067 3688 agite,
3097 3622 3540 3689 apprOpinquavit

1959 3709 2104 3766 enim
2133 3726 2355 3777 regnum
2397 3710 2656 3767 calorum
2684 3711 2894 3782 (Matth.
2933 3712 3035 3781 tu).
3071 3712 3537 3783 Compuuctusquc

1957 3813 2262 3871 cmpttcum
2292 3802 2544 3872 lacrymis
2582 3803 2822 3867 horrere,
2866 3817 2926 3855 ac
2955 3817 3013 3856 se
3055 3805 3311 3858 miserum
3357 3805 3539 3861 dicere

1960 3906 2056 3959 pro
2095 3892 2179 3945 bis
2222 3907 2341 3959 qua:
2384 3902 2717 3960 peccaverat.
2759 3891 3049 3946 Confestim
3099 3894 3258 3962 igitur
3289 3909 3536 3963 egressus

1959 3993 2113 4038 extra
2139 3985 2445 4050 ecclesiam,
2478 3985 2692 4038 vocavit
2732 3984 2863 4038 duas
2890 3986 3087 4040 amicas
3112 4002 3260 4053 suas,
3302 3989 3539 4057 dixitque

1957 4074 2101 4129 illis:
2136 4076 2295 4130 Scitis
2331 4076 2601 4145 quomodo
2644 4079 2914 4131 vobiscum
2962 4078 3236 4133 luxuriose
3287 4081 3539 4146 vixerim,

1967 4180 2130 4239 utque
2161 4187 2430 4240 nunquam
2482 4173 2702 4226 alteram
2737 4172 2853 4241 plus
2881 4187 3039 4240 quam
3071 4174 3191 4229 alter
3206 4188 3291 4227 am
3339 4173 3540 4229 dilexe-

1957 4263 2095 4329 rim;
2125 4263 2299 4333 itaque
2330 4274 2501 4319 vestra
2532 4275 2656 4318 sunt
2676 4268 2852 4319 omnia
2883 4279 3213 4335 quascunque
3233 4281 3332 4334 ego
3358 4268 3541 4336 acqui-

1958 4356 2082 4421 sivi,
2118 4355 2348 4425 accipite
2403 4356 2620 4424 insuper
2645 4372 2761 4410 mea
2802 4357 2975 4410 omnia
3028 4370 3081 4412 et
3127 4358 3348 4412 dividite
3402 4359 3540 4414 inter

1964 4462 2094 4513 vos;
2125 4462 2225 4517 ego
2267 4448 2408 4502 enim
2438 4463 2506 4502 ex
2558 4463 2697 4502 nunc
2736 4449 3051 4503 abreuuutio
3094 4450 3311 4510 smculo.
3342 4460 3397 4503 et
3426 4449 3541 4505 eiii.

256 4540 546 4597 Profectus
575 4550 752 4595 autem
779 4541 1020 4605 domum,
1051 4541 1226 4596 inveni
1249 4542 1391 4595 illam
1414 4542 1524 4611 jam
1549 4544 1849 4597 communi-
1958 4542 2071 4596 cior
2100 4540 2411 4595 monachus.
2446 4543 2551 4595 Illic
2588 4551 2765 4596 autem
2794 4556 2862 4596 ex
2892 4558 2997 4597 uno
3021 4556 3115 4596 ore
3150 4542 3540 4610 responderunt

255 4647 438 4688 casse.
462 4633 640 4700 Quare
663 4632 1026 4701 indignatiOue
1051 4634 1351 4688 concitatus
1373 4634 1701 4703 apprehendi
1727 4645 1849 4705 gut-

261 4734 356 4779 tur
378 4722 518 4793 ejus,
566 4722 772 4792 fecique
800 4724 942 4777 illam
972 4738 1225 4779 evomere
1273 4739 1480 4779 sacram
1511 4732 1847 4780 communio-

264 4830 417 4870 ttem.
437 4814 716 4884 Sumptatn
741 4814 935 4869 deinde
966 4817 1281 4883 particulam
1308 4824 1546 4869 sanctam
1573 4815 1676 4869 huc
1699 4816 1852 4870 illuc-

259 4921 374 4977 que
399 4907 691 4974 iactabam,
737 4905 911 4961 donec
959 4906 1013 4960 in
1061 4906 1229 4960 lutum
1255 4907 1467 4961 cecidit.
1517 4908 1638 4962 Mox
1671 4919 1845 4962 autem

259 4998 378 5054 vidi
406 5000 830 5055 coruscationem
878 4998 931 5054 in
972 5000 1161 5054 eodem
1194 4999 1312 5053 loco
1348 5008 1588 5054 sanctam
1634 5015 1847 5055 assum-

260 5095 440 5164 psisse
467 5093 921 5148 communionem.
970 5094 1100 5148 Post
1140 5092 1355 5147 biduutu
1386 5108 1512 5147 vero
1543 5095 1745 5162 aspicio
1773 5095 1853 5148 vi-

261 5202 385 5242 rum
438 5186 590 5255 quasi
634 5185 944 5255 Ethiopem
988 5185 1339 5240 setniciuctiis
1363 5186 1634 5251 vestitum,
1662 5187 1850 5242 dicen-

248 5287 486 5348 temque
531 5278 663 5333 mihi
690 5295 706 5333 :
731 5278 844 5347 Ego
869 5287 927 5332 et
969 5288 1022 5331 tu
1051 5278 1211 5331 simul
1241 5277 1293 5331 in
1337 5293 1496 5331 unum
1527 5279 1848 5348 supplicium

260 5371 609 5426 condemnati
658 5383 870 5425 sumus.
919 5370 984 5424 Et
1013 5383 1112 5437 ego
1151 5369 1219 5421 ad
1272 5384 1392 5422 eum
1420 5386 1433 5423 :
1462 5367 1565 5433 Tu,
1609 5370 1849 5436 inquam,

255 5462 382 5530 quis
401 5475 462 5517 es
478 5462 503 5516 i
521 5460 818 5530 Respondit
838 5478 850 5513 :
868 5459 979 5530 Ego
1000 5475 1118 5515 sum
1140 5458 1230 5529 qui
1251 5460 1580 5514 conditorem
1604 5459 1842 5513 omnium

257 5555 547 5611 Dominum
571 5555 755 5611 Jesutn
795 5554 1067 5611 Christum
1114 5554 1167 5608 iu
1216 5554 1428 5608 maxilla
1457 5553 1694 5622 percussi
1718 5568 1845 5624 pas-

255 5650 425 5706 siouis
462 5659 733 5721 tempore.
764 5650 940 5721 Atque
977 5647 1076 5706 hac
1101 5647 1170 5706 de
1209 5661 1372 5705 causa
1418 5661 1448 5701 a
1480 5648 1608 5704 ﬂetu
1637 5661 1842 5717 tempe-

254 5755 380 5799 rare
400 5757 507 5799 non
538 5756 773 5813 possum.

1958 4634 2008 4687 ei
2035 4646 2156 4686 cum
2194 4633 2441 4703 tacrymis
2466 4649 2478 4685 :
2503 4632 2581 4686 Ad
2612 4633 2869 4686 luxuriam
2902 4643 2953 4687 et
2994 4633 3289 4686 animarum
3331 4644 3541 4687 nostra-

1965 4739 2084 4778 rum
2142 4725 2410 4778 interitum
2469 4725 2979 4778 communicavimus
3031 4723 3162 4788 tibi;
3217 4739 3358 4777 nunc
3412 4739 3541 4779 vero

1960 4816 2178 4883 quando
2208 4820 2310 4871 hoc
2355 4817 2462 4871 Deo
2502 4816 2752 4886 plaeitmn
2797 4831 2931 4885 Opus
2962 4816 3134 4869 facere
3165 4816 3265 4879 vis,
3317 4817 3541 4871 dimittis

1958 4924 2079 4974 nos,
2117 4917 2172 4962 et
2211 4907 2263 4962 id
2311 4910 2457 4962 solus
2511 4906 2672 4962 facis?
2719 4904 2959 4976 profecto
3005 4919 3109 4957 non
3162 4914 3233 4958 tta
3282 4906 3403 4969 erit,
3445 4905 3539 4959 sed

1957 5003 2117 5055 etiam
2143 4999 2194 5054 in
2223 4999 2361 5053 bono
2386 4995 3030 5052 communicabitnustibi.
3055 4996 3227 5063 Atque
3249 4996 3319 5049 ita
3343 4996 3540 5050 mimus

1956 5093 2171 5163 quidem
2200 5094 2411 5147 inclusit
2430 5107 2488 5147 se
2516 5091 2566 5145 in
2591 5106 2694 5145 una
2719 5088 2939 5143 turrium
2963 5088 3194 5143 civitatis
3218 5105 3232 5142 :
3258 5074 3363 5144 illa:
3388 5104 3536 5153 vero,

1959 5185 2192 5242 venditis
2218 5185 2470 5240 omnibus
2499 5184 2632 5247 suis,
2664 5180 3000 5250 crogatisque
3028 5180 3370 5251 pauperibus,
3394 5178 3539 5234 acci-

1960 5279 2173 5348 pientes
2210 5289 2265 5331 ct
2319 5279 2448 5345 ipsa:
2495 5274 2801 5343 religiosum
2850 5273 3108 5340 habitum,
3140 5273 3385 5328 fecerunt
3437 5272 3538 5327 sibi

1958 5386 2125 5441 prope
2157 5382 2355 5424 turrem
2400 5368 2667 5430 cellulam,
2720 5374 2775 5419 et
2817 5366 3021 5434 seipsas
3068 5367 3264 5436 pariter
3307 5366 3539 5421 incluse~

1961 5472 2103 5517 runt.
2136 5463 2284 5516 Ilunc
2330 5469 2384 5516 et
2431 5475 2531 5529 ego
2570 5459 2698 5525 vidi,
2728 5469 2781 5517 et
2827 5460 2896 5514 ab
2951 5475 3016 5515 eo
3044 5460 3198 5515 valde
3235 5459 3537 5513 aedificatus

1954 5570 2071 5610 sum
2097 5572 2112 5621 ;
2141 5565 2223 5609 est
2253 5555 2395 5608 enim
2440 5554 2524 5606 vir
2551 5551 2709 5608 valde
2750 5552 2964 5607 humilis
3000 5562 3057 5607 et
3083 5552 3341 5615 clemens,
3373 5558 3537 5617 atque

1948 5646 2279 5701 misericors.
2309 5644 2508 5715 Scripsi
2535 5654 2711 5701 autem
2752 5654 2806 5701 et
2838 5646 2937 5700 hoc
2970 5658 3068 5715 pro
3094 5644 3323 5699 utilitate
3353 5641 3538 5709 legen-

1952 5737 2105 5792 tium.
