4052 6362
1055 420 1280 477 CAPUT
1320 422 1556 477 XXXIII.

869 520 989 564 Vita
1029 513 1194 565 sanrti
1222 515 1444 583 episcopi
1475 513 1743 569 Theodoti.

590 596 831 652 Narravit
855 602 1004 653 nobis
1029 602 1240 670 quidam
1277 603 1484 656 Patrum
1515 604 1654 672 quod
1688 604 1842 658 fuerit
1871 607 1920 659 in
1960 620 2094 660 san—

520 694 603 741 cta
648 688 864 742 civitate
909 690 1188 759 episcopus
1230 692 1465 758 quidam,
1512 692 1723 747 nomine
1765 693 2092 761 Theodotus,

518 786 682 831 tantm
707 777 1070 848 benignitatis,
1122 793 1177 833 ut
1205 796 1325 834 cum
1356 782 1407 835 in
1451 798 1551 836 una
1582 784 1920 840 solemnitate
1951 786 2094 840 invi-

518 875 684 921 tasset
712 870 969 937 quosdam
1000 870 1067 924 de
1094 872 1303 925 clericis
1334 872 1443 924 suis
1472 873 1537 925 ad
1573 874 1896 940 convivium,
1931 892 2095 931 unus-

518 980 625 1034 que
645 980 710 1020 ex
733 967 812 1020 eis
833 966 1015 1021 venire
1038 967 1311 1030 noluisset,
1351 980 1523 1034 neque
1554 964 1846 1018 imitationi
1874 967 2093 1036 acquie-

518 1057 700 1125 visset,
735 1066 856 1112 tunc
893 1059 1104 1128 quidem
1158 1059 1460 1127 patriarcha
1510 1057 1740 1118 siluerit,
1789 1057 1922 1111 alias
1967 1074 2092 1113 vero

516 1147 629 1217 ipse
653 1148 718 1201 ad
748 1165 866 1204 eum
912 1148 1178 1218 profectus
1210 1151 1302 1213 sit,
1347 1164 1539 1216 rogans
1589 1157 1651 1201 ut
1679 1148 1908 1208 veniret,
1940 1163 2093 1202 men-

515 1252 696 1304 szrquc
723 1240 1015 1292 communis
1045 1239 1308 1307 particeps
1344 1241 1514 1291 ﬁeret.

587 1325 801 1379 Dicebat
832 1338 1006 1379 autem
1043 1343 1229 1381 rursus
1258 1326 1324 1380 de
1368 1326 1482 1395 ipso
1508 1325 1760 1393 episcopo
1789 1323 2085 1388 Theodoto,

513 1415 652 1482 quod
684 1418 752 1466 ita
805 1412 958 1468 fuerit
990 1416 1133 1468 mitis
1178 1425 1341 1485 atque
1394 1414 1637 1477 humilis,
1671 1424 1725 1467 ut
1755 1429 1873 1466 cum
1924 1416 2090 1470 semel

509 1506 611 1560 iter
634 1516 815 1574 ageret
852 1522 971 1560 cum
1032 1523 1137 1559 uno
1166 1507 1382 1575 clerico,
1434 1517 1486 1560 et
1516 1507 1628 1573 ipse
1654 1506 1868 1573 quidem
1902 1506 2087 1561 lectica

507 1598 820 1665 veheretur,
854 1599 1081 1652 clericus
1114 1614 1238 1651 vero
1267 1613 1402 1667 equo
1433 1596 1711 1660 insideret,
1741 1598 1946 1666 fdixerit
1975 1598 2087 1652 cle—

506 1684 619 1739 rico
651 1702 747 1739 suo
782 1688 1077 1755 patriarcha
1112 1703 1124 1739 :
1152 1687 1412 1740 Mntemns
1444 1685 1682 1739 vehicula
1713 1697 1910 1749 nostra,
1944 1696 1997 1740 et
2030 1695 2084 1741 tu

1682 314 1767 369 nr.
1808 316 1980 370 vms
2019 315 2295 371 PATRUM
2332 272 2537 372 metm
2580 317 2638 370 Χ.

2120 432 2170 488 Α
2211 430 2456 496 prrzem
2503 429 2842 485 Antiocbcno
2871 431 3169 499 patriarcha
3189 477 3201 495 ,
3233 435 3371 503 quod
3416 436 3567 492 valde
3592 440 3778 493 zetans

3679 322 3781 377 136

2200 520 2353 574 fuerit
2398 532 2451 575 et
2493 522 2703 577 fervens
2729 522 2869 577 circa
2905 522 3086 577 ﬁdem.
3117 524 3246 578 Cum
3277 527 3419 581 enim
3448 529 3687 584 audisset
3710 532 3779 586 de

2198 613 2502 683 Styliteillo
2532 614 2619 683 qui
2649 624 2762 668 erat
2803 618 2854 667 in
2887 616 3124 683 partibus
3156 613 3469 683 llierapolis,
3503 620 3646 687 quod
3675 621 3776 678 Se-

2198 704 2430 758 verianze
2478 713 2625 758 esset
2663 707 2953 771 hmreseos,
2985 706 3117 760 abiit
3141 706 3207 761 ad
3238 709 3408 776 illum,
3441 721 3497 764 ut
3529 712 3775 781 impieta-

2199 804 2305 849 tem
2336 795 2671 849 dissuaderet
2694 796 2791 850 illi.
2824 797 3001 867 Coepit
3030 812 3158 867 ergo
3180 799 3334 854 divus
3357 800 3607 870 Ephrzem
3647 819 3774 858 cor-

2196 886 2373 955 ripere
2418 885 2693 957 Stylitem,
2723 898 2777 941 et
2806 902 2981 954 orare,
3017 898 3075 944 ut
3102 891 3384 946 accederet
3426 894 3490 946 ad
3524 906 3769 949 sanctum

2195 977 2554 1045 apostolicum
2606 977 2879 1045 thronum,
2921 989 2975 1033 et
3020 984 3438 1037 communicaret
3483 996 3684 1039 sancta:
3720 997 3773 1041 et

2194 1071 2503 1138 apostolicae
2535 1072 2815 1128 Ecclesiae.
2854 1073 3203 1141 Respondens
3237 1091 3368 1130 vero
3405 1076 3627 1146 Stylites
3652 1080 3767 1133 ait:

2194 1160 2564 1232 Ego-synodo
2596 1178 2816 1232 prorsus
2846 1179 2952 1218 non
2995 1167 3353 1221 communico.
3387 1169 3518 1223 Dicit
3546 1169 3613 1224 ad
3644 1186 3768 1226 eum

2192 1263 2406 1306 sanctus
2462 1252 2711 1321 prrzem
2745 1269 2760 1307 :
2795 1254 2861 1307 Et
2898 1256 3164 1323 quomodo
3204 1258 3283 1310 vis
3313 1266 3370 1310 ut
3395 1272 3575 1313 curem
3606 1269 3683 1323 te,
3715 1270 3765 1315 et

2192 1344 2515 1398 satisfaciam
2553 1359 2649 1414 pro
2677 1346 2845 1414 gratia
2892 1345 3102 1401 Domini
3148 1348 3316 1402 nostri
3358 1348 3483 1403 Jesu
3521 1348 3770 1404 Christi?

2191 1443 2373 1487 sancta
2415 1435 2654 1491 Ecclesia
2699 1437 2865 1492 libera
2911 1446 2995 1493 est
3041 1440 3108 1492 ab
3149 1441 3293 1494 omni
3340 1441 3498 1495 sorde
3535 1442 3771 1508 pravita-

2194 1527 2258 1579 tis
2308 1526 2594 1582 trarreticrc.
2633 1528 2766 1582 Dicit
2813 1529 2878 1582 ad
2926 1544 3050 1583 eum
3102 1529 3323 1600 Stylites
3352 1548 3366 1584 :
3397 1533 3771 1587 Accendamus

2191 1617 2365 1685 ignem
2393 1617 2444 1685 (7
2450 1626 2492 1687 ),
2530 1619 2745 1673 domine
2772 1620 3094 1689 patriarcha,
3116 1630 3172 1674 et
3198 1622 3557 1690 ingrediamur
3579 1624 3765 1690 simul,

2188 1716 2244 1761 et
2272 1724 2429 1776 quem
2463 1709 2673 1763 ﬂamma
2725 1726 2830 1764 non
2879 1708 3103 1776 lmserit,
3149 1711 3238 1767 ille
3267 1712 3596 1768 orthodoxus
3621 1716 3766 1777 erit,

504 1777 719 1845 quidem
771 1776 954 1830 lectica
989 1777 1203 1844 vehere,
1256 1792 1355 1845 ego
1399 1786 1571 1829 autem
1615 1788 1779 1843 eques
1810 1776 1916 1829 ibo.
1946 1776 2072 1830 Cum

2191 1799 2442 1868 illumque
2471 1801 2619 1870 sequi
2649 1800 2928 1856 debemus.
2964 1801 3076 1856 Hoc
3113 1812 3291 1857 autem
3318 1803 3477 1870 dixit,
3510 1814 3569 1858 ut
3596 1776 3767 1859 terre;

504 1884 635 1923 vero
662 1869 889 1923 clericus
934 1868 983 1921 id
1027 1866 1200 1922 facere
1250 1876 1523 1921 recusaret
1549 1868 1786 1931 omnino,
1813 1867 1997 1922 dicens
2029 1868 2079 1922 id

509 1958 743 2013 dedecus
776 1959 889 2013 fore
929 1958 1265 2028 patriarchae,
1296 1957 1339 2017 si
1371 1957 1581 2026 quidem
1629 1956 1859 2010 clericus
1889 1957 2079 2012 lectica

509 2064 831 2123 portaretur,
890 2063 943 2106 et
990 2055 1269 2123 episcopus
1316 2050 1739 2119 equo'insidens
1777 2050 2082 2119 ingredere-

502 2156 606 2209 tur,
641 2162 744 2199 non
775 2146 978 2214 quievit
1006 2154 1221 2199 sanctus
1273 2152 1326 2198 et
1371 2141 1583 2195 humilis
1613 2142 1942 2207 Theodotus,
1982 2143 2076 2197 do-

500 2254 600 2292 nec
633 2238 878 2292 ministro
922 2238 1183 2307 persuasit
1230 2251 1335 2290 non
1365 2249 1484 2290 esse
1514 2249 1629 2289 rem
1658 2236 1810 2290 istam
1855 2236 2080 2306 injurio-

499 2347 636 2398 sam,
667 2332 945 2402 coegitque
973 2332 1119 2384 illum
1151 2332 1219 2383 ita
1252 2330 1448 2385 facere.

1024 2439 1249 2495 CAPUT
1293 2439 1533 2493 XXXIV.

613 2534 733 2588 Vita
753 2534 858 2587 divi
885 2534 1170 2588 Alexandri
1195 2533 1505 2602 patriarcha:
1523 2530 1964 2602 Jerosolymitani.

571 2627 747 2681 Alium
772 2626 955 2680 habuit
974 2625 1159 2680 civitas
1185 2624 1296 2693 ipsa
1322 2625 1412 2679 Dei
1442 2622 1817 2693 patriarcham,
1844 2623 2075 2678 Alexano

496 2716 652 2771 drum
684 2718 918 2783 nomine,
963 2717 1097 2771 adeo
1130 2716 1272 2784 pium
1318 2724 1373 2769 et
1404 2715 1829 2783 misericordem,
1860 2725 1916 2769 ut
1954 2730 2071 2771 cum

495 2808 569 2864 illi
596 2810 809 2878 quidam
838 2825 903 2863 ex
949 2810 1171 2864 notariis
1215 2808 1324 2862 suis
1355 2807 1558 2861 furatus
1590 2819 1734 2864 esset
1781 2825 1992 2874 aurum,
2020 2818 2075 2866 et

494 2907 640 2954 metu
674 2901 983 2968 perterritus
1016 2899 1220 2970 fugiens
1251 2900 1303 2953 in
1354 2899 1681 2955 Thebaidem
1712 2898 1946 2971 Egypti,
1988 2899 2072 2954 in-

492 2991 715 3046 cidisset
743 3007 908 3062 vagus
937 3003 989 3046 et
1018 3005 1203 3046 errans
1233 2992 1284 3045 in
1332 2990 1587 3055 latrones,
1630 3006 1693 3046 ac
1720 2992 1914 3047 ductus
1946 2994 2072 3046 fuis-

492 3093 573 3135 set
606 3083 672 3137 ab
701 3084 779 3138 eis
807 3084 1048 3152 captivus
1077 3083 1141 3136 ad
1174 3092 1441 3137 extremas
1472 3081 1688 3152 Egypti
1730 3092 1941 3152 partes;
1970 3085 2070 3137 hoc

2186 1899 2267 1946 ret
2307 1892 2687 1959 patriarcbam.
2730 1893 3022 1962 Respondit
3075 1905 3290 1950 sanctus
3340 1895 3586 1965 Ephrretn
3639 1898 3765 1968 Sty-

2185 1982 2294 2037 litze
2329 2002 2341 2036 :
2374 1985 2666 2052 Oportebat
2694 1985 2907 2053 quidem
2949 1995 3020 2049 te,
3072 1986 3144 2040 liti
3189 1987 3283 2051 mi,
3312 1998 3566 2057 tanquam
3623 1992 3781 2057 patri

2182 2075 2576 2145 obtemperare,
2608 2075 2847 2147 nihilque
2872 2093 2898 2129 a
2922 2079 3317 2147 nobisampiius
3343 2094 3607 2149 qumrere.
3626 2081 3781 2146 Quo-1

2181 2166 2325 2222 niam
2357 2184 2486 2223 vero
2515 2184 2626 2223 rem
2679 2170 2957 2239 postulasti
2986 2169 3335 2226 excedentem
3363 2172 3577 2241 quidem
3619 2171 3762 2227 vires

2179 2259 2502 2316 infelicitatis
2533 2277 2690 2328 mete,
2733 2263 2947 2317 conﬁdo
2996 2272 3174 2318 tamen
3218 2267 3269 2318 in
3324 2266 3758 2321 miserationibus

2179 2347 2302 2401 Filii
2337 2348 2452 2413 Dei,
2482 2348 2605 2417 quia
2635 2357 2739 2403 tua:
2765 2347 2952 2403 salutis
2977 2363 3137 2402 causa
3167 2360 3215 2403 et
3252 2353 3353 2405 hoc
3378 2348 3756 2405 faciam.Tunc

2178 2442 2254 2495 ait
2289 2441 2444 2495 divus
2485 2441 2731 2507 Ephrtcm
2763 2441 3060 2496 astantibus
3100 2441 3349 2496 omnibus
3382 2460 3395 2495 :
3429 2442 3758 2499 Benedictus

2180 2531 2469 2593 Dominus;
2499 2530 2687 2586 aIIerte
2722 2533 2824 2585 huc
2869 2531 3030 2601 ligna.
3064 2532 3197 2586 Cum
3224 2546 3352 2586 vero
3381 2532 3540 2586 allata
3571 2546 3757 2588 essent

2175 2623 2341 2692 ligna,
2384 2623 2660 2679 succendit
2690 2623 2780 2676 illa
2809 2623 3106 2692 patriarcha
3137 2632 3261 2677 ante
3300 2622 3640 2689 columnam,
3668 2625 3756 2678 di-

2173 2722 2356 2785 xitque
2398 2714 2610 2787 Styliue
2643 2734 2655 2769 :
2694 2716 2969 2771 Descende
3002 2730 3176 2779 nunc,
3209 2724 3268 2769 ut
3300 2716 3451 2785 juxta
3476 2715 3753 2770 decretum

2175 2818 2320 2860 tuum
2359 2806 2724 2876 ingrediantur
2746 2808 2923 2860 ambo.
2948 2805 3293 2873 Stupefactns
3321 2804 3407 2860 ille
3429 2807 3494 2859 ad
3525 2808 3759 2874 patriar-

2172 2898 2288 2953 cha:
2316 2900 2698 2960 constantiam,
2728 2897 3058 2952 descendere
3104 2898 3289 2950 noluit.
3317 2897 3469 2952 Tunc
3502 2898 3641 2952 dixit
3684 2901 3754 2952 ad

2169 3004 2289 3044 eum
2316 2989 2614 3060 patriarcha
2648 3010 2664 3045 :
2693 2990 2883 3046 Nonne
2911 3000 2965 3045 tu
2998 2993 3100 3044 hoc
3128 2991 3240 3044 ﬁeri
3271 2991 3505 3059 petiisti?
3533 2999 3586 3045 ct
3614 3008 3751 3058 quo-

2172 3084 2331 3137 modo
2365 3084 2415 3137 id
2449 3099 2593 3137 nunc
2621 3085 2794 3138 facere
2838 3099 2945 3138 non
2976 3083 3094 3136 vis?
3138 3082 3286 3135 Tunc
3333 3097 3534 3138 exuens
3561 3100 3621 3139 se
3647 3101 3755 3153 qua

492 3183 785 3243 comperto,
834 3173 985 3227 divus
1014 3172 1317 3228 Alexander
1347 3172 1639 3228 redemerit
1678 3188 1799 3229 eum
1832 3175 2063 3228 vinctum
2095 3160 2141 3222 C
2173 3173 2386 3227 indutus
2417 3174 2691 3227 eratstola
2730 3174 3054 3242 patriarcha,
3087 3187 3207 3227 cum
3234 3173 3559 3232 accessisset
3586 3192 3754 3246 prope

491 3280 554 3318 ac
577 3266 843 3335 captivmn
896 3266 1157 3335 octOginta
1192 3266 1425 3335 quinque
1472 3264 1903 3320 numismatibus.
1951 3265 2070 3333 Quo

491 3370 716 3411 reverso
744 3356 815 3410 ita
846 3356 930 3423 pie
979 3355 1497 3425 misericorditerque
1545 3369 1673 3411 usus
1717 3367 1819 3423 est,
1851 3364 1907 3409 ut
1953 3356 2070 3424 qui-

490 3444 616 3499 dam
650 3460 717 3499 ex
762 3444 909 3500 urbis
957 3444 1343 3499 habitatoribus
1377 3445 1566 3499 dixerit
1614 3446 1898 3515 aliquando
1937 3445 2069 3500 nihil

490 3550 611 3590 esse
640 3534 821 3590 utilius
851 3552 1007 3604 quam
1045 3536 1094 3589 in
1124 3535 1480 3590 Alexandrum
1509 3550 1749 3604 peccare.

563 3624 680 3679 Alio
707 3640 915 3695 quoque
950 3636 1192 3694 tempore
1242 3640 1376 3678 unus
1425 3641 1491 3679 es
1519 3625 1759 3679 diaconis
1806 3624 1946 3693 ejus,
1976 3639 2068 3679 co-

492 3730 606 3769 ram
635 3716 842 3771 clericis
881 3716 1133 3769 omnibus
1175 3713 1383 3784 injuriis
1410 3714 1591 3768 ah‘ecit
1616 3715 1792 3768 divum
1831 3715 2067 3769 Alexan-

488 3809 661 3860 drum.
693 3808 792 3874 Qui
848 3823 968 3860 mox
1006 3817 1297 3875 prostratus
1329 3808 1475 3859 humi
1516 3806 1725 3860 veniam
1781 3806 1934 3876 petit,
1979 3805 2063 3859 di-

487 3913 616 3953 cens
647 3897 903 3967 :Ignosce
930 3897 1080 3964 mihi,
1112 3899 1326 3953 domine
1357 3897 1541 3952 frater.

1035 4011 1262 4066 CAPUT
1303 4007 1516 4065 XXXV.

875 4102 927 4171 6)
981 4101 1420 4173 Jerosolymorum
1466 4101 1860 4171 archiepiscopi,
1904 4113 1953 4155 et
2003 4101 2065 4157 de

866 4174 1070 4227 laviano
1100 4174 1384 4227 Antiochia:
1413 4176 1722 4243 patriarcha.

559 4261 777 4317 Dicebat
804 4262 968 4316 abbas
997 4262 1386 4333 l’olychronius
1410 4262 1477 4314 de
1504 4271 1687 4313 Sancto
1712 4259 1822 4312 hlia
1851 4258 2064 4315 Jeroso-

484 4354 747 4426 lymorum
780 4353 1204 4423 archiepiscopo,
1244 4353 1387 4422 quod
1418 4355 1554 4406 sicut
1600 4367 1721 4406 cum
1753 4360 1897 4405 esset
1943 4366 2058 4405 mo-

482 4446 705 4513 nachus,
736 4445 913 4499 \inum
945 4461 1048 4498 non
1099 4443 1329 4506 bibebat,
1364 4444 1433 4496 ita
1477 4456 1574 4495 nec
1606 4442 1909 4509 patriarcha
1941 4441 2058 4511 qui-

480 4540 599 4591 drm
629 4538 794 4589 iactus
828 4536 979 4600 bibit,
1014 4534 1108 4589 sed
1136 4532 1378 4588 eamdem
1407 4533 1645 4586 servavit
1673 4534 1929 4601 regulam.

552 4628 809 4681 Dii-ebant
838 4627 903 4680 de
929 4628 1120 4681 eodem
1152 4625 1551 4694 archiepiscOpo
1578 4624 1713 4689 Elia,
1745 4634 1800 4677 et
1828 4622 1894 4677 de
1937 4621 2047 4676 Fla-

479 4721 636 4774 viano
682 4718 979 4774 Antiochim
1025 4718 1449 4786 archiepiscopo,
1482 4717 1624 4786 quod
1671 4717 1738 4771 ab
1768 4717 2054 4770 Anastasio

478 4816 804 4884 imperatore
864 4815 1023 4867 ambo
1083 4812 1278 4866 fuerint
1324 4811 1513 4866 exsilio
1566 4810 1783 4877 relegati
1838 4819 2055 4879 propter

477 4919 714 4965 sanctam
745 4908 1234 4964 Chalcedonenscm
1256 4906 1551 4976 synodum;
1587 4906 1728 4959 Elias
1759 4904 1970 4973 quidem
2001 4905 2054 4959 in

482 5001 652 5065 liaila,
689 5002 973 5056 Flavianus
1013 5015 1139 5054 vero
1184 4998 1320 5068 apud
1356 5000 1586 5052 Petram.
1634 4998 1729 5052 Die
1773 5012 1898 5052 vero
1923 5013 2054 5067 qua-

476 5094 597 5147 dam
641 5093 1071 5161 significaveruut
1122 5091 1223 5145 sibi
1273 5090 1430 5144 ambo
1478 5089 1813 5158 patriarchte,
1872 5100 2054 5144 mutuo

478 5183 758 5239 dicentes:
790 5182 1108 5238 Anastasius
1140 5181 1299 5235 hodie
1331 5189 1570 5233 mortuus
1598 5187 1681 5233 est
1706 5194 1722 5243 ;
1751 5194 1935 5234 eamus
1961 5181 2055 5250 igi-

481 5285 565 5328 tur
590 5283 645 5330 et
677 5290 794 5338 nos,
827 5284 885 5328 ut
912 5289 1031 5327 cum
1064 5272 1157 5325 illo
1178 5271 1498 5339 judicemnr.
1529 5269 1595 5324 Et
1623 5279 1742 5339 post
1772 5272 1906 5324 duos
1933 5272 2053 5327 dies

475 5367 635 5421 ambo
665 5368 1023 5433 tnigraverunt
1050 5363 1114 5413 ad
1143 5360 1442 5414 Dotninum.

1011 5452 1239 5507 CAPUT
1280 5450 1521 5506 XXXVI.

480 5546 601 5602 Vita
635 5548 872 5617 Ephra'm
900 5543 1201 5617 Antiochcnt
1223 5541 1547 5617 patriarchte,
1574 5553 1623 5596 et
1649 5543 2052 5617 quomodoASty-

550 5612 693 5673 liten'
726 5618 1028 5669 moirachum
1075 5630 1107 5666 a
1156 5612 1445 5667 Severiana:
1495 5614 1744 5667 ha'rcseos
1798 5614 2056 5682 impietate

547 5690 867 5742 converterit.

547 5783 701 5851 87]
758 5776 1001 5832 Narravit
1048 5776 1205 5831 nobis
1254 5776 1469 5842 quidam
1500 5777 1712 5832 Patrum
1758 5777 1823 5831 de
1868 5791 2056 5832 saneto

494 4100 615 4155 Vita
666 4101 799 4156 Elite

2078 4524 2137 4585 ὓ

2174 3264 2372 3332 ignem,
2402 3265 2610 3329 oravit,
2643 3265 2868 3320 dicens:
2902 3265 3125 3322 Domine
3165 3268 3292 3325 Jesu
3344 3269 3577 3331 Christe,
3609 3266 3755 3323 Deus

2172 3368 2376 3422 noster,
2411 3357 2500 3423 qui
2544 3369 2766 3427 propter
2791 3373 2889 3412 nos
2927 3358 3179 3428 dignatus
3219 3375 3279 3416 es
3322 3361 3390 3415 de
3418 3372 3600 3415 sancta
3646 3361 3747 3412 do-

2171 3452 2313 3501 mina
2346 3460 2524 3502 nostra
2554 3448 2647 3503 Dei
2678 3450 2933 3519 genitrice
2968 3467 3289 3521 semperque
3330 3451 3537 3521 virgine
3582 3452 3750 3505 Maria

2170 3539 2434 3595 incarnari
2457 3547 2513 3593 et
2532 3541 2704 3609 nasci,
2735 3542 2961 3598 ostende
2985 3542 3139 3599 nobis
3175 3545 3479 3598 veritatem.
3510 3543 3578 3595 Et
3602 3556 3753 3596 com-

2169 3635 2311 3703 pleta
2361 3635 2607 3690 oratione
2640 3674 2655 3699 ,
2704 3636 2927 3702 jactavit
2983 3637 3177 3691 stolam
3226 3652 3376 3691 suam
3440 3636 3493 3689 in
3558 3635 3750 3691 mediis

2167 3729 2401 3801 ignibus.
2431 3731 2563 3784 Cum
2594 3740 2772 3786 autem
2819 3732 2957 3801 iguis
2987 3731 3139 3803 quasi
3173 3746 3263 3797 per
3303 3740 3414 3785 tres
3444 3729 3607 3785 horas
3648 3730 3753 3782 du-

2167 3829 2358 3888 rasset,
2393 3820 2638 3890 lignaque
2657 3823 2766 3891 jam
2794 3823 2914 3892 igne
2932 3832 3247 3892 consumpta
3280 3830 3481 3883 essent,
3511 3824 3752 3880 tulerunt

2168 3913 2293 3968 inde
2312 3914 2504 3967 stolam
2543 3914 2825 3984 integram,
2854 3914 2926 3968 ita
2957 3925 3010 3969 ut
3030 3916 3174 3970 nulla
3208 3917 3342 3986 ignis
3373 3916 3567 3971 indicia
3592 3918 3643 3971 in
3684 3931 3750 3972 ea

2169 4005 2504 4074 deprehendi
2525 4015 2760 4075 possent.
2783 4006 2930 4060 Tunc
2949 4006 3164 4078 Stylites
3183 4007 3371 4062 videns
3385 4007 3526 4076 quod
3550 4008 3750 4062 factum

2172 4098 2375 4163 fuerat,
2430 4100 2626 4152 certior
2667 4097 2736 4152 de
2778 4099 2998 4153 \eritate
3048 4099 3238 4163 factus,
3282 4098 3749 4153 anathematizavit

2165 4188 2451 4255 Severum,
2476 4199 2531 4245 et
2549 4190 2664 4258 ejus
2690 4188 2936 4244 hmresim
2955 4229 2969 4253 ,
2999 4191 3367 4259 accedensque
3397 4189 3464 4244 ad
3504 4200 3745 4244 sanctam

2163 4283 2484 4341 catholicam
2529 4282 2847 4345 Ecclesiam,
2890 4281 2960 4335 de
2997 4281 3242 4337 manibus
3289 4282 3456 4336 sancti
3494 4280 3746 4350 prraetn

2163 4375 2594 4437 communicavit,
2621 4382 2676 4428 et
2696 4371 3015 4443 gloriﬁcavit
3037 4372 3230 4426 Deum.

2693 4484 2921 4541 CAPUT
2959 4483 3222 4538 XXXVII.

2211 4602 2324 4656 Vita
2366 4599 2637 4670 Episcopi,
2678 4599 2765 4669 qui
2814 4597 3057 4670 cathedra
3101 4598 3299 4670 relicta
3342 4596 3478 4670 venit
3519 4596 3574 4649 in
3618 4612 3739 4650 san-

2269 4667 2697 4735 ctam'civitatem,
2725 4678 2771 4724 et
2802 4677 2995 4724 mutato
3024 4667 3199 4722 habitu
3227 4667 3543 4722 ministrabat
3572 4669 3747 4719 archi-

2269 4744 2432 4797 tectis.

2252 4852 2477 4919 Quidsm
2517 4860 2723 4920 patrum
2767 4850 3036 4905 enarravit
3066 4849 3221 4905 nobis
3251 4847 3318 4903 de
3349 4846 3580 4914 quodam
3623 4848 3742 4913 epi-

2165 4958 2349 5014 scopo,
2389 4944 2527 5014 quod
2560 4943 2746 4997 relicto
2784 4944 3093 5011 episcopatu
3136 4954 3235 4995 suo
3268 4938 3539 5010 profectus
3564 4937 3634 4990 sit
3670 4936 3742 4990 ad

2161 5048 2396 5092 sanctam
2448 5037 2748 5099 civitatem,
2792 5031 2969 5101 ibique
3013 5042 3227 5101 sumpto
3259 5030 3488 5098 operarii
3530 5028 3743 5092 habitu,

2161 5128 2541 5184 ministraverit
2559 5125 2886 5179 architectis.
2903 5125 2982 5178 Eo
2997 5141 3124 5177 vero
3149 5134 3385 5191 tempore
3405 5121 3485 5175 vir
3501 5120 3745 5175 clemens

2157 5230 2214 5277 et
2266 5219 2643 5274 misericordiae
2676 5217 2926 5286 operibus
2959 5217 3170 5272 deditus
3201 5214 3520 5285 Ephremius
3556 5227 3744 5269 comes

2161 5313 2393 5369 Orientis
2432 5320 2567 5377 erat,
2597 5325 2659 5365 ac
2699 5325 2791 5379 per
2821 5311 2990 5378 ipsum
3027 5308 3246 5362 aedilicia
3278 5307 3488 5375 publica
3526 5319 3745 5373 repara-

2166 5407 2386 5469 bautur;
2413 5404 2599 5458 civitas
2627 5405 2768 5457 enim
2808 5411 2966 5456 terra:
2997 5408 3140 5454 motu
3172 5398 3461 5455 ceciderat.
3510 5395 3609 5450 Die
3641 5410 3743 5448 an-

2166 5508 2269 5552 tem
2299 5497 2523 5565 quadam
2546 5494 2681 5549 vidit
2711 5509 2804 5563 per
2829 5494 2998 5548 visum
3027 5491 3350 5561 Ephremius
3377 5493 3742 5548 dormientem

2164 5592 2499 5662 episcopum,
2521 5589 2932 5658 columnamque
2953 5587 3091 5654 ignis
3114 5600 3276 5656 super
3300 5601 3419 5641 eum
3449 5586 3515 5639 ad
3540 5585 3743 5641 coelum

2164 5698 2333 5753 usque
2361 5681 2773 5752 pertingentem.
2792 5680 2904 5735 Hoc
2930 5688 3106 5735 autem
3137 5694 3258 5735 cum
3289 5694 3394 5733 non
3421 5678 3615 5746 semel,
3640 5693 3743 5733 nec

2164 5776 2265 5843 bis,
2291 5774 2383 5829 sed
2403 5773 2599 5843 saepius
2626 5781 2889 5837 cerneret,
2916 5771 3189 5837 obstupuit
3219 5769 3576 5842 Euphremius
3602 5770 3742 5840 (cras

3996 5050 3997 5097 ι

3994 5140 3995 5203 l

3992 5260 3993 5309 l

3986 5344 3991 5415 ι

3988 5436 3989 5521 l

3984 5536 3987 5627 ι

3984 5642 3985 5704 l
