4052 6362
276 380 372 444 i3?

1529 403 1811 463 PRATUM
1852 403 2280 466 SPIRITUALE.

3434 414 3534 484 tati

261 508 461 577 quippe
487 511 622 567 visio
648 514 759 582 ipsa
789 515 1045 572 terribilis
1076 526 1128 573 et
1172 520 1323 589 plena
1358 525 1613 593 stuporis)
1643 526 1847 596 cogita-
1954 527 2075 582 dam
2138 531 2447 585 monasterii
2503 531 2712 589 abbatis
2765 534 3037 592 Severiani
3091 542 3285 598 missus
3350 543 3535 603 fuisset

262 601 455 671 hatque
498 606 636 672 apud
678 608 1030 675 semetipsum
1059 610 1313 678 quidnam
1346 612 1449 668 hoc
1477 626 1643 680 esset,
1679 631 1851 686 neque

264 692 595 761 agnoscebat
616 694 737 762 quis
767 708 909 750 esset
935 699 1024 752 ille
1056 703 1449 767 mercenarius,
1478 704 1667 759 videns
1697 706 1846 760 illum

258 794 413 836 eam:
447 786 710 855 neglecta,
747 798 895 843 veste
926 790 1163 856 sordida,
1198 793 1287 847 vili
1317 802 1373 849 et
1402 796 1613 862 ahjecto
1640 797 1845 865 habitu,

255 886 315 930 et
345 878 505 933 nimia
532 881 920 938 exercitatione
945 892 999 936 et
1039 886 1388 952 continentia,
1414 887 1662 959 jugisque
1694 890 1845 945 labo.

256 969 336 1023 ris
382 967 690 1037 fatigatione
738 972 1025 1041 afﬂictum,
1058 985 1113 1029 et
1149 978 1453 1046 squalidum
1486 989 1607 1035 toto
1650 996 1846 1052 corpus

252 1058 425 1111 cultu.
457 1056 789 1116 Accersitum
820 1074 996 1118 autem
1018 1067 1319 1134 operarium
1345 1070 1610 1137 ejusmodi
1646 1073 1848 1137 Ephre-

253 1146 418 1213 mius,
454 1153 873 1218 percontabatur
899 1156 1147 1225 quisnam
1194 1170 1371 1225 esset;
1398 1163 1666 1232 coepitque
1695 1180 1848 1219 seor-

251 1252 373 1291 sum
405 1254 565 1308 agere
611 1257 735 1297 cum
767 1245 878 1306 illo,
907 1262 1010 1315 quo
1040 1262 1319 1304 vocaretur
1345 1253 1582 1317 nomine,
1610 1265 1666 1308 et
1692 1270 1843 1325 cuius

249 1329 487 1385 civitatis
515 1342 658 1386 esset
686 1335 966 1390 oriundus.
1005 1337 1105 1404 Qui
1137 1339 1209 1393 ait
1240 1341 1304 1394 ad
1338 1342 1485 1396 illum
1520 1362 1536 1396 :
1572 1344 1684 1415 Ego
1706 1361 1842 1401 unus

249 1432 543 1489 pauperum
578 1425 727 1478 istius
761 1427 997 1481 civitatis
1026 1445 1173 1496 sum;
1205 1448 1433 1501 cumque
1475 1450 1578 1489 ttOtt
1613 1438 1839 1494 habeam

250 1511 403 1565 unde
432 1514 696 1580 meipsum
726 1527 1030 1574 sustentare
1058 1524 1287 1589 valeam,
1321 1540 1513 1595 operor
1528 1535 1583 1581 ut
1603 1544 1837 1596 possum,

246 1614 305 1658 et
338 1603 482 1659 Deus
504 1607 579 1673 de
600 1608 872 1664 laboribus
898 1612 1035 1667 meis
1059 1616 1342 1683 pascitme.
1366 1619 1537 1675 Mutus
1557 1637 1684 1691 ergo
1705 1624 1840 1678 divi-

251 1695 402 1747 nitus
426 1697 761 1763 Ephremius,
779 1703 1051 1768 respondit
1068 1705 1169 1770 illi,
1189 1719 1242 1760 et
1258 1710 1330 1763 ait
1346 1725 1358 1762 :
1374 1709 1546 1764 Crede
1563 1713 1709 1775 mihi,
1730 1731 1834 1769 non

244 1789 303 1836 te
318 1784 606 1854 dimittant,
626 1789 795 1843 donec
813 1794 945 1845 mihi
974 1797 1148 1848 omnia
1177 1797 1245 1852 de
1279 1807 1329 1853 te
1358 1801 1621 1857 veraciter
1647 1820 1832 1872 prose-

248 1887 413 1929 cutus
434 1879 771 1935 fueris.Cum
802 1900 930 1938 vero
960 1886 1028 1939 ita
1060 1894 1535 1961 constringeretur,
1572 1911 1747 1967 neque
1776 1915 1835 1955 se
1868 1914 1914 1974 Β

241 1969 471 2026 ulterius
502 1987 680 2042 posset
709 1979 1057 2047 abscondere,
1088 1982 1226 2039 dixit
1252 1986 1363 2041 illi:
1395 1989 1656 2046 Pollicere
1680 1992 1836 2060 mihi,

238 2062 370 2130 quia
400 2067 635 2133 quandiu
651 2068 800 2123 {uero
825 2073 875 2125 in
901 2074 1006 2127 vita
1034 2076 1365 2141 Itac,nemiui
1383 2080 1530 2135 dices
1552 2098 1672 2152 quin
1691 2085 1836 2141 circa

241 2169 340 2209 me
390 2168 540 2222 sunt,
571 2170 627 2213 et
656 2176 792 2231 ago,
843 2179 1132 2234 suppresso
1177 2178 1381 2224 tantum
1438 2176 1674 2240 nomine,
1708 2192 1833 2231 vera

239 2243 345 2296 tibi
372 2244 443 2299 de
469 2262 555 2300 me
592 2254 944 2306 antiuntiabo.
971 2254 1292 2326 «iuravitque
1338 2260 1410 2312 illi
1459 2276 1669 2329 comes,
1702 2266 1834 2322 nulli

236 2347 301 2388 se
336 2349 397 2387 ea
425 2336 690 2393 dicturum
724 2346 957 2411 quandiu
987 2358 1130 2401 esset
1160 2348 1213 2401 in
1247 2349 1370 2403 vita.
1406 2350 1554 2407 Tunc
1602 2354 1677 2408 ait
1708 2356 1783 2409 illi
1817 2375 1829 2409 :

233 2421 359 2492 Ego
378 2430 661 2496 episcopus
690 2446 831 2497 sum,
851 2444 906 2487 et
932 2447 1149 2504 propter
1176 2437 1342 2492 Deum
1360 2440 1536 2495 dimisi
1556 2444 1834 2514 episcopa-

234 2523 361 2568 tum
385 2531 583 2581 meum,
601 2529 653 2573 et
677 2523 798 2576 veni
829 2524 931 2578 huc
958 2528 1189 2595 quasiad
1209 2530 1445 2598 ignotum
1464 2534 1661 2588 locum.
1680 2537 1829 2591 Afﬂi-

233 2619 376 2674 θεας
404 2616 583 2663 autem
606 2625 822 2666 carnem
842 2626 1375 2686 meam,etoperaus,
1402 2637 1468 2677 ex
1500 2625 1685 2679 labore
1710 2642 1831 2683 meo

236 2700 517 2754 tnodicum
548 2702 699 2770 panis
732 2704 863 2758 mihi
888 2710 1101 2775 aquiro;
1137 2718 1192 2763 tu
1218 2727 1345 2766 vero
1367 2725 1625 2783 quantum
1654 2728 1825 2787 potes,

230 2790 424 2857 adjice
447 2792 512 2846 ad
546 2795 967 2866 eleemosynam.
1000 2800 1092 2853 His
1115 2804 1262 2857 enim
1293 2806 1480 2861 diebus
1532 2810 1670 2864 Deus
1700 2828 1827 2878 pro-

229 2883 483 2936 movebit
514 2893 565 2938 te
594 2886 658 2938 ad
691 2890 1041 2954 apostolicum
1088 2894 1337 2950 thronum
1382 2900 1541 2969 hujus
1568 2901 1823 2974 civitatis,

232 2982 288 3025 ut
330 2988 518 3041 pascas
551 2980 803 3045 populum
846 2995 1021 3044 suum,
1054 3001 1210 3053 quem
1258 2991 1542 3057 acquisivit
1583 3009 1677 3060 per
1704 3012 1827 3064 pro-

226 3064 419 3126 prium
448 3069 759 3135 sanguinem
789 3069 1038 3126 Christus
1061 3090 1213 3129 verus
1246 3079 1382 3133 Deus
1412 3090 1614 3137 noster.
1643 3085 1709 3139 Ut
1732 3087 1827 3156 igi-

228 3161 330 3206 tur
357 3153 490 3220 dixi,
510 3158 872 3230 eleemmynis
897 3163 1104 3227 insiSte,
1125 3184 1172 3221 et
1204 3184 1300 3237 pro
1325 3183 1466 3226 recta
1501 3174 1605 3229 lide
1624 3176 1823 3246 jugiter

229 3258 318 3301 sta
338 3259 395 3303 et
425 3251 665 3308 decerta.
692 3256 911 3312 Talibus
933 3260 1096 3331 872
1119 3264 1261 3317 enim
1284 3268 1563 3325 sacriliciis
1586 3273 1818 3329 maxime
1849 3274 1890 3333 Ο

225 3337 539 3396 delectatur
588 3343 747 3399 Deus.
797 3347 869 3400 Ita
922 3360 978 3403 ut
1016 3354 1379 3424 prmdixerat,
1432 3361 1675 3431 contigit.
1728 3363 1819 3419 Di-

228 3444 445 3502 vosque
476 3435 915 3504 Ephremius,his
944 3446 1144 3500 auditis
1164 3448 1482 3516 glurilicavit
1513 3455 1699 3523 Deum,
1733 3459 1817 3512 di-

223 3534 365 3577 cens
396 3540 414 3577 :
443 3523 683 3591 Quantos
731 3528 891 3587 habet
920 3536 1160 3592 occultos
1191 3540 1438 3611 famulos,
1486 3554 1542 3602 et
1582 3550 1685 3604 soli
1714 3552 1815 3606 sibi

223 3614 477 3681 cognitos
505 3616 663 3673 Deus.

736 3711 963 3769 CAPUT
1002 3717 1286 3775 XXXVIII.

410 3828 417 3833 η
479 3794 622 3852 Mors
654 3803 905 3859 Anastasii
933 3806 1012 3880 (8)
1043 3812 1362 3881 imperatoris
1393 3817 1556 3889 impii.

304 3883 560 3940 Narratit
606 3891 758 3945 nobis
801 3896 883 3947 vir
933 3897 1148 3966 quidam
1192 3904 1361 3959 lidelis
1408 3883 1476 3962 de
1522 3912 1808 3970 Anastasio

212 3975 579 4044 imperatore,
606 3985 746 4050 quod
778 4002 909 4042 cum
938 3989 1194 4059 eiecisset
1220 3994 1574 4065 Euphemium
1616 4015 1671 4059 et
1700 4007 1808 4062 Ma-

210 4066 509 4122 cedonium
532 4074 872 4139 patriarchas
891 4078 1493 4153 Constatttittotiolitanm
1525 4092 1801 4163 Ecclesiae,

216 4172 284 4212 ac
316 4172 539 4228 propter
572 4176 812 4222 sanctam
846 4171 1336 4235 Uialcetlonetisetn
1367 4187 1630 4253 synodum
1681 4190 1804 4247 illas

211 4247 418 4305 Gaitan
442 4252 496 4307 in
526 4253 756 4312 Pontum
798 4262 987 4317 exsilio
1015 4266 1323 4338 relegasset,
1356 4247 1487 4327 vidit
1517 4276 1569 4330 iu
1598 4282 1801 4335 somnis

213 4342 366 4397 idem
398 4343 692 4414 imperator
724 4352 893 4407 virum
922 4358 1206 4425 quemdam
1232 4364 1521 4435 insignem,
1550 4372 1800 4429 vestitum

212 4436 421 4489 amictu
438 4439 685 4507 candido,
702 4453 886 4499 contra
909 4461 967 4502 se
995 4453 1425 4517 stare,Codicem
1448 4464 1703 4530 scriptum
1723 4465 1801 4520 le-

209 4535 452 4592 rentern,
482 4544 547 4584 ae
576 4532 867 4603 legentem.
902 4539 1163 4597 Evolvens
1189 4557 1365 4602 autem
1405 4555 1641 4624 quinque
1674 4558 1796 4613 folia

206 4615 456 4687 Codiris,
488 4622 775 4696 legensque
796 4628 1132 4698 imperatoris
1162 4655 1380 4706 nomen,
1404 4615 1477 4700 ait
1499 4615 1575 4703 illi
1609 4667 1621 4703 :
1658 4652 1794 4710 Ecce
1824 4641 1878 4702 θ

210 4720 441 4779 propter
468 4716 746 4781 perﬁdiam
793 4730 934 4777 tuam
972 4726 1127 4783 deleo
1156 4738 1576 4800 quatuordecim.
1601 4753 1656 4798 et
1706 4746 1790 4801 di-

202 4797 320 4867 gito
344 4814 446 4856 suo
474 4803 599 4859 illos
624 4807 837 4864 delevit.
859 4815 936 4868 Ac
967 4830 1086 4884 post
1114 4797 1249 4877 duos
1278 4826 1394 4881 dies
1422 4797 1793 4907 facto‘fulgore

204 4904 410 4961 magno
439 4905 603 4965 atque
630 4902 887 4970 tonitrua,
920 4922 1119 4976 pavore
1151 4916 1392 4975 turbatus
1420 4902 1790 4998 reddiditspi-

200 4981 373 5035 ritum
396 4982 452 5037 in
480 4999 686 5042 summa
712 4997 1087 5067 angustia,pro
1116 5018 1186 5057 eo
1215 5010 1355 5075 quod
1386 5010 1581 5075 impius
1609 4981 1788 5079 l'uit'ln

197 5078 448 5126 sanctam
469 5074 670 5160 Christi
695 5081 790 5137 Dei
818 5091 987 5145 nostri
1013 5074 1329 5167 Ecclesiam,
1360 5108 1584 5177 ejusque
1609 5074 1791 5183 pasto:

191 5172 296 5217 re.
319 5166 522 5222 auxilio
547 5170 822 5233 damnavit

722 5290 956 5353 CAPUT
996 5299 1236 5359 XXXIX.

204 5388 329 5442 Vita
356 5397 951 5505 (subitae/tillmouasterii
996 5416 1195 5472 abbatis
1250 5419 1533 5495 Seueriani,
1578 5444 1626 5488 et
1654 5452 1781 5505 quo.

267 5476 352 5505 mo
394 5479 421 5505 n
447 5481 477 5505 η
511 5484 608 5505 nata
653 5490 682 5505 η
710 5487 901 5505 an“.--
931 5488 1146 5505 ..-.--λη.
1292 5504 1297 5505 ,
1530 5503 1539 5505 _

1016 5464 1192 5472 ,vv---._
1250 5464 1421 5479 νυνυισι
1496 5464 1509 5483 σ
1762 5468 1779 5480 ⁸

267 5464 421 5514 modo
446 5481 479 5517 a
509 5470 682 5533 puella
710 5480 901 5532 rustica
928 5488 1204 5550 prudenter
1224 5464 1491 5552 retreat:
1512 5464 1779 5573 iugiizuiie

267 5544 385 5573 cum
410 5550 468 5573 an
494 5553 724 5573 nonan-nl

261 5544 385 5584 cum
410 5550 468 5587 ea
492 5553 744 5606 peccaret.

262 5620 399 5728 Cum
440 5630 706 5687 venissem
757 5637 1116 5713 Antiochiam,
1148 5652 1324 5710 audivi
1375 5663 1660 5728 quemdam
1712 5671 1782 5728 de

188 5711 523 5783 presbyteris
573 5725 818 5784 ecclesias
861 5734 959 5788 ista
1006 5752 1308 5800 narrantem
1348 5711 1649 5824 :Dicebat,
1695 5764 1781 5817 iu-

185 5800 344 5870 quit,
386 5810 687 5875 patriarcha
737 5820 1091 5897 Anastasius,
1142 5848 1263 5891 cum
1318 5800 1776 5924 mouachuquui-

471 5925 743 5989 Parnm.
768 5935 1081 6005 --LXXIV.

1952 619 2003 673 in
2037 620 2389 676 ministerium
2435 626 2487 678 in
2540 636 2718 695 partes
2763 627 3227 700 Elutheropoleis,
3260 644 3312 689 et
3357 637 3534 694 divero

1953 712 2104 765 tisset
2163 713 2229 766 ad
2283 715 2542 770 rusticum
2593 721 2893 787 quempiam
2950 721 3193 792 ﬁdelem,
3245 726 3531 785 habentem

1952 802 2114 857 ﬁliam
2144 807 2646 867 unicam,deIunCta
2675 811 2783 879 jam
2808 824 2976 869 matre
3000 816 3165 880 illius,
3190 831 3534 892 maneretque

1951 894 2004 946 in
2036 895 2198 948 domo
2228 897 2343 964 ejus
2371 899 2487 953 dies
2515 902 2742 970 aliquot,
2792 905 2836 958 is
2875 906 2962 975 qui
3005 923 3217 978 semper
3260 915 3535 986 impugnat

1950 984 2200 1041 homines
2225 990 2471 1047 diabolus
2492 993 2712 1050 immisit
2728 996 2879 1052 fratri
2897 1004 3141 1058 sordidas
3158 1009 3529 1076 cog’tationes,

1958 1077 2476 1154 impugnabaturque
2500 1086 2566 1141 de
2593 1090 2793 1159 puella,
2824 1106 2878 1147 et
2912 1098 3186 1163 quaerebat
3218 1108 3532 1169 opportuni-

1961 1178 2122 1224 tatem
2166 1177 2503 1239 opprimendi
2532 1195 2670 1235 eatn.
2702 1184 2863 1252 igitur
2891 1188 2978 1256 qui
3012 1189 3160 1245 illum
3190 1204 3533 1268 oppugnabat

1949 1261 2182 1329 dasnion,
2204 1270 2655 1333 opportunitatem
2684 1289 2897 1346 quoque
2919 1277 2994 1333 illi
3028 1261 3362 1350 procura-irit:
3376 1290 3531 1345 Patre

1946 1355 2088 1408 enim
2121 1359 2313 1424 puella:
2339 1362 2708 1428 proliciscente
2740 1370 3054 1427 Ascalonem
3080 1382 3399 1435 necessariae
3431 1376 3533 1437 uti?

1950 1446 2115 1503 litatis
2122 1452 2321 1518 gratia,
2339 1453 2501 1508 l'rater
2530 1455 2617 1511 ille
2641 1460 2816 1514 sciens
2837 1464 3103 1521 neminem
3128 1469 3177 1523 in
3205 1470 3364 1526 domo
3384 1490 3528 1539 esse,

1956 1540 2056 1592 nisi
2086 1553 2144 1594 se
2175 1542 2359 1596 solum
2380 1555 2432 1599 et
2473 1548 2720 1615 puellam,
2747 1556 2975 1609 accessit
3004 1566 3057 1611 ut
3090 1559 3232 1615 illam
3258 1567 3317 1617 vi
3345 1569 3528 1634 appri-

1954 1638 2147 1684 meret.
2178 1631 2272 1686 Illa
2322 1650 2449 1689 vero
2477 1646 2534 1691 ut
2572 1640 2698 1693 vidit
2732 1642 2901 1711 ipsum
2944 1654 3110 1703 totum
3160 1631 3526 1719 perturbatum

1950 1720 2016 1774 ad
2041 1722 2293 1779 nehtium
2319 1739 2494 1782 actum
2530 1746 2840 1803 properare,
2863 1739 2997 1795 dixit
3026 1743 3072 1795 ei
3104 1758 3119 1798 :
3154 1744 3265 1800 Noli
3298 1750 3522 1816 turbari,

1942 1829 2117 1884 neque
2156 1818 2355 1876 foedum
2388 1824 2514 1893 quid
2543 1838 2727 1883 contra
2766 1848 2851 1887 me
2883 1836 3151 1902 mo'iaris;
3198 1849 3346 1909 pater
3374 1861 3527 1900 meus

1945 1925 2127 1978 neque
2157 1912 2319 1969 hodie
2348 1932 2517 1986 neque
2559 1936 2677 1976 cras
2726 1925 2920 1979 veniet.
2948 1930 3081 1983 Audi
3126 1933 3350 1999 primum
3398 1940 3525 2004 quid

1943 2000 2267 2073 dicam.'Ego
2280 2009 2420 2061 enim
2433 2011 2606 2080 (novit
2629 2013 2789 2079 Deus)
2809 2032 3050 2086 prompte
3068 2023 3321 2094 quidquid
3345 2028 3525 2083 volue-

1942 2090 2016 2146 ris
2057 2093 2266 2148 faciam.
2316 2098 2489 2167 C(Ppil.
2540 2116 2715 2158 autem
2764 2107 2913 2164 illum
2958 2112 3026 2167 ita
3070 2116 3301 2186 alloqui:
3344 2121 3524 2187 Quan-

1945 2192 2055 2236 tum
2088 2190 2348 2254 temporis
2376 2193 2562 2259 habes,
2596 2194 2782 2263 frater,
2818 2201 2867 2253 in
2906 2208 3272 2263 monasterio?
3311 2212 3445 2267 Dicit
3471 2216 3522 2270 ei

1945 2274 2155 2329 frater:
2197 2280 2386 2335 Decem
2427 2293 2481 2337 et
2516 2297 2717 2355 septem
2769 2307 2956 2347 annos.
2993 2296 3126 2352 Dicit
3173 2301 3220 2355 ei
3275 2302 3469 2360 iterum
3505 2327 3522 2362 :

1947 2364 2122 2420 llahes
2152 2372 2582 2437 experimentum
2613 2380 2884 2436 IllUIIt'l'IS?
2908 2387 2996 2438 Ait
3029 2387 3109 2443 illi
3145 2407 3158 2443 :
3207 2392 3346 2449 Non.
3378 2396 3520 2468 Ergo

1944 2466 2020 2524 tu,
2064 2459 2226 2529 inquit
2257 2466 2451 2530 puella,
2494 2467 2570 2523 tis
2600 2483 2815 2540 propter
2859 2493 3015 2532 unam
3051 2481 3237 2539 horam
3270 2489 3519 2548 amittere

1937 2557 2013 2603 tot
2057 2566 2321 2610 annorum
2372 2559 2616 2616 labores?
2647 2564 2864 2632 Quaties
2910 2571 3093 2629 fudiin
3136 2577 3429 2650 lacrymas,
3463 2597 3518 2639 ut

1935 2658 2150 2699 carnem
2181 2658 2324 2702 tuam
2348 2650 2561 2708 Christo
2593 2656 2822 2715 Domino
2865 2679 3049 2731 puram
3085 2669 3513 2730 immaculatam-

1933 2752 2035 2804 que
2063 2755 2308 2796 servares
2336 2745 2358 2798 ?
2386 2754 2439 2799 et
2470 2763 2611 2803 nunc
2658 2761 2823 2806 totum
2858 2758 3092 2814 laborem
3122 2763 3274 2820 illum
3306 2767 3516 2824 brevis-

1933 2829 2083 2886 simae
2114 2836 2398 2903 voluptatis
2436 2844 2603 2910 gratia
2643 2845 2733 2898 tibi
2762 2849 2935 2914 perire
2987 2854 3101 2906 vis?
3135 2856 3510 2917 Verumtamen

1931 2927 2000 2979 sit
2029 2938 2086 2980 ut
2109 2930 2185 2983 vis
2211 2933 2434 2989 audiero
2467 2947 2534 3002 te,
2575 2954 2864 3011 peccesque
2888 2962 3119 3016 mecum,
3142 2954 3379 3009 habesue
3409 2974 3512 3025 quo

1932 3032 2176 3075 assumas
2196 3033 2249 3075 (ιι
2271 3026 2508 3081 euutiias
2550 3034 2672 3085 tne?
2702 3033 2839 3087 Dicit
2866 3038 2914 3091 ei
2940 3038 3106 3094 frater
3135 3060 3147 3095 :
3189 3044 3326 3102 Non.
3359 3049 3511 3104 Tunc

1932 3107 2060 3163 illa:
2095 3111 2148 3164 lu
2198 3116 2425 3171 veritate
2465 3135 2572 3174 non
2618 3126 2864 3190 mentior,
2903 3127 2946 3182 si
2994 3131 3357 3193 humiliaveris
3401 3154 3505 3209 me,

1931 3200 2217 3256 multorum
2248 3208 2508 3263 malorum
2536 3226 2698 3268 causa
2744 3217 2872 3273 eris.
2924 3220 3065 3276 Dicit
3093 3225 3141 3279 ei
3174 3232 3503 3289 monachus:

1925 3291 2254 3355 Quomodo?
2280 3296 2464 3353 Puella
2496 3307 2830 3373 respondens
2865 3329 2877 3364 ι
2911 3313 3146 3371 Primum
3170 3323 3405 3390 quidem,
3440 3330 3505 3382 in-

1926 3384 2057 3449 quit,
2088 3388 2209 3454 quia
2244 3391 2420 3456 perdis
2441 3395 2670 3450 anitnam
2705 3410 2879 3469 tuam;
2911 3412 3147 3465 secundo
3174 3418 3422 3482 quoniam
3450 3432 3505 3476 et

1924 3476 2098 3529 anima
2131 3494 2249 3532 mea
2288 3481 2385 3536 abs
2422 3496 2474 3539 te
2516 3489 2853 3560 requiretur;
2904 3498 3004 3553 hoc
3031 3502 3170 3557 enim
3221 3510 3310 3563 tibi
3357 3512 3503 3577 jura-

1923 3580 2105 3619 meuto
2137 3581 2401 3637 protestor
2423 3590 2517 3644 per
2545 3594 2667 3634 eum
2696 3585 2782 3651 qui
2813 3586 2951 3641 dixit
2985 3607 2997 3642 :
3027 3588 3148 3647 Noli
3175 3612 3260 3652 me
3289 3606 3500 3658 menda-

1918 3670 2035 3709 cem
2069 3656 2243 3715 facere
2266 3660 2442 3732 (Joan.
2470 3668 2545 3737 1);
2575 3673 2694 3740 quia
2717 3674 2763 3729 si
2797 3676 3159 3738 humiliaveris
3190 3705 3294 3753 me,
3325 3698 3499 3750 couti-

1924 3763 2031 3804 nuo
2060 3752 2188 3804 mihi
2209 3752 2306 3821 ipsi
2330 3756 2522 3825 laqueo
2544 3761 2705 3817 vitam
2737 3775 3497 3853 extorquebo,iuvenierisque

1922 3835 2196 3894 homicidii
2223 3858 2366 3908 reus,
2395 3857 2553 3915 atqtte
2576 3851 2630 3903 in
2653 3854 2854 3920 judicio
2888 3872 2944 3913 ut
2988 3864 3250 3922 homicida
3288 3871 3495 3940 judica-

1924 3928 2090 3985 beris.
2121 3934 2286 4001 Igitur
2324 3949 2605 4009 antequam
2651 3957 2725 3999 tut
2758 3950 3019 4009 malorum
3051 3973 3238 4017 causas
3264 3964 3380 4034 fias,
3414 3987 3494 4025 re~

1918 4034 2131 4079 vertere
2158 4026 2210 4080 in
2241 4044 2373 4095 pace
2390 4032 2454 4086 ad
2471 4043 2851 4097 monasterium
2879 4056 3115 4115 tuum,ct
3141 4070 3231 4108 ora
3258 4073 3353 4126 pro
3383 4078 3490 4119 me.

1914 4113 2143 4174 Rediens
2192 4121 2351 4191 igitur
2380 4124 2435 4178 iu
2468 4132 2813 4199 semetipsum
2862 4137 3047 4205 frater,
3080 4159 3141 4198 ac
3172 4153 3491 4223 respiciens,

1912 4210 2091 4264 Statim
2123 4228 2380 4271 reversus
2410 4228 2488 4273 est
2523 4225 2587 4275 ad
2616 4233 2995 4287 monasterium
3041 4253 3220 4310 suum,
3254 4259 3490 4313 prostra~

1914 4309 2103 4370 Iusque
2131 4303 2330 4369 abbati,
2365 4320 2421 4363 et
2456 4315 2662 4369 veniam
2712 4323 3004 4394 postulans,
3042 4331 3234 4402 oravit,
3269 4346 3321 4390 ut
3353 4340 3489 4397 ultra

1906 4391 2016 4458 jam
2045 4391 2113 4447 tle
2143 4401 2471 4456 monasterio
2493 4419 2599 4458 non
2628 4410 2994 4478 egrederetur.
3019 4419 3084 4473 Et
3114 4437 3231 4479 cum
3265 4428 3314 4479 in
3355 4446 3487 4484 eon-

1912 4483 2128 4540 tritione
2149 4490 2333 4546 cordis
2367 4495 2564 4565 egisset
2597 4508 2702 4557 tres
2729 4521 2964 4578 menses,
3007 4516 3251 4587 migravit
3280 4521 3344 4574 ad
3376 4523 3485 4578 Do-

1909 4588 2128 4629 nimum.

2501 4658 2728 4722 CAPUT
2768 4669 2879 4725 XL.

2294 4768 2406 4826 Vita
2434 4775 2631 4834 abbatis
2662 4780 2857 4841 Cosme:
2883 4794 3118 4847 eunuchi.

1977 4848 2220 4911 Narravit
2262 4863 2414 4917 nobis
2436 4869 2603 4923 abbas
2637 4872 2865 4932 Basilius
2892 4883 3174 4953 presbyter
3214 4889 3474 4952 Bicantio-

1896 4946 2237 5010 rum,diceus
2264 4969 2278 5005 :
2302 4954 2433 5011 Cum
2464 4974 2637 5016 essem
2662 4964 2921 5040 Theopoli
2947 4978 3088 5042 apud
3121 4983 3479 5048 patriarcham
3572 4999 3584 5007 '

1894 5033 2230 5108 Gregorium,
2258 5048 2401 5101 venit
2446 5052 2513 5106 ab
2560 5054 2907 5131 Jerosolymis
2942 5067 3105 5125 abbas
3127 5073 3348 5135 Cosmas
3378 5100 3478 5139 eu.

1900 5131 2108 5185 nuchus
2139 5133 2329 5192 Laura:
2374 5139 2607 5210 Pharan,
2642 5150 2723 5203 vir
2770 5155 3049 5224 singularis
3094 5169 3390 5244 religionis,
3423 5190 3478 5235 et

1900 5217 2026 5244 £21-:
2081 5234 2244 5244 ..-οι-Α
2535 5236 2547 5244 “

1900 5217 2026 5274 fidei
2081 5234 2463 5300 rectorunique
2513 5236 2819 5305 dugmatum
2878 5250 3032 5307 valde
3084 5217 3241 5317 lena:
3290 5275 3343 5321 et
3372 5217 3474 5325 ἰρ-

1891 5308 2052 5379 lator,
2096 5330 2159 5370 ac
2187 5319 2485 5379 divinarum
2528 5327 2926 5399 Scripturarum
2963 5346 3186 5407 scientia
3224 5372 3329 5412 non
3358 5377 3472 5418 mc-

1888 5400 2141 5461 diocriter
2166 5409 2479 5471 instructus.
2514 5419 2644 5474 Cum
2676 5442 2803 5496 ergo
2840 5430 3023 5493 fuisset
3057 5441 3128 5496 ibi
3160 5459 3322 5505 senex
3355 5454 3470 5513 dies

1888 5507 2107 5566 paucos,
2162 5501 2443 5560 defunctus
2497 5520 2618 5572 est:
2680 5528 2731 5571 et
2782 5521 2939 5591 jussit
2985 5534 3285 5596 patriarcha
3341 5557 3466 5610 pre-

2783 5587 2795 5591 -
2985 5587 2998 5596 .
3110 5587 3117 5588 ί
3164 5587 3171 5588 ί
3193 5587 3285 5593 νν-ν-
3342 5587 3432 5610 r"

1896 5587 2060 5644 tiosas
2087 5592 2230 5647 illius
2258 5597 2510 5664 reliquias
2537 5604 2588 5659 in
2614 5620 2940 5674 monasterio
2966 5636 3063 5680 suo
3086 5629 3332 5698 sepeliri,
3376 5636 3465 5691 ubi

1887 5689 1941 5735 et
1970 5684 2178 5751 positus
2200 5698 2317 5742 erat
2341 5694 2555 5759 quidam
2587 5703 2888 5775 episcopus.
2921 5713 3012 5769 Die
3041 5684 3201 5786 igitur
3228 5684 3458 5794 quadam

1886 5774 2157 5842 profectus
2187 5792 2329 5847 sum,
2363 5794 2419 5838 ut
2459 5790 2747 5852 salutarem
2794 5806 3100 5872 sepulcrum
3131 5774 3295 5869 seuijs.
3328 5816 3461 5874 Erat

1883 5876 2060 5924 autem
2091 5884 2251 5940 supra
2304 5878 2605 5947 sepulcrum
2644 5891 2759 5959 ejus
2799 5895 2986 5964 iacens
3037 5903 3196 5961 homo
3243 5908 3457 5980 quidam

3020 6019 3057 6079 5
