4052 6362
511 349 610 406 I39
1656 350 1741 403 DF.
1787 349 1962 404 VITIS
2003 350 2103 404 ΡΧ

2212 352 2282 403 ΑΜ
2329 351 2528 406 LIBER
2572 354 2634 410 Χ.
3678 360 3796 413 Hii

464 542 473 547 _
511 481 733 536 pauper,
764 466 1157 535 (διεξιιιιιομγιιιιιιι
1214 473 1399 533 petens
1449 464 1516 517 ab
1564 463 1988 532 ingredientibus
2038 464 2087 515 in
2117 463 2166 521 Δ
2193 464 2331 531 quod
2360 476 2514 521 nocte
2544 478 2739 521 saneta:
2773 465 3057 521 Dominii‘at
3089 482 3114 517 a
3160 483 3380 537 vespere
3409 484 3573 540 usque
3618 487 3795 524 matus

510 568 794 628 templum.
835 563 965 614 (lum
998 575 1126 629 ergo
1162 559 1533 625 COtISpexiSsel
1567 572 1651 611 me
1683 572 1881 626 panper
1932 557 2087 610 tertio
2190 562 2360 609 staret
2388 558 2616 623 psallens
2657 568 2712 612 et
2736 559 2937 627 legens,
2968 567 3022 614 et
3049 559 3099 612 in
3131 560 3262 612 cclla
3295 574 3413 625 sua,
3447 569 3497 613 et
3528 561 3576 614 in
3603 564 3796 615 eccle-

510 662 931 725 prostratum,et
955 654 1066 704 si-ni
1101 652 1398 706 oralionem
1430 650 1737 715 facientem,
1757 650 1887 703 dixit
1914 650 2044 703 mihi
2069 668 2083 703 :
2189 648 2288 713 sia,
2324 665 2495 718 neque
2525 651 2744 705 omnino
2767 652 2993 716 sedens;
3025 662 3142 706 orto
3164 662 3339 705 autem
3366 652 3501 710 sole.
3529 669 3649 708 cum
3679 656 3801 708 im-

508 750 687 808 Ahha.
722 761 943 810 magnus
972 743 1208 811 proli-clo
1240 754 1348 795 erat
1380 756 1541 795 senex
1592 741 1704 806 ille,
1737 756 1893 807 quem
1924 756 2089 809 δυρρ-

2212 742 2393 797 ilessct
2412 758 2696 811 canonem,
2721 745 2939 800 sedebat
2966 746 3148 815 legens
3177 746 3229 801 in
3252 746 3452 801 sanctis
3477 747 3797 818 Evangelii:

514 842 646 895 listis
678 841 761 893 hic
783 850 908 892 ante
940 837 1036 891 hos
1060 836 1192 889 duos
1226 847 1455 887 incuses.
1487 832 1639 887 Tunc
1670 846 1768 901 ego
1797 831 1861 884 ad
1895 831 2039 883 illum
2070 847 2085 883 :
2191 847 2357 900 usque
2380 835 2446 887 ad
2477 836 2773 890 ροιιροιειηι,

512 933 662 988 Unde
710 933 810 984 hoc
842 941 894 983 ιιι
946 926 1123 981 nosti?
1168 925 1264 990 Qui
1298 923 1619 993 respondit:
1655 921 1815 984 Vere,
1867 921 2085 973 domine
2771 927 2995 982 CAPUT
3036 927 3171 982 XLI.

458 1016 463 1019 δ
508 1026 668 1085 abba,
704 1038 801 1090 ego
847 1020 1165 1087 paralyticos
1220 1016 1290 1068 Ini
1341 1014 1497 1067 annis
1544 1012 1850 1078 duodecim,
1893 1019 1948 1065 et
1995 1027 2089 1080 per
2525 1016 2637 1069 γεω
2676 1018 2869 1072 abbatis
2904 1018 3057 1071 Pauli
3092 1019 3451 1074 Nazarbemig.

510 1118 681 1183 ipsum
739 1111 942 1168 curavit
972 1124 1054 1162 me
1099 1109 1259 1161 Deus.
1295 1107 1358 1160 Et
1386 1106 1592 1172 quoties
1643 1106 1693 1157 in
1746 1104 2089 1157 tribulatione
2263 1105 2501 1160 Vidimus
2531 1117 2585 1162 et
2612 1109 2770 1162 alium
2802 1126 2984 1164 senem
3015 1114 3065 1163 in
3088 1113 3274 1165 eadem
3306 1113 3494 1173 Lauta,
3530 1111 3795 1164 abbatem

509 1225 651 1271 sum,
685 1207 826 1260 venit
870 1204 934 1258 ad
968 1218 1052 1255 me
1079 1199 1501 1254 consolationem
1551 1198 1779 1250 allercns
1803 1237 1818 1259 ,
1855 1195 2088 1262 mihique
2188 1197 2392 1252 scilicet
2422 1199 2662 1260 Paulum,
2698 1202 2864 1254 virum
2895 1212 3138 1255 sanctum
3170 1218 3231 1257 ac
3261 1203 3369 1256 Deo
3389 1204 3648 1270 deditum,
3674 1220 3796 1256 mi-

509 1302 840 1369 rel’rigcrium
864 1306 1103 1366 praestat.

2216 1290 2455 1344 issiinuui
2514 1304 2677 1361 atque
2730 1294 3266 1350 abstinentissimum.
3318 1296 3592 1351 Neminem
3645 1313 3799 1352 vero

577 1392 739 1465 873
789 1391 893 1447 Sed
939 1400 992 1444 et
1026 1388 1165 1442 aliud
1206 1387 1327 1440 andi
1376 1387 1443 1440 de
1490 1385 1579 1439 illo
1626 1382 1962 1437 miraculum.
2015 1380 2087 1433 lix
2191 1382 2405 1435 memini
2449 1399 2533 1436 uie
2580 1399 2808 1453 unquam
2857 1386 3061 1441 vidisse
3100 1397 3245 1441 tanta
3295 1387 3671 1442 consolationis
3715 1403 3800 1441 ac

505 1500 606 1554 qua
635 1484 721 1537 die
748 1482 941 1550 ipsum
986 1480 1251 1548 sepelistis
1281 1492 1449 1545 usque
1478 1475 1545 1529 ad
1573 1474 1713 1528 diem
1746 1475 1902 1536 hanc,
1931 1472 2089 1524 audio
2192 1474 2544 1545 lacrymarum
2576 1480 2741 1547 gratia
2774 1489 3050 1543 ornatum;
3080 1480 3354 1534 stillabant
3382 1482 3523 1536 enim
3550 1496 3615 1534 ex
3642 1494 3797 1534 ocu—

507 1582 657 1634 illum
690 1579 911 1648 singulis
960 1575 1208 1628 noctibus
1255 1573 1597 1636 clamantem,
1626 1586 1688 1624 ac
1720 1570 1987 1624 dicentem
2022 1567 2089 1620 ad
2194 1568 2258 1622 lis
2287 1568 2402 1636 ejus
2430 1570 2627 1639 jugiter
2658 1571 2932 1641 lact-your.
2968 1573 3209 1638 Implevit
3246 1588 3374 1641 ergo
3415 1582 3629 1627 sanctus
3675 1573 3802 1624 ista

505 1675 816 1739 episcopum
851 1687 865 1723 ;
899 1668 1016 1723 Noli
1051 1683 1138 1720 me
1171 1676 1408 1734 tangere,
1456 1665 1706 1718 harretice
1734 1680 1747 1726 ;
1800 1678 1866 1714 ne
1896 1677 2092 1729 appro-
2190 1659 2370 1715 senior
2403 1660 2454 1713 in
2487 1662 2589 1715 vita
2621 1663 2856 1716 solitaria
2885 1678 3054 1716 annos
3083 1660 3197 1717 fere
3224 1662 3617 1733 quinquaginta,
3648 1676 3804 1715 con—

506 1767 731 1834 piuqnes
760 1761 911 1823 mihi,
936 1760 1147 1812 inimice
1169 1766 1367 1811 sancta:
1398 1755 1484 1808 Dei
1513 1755 1789 1809 catholicm
1815 1752 2088 1807 Ecclesim.
2192 1760 2368 1805 tentus
2396 1753 2506 1804 soli
2549 1757 2702 1823 panis
2729 1755 3092 1825 eleemosyna,
3125 1771 3282 1823 quam
3326 1755 3549 1809 ecclesia
3590 1754 3803 1817 dabat,

506 1860 631 1912 llaec
662 1871 762 1925 ego
788 1854 1012 1907 audiens
1038 1851 1106 1903 ah
1135 1865 1200 1902 eo
1231 1850 1318 1919 qui
1364 1862 1581 1902 sanatus
1625 1848 1815 1906 fuerat,
1850 1844 2081 1912 perrexi,
2118 1843 2163 1902 Β
2192 1844 2426 1913 nullique
2449 1846 2668 1901 omnin
2695 1848 3025 1917 colloquens.
3063 1849 3183 1901 Erat
3215 1856 3392 1902 autem
3422 1864 3485 1902 ex
3518 1847 3800 1902 Nazarbo.

504 1962 561 2003 it
591 1950 768 2001 omnia
817 1962 880 1999 ex
932 1944 1118 1998 ordine
1166 1942 1480 2011 patriarcha:
1531 1940 1708 2001 retuli,
1757 1939 2084 2004 orabantque
2765 1960 2995 2015 CAPUT
3036 1960 3194 2015 XL”.

505 2045 680 2110 ipsum
711 2037 1103 2092 sanctissimum
1137 2033 1516 2103 patriareham,
1546 2042 1602 2084 nt
1625 2042 1896 2099 sumptum
1928 2047 1989 2082 ex
2020 2046 2084 2084 eo
2479 2054 2594 2106 Vim
2615 2056 2809 2107 “Mum-3
2838 2056 3191 2108 Anaunonm
3217 2056 3346 2108 “rm.
3375 2054 3487 2109 De...

506 2136 624 2188 loco
670 2131 813 2184 srnis
855 2144 1089 2195 corpus,
1124 2126 1176 2179 in
1208 2127 1457 2195 sepulcro
1498 2124 1603 2177 alio
1645 2123 2080 2178 reconderemns.
2262 2145 2503 2199 Vidimus
2552 2148 2601 2199 in
2653 2149 2843 2200 eodem
2900 2148 3018 2201 loco
3061 2147 3308 2201 abbatem
3354 2150 3802 2209 Anannomem‘

505 2228 657 2283 Τ¹¹¹³⁰
709 2228 784 2278 ³η
831 2225 993 2278 abbas
1042 2219 1329 2290 (ἶτθῧθτῖηδ
1363 2218 1660 2286 Ρθίτί³¹ἐ¹¹³
1698 2237 1709 2269 ⁵
1756 2218 1878 2308 Mil“
1909 2260 1923 2280 ν
1968 2219 2082 2281 ίίίίίο
2192 2238 2359 2289 virum
2394 2237 2792 2290 misericordem
2823 2247 2876 2289 et
2909 2238 3464 2300 continentissimum,
3511 2239 3807 2308 vitamque

512 2318 738 2381 credite,
774 2315 903 2368 nihil
942 2314 1009 2365 ab
1052 2312 1307 2365 lzmretico
1356 2310 1566 2363 lmditnr
1616 2310 1780 2361 albas
1820 2306 2084 2370 Cosmas;
2190 2328 2480 2380 solitariam
2508 2328 2558 2379 in
2589 2328 2777 2380 cenula
2809 2344 2902 2381 sua
2949 2340 3195 2398 agentem
3230 2340 3371 2382 "mm
3416 2306 3796 2398 dismcﬁmie’

507 2411 601 2465 sed
637 2411 735 2461 hoc
770 2417 934 2460 totum
982 2405 1175 2457 lat-tum
1206 2411 1290 2457 est
1317 2447 1329 2468 ,
1360 2411 1417 2453 ut
1443 2403 1588 2454 senis
1620 2400 1807 2466 tirtus,
1834 2402 2087 2464 zelnsqne

2212 2428 2248 2471 ιι
2281 2434 2374 2484 per
2401 2429 2629 2487 quatuor
2654 2421 2769 2473 dies
2792 2434 2947 2471 unam
2975 2430 3176 2473 tantum
3204 2421 3527 2475 oblationem
3551 2420 3799 2475 mandu-

509 2504 629 2557 lidi-i
678 2502 833 2555 nobis
881 2501 1239 2552 innotesceret
1262 2536 1277 2558 ,
1311 2494 1485 2563 qualis
1512 2493 1713 2546 Scilicet
1745 2492 1923 2554 fuerit,
1954 2506 2085 2559 qna-
2190 2518 2337 2564 οδε-ει
2366 2510 2690 2563 minutorum
2719 2513 2899 2579 viginti
2933 2511 3035 2583 (9).
3072 2516 3226 2578 Saepe
3255 2528 3381 2566 vero
3407 2521 3461 2566 et
3492 2520 3593 2565 tota
3643 2513 3807 2566 heb-

507 2600 679 2667 ιίείιυθ
713 2596 780 2647 sil
819 2594 981 2647 ειίηῐη
1012 2600 1130 2660 Im“-
1173 2587 1348 2642 (Ἦτῖιῖδ
1394 2586 1718 2652 "caninum.
1748 2596 1910 2655 υυῖίίο
1945 2585 2087 2651 θυῖε·
2191 2602 2417 2655 domada
2445 2617 2563 2654 eam
2588 2605 2755 2658 solam
2782 2605 3114 2658 comedebat.
3138 2603 3292 2658 Circa
3316 2614 3614 2658 extremum
3643 2618 3800 2659 vero

507 2690 625 2757 εοΡῘ
668 2690 816 2743 "(illis
851 2686 1164 2753 ῑδνθάοτθιιπ
1193 2681 1403 2751 OPINIO.
1437 2693 1503 2733 "0
1535 2678 1680 2732 ί¹¹¹¹¹η
1711 2678 2092 2731 “niualem”?
2192 2693 2315 2745 vita:
2345 2707 2452 2745 sum
2508 2694 2842 2748 venerandus
2868 2696 2950 2747 hic
2974 2698 3050 2747 vir
3074 2696 3312 2749 dolorem
3336 2694 3555 2749 incurrit
3577 2698 3807 2750 ventris

511 2781 867 2835 orthodoxnm
902 2777 1067 2830 fuisse
1102 2783 1261 2839 atque
1288 2770 1646 2825 Catholii-um.

2212 2794 2247 2837 ιι
2278 2784 2563 2838 viscerum.
2593 2787 2833 2839 'l‘nliinus
2860 2789 3034 2855 itaque
3062 2790 3208 2842 illum
3242 2790 3293 2841 in
3322 2800 3558 2843 sanctam
3585 2788 3807 2843 civita-

579 2873 791 2927 lliccbat
832 2874 956 2923 item
988 2869 1053 2920 de
1098 2867 1285 2919 eodem
1318 2880 1447 2918 sene
1494 2862 1660 2915 abbas
1710 2858 1951 2921 Basilius,
2004 2855 2092 2927 qui

2212 2892 2301 2931 .em
2331 2879 2383 2930 in
2413 2879 2627 2931 domum
2660 2879 3017 2943 inﬁrmorum,
3046 2896 3168 2949 quae
3197 2880 3295 2934 sub
3326 2880 3635 2949 patriarchae
3658 2890 3806 2936 erat

505 2982 624 3021 eum
652 2963 974 3033 perrexisset
995 2961 1057 3013 ad
1084 2974 1203 3013 eum
1226 2953 1644 3011 commorantem
1680 2953 1731 3007 in
1762 2953 1929 3007 Laura
1955 2953 2091 3005 l’ha-
2199 2986 2349 3026 cum.
2393 2972 2484 3023 me
2530 2988 2656 3026 vero
2700 2973 2928 3040 quadam
2956 2989 3076 3026 cum
3119 2989 3282 3041 pmpe
3327 2974 3474 3026 illum
3520 2987 3805 3037 essem“.

505 3058 797 3124 “malum
820 3070 978 3110 5‘3"“
1002 3072 1015 3108 ³
1043 3053 1199 3108 Vm”
1223 3052 1349 3105 ¹¹¹Ῐ¹¹Ῑ
1373 3048 1622 3119 Odium“
1645 3046 1951 3115 ³¹Ῐί1¹¹³¹¹ἀ⁰ν
1967 3046 2093 3114 Ψιῖά
2199 3067 2341 3118 misit
2370 3066 2436 3118 ad
2470 3066 2617 3119 illum
2648 3066 2810 3118 abbas
2836 3064 3021 3119 Comm
3056 3067 3371 3134 prmpnsitus
3403 3066 3585 3119 Laurze
3606 3068 3808 3120 sancti

504 3156 593 3219 δεῖ,
624 3151 766 3221 (ιυοά
809 3151 881 3203 ait
914 3147 1167 3201 υοηιίηυε
1197 3145 1470 3213 ίιίδοίβυηδ
1502 3143 1613 3196 suis
1642 3158 1656 3195 ε
1686 3142 1783 3208 Qui
1816 3140 1974 3194 Imb“
1999 3155 2092 3194 "9'
2200 3157 2370 3211 Patris
2400 3160 2564 3210 nostri
2596 3158 2750 3212 Saba:
2787 3158 2883 3211 sud
2904 3159 3083 3225 ιιίιιιιι,
3117 3174 3273 3212 uuam
3318 3159 3518 3212 habens
3557 3157 3804 3211 benedi-

507 3236 1223 3305 stimcntum,vendatillud,
1249 3234 1708 3300 eteinatgladium
1735 3231 2085 3301 (Ltictvxxtt);
2118 3226 2162 3288 C
2193 3251 2460 3315 omnem,
2512 3260 2567 3305 οι
2613 3253 2929 3304 munismam
2980 3265 3071 3303 se,
3097 3292 3112 3315 ν
3168 3251 3236 3302 im
3286 3251 3360 3303 mi
3412 3249 3721 3317 δεεηίηωη,
3783 3263 3806 3303 ³

507 3338 714 3402 illisque
735 3332 1031 3387 dicentibus
1061 3347 1074 3381 ι
1103 3329 1237 3383 Ecce
1265 3326 1417 3397 gladii
1445 3326 1549 3377 duo
1574 3324 1687 3389 hic;
1716 3322 2049 3390 reSponderit
2074 3339 2087 3375 :

508 3429 649 3484 Satis
680 3434 781 3479 cst.
818 3421 1199 3487 Ilatrehamque
1230 3418 1281 3471 in
1315 3417 1475 3469 verbo
1497 3420 1619 3475 isto,
1644 3430 1812 3482 neque
1835 3412 1958 3478 qu-II
1992 3412 2091 3464 sibi

509 3521 688 3587 vellet,
723 3514 1101 3583 intelligebatur.
1138 3512 1315 3577 Itaque
1344 3510 1421 3560 sic
1449 3505 1833 3573 cogitabundus
1861 3499 2004 3555 exivi
2027 3500 2092 3554 de

510 3594 698 3667 cellula
729 3623 868 3672 mea,
892 3606 942 3660 in
978 3606 1092 3673 ipso
1123 3600 1398 3655 meridiani
1429 3598 1557 3651 solis
1589 3606 1745 3658 testu,
1779 3606 1831 3647 ut
1864 3594 1994 3647 irem
2026 3594 2090 3646 ad

514 3706 738 3758 Lauratu
766 3699 1009 3753 Turriuiu
1032 3736 1046 3760 ,
1079 3696 1142 3748 ad
1171 3694 1412 3746 abbatem
1443 3687 1818 3755 Theophilum,
1848 3697 1901 3739 et
1934 3684 2095 3739 inter-

510 3810 750 3868 rogarem
777 3809 923 3849 euin.
955 3789 1193 3857 Cumque
1218 3801 1309 3855 per
1328 3784 1539 3838 deserta
1569 3795 1863 3849 pergerem.
1888 3792 2092 3830 es~eni-

510 3906 613 3957 que
643 3900 809 3954 prope
836 3882 1207 3941 Calamonem.
1233 3876 1435 3945 aspicio
1475 3876 1757 3926 draconem
1800 3870 1946 3923 mine
1977 3883 2092 3922 ma-

512 3980 801 4051 gnitudinis
828 3979 894 4033 de
925 3986 1106 4031 moote
1132 3972 1456 4028 descendere
1486 3970 1538 4022 in
1571 3967 1936 4023 Calamonem.
1970 3966 2096 4019 Erat

513 4085 689 4127 autem
713 4072 845 4126 adeo
871 4070 1079 4139 ingens,
1115 4075 1174 4120 ut
1201 4081 1321 4120 cum
1344 4078 1405 4119 se
1434 4073 1690 4127 moveret,
1716 4068 2023 4114 curvaretnr
2045 4060 2093 4111 in

2197 3341 2412 3409 Ignosce
2442 3344 2590 3403 mihi,
2625 3343 2744 3411 quia
2777 3358 2881 3394 non
2914 3341 3169 3411 permittit
3200 3358 3282 3395 in»
3312 3341 3569 3409 aegritudo
3597 3353 3814 3395 ascen-

2196 3432 2343 3499 dere,
2372 3445 2423 3489 et
2454 3445 2502 3487 te
2531 3436 2783 3487 salutare.
2814 3433 2986 3487 Senex
3011 3443 3188 3486 autem
3215 3433 3637 3487 benedictionem
3660 3435 3812 3500 qui-

2196 3524 2316 3579 dem
2350 3527 2588 3590 retinuit,
2621 3538 2867 3577 nummos
2897 3540 3023 3578 vero
3068 3525 3295 3584 remisit,
3327 3525 3548 3577 dicens:
3577 3523 3633 3576 Si
3664 3524 3812 3589 qui-

2196 3614 2317 3669 dem
2342 3615 2565 3669 voluerit
2586 3616 2721 3667 licus
2746 3624 2800 3667 ut
2828 3616 2877 3665 in
2904 3613 3003 3666 hac
3024 3614 3125 3667 vita
3154 3614 3362 3679 durem,
3389 3614 3560 3675 Pater,
3585 3614 3815 3677 habeo,

2200 3720 2446 3759 nummos
2470 3705 2679 3759 decem.
2703 3706 2836 3758 Cum
2861 3719 2988 3758 vero
3007 3720 3101 3758 eos
3121 3720 3183 3757 ex
3195 3705 3447 3771 pendero,
3473 3703 3811 3775 significabo

2201 3797 2375 3859 vobis,
2406 3809 2457 3851 et
2487 3796 2703 3850 mittetis
2730 3797 2878 3850 istos.
2905 3794 2972 3851 Ut
2998 3805 3176 3849 autem
3202 3795 3433 3858 noveris,
3466 3797 3639 3859 Pater,
3664 3807 3813 3858 post

2199 3887 2335 3941 duos
2365 3885 2480 3940 dies
2511 3886 2764 3939 saeculum
2799 3885 2937 3939 istud
2969 3884 3306 3954 derelinquo.
3338 3885 3487 3951 Quod
3514 3893 3569 3939 et
3592 3884 3812 3939 factum

2198 3989 2305 4035 est.
2338 3980 2632 4033 Detulimus
2659 3990 2838 4032 autem
2870 3993 2991 4032 eum
3023 3978 3073 4031 in
3123 3976 3365 4032 eamdem
3395 3977 3620 4030 Lauram
3652 3975 3819 4029 Pila-

2201 4087 2319 4136 ran,
2352 4081 2402 4127 et
2428 4070 2497 4125 ibi
2525 4085 2645 4123 eum
2676 4070 3036 4138 sepelivimus.
3073 4067 3189 4122 Fuit
3218 4077 3397 4122 autem
3445 4069 3631 4120 beatus
3666 4066 3817 4131 isto,

515 4165 729 4220 modum
761 4175 1009 4224 cantem,
1056 4155 1381 4225 vestigiaque
1430 4165 1585 4207 terra:
1632 4152 1787 4205 altius
1838 4152 2095 4219 impressa

2212 4177 2259 4221 et
2279 4166 2415 4220 beati
2436 4161 2705 4218 Eustachii
2726 4153 3157 4224 contubernalis;
3182 4159 3548 4228 ambobusque
3570 4158 3817 4224 relictis,

516 4258 860 4322 relinqueret.
897 4252 1005 4320 Ego
1041 4265 1169 4304 vero
1212 4262 1302 4316 per
1341 4246 1559 4313 vesugia
1612 4244 1752 4297 illius
1796 4244 1992 4297 ilhcsus
2019 4242 2098 4295 in-

2212 4260 2257 4313 in
2288 4272 2470 4313 eremo
2493 4267 2891 4309 consummatus
2919 4263 3022 4309 est.
3065 4254 3192 4309 Erat
3239 4261 3417 4307 autem
3463 4266 3529 4306 ex
3582 4252 3821 4319 Ancyra

515 4360 731 4415 gressus
760 4359 903 4408 sum,
932 4340 1225 4410 agnovique
1246 4338 1368 4407 quia
1394 4336 1640 4390 diabolus
1662 4336 1894 4389 studium
1920 4347 2098 4387 meum
2205 4348 2426 4404 Galatia,
2457 4349 2693 4402 ρινίιεηε,

516 4436 781 4507 impedire
829 4433 1089 4496 voluerit;
1135 4431 1402 4484 orationes
1442 4439 1620 4483 autem
1666 4430 1809 4483 senis
1845 4428 2103 4495 juverunt

518 4544 623 4584 me.
658 4525 982 4581 Perveniens
1007 4523 1168 4593 igitur
1206 4522 1269 4573 ad
1316 4521 1559 4573 abbatem
1591 4517 1977 4586 Theophilum,
2009 4532 2097 4570 ex-

518 4623 668 4689 posui
711 4618 786 4673 illi
827 4615 1214 4671 hmsitationetn
1255 4627 1446 4668 meam.
1481 4612 1581 4678 Qui
1620 4611 1754 4664 dixit
1783 4608 1908 4662 mihi
1941 4625 1955 4661 :
1991 4613 2101 4660 υιιο
2128 4604 2183 4665 D

520 4712 676 4781 gladii
706 4710 840 4763 duas
868 4708 1001 4761 vitas
1032 4705 1352 4776 signiﬁcant,
1385 4701 1606 4756 activam
1653 4713 1707 4755 et
1735 4698 2105 4765 contemplati-

521 4820 663 4857 vam.
692 4802 746 4857 Si
787 4801 906 4870 quis
933 4812 1061 4868 ergo
1094 4795 1190 4851 has
1216 4797 1347 4849 duas
1376 4796 1600 4850 virtutes
1629 4793 1837 4855 habeat,
1870 4793 1954 4843 hic
1986 4804 2105 4858 per-

521 4898 689 4949 fectus
714 4894 834 4947 erit.

597 4987 674 5041 Ad
701 4986 839 5039 lnmc
862 4985 1032 5053 ipsum
1055 4982 1295 5036 abbatem
1319 4980 1564 5033 Cosmam
1587 4977 1799 5045 perrexi
1827 4989 1948 5044 ego,
1976 4974 2100 5025 dum

522 5088 663 5134 esset
694 5076 745 5130 in
778 5075 945 5130 Laura
976 5076 1214 5138 Pharau;
1251 5073 1420 5126 mansi
1447 5072 1590 5126 enim
1624 5070 1674 5123 in
1707 5069 1792 5122 illa
1820 5082 1987 5121 annos
2013 5067 2107 5121 de-

524 5189 660 5223 cem.
696 5169 933 5241 Cumque
962 5169 1089 5223 mihi
1121 5169 1426 5236 loqueretur
1466 5164 1537 5218 de
1587 5163 1761 5218 salute
1806 5162 2021 5226 animm,
2054 5170 2108 5214 et

524 5266 788 5334 quoddam
820 5279 885 5318 ex
916 5262 1072 5317 dictis
1111 5258 1282 5314 sancti
1334 5253 1611 5311 Athanasii
1643 5253 1978 5307 Alexandria:
2017 5265 2105 5303 ar-

522 5355 845 5425 chiepiscOpi
872 5354 1151 5424 allegaret,
1193 5354 1270 5405 ait
1295 5349 1360 5403 ad
1387 5364 1471 5403 me
1496 5362 1657 5401 senex
1690 5363 1703 5399 :
1732 5346 1861 5398 Cum
1892 5346 2110 5399 invene-

523 5454 599 5505 ris
630 5448 822 5521 aliquid
852 5464 916 5504 ex
948 5447 1218 5518 Opusculis
1246 5445 1413 5499 sancti
1448 5437 1743 5502 Athanasii,
1770 5452 1867 5493 nec
1909 5436 2110 5490 habue-

525 5545 599 5597 ris
627 5544 836 5598 cbartas
863 5542 931 5597 ad
962 5539 1325 5602 scribendum,
1358 5536 1409 5589 in
1439 5531 1775 5587 vestimentis
1806 5531 1908 5583 tuis
1933 5529 2109 5582 scribo

526 5636 676 5692 illud.
710 5634 879 5689 Tanto
908 5634 1105 5701 talique
1125 5629 1302 5684 studio
1329 5626 1587 5697 ﬂagrabat
1614 5639 1738 5694 erga
1762 5628 1975 5677 sanctos
2007 5620 2106 5673 I’a-

529 5735 636 5781 tres
664 5738 896 5790 nosnos,
927 5734 981 5777 et
1001 5723 1246 5777 doctores
1274 5728 1492 5777 sanctus
1516 5716 1714 5771 senior.

598 5818 819 5875 Dicebat
859 5825 1034 5873 autem
1080 5823 1134 5873 et
1176 5810 1280 5870 hoc
1322 5811 1488 5868 abbas
1535 5810 1754 5867 Cosmas
1796 5806 1864 5862 de
1913 5804 2109 5873 seipso,

2776 4438 3003 4492 CAPUT
3042 4436 3225 4491 XLIII.

2214 4542 2535 4597 Detestabilis
2567 4555 2701 4593 mors
2734 4540 2879 4661 impii
2908 4537 3153 4619 Thalelaai
3182 4535 3553 4603 archiepiscopi
3583 4533 3826 4589 Thessa-

2864 4625 3130 4661 onireims.

2864 4625 3130 4662 οηιίειιδιε.

2286 4703 2409 4758 Fuit
2437 4702 2648 4770 quidam
2680 4702 3076 4754 Thessalonica:
3122 4698 3575 4766 archiepiscopus,
3608 4697 3825 4753 Thale-

2213 4799 2344 4852 lzeus
2371 4797 2607 4851 nomine.
2643 4796 2739 4849 llic
2768 4808 2939 4861 neque
2983 4794 3147 4846 Deum
3179 4795 3392 4856 timens,
3436 4806 3611 4859 neque
3645 4805 3825 4858 para-

2215 4900 2320 4945 tam
2353 4887 2753 4943 retributionem
2777 4900 3162 4953 expavescens,
3194 4885 3619 4950 Conrulcansque
3643 4881 3827 4937 Chri-

2212 4980 2443 5036 stianum
2487 4981 2697 5047 dogma,
2722 4975 2887 5046 874,
2911 4990 2974 5029 ac
3018 4974 3400 5029 sacerdotalem
3445 4974 3704 5026 honorem
3764 4986 3828 5027 et

2212 5071 2522 5139 dignitatem
2552 5082 2836 5135 spernens,
2860 5070 3105 5119 inventus
3132 5075 3214 5119 est
3243 5078 3353 5139 pro
3373 5071 3583 5129 pastore
3616 5062 3821 5129 lupus.

2213 5164 2497 5228 Abnegans
2520 5160 2712 5227 quippe
2739 5168 2973 5211 sanctam
3004 5166 3057 5210 et
3087 5135 3594 5209 consubstantialem
3626 5154 3827 5208 Triui-

2214 5262 2373 5307 tatem
2406 5251 2636 5312 Patrem,
2666 5257 2721 5301 et
2753 5246 2960 5309 Filium,
2992 5256 3046 5300 et
3073 5246 3329 5315 Spiritum
3361 5253 3629 5311 sanctum,
3660 5242 3827 5299 idola

2214 5344 2395 5408 infelix
2410 5340 2682 5395 adorabat.
2711 5338 2877 5404 Quem
2907 5338 2939 5391 ii
2971 5340 3059 5406 qui
3086 5346 3212 5391 tunc
3235 5335 3489 5390 Ecclesiis
3517 5346 3826 5404 praeerant,

2215 5431 2479 5487 communi
2511 5430 2727 5483 decreto
2758 5428 3098 5487 damnarunt,
3125 5441 3187 5478 ac
3217 5427 3283 5478 de
3312 5423 3442 5479 seile
3487 5439 3583 5477 sua
3621 5422 3831 5476 detur-

2219 5527 2430 5579 barunt.
2456 5522 2630 5576 Pauco
2655 5529 2773 5589 post
2793 5527 3031 5586 tempore
3060 5531 3286 5585 nequam
3314 5515 3402 5569 ilie
3430 5516 3575 5569 omni
3601 5512 3828 5568 scelere

2219 5629 2273 5673 et
2300 5617 2572 5685 impietate
2601 5614 2789 5681 plenus
2817 5612 2985 5665 voluit
3025 5609 3090 5663 ad
3138 5609 3525 5663 sacerdotalem
3577 5606 3827 5674 dignita-

2223 5721 2326 5765 tem
2360 5721 2622 5762 remeare.
2648 5704 2777 5770 Quia
2802 5718 2951 5771 ergo,
2977 5702 3126 5769 juxta
3158 5699 3614 5767 sapientissimum
3652 5695 3828 5750 Salo-

2223 5816 2455 5864 tuonetn,
2488 5798 2663 5854 omnia
2710 5796 2961 5855 obediunt
2999 5809 3131 5850 auro
3173 5794 3368 5865 (Eccle.
3401 5795 3479 5863 ιι),
3529 5799 3831 5848 revocatus
