4052 6362
180 414 183 417 ’
205 413 301 467 ﬁl

1456 392 1738 449 PRATUM
1781 388 2207 445 SPlRl'l'UALE.

3376 374 3479 430 ΗΞ

200 533 285 578 est
318 522 369 575 in
397 535 668 590 regionem
701 532 849 572 suam
873 517 1007 589 {erat
1038 524 1214 568 autem
1243 506 1703 573 Consmntinopoli
1734 506 1785 555 in
1816 508 1863 563 Α
1894 517 1992 571 ago
2017 502 2149 565 Deo,
2179 502 2353 565 Pater,
2380 499 2520 570 quod
2545 496 2628 552 Vel
2652 505 2807 565 caput
2830 506 3003 548 meum
3027 490 3263 561 requiem
3284 490 3480 557 habet;

196 630 305 681 qua
338 614 578 666 habitam
610 613 890 680 principes,
928 610 1016 678 qui
1054 609 1200 676 juxta
1238 604 1549 673 prophetam
1596 600 1792 669 justifi-

198 715 333 758 cant
362 704 578 773 impium
609 713 825 773 prepter
852 716 1094 761 munera,
1124 710 1179 753 et
1200 698 1400 766 justum
1429 694 1557 763 justi
1603 692 1796 745 tollunt

202 797 390 868 [lsaiaz
417 796 471 867 v]
497 797 534 867 ).
570 796 674 851 Sed
705 796 1041 861 omnipotens
1069 793 1203 844 Deus
1228 800 1465 844 sanctam
1500 786 1792 839 Ecclesium
1828 812 1831 815 ι

201 905 362 943 suam
396 906 501 942 non
532 888 811 954 despexit;
840 888 931 940 sed
961 887 1215 937 adversus
1246 883 1604 949 apostolorum
1634 893 1797 930 cano-

205 996 307 1033 rtes
336 980 493 1032 latam
523 992 618 1045 pro
650 980 765 1043 ipso
792 977 1108 1031 sententiam
1141 989 1324 1027 rursus
1356 983 1414 1026 ut
1442 972 1543 1025 sibi
1577 971 1792 1025 minime

201 1080 484 1134 acceptam
515 1069 804 1123 damnavit.
835 1068 968 1120 Cum
996 1066 1136 1118 enim
1164 1066 1389 1133 quadam
1420 1062 1504 1116 die
1534 1062 1623 1116 ille
1671 1076 1795 1129 pro-

202 1175 463 1215 cessurus
486 1168 632 1213 esset
659 1173 779 1212 cum
808 1159 1042 1223 superbo
1069 1165 1283 1219 ornatu,
1317 1164 1368 1206 ut
1399 1154 1464 1207 ad
1510 1154 1801 1220 imperato-

198 1268 296 1308 res
324 1264 590 1322 pergeret,
620 1250 1085 1316 sacerdotiumque
1113 1246 1344 1302 decretis
1366 1246 1578 1300 illorum
1606 1246 1797 1299 iterum

203 1354 526 1408 resumeret,
557 1344 779 1413 pupugit
807 1342 953 1395 illum
995 1348 1200 1403 venter,
1232 1348 1289 1391 ut
1332 1347 1576 1407 pergeret
1599 1338 1665 1390 ad
1706 1352 1801 1390 ne-

200 1437 447 1490 cessaria
473 1445 697 1488 naturm.
727 1434 858 1487 Cum
893 1446 1019 1485 vero
1067 1441 1330 1485 secretum
1380 1429 1556 1483 locum
1589 1430 1797 1494 ingres-

205 1543 308 1582 sus
348 1540 494 1582 esset
538 1526 861 1581 exonerandi
908 1527 1107 1579 ventris
1161 1537 1354 1586 causa,
1409 1523 1801 1589 mansissetque

210 1620 358 1671 intus
387 1619 520 1671 duas
544 1617 652 1686 jam
686 1618 773 1671 vel
807 1626 915 1671 tres
943 1617 1120 1681 horas,
1151 1631 1323 1685 neque
1348 1624 1711 1669 reverteretur
1732 1614 1797 1666 ad

214 1725 369 1774 suos,
397 1710 623 1781 ingressi
651 1716 778 1762 sunt
804 1708 1018 1777 quidam
1039 1724 1106 1762 ex
1138 1710 1219 1762 his
1245 1710 1332 1777 qui
1358 1708 1431 1761 illi
1458 1709 1797 1771 assistebant,

212 1811 273 1853 ut
302 1800 451 1853 illum
475 1800 586 1867 jam
613 1798 809 1853 debere
842 1799 1083 1869 progredi
1121 1806 1419 1861 monerent,
1453 1798 1798 1852 invenerunt-

211 1905 322 1958 que
349 1890 613 1944 infelicem
644 1890 788 1943 illum
817 1890 991 1955 capite
1021 1889 1302 1952 deorsum,
1331 1889 1418 1942 tibi
1449 1890 1801 1953 cgerebautnr
1832 1879 1878 1937 Β

209 1992 454 2035 stercora
486 1982 811 2045 demersum,
839 1983 1165 2049 pedibusque
1194 1996 1403 2035 sursum
1436 1984 1651 2034 erectis.
1686 1981 1802 2034 Eri-

211 2089 403 2143 gentes
441 2090 617 2132 autem
663 2077 839 2139 illum,
873 2077 1191 2129 invenerunt
1235 2073 1423 2141 temtali
1473 2075 1617 2141 impii
1668 2075 1802 2139 Arii,

216 2173 311 2225 Dei
361 2171 560 2233 hostis,
614 2176 783 2221 morte
826 2169 1145 2220 exstinctum
1190 2166 1428 2219 lmrrihili
1476 2177 1531 2219 et
1579 2176 1802 2220 :eterna.

212 2260 372 2332 [Nam
403 2270 457 2313 et
488 2262 657 2323 illum,
692 2273 811 2310 cum
842 2261 1040 2310 auxilio
1089 2260 1251 2311 fretus
1305 2257 1599 2325 principum
1642 2273 1701 2311 se
1752 2262 1802 2312 in

216 2352 512 2405 Ecclesiam
543 2351 631 2404 Dei
656 2359 891 2418 Speraret
919 2352 1193 2417 tyrannica
1222 2352 1582 2417 ingressurum
1606 2348 1804 2403 saucue

216 2443 313 2497 Dei
342 2444 594 2497 Ecclesia:
620 2441 879 2493 mirabilis
909 2453 959 2492 et
987 2440 1160 2507 magni
1188 2440 1397 2493 consilii
1422 2438 1662 2507 angelus,
1689 2443 1805 2507 ejus

216 2541 422 2591 viscera
453 2554 569 2604 qua:
596 2535 853 2588 nefarium
884 2535 1057 2586 scelus
1088 2533 1475 2600 parturiebaut,
1511 2535 1561 2586 in
1591 2548 1805 2587 secessu

212 2628 528 2696 dissipavit;
557 2638 611 2680 et
652 2630 790 2680 hunc
817 2626 1018 2678 auxilio
1051 2625 1176 2678 item
1207 2626 1444 2679 innixum
1479 2626 1801 2692 principum,

217 2737 339 2775 cum
364 2720 629 2789 prioribus
651 2733 707 2772 se
731 2717 906 2786 pejora
937 2726 1264 2783 patraturum
1288 2727 1546 2785 speraret,
1578 2717 1806 2771 Thessa-

220 2811 507 2865 lonicensis
541 2811 792 2864 Ecclesia:
821 2820 996 2863 rector
1033 2810 1254 2876 angelus
1298 2823 1418 2861 cum
1452 2810 1639 2877 Magno
1668 2825 1809 2881 mar-

222 2916 341 2974 tyre
373 2903 662 2966 Demetrio,
694 2903 1041 2969 praaveniens,
1077 2902 1126 2954 in
1156 2915 1222 2954 eo
1248 2902 1364 2954 loco
1385 2901 1437 2954 in
1468 2917 1571 2969 quo
1592 2900 1803 2966 sedens,

218 3008 272 3049 et
305 2995 683 3049 commercium
714 2996 916 3048 habens
946 3010 1064 3047 cum
1095 2996 1303 3059 impuro
1325 2994 1589 3057 dannoue,
1613 2993 1806 3047 adrer-

220 3105 313 3143 sus
358 3100 594 3141 sanctam
630 3088 720 3141 Dei
752 3088 1042 3140 Ecclesium
1073 3086 1311 3140 struebat
1342 3087 1581 3150 insidias,
1628 3087 1677 3137 in
1719 3100 1809 3138 eo-

220 3183 344 3234 dem
377 3181 575 3233 inutilis
602 3178 741 3231 servi
769 3181 950 3247 pedes,
982 3178 1070 3246 qui
1113 3189 1255 3231 recte
1286 3176 1534 3231 incedere
1565 3178 1805 3242 nolebat,

221 3275 389 3327 clavis
436 3272 658 3325 sufﬁxos
690 3272 983 3339 pendentes
1016 3269 1265 3333 reliquit;
1296 3272 1347 3321 in
1378 3285 1447 3335 qu
1473 3269 1568 3322 bus
1618 3270 1806 3322 indicia
1839 3249 1883 3311 C

220 3365 530 3417 etninebaut
556 3363 694 3416 illius
717 3362 926 3430 judicii,
952 3376 1054 3429 quo
1079 3360 1385 3427 plectendus
1414 3368 1549 3421 erat,
1573 3368 1627 3413 et
1647 3374 1807 3428 quam

220 3456 462 3511 terribile
482 3455 552 3509 sit
574 3456 624 3507 in
651 3467 838 3507 manus
860 3454 1093 3506 incidere
1114 3452 1204 3505 Dei
1234 3452 1457 3506 viventis
1484 3451 1642 3517 (Πρὸ.
1674 3453 1750 3523 x).
1770 3450 1809 3521 ⁸1

794 3594 1019 3650 CAPUT
1060 3593 1241 3649 XLIV.

234 3715 354 3769 Vita
378 3716 515 3769 senis
538 3713 773 3767 monachi
797 3727 951 3782 prope
986 3711 1239 3764 ciuitatem
1278 3711 1555 3764 Antinoum
1593 3725 1813 3764 commo-

504 3787 694 3847 rantis,
734 3794 778 3836 rt
817 3786 879 3836 de
917 3784 1143 3835 oratione
1180 3797 1274 3849 pro
1308 3783 1538 3836 mortuis.

301 3901 479 3956 Senex
535 3899 749 3968 quidam
799 3897 1067 3951 enarravit
1119 3897 1271 3949 nobis
1317 3911 1438 3952 cum
1485 3896 1814 3950 Thebaidam

228 3992 583 4052 venissemus,
615 3988 756 4056 quod
794 4003 955 4041 senex
987 4001 1123 4040 unus
1155 3988 1461 4040 morabatur
1502 3994 1651 4039 extra
1679 3985 1813 4037 civi-

230 4093 396 4139 tatem
426 4082 735 4143 Antinoum,
768 4094 970 4147 magna:
994 4077 1203 4131 virtutis
1228 4077 1332 4141 vir,
1365 4077 1453 4144 qui
1481 4076 1532 4129 in
1557 4076 1691 4130 cella
1720 4090 1814 4129 sua

230 4184 419 4247 egerat
450 4188 619 4227 annos
647 4174 1001 4240 septuaginta.
1034 4172 1199 4224 Erant
1226 4179 1403 4224 autem
1445 4170 1520 4223 illi
1568 4169 1815 4237 discipuli

232 4269 448 4331 decem,
479 4283 544 4320 ex
574 4266 767 4335 quibus
796 4279 934 4319 unus
958 4273 1074 4318 erat
1103 4262 1257 4316 valde
1288 4261 1560 4331 negligens
1588 4261 1690 4314 sui.
1723 4261 1819 4316 Se-

236 4376 339 4415 nex
388 4373 516 4428 ergo
563 4358 757 4425 sacpius
807 4357 951 4410 illum
998 4355 1339 4423 corripiebat,
1388 4362 1442 4407 et
1486 4353 1816 4416 hortabatur,

232 4454 420 4507 dicens
451 4468 464 4504 :
495 4449 701 4513 Frater,
730 4446 1141 4503 sollicitudinem
1182 4461 1308 4515 gere
1348 4459 1444 4514 pro
1492 4446 1663 4497 anima
1697 4454 1818 4509 tua;

236 4546 406 4600 habes
433 4546 575 4597 enim
606 4543 740 4596 mori
769 4559 783 4606 ;
815 4552 867 4596 et
894 4541 994 4594 nisi
1027 4551 1077 4594 te
1105 4538 1509 4603 emendaveris,
1543 4540 1595 4590 in
1621 4538 1821 4605 suppli-

1901 602 1994 661 per
2017 592 2283 648 orationes
2313 593 2453 645 enim
2486 599 2601 644 tuas
2631 602 2790 656 supra
2817 595 2975 655 caput
3003 582 3237 653 episcooi
3266 588 3372 638 sto.

2480 700 2561 755 CA
2573 698 2703 754 PUT
2744 697 2784 751 Χ
2796 697 2900 751 LV.

1905 818 2022 871 Vita
2051 817 2292 871 Monachi
2320 817 2504 869 inclusi
2529 816 2580 867 in
2608 825 2774 868 monte
2806 813 3087 871 Oliuarum,
3120 820 3166 863 et
3194 810 3255 862 de
3295 809 3488 863 adora-

1930 890 2064 943 tione
2090 889 2201 957 (10)
2226 889 2462 957 imaginis
2489 887 2821 939 sanctissima:
2845 883 2938 936 Dei
2959 883 3217 954 genitricis
3241 881 3448 935 Moriar.

1973 1002 2191 1057 Dicebat
2221 1002 2387 1057 abbas
2416 1001 2728 1056 Theodorus
2760 1000 2985 1055 Aaliotes
3016 1000 3155 1065 quod
3190 998 3348 1054 fuerit
3371 998 3490 1069 qui-

1900 1097 2022 1150 dam
2056 1098 2293 1150 inclusus
2323 1099 2373 1150 iu
2402 1108 2582 1151 monte
2606 1098 2875 1152 Olivarum
2905 1107 3140 1150 certatur
3168 1095 3438 1149 maximus
3473 1112 3486 1147 :

1903 1187 2250 1259 itnpugnabat
2294 1201 2470 1244 autem
2512 1189 2659 1243 illum
2706 1189 3075 1244 fornicationis
3121 1190 3359 1257 spiritus.
3395 1190 3491 1243 Die

1904 1292 2028 1333 vero
2051 1279 2276 1346 quadam
2300 1296 2419 1334 cum
2449 1282 2664 1336 instaret
2696 1282 2769 1335 illi
2798 1284 3164 1343 vehementer,
3193 1283 3354 1350 erepit
3373 1280 3490 1353 eju-

1902 1368 2014 1422 lare
2042 1384 2234 1434 senex,
2278 1381 2332 1427 et
2360 1372 2539 1427 dicere
2564 1373 2789 1427 dwmoni
2824 1391 2836 1426 :
2863 1374 3105 1439 Quaudiu
3136 1390 3240 1427 non
3267 1375 3492 1429 dimittis

1902 1463 2026 1515 me?
2056 1465 2245 1518 recede
2267 1464 2376 1532 jam
2406 1481 2434 1520 a
2466 1482 2573 1527 me,
2596 1466 2684 1534 qui
2710 1481 2917 1521 mecum
2942 1467 3291 1522 consenuisti.
3317 1469 3493 1535 Appa-

1903 1556 2012 1608 ruit
2039 1565 2215 1609 autem
2243 1558 2292 1611 ei
2324 1558 2533 1612 daemon
2578 1560 2891 1622 visibiliter,
2921 1562 3105 1615 dicens
3137 1578 3150 1614 :
3184 1560 3309 1616 Jura
3339 1562 3492 1625 mihi,

1904 1643 2026 1708 quia
2062 1646 2261 1699 nemini
2291 1646 2441 1701 dices
2478 1648 2618 1715 quod
2652 1649 2744 1701 tibi
2777 1649 3014 1703 dicturus
3043 1666 3179 1714 sum,
3211 1661 3264 1705 et
3306 1661 3356 1706 te
3387 1667 3492 1706 non

1904 1733 2135 1802 amplius
2176 1738 2514 1805 oppugnabo.
2545 1738 2853 1807 Juraritque
2899 1741 2991 1796 ille
3032 1756 3217 1809 senex,
3265 1743 3489 1811 dicens:

1917 1822 2021 1877 Per
2050 1825 2432 1881 inltubitantcm
2466 1829 2518 1881 in
2547 1830 2820 1883 altissimis
2847 1831 2973 1884 nulli
3003 1833 3174 1885 dicam
3203 1849 3321 1899 qua:
3365 1834 3493 1887 tnihi

1909 1916 2133 1970 dixeris.
2158 1916 2306 1972 Tunc
2337 1920 2410 1972 ait
2435 1920 2507 1973 illi
2533 1922 2738 1974 daemon
2773 1938 2788 1977 :
2819 1922 2936 1977 Noti
2956 1925 3180 1979 adorare
3209 1930 3342 1978 hanc
3365 1927 3490 1981 ima-

1906 2010 2106 2077 ginem,
2139 2020 2194 2064 et
2240 2011 2375 2064 ultra
2409 2021 2459 2064 te
2490 2029 2593 2066 non
2642 2014 2985 2084 impugnabo.
3034 2017 3273 2071 llabebat
3316 2028 3492 2070 autem

1909 2102 2021 2157 lucc
2051 2103 2225 2173 imago
2246 2119 2553 2171 exprrs~am
2579 2110 2797 2175 figuram
2825 2109 3055 2162 dominus
3080 2122 3275 2164 nostra:
3296 2121 3493 2165 sancta'

1910 2197 2003 2249 Dei
2043 2198 2320 2268 genitricis
2370 2198 2568 2262 Mariae,
2618 2202 2872 2255 ferentem
2928 2203 3206 2256 Dominum
3254 2214 3493 2257 nostrum

1907 2290 2089 2343 .lcsum
2121 2289 2412 2344 Christum.
2449 2291 2535 2345 Ait
2566 2293 2803 2346 inclusus
2840 2294 3071 2347 datmoni
3108 2313 3120 2347 :
3154 2295 3365 2347 Dimitte
3410 2311 3496 2348 mu

1910 2391 1968 2434 ut
1996 2381 2310 2435 deliberem.
2337 2382 2391 2436 In
2417 2384 2712 2436 crastinum
2738 2394 2913 2438 autem
2941 2386 3041 2438 hoc
3060 2386 3375 2453 significavit
3396 2388 3496 2454 ipsi

1909 2471 2083 2524 abbati
2108 2473 2391 2527 Theodoro
2413 2473 2628 2527 Ailiotze
2653 2483 2777 2528 tunc
2800 2474 3053 2529 habitanti
3081 2478 3131 2529 in
3163 2476 3329 2545 Laut-.1
3359 2477 3497 2530 Pita-

1909 2576 2029 2626 ran,
2053 2562 2392 2631 narravitque
2416 2564 2490 2616 illi
2512 2564 2714 2619 omnia.
2742 2566 2917 2620 Senex
2940 2576 3115 2621 autem
3147 2566 3219 2620 ait
3241 2566 3451 2621 recluso
3470 2584 3492 2621 :

1911 2653 2070 2718 Vere,
2097 2655 2311 2709 domine
2340 2656 2499 2721 abba,
2530 2657 2716 2713 illusus
2741 2674 2821 2721 es,
2852 2661 2978 2729 quia
3002 2660 3192 2729 jurasti
3223 2662 3449 2715 daemoni
3476 2680 3494 2725 ;

1910 2758 2274 2801 verumtamen
2323 2749 2458 2803 bene
2503 2750 2671 2804 fecisti
2716 2750 2816 2803 hoc
2847 2751 3111 2806 revelatis.
3144 2751 3366 2821 Expedit
3394 2767 3499 2806 au-

1912 2844 2016 2888 tem
2047 2834 2138 2888 tibi
2160 2836 2373 2889 nullum
2404 2838 2456 2890 in
2482 2838 2569 2891 illa
2603 2838 2733 2892 urbe
2773 2838 2996 2908 lupanar
3033 2841 3299 2904 omittere,
3353 2841 3497 2908 quod

1913 2941 2018 2978 non
2061 2926 2413 2996 ingrediaris,
2444 2943 2603 2997 quam
2655 2940 2711 2983 ut
2758 2945 2919 2999 neges
2952 2942 3003 2985 te
3052 2933 3275 2986 adorare
3304 2933 3491 2997 Deum.

1912 3029 1964 3071 et
1985 3017 2264 3071 Dominum
2289 3027 2526 3073 nostrum
2549 3020 2727 3074 Jesum
2752 3022 3018 3076 Christum
3041 3038 3161 3077 cum
3186 3033 3355 3078 matre
3375 3040 3494 3078 sua.

1912 3105 2295 3161 Conlirtnatum
2326 3106 2483 3177 igitur
2511 3121 2564 3164 et
2589 3112 2995 3167 corroboratum
3031 3113 3269 3182 pluribus
3316 3114 3498 3181 verbis

1912 3199 2125 3270 reliquit
2152 3201 2299 3255 illum
2343 3204 2392 3256 in
2424 3204 2540 3257 loco
2566 3220 2682 3258 suo.
2729 3206 2988 3273 Apparuit
3017 3223 3147 3277 ergo
3177 3208 3386 3264 dremon
3417 3212 3500 3265 in-

1914 3291 2063 3346 cluso
2101 3308 2308 3359 rursus,
2342 3295 2526 3349 dicens
2557 3313 2569 3349 :
2602 3296 2740 3363 Quid
2772 3296 2873 3352 hoc
2900 3308 3003 3363 est,
3038 3301 3268 3368 pessime
3299 3302 3502 3359 senex?

1909 3385 2075 3455 875
2102 3384 2289 3440 Nonne
2320 3395 2373 3440 tu
2399 3387 2587 3455 jurasti
2620 3388 2749 3444 mihi
2789 3392 2911 3460 quia
2953 3392 3001 3444 id
3033 3392 3230 3447 nemini
3257 3395 3504 3449 diceres?

1916 3475 1983 3527 Et
2013 3490 2179 3541 quare
2209 3476 2387 3529 dixisti
2419 3478 2466 3531 ei
2511 3480 2596 3544 qtti
2631 3481 2776 3534 venit
2799 3480 2864 3533 ad
2891 3490 2940 3535 te
2974 3501 2986 3533 :
3022 3481 3148 3536 Dico
3177 3483 3269 3538 tibi
3296 3486 3415 3554 quia
3444 3495 3504 3541 ut

1914 3566 2157 3634 periurus
2177 3568 2229 3620 in
2253 3567 2533 3637 diejndicii
2551 3570 2914 3640 judicaberis?
2934 3573 3496 3643 llesponditinclusus,

1912 3653 2123 3710 dicens:
2143 3657 2265 3711 Scio
2285 3659 2520 3726 quidem,
2552 3662 2672 3728 quia
2695 3662 2887 3729 juravi,
2917 3674 2969 3718 et
2994 3665 3263 3733 pejeravi;
3292 3683 3505 3723 verum-

1915 3752 2090 3799 tamen
2116 3747 2396 3802 Dominum
2419 3758 2472 3803 et
2493 3748 2799 3805 Creatorem
2817 3768 2990 3808 meum
3014 3755 3273 3824 pejeravi,
3289 3758 3384 3813 tibi
3406 3774 3505 3814 alt-

1917 3844 2022 3890 tem
2045 3853 2149 3890 non
2178 3839 2442 3894 obediam.
2478 3844 2520 3893 Λ
2546 3850 2594 3895 te
2620 3845 2759 3895 enim
2792 3855 2850 3897 ut
2871 3853 3087 3900 auctore
3114 3853 3167 3901 et
3194 3849 3346 3916 pravi
3374 3864 3505 3905 con-

1917 3926 2021 3983 silii
2050 3938 2104 3981 et
2131 3930 2349 3998 periurii
2378 3945 2549 3999 pinnae
2582 3932 2912 3988 inevitabiles
2938 3935 3237 4006 exigeutur.

2490 4060 2717 4119 CAPUT
2747 4063 2933 4119 XLVI.

1922 4170 2178 4226 Mirabilis
2212 4172 2336 4247 visio
2361 4173 2554 4247 abbatis
2584 4174 2788 4247 (Syriaci
2814 4175 2999 4230 Laure:
3021 4175 3312 4234 Calarnonis
3332 4220 3347 4247 ,
3367 4192 3412 4236 et
3434 4184 3500 4237 de

2283 4244 2479 4297 duobus
2525 4244 2674 4313 impii
2721 4244 2951 4300 Nestorii
2979 4248 3144 4303 libris.

1952 4360 2336 4415 ,Accessimus
2382 4360 2448 4412 ad
2505 4359 2752 4415 abbatem
2805 4360 3086 4431 Cyriacum
3139 4364 3509 4435 presbyterum

1924 4450 2111 4506 Laurae
2139 4449 2445 4503 Calamouis
2464 4448 2614 4517 juxta
2641 4458 2880 4503 sanctum
2903 4449 3214 4519 Jordanem,
3240 4455 3507 4509 narravit-

1926 4557 2031 4609 que
2056 4542 2209 4595 nobis
2258 4541 2490 4596 dicens:
2534 4540 2630 4594 Die
2677 4542 2905 4608 quadam
2954 4543 3059 4597 vidi
3118 4558 3213 4612 per
3252 4558 3508 4607 somnum

237 4638 382 4690 cium
414 4633 622 4688 tendes.
655 4633 842 4686 Frater
883 4640 1059 4685 autem
1089 4632 1176 4684 ille
1213 4645 1426 4699 semper
1468 4629 1583 4683 seni
1633 4627 1820 4681 iuobe-
1853 4614 1905 4673 D
1929 4630 2207 4684 mulierem
2237 4630 2456 4685 honesta
2488 4630 2642 4696 facie,
2674 4646 2904 4700 purpura
2927 4633 3188 4703 indutam,
3217 4644 3419 4691 etcum
3444 4650 3510 4691 ea

237 4727 396 4781 diem
416 4733 554 4788 erat,
580 4739 677 4777 nec
702 4740 763 4777 ea
788 4738 905 4792 quae
931 4723 997 4775 ab
1018 4723 1133 4790 ipso
1156 4722 1469 4777 dicebantur
1488 4720 1820 4774 admittebat.

236 4818 477 4887 Contigit
515 4827 692 4870 autem
722 4824 844 4885 post
876 4816 1262 4882 aliquantulum
1313 4815 1590 4882 temporis,
1625 4820 1684 4865 ut
1726 4815 1826 4867 iste

238 4917 567 4963 moreretur.
597 4906 957 4961 Contristatus
984 4921 1112 4960 vero
1141 4908 1321 4961 senior
1344 4921 1504 4973 super
1533 4904 1625 4959 illo
1669 4905 1826 4959 valde

236 5000 475 5061 (sciebat
498 5000 641 5054 enim
663 4999 804 5069 quod
847 5000 898 5051 in
926 5013 1113 5067 magna
1152 4998 1352 5053 desidia
1401 5007 1457 5051 et
1505 4997 1826 5065 negligentia

239 5097 309 5148 de
333 5093 537 5147 saeculo
560 5092 828 5159 exiisset),
855 5092 1018 5159 coapit
1042 5106 1226 5159 orare,
1256 5107 1319 5146 ac
1346 5090 1524 5145 dicere
1555 5107 1569 5142 :
1606 5090 1829 5145 Domine

236 5180 369 5238 Iesu
399 5183 630 5246 Christe,
660 5197 819 5237 verax
850 5183 988 5237 Deus
1013 5194 1216 5244 noster,
1242 5182 1419 5237 revela
1447 5181 1576 5235 mihi
1605 5180 1731 5248 quid
1757 5182 1830 5236 sit

238 5277 383 5331 circa
413 5276 592 5330 fratris
616 5276 867 5330 animam.
900 5277 1118 5346 Aspexit
1137 5288 1311 5331 autem
1343 5277 1393 5329 in
1414 5290 1648 5330 excessu
1677 5291 1829 5330 men-

237 5378 310 5423 tis
343 5368 590 5432 effectus,
636 5368 861 5421 ﬂuvium
889 5368 1047 5436 ignis,
1080 5370 1454 5437 ingentemque
1481 5368 1533 5422 in
1567 5369 1682 5437 ipso
1710 5356 1832 5436 igne

240 5458 664 5523 multitudinem,
697 5472 760 5512 ac
802 5458 1034 5512 medium
1072 5459 1285 5512 fratrem
1330 5459 1479 5511 illum
1529 5458 1594 5512 ad
1632 5457 1827 5511 collum

241 5564 414 5615 usque
466 5549 796 5604 demersum.
846 5548 995 5603 Tunc
1050 5550 1125 5602 ait
1171 5549 1243 5602 illi
1290 5550 1512 5603 senior:
1546 5548 1731 5604 Nonne
1778 5558 1830 5602 te

238 5650 465 5708 propter
494 5640 630 5693 hanc
658 5655 867 5707 pmnam
899 5640 1142 5702 orabam,
1175 5648 1231 5693 ut
1267 5655 1446 5694 curam
1487 5640 1678 5693 anima:
1727 5648 1830 5691 tua!

238 5744 448 5800 ageres,
484 5730 590 5784 fili?
619 5730 912 5799 Respondit
954 5730 1147 5796 frater,
1195 5739 1250 5785 et
1293 5732 1365 5785 ait
1409 5731 1567 5785 seni:
1617 5728 1830 5784 Gratias

317 5846 329 5874 ¹
363 5842 585 5897 chinis
608 5842 810 5898 inclusa
832 5839 1085 5913 suppleta
1098 5854 1219 5899 sunt
1242 5860 1307 5900 ex
1330 5845 1531 5899 Graeco.

1928 4723 2078 4777 viros
2123 4722 2288 4785 duos,
2334 4731 2389 4775 et
2437 4722 2580 4790 ipsos
2619 4724 2925 4777 venerando
2952 4724 3165 4789 habitu,
3192 4733 3249 4779 et
3287 4735 3509 4793 aSpectu

1931 4815 2208 4883 praeclaro.
2241 4814 2545 4868 Arbitratus
2565 4824 2743 4871 autem
2773 4831 2891 4872 sum
2914 4817 3188 4883 mulierem
3216 4817 3359 4872 illam
3383 4833 3508 4875 esse

1932 4904 2210 4960 Dominam
2237 4915 2472 4957 nostram
2515 4914 2755 4960 sanctam
2798 4906 2891 4961 Dei
2940 4906 3275 4975 genitricem,
3310 4923 3512 4979 eosque

1930 4997 2018 5065 qui
2058 5010 2179 5049 cum
2225 4995 2315 5050 illa
2365 5004 2519 5048 erant
2574 4998 2708 5049 duos
2751 4996 2927 5061 viros,
2958 5006 3200 5051 sanctum
3246 4998 3509 5058 Joannem

1932 5088 2265 5156 TbeOIOgum
2311 5097 2365 5140 et
2392 5096 2632 5141 sanctum
2679 5087 2938 5141 Joannem
2972 5088 3283 5156 Baptistam.
3318 5092 3513 5163 Egres-

1932 5193 2129 5245 susque
2148 5178 2215 5231 de
2245 5177 2439 5233 cellula
2470 5179 2685 5231 orabam
2716 5178 2834 5231 illos
2862 5187 2919 5231 ut
2941 5179 3347 5248 ingrederentur
3375 5194 3429 5240 et
3458 5187 3511 5241 in

1928 5269 2065 5324 cella
2101 5283 2216 5323 mea
2244 5277 2482 5331 orarent,
2515 5283 2635 5335 qua:
2666 5282 2771 5321 non
2799 5269 3091 5324 consensit.
3123 5270 3401 5329 Permansi
3428 5290 3517 5329 er-

1931 5378 1999 5433 go
2027 5361 2228 5416 diutius
2255 5375 2417 5414 orans
2444 5368 2497 5413 et
2517 5360 2827 5423 obsecrans,
2849 5375 2913 5415 ac
2934 5361 3155 5416 dicens:
3182 5362 3281 5430 Ne,
3306 5378 3511 5434 quaeso,

1934 5463 2208 5508 avertatur
2239 5451 2458 5506 humilis
2489 5452 2659 5506 factus
2697 5451 2952 5507 confusus
2995 5452 3167 5519 (Psal.
3216 5454 3434 5525 Lxxttt),
3463 5466 3519 5511 et

1887 5617 1900 5640 ‘
1932 5546 2033 5601 alia
2066 5547 2295 5615 plurima
2323 5544 2645 5612 lmjusmodi.
2676 5545 2769 5600 Illa
2791 5546 2951 5617 igitur
2973 5554 3032 5600 ut
3054 5562 3139 5602 me
3159 5547 3290 5603 vidit
3312 5548 3514 5603 instare

1936 5636 2202 5706 precibus,
2226 5634 2579 5702 eamdemque
2602 5637 3013 5702 postulationem
3039 5636 3255 5703 iterare,
3275 5636 3519 5693 severius

1934 5726 2065 5781 mihi
2113 5723 2417 5793 respondit,
2449 5724 2636 5780 dicens
2686 5744 2699 5782 :
2760 5727 2938 5783 llabes
2983 5727 3123 5780 intra
3154 5727 3343 5783 cellam
3370 5735 3515 5782 tuam
