4052 6362
525 313 629 369 14⁸5

1667 316 1754 371 Di".
1803 318 1973 372 VITIS
2016 316 2299 374 ΡΑΤΠΕΜ
2342 322 2542 379 LIBER
2590 327 2653 381 Χ.

3692 334 3810 405 tu

520 430 798 540 inimicum
824 439 1095 540 informet
1119 431 1196 485 vis
1218 432 1478 502 utingred
1505 435 1596 488 ari
1623 436 1688 489 Et
1707 438 1788 489 his
1811 437 1968 491 dictis
1993 436 2111 490 abs-
2143 437 2188 494 Α
2221 439 2461 508 ingredi?
2489 455 2539 498 et
2573 446 2881 513 proluit-ehat
2905 464 3049 506 eam.
3085 454 3262 527 Neque
3292 461 3432 515 enim
3472 465 3807 540 (inquiebat)

521 522 706 577 cessit.
742 522 1013 591 Evigiians
1035 534 1214 580 autem
1234 540 1333 594 ego
1347 526 1506 597 al‘iiigi
1524 529 1685 594 cmpi,
1707 538 1760 581 et
1781 528 2103 597 cogitabam,

520 631 650 671 num
680 616 877 686 aliquid
908 618 958 669 in
997 625 1175 671 mente
1212 629 1484 686 peccatum
1523 629 1707 674 contra
1743 621 1885 674 illam
1932 620 2109 676 admi-

520 712 713 767 sissem
736 753 750 776 ,
782 724 953 777 neque
982 709 1121 762 enim
1158 720 1273 764 erat
1304 710 1438 764 alius
1470 711 1664 779 ali-tuis
1704 711 1759 766 in
1789 712 1922 767 cella
1955 728 2107 778 mea,

521 803 622 856 nisi
652 816 753 871 ego
780 801 945 854 solus.
978 799 1184 854 Diutius
1209 800 1369 868 igitur
1394 802 1652 870 meipsunt
1677 803 1989 872 discutiens,
2023 806 2105 860 ni-

521 895 593 951 hil
624 891 824 956 inveni,
855 894 993 961 quod
1019 892 1071 945 in
1106 891 1247 945 illam
1283 895 1596 959 pel-cassiam.
1637 894 1768 949 Cum
1794 911 1919 951 vero
1942 896 2108 950 vidis-

519 1001 635 1041 sem
681 999 765 1039 me
810 984 973 1039 nimio
1018 996 1246 1037 mmrore
1297 984 1605 1051 absorberi,
1653 1001 1877 1054 surgens
1922 989 2103 1056 accepi

519 1079 715 1132 librum
760 1086 817 1132 ut
863 1076 1117 1148 legerem,
1165 1090 1271 1145 quo
1323 1092 1417 1145 per
1468 1077 1769 1141 huiusmodi
1818 1077 2101 1133 lectionem

520 1168 762 1224 dolorem
794 1182 895 1222 una
917 1166 1057 1235 cogit
1075 1168 1372 1235 .tinnvsvptc
1396 1168 1731 1233 repellerem.
1766 1167 1982 1221 Librum
2007 1183 2101 1222 au-

518 1272 625 1315 tem
656 1262 825 1328 ipsum
857 1272 1164 1327 acceperam
1199 1270 1381 1311 mutuo
1411 1274 1438 1309 a
1465 1260 1619 1311 beato
1645 1258 1851 1329 Isycheo
1877 1259 2099 1330 presby-

519 1364 634 1407 tero
660 1352 1122 1423 Jerosolymitante
1168 1349 1439 1403 Ecclesiae.
1490 1349 1859 1418 EVoIvt-nsque
1902 1350 2097 1404 librum

516 1443 695 1499 inveni
725 1444 859 1498 duos
890 1442 1037 1508 inpii
1089 1439 1327 1495 NestOris
1375 1438 1540 1492 libros
1577 1441 1627 1493 in
1672 1439 1776 1493 line
1814 1439 2099 1495 voluminis

525 1536 777 1603 scriptos,
811 1548 1041 1602 moxque
1069 1532 1260 1601 agnovi
1300 1530 1440 1585 hunc
1469 1544 1591 1584 esse
1625 1540 1821 1585 sanctze
1862 1532 2098 1586 Domina:

520 1635 719 1680 nostra:
736 1625 824 1678 Dei
842 1622 1113 1692 genitricis
1138 1634 1457 1689 semperque
1487 1620 1701 1688 virginis
1731 1620 2099 1676 Mariteinimi-

512 1733 656 1773 cum.
682 1715 833 1771 Tunc
864 1729 1089 1780 surgens
1115 1712 1244 1777 abii,
1289 1712 1590 1781 librumque
1622 1711 1802 1780 illiqui
1822 1712 1949 1765 mihi
1973 1727 2094 1767 eum

516 1808 1042 1865 accommodaverat.
1077 1804 1306 1869 reddidi,
1331 1804 1514 1858 dicens
1544 1804 1614 1857 illi
1642 1820 1654 1854 :
1684 1805 1877 1871 Accipe
1903 1804 2092 1857 librum
2131 1798 2171 1858 Β

512 1914 687 1968 tuum,
719 1898 908 1964 frater,
943 1911 1116 1967 neque
1136 1897 1279 1950 enim
1310 1911 1377 1950 ex
1404 1910 1470 1950 eo
1499 1903 1703 1950 tantum
1736 1895 1976 1950 utilitatis
2004 1910 2094 1949 ce-

511 1994 585 2061 pi,
627 2002 883 2062 quantum
912 1988 1214 2043 detrimenti
1299 1988 1431 2041 Cum
1480 1999 1610 2041 vero
1662 1985 1749 2039 ille
1792 1985 2096 2040 detrimenti

511 2085 682 2155 ipsius
723 2096 938 2138 causam
983 2080 1368 2147 sciscitaretur,
1389 2093 1603 2133 omnem
1634 2078 1713 2132 illi
1744 2078 1821 2133 rei
1850 2078 2092 2134 ordinem

515 2175 700 2231 retuli.
762 2173 863 2241 Qui
902 2174 1019 2228 zelo
1070 2171 1163 2227 Dei
1200 2185 1489 2227 succensus
1519 2171 1761 2239 protinus
1800 2172 1934 2226 duos
1974 2172 2095 2226 illos

511 2264 748 2323 Nestorii
800 2264 966 2319 libros
1002 2279 1065 2318 ex
1111 2263 1380 2317 volumine
1422 2262 1713 2331 prmscidit,
1748 2277 1950 2330 eosque
1983 2264 2092 2333 igni

511 2356 754 2424 tradidit,
793 2355 977 2411 dicens
1009 2371 1023 2407 :
1066 2355 1179 2408 Non
1207 2354 1442 2409 manebit
1473 2354 1526 2407 in
1574 2354 1708 2408 cella
1756 2368 1874 2407 mea
1912 2356 2092 2409 Domi-

511 2464 596 2505 nae
637 2460 836 2504 nostrae
866 2457 1064 2504 sancta:
1100 2447 1190 2503 Dei
1229 2447 1502 2517 genitricis
1528 2461 1846 2519 semperque
1871 2448 2091 2521 virginis

507 2542 686 2598 Mariae
724 2540 992 2597 inimicus.

1061 2608 1289 2664 CAPUT
1328 2608 1531 2664 XLVII.

509 2704 826 2760 Miraculum
850 2714 1040 2759 sancta.-
1079 2703 1172 2755 Dei
1219 2703 1477 2770 genitricis
1502 2712 1679 2762 contra
1707 2702 1965 2759 Gaianum
1992 2708 2089 2760 mi-

719 2793 856 2830 munt
891 2776 976 2845 qui
1016 2790 1128 2827 eam
1157 2773 1209 2825 in
1240 2775 1439 2825 theatro
1467 2774 1872 2845 blasphemabat.

576 2869 867 2938 Heliopolis
895 2868 1166 2923 Phteuicis
1207 2864 1524 2920 Libanensis
1548 2866 1735 2921 civitas
1763 2877 1865 2923 est.
1904 2867 1957 2921 ln
1991 2868 2089 2924 hac

504 2962 703 3017 mimus
723 2960 940 3032 quidam
970 2972 1115 3026 erat,
1146 2958 1382 3014 Gaianus
1413 2958 1648 3021 nomine,
1674 2961 1762 3028 qui
1791 2960 1846 3013 in
1878 2960 2087 3015 theatro

503 3062 742 3109 sanctam
768 3052 861 3106 Dei
880 3051 1194 3121 genitricem
1226 3051 1623 3120 blasphemans,
1651 3052 1845 3120 populo
1879 3064 2085 3121 specta.

502 3143 680 3198 culum
722 3142 1065 3210 blasphemiae
1118 3142 1422 3209 praebebat.
1483 3140 1745 3208 Apparuit
1789 3151 1967 3196 autem
2005 3142 2081 3198 illi
2113 3169 2160 3232 Ο

502 3240 687 3286 sancta
720 3230 813 3286 Dei
838 3230 1089 3301 genitrix,
1122 3231 1305 3284 dicens
1342 3247 1356 3284 :
1387 3230 1524 3295 Quid
1551 3231 1642 3284 tibi
1666 3230 1791 3284 mali
1820 3230 2083 3301 feci,quia

502 3338 685 3379 coram
709 3332 853 3377 tanta
877 3322 1215 3376 multitudine
1243 3322 1371 3374 mihi
1395 3322 1723 3387 detrahis,et
1747 3322 2086 3391 blasphemas

505 3418 628 3473 me?
658 3418 747 3472 Ille
776 3432 904 3472 vero
920 3432 1163 3484 surgens,
1181 3430 1285 3470 non
1310 3419 1486 3469 solum
1508 3432 1611 3470 non
1633 3432 1693 3471 se
1715 3419 1969 3484 correxit,
1986 3433 2082 3472 ve-

500 3522 623 3561 rum
652 3508 809 3562 etiam
841 3508 958 3574 plus
988 3505 1413 3574 blasphmnabat.
1449 3506 1654 3560 Rursus
1682 3522 1812 3577 ergo
1835 3510 2087 3575 apparuit

502 3598 579 3652 illi
610 3609 794 3652 sancta
824 3598 917 3652 Dei
948 3598 1177 3668 genitrix
1200 3639 1215 3662 ,
1248 3596 1548 3665 corripiens
1571 3612 1693 3652 eum
1713 3638 1728 3661 ,
1760 3614 1823 3653 ac
1850 3600 2034 3655 dicens
2066 3618 2082 3655 :

502 3691 645 3753 Noli,
676 3705 881 3759 quaeso,
913 3690 1021 3745 noli
1050 3690 1120 3744 ita
1146 3689 1344 3744 iardere
1368 3689 1602 3744 animam
1642 3699 1806 3745 tuam.
1840 3692 1931 3746 Ille
1958 3708 2109 3748 vero-

504 3797 717 3837 rursum
748 3781 987 3836 deterius
1013 3781 1158 3835 illam
1190 3780 1619 3849 hlasphemabat.
1648 3781 1803 3837 Unde
1832 3783 1943 3851 ipsa
1977 3794 2084 3839 ter-

500 3875 578 3928 tio
603 3872 777 3927 eidem
807 3886 1093 3941 apparens,
1123 3871 1310 3926 eadem
1335 3871 1627 3939 repetebat.
1658 3872 1790 3925 Cum
1820 3884 1995 3927 autem
2025 3888 2084 3930 se

500 3963 598 4019 ille
628 3979 731 4017 non
758 3963 1072 4032 corrigeret,
1106 3961 1198 4015 sed
1230 3962 1349 4030 plus
1376 3977 1588 4032 quoque
1616 3961 1965 4032 blasphemiis
1988 3965 2084 4019 ad-

498 4056 709 4125 iiceret,
740 4055 964 4108 meridie
990 4053 1275 4107 dormienti
1306 4055 1405 4110 sibi
1437 4056 1702 4124 apparuit,
1738 4057 1978 4125 nihilque
2003 4059 2085 4113 di-

500 4162 629 4201 cens
648 4189 663 4214 ,
693 4144 859 4215 digito
885 4144 1001 4198 solo
1030 4145 1391 4213 signavitejus
1419 4161 1605 4199 manus
1627 4147 1879 4215 etpedes.
1908 4148 2084 4218 Evigi-

500 4241 616 4292 Ians
641 4238 872 4301 autem,i
899 4236 1064 4289 tvenit
1085 4250 1144 4290 se
1163 4245 1460 4291 truncatum
1496 4238 1739 4290 manibus
1763 4247 1818 4291 et
1837 4238 2078 4305 pedibus.

500 4333 676 4397 Atque
706 4331 777 4382 ita
806 4327 983 4381 initiis
1016 4337 1071 4381 ut
1120 4336 1339 4380 truncus
1372 4326 1575 4381 inutilis
1598 4327 1821 4395 jacens,
1853 4328 2081 4382 confite-

496 4422 656 4477 batur
682 4419 935 4475 omnibus
965 4420 1118 4490 cujus
1143 4417 1218 4472 rei
1244 4419 1437 4486 gratia,
1468 4429 1521 4472 et
1551 4419 1819 4487 quomodo
1839 4419 2079 4487 hocpass

498 4527 591 4567 sus
615 4522 782 4578 esset,
816 4520 974 4580 utque
1004 4517 1222 4578 prepter
1248 4508 1609 4579 blasphemias
1635 4522 1759 4563 suas
1784 4508 2079 4565 cietneuter

498 4603 769 4658 cruciatus
799 4602 1004 4656 I'uisset.

1046 4694 1271 4751 CAPUT
1298 4692 1527 4749 XLVIII.

499 4791 812 4845 Miraculum
841 4799 960 4843 item
999 4797 1187 4842 sanctis
1222 4786 1319 4840 Dei
1349 4787 1612 4856 genitricis
1651 4802 1753 4857 quo
1803 4786 2078 4841 Cosmiana

561 4878 700 4915 uxor
736 4859 978 4914 Germani
1009 4858 1211 4923 patricii
1239 4868 1413 4911 coacta
1441 4865 1515 4909 est
1551 4873 1613 4910 ea:
1637 4858 1819 4911 heresi
1843 4858 2079 4913 Seueria-

538 4948 635 4987 -Jta
651 4933 724 4984 ad
754 4945 919 4982 veram
944 4928 1130 4983 Christi
1156 4929 1310 4995 ﬁdem
1328 4928 1516 4981 redire.

532 5017 819 5077 ,“Narravit
842 5018 994 5072 nobis
1028 5016 1338 5071 Anastasius
1367 5014 1664 5085 presbyter,
1692 5024 1745 5070 et
1793 5030 2079 5071 ornamen-

497 5123 670 5168 torum
688 5118 902 5167 sanctze
928 5107 1337 5167 resurrectionis
1365 5107 1456 5163 Dei
1486 5117 1540 5164 et
1567 5109 1782 5164 Domini
1811 5109 1976 5166 nostri
1997 5111 2080 5166 Je-

442 5240 447 5247 .
472 5220 564 5271 .su
589 5203 787 5260 Christi
805 5212 1005 5267 custos.
1022 5201 1141 5273 quia
1161 5200 1450 5257 adveniens
1469 5201 1593 5256 illuc
1610 5202 1915 5269 Cosmiana,
1943 5220 2076 5260 uxor

466 5299 748 5354 :Germani
779 5297 1007 5368 patricii,
1037 5296 1205 5350 voluit
1235 5305 1389 5350 nocte
1413 5296 1639 5366 quadam
1666 5307 1863 5351 sancta:
1894 5297 2074 5351 Domi-

497 5390 633 5444 uicae
656 5390 769 5443 sola
791 5387 1279 5442 adoraresanctum
1304 5384 1514 5440 Domini
1544 5386 1708 5439 nostri
1732 5386 1855 5441 Jesu
1875 5386 2075 5441 Christi

496 5479 874 5549 viviiicutuque
919 5485 1344 5532 monumentum.
1381 5477 1594 5530 Etcum
1626 5477 2074 5546 appropinquaret

495 5573 670 5642 jauute
696 5570 940 5634 sacrarii,
971 5568 1215 5636 apparuit
1241 5567 1318 5621 illi
1346 5567 1624 5623 visibiliter
1645 5568 1865 5623 Domina
1889 5579 2072 5623 nostra

497 5672 679 5734 sancta
712 5662 804 5717 Dei
830 5660 1060 5731 genitrtx
1088 5672 1208 5714 cum
1239 5659 1357 5714 aliis
1383 5672 1591 5729 quoque
1618 5660 1927 5715 mulieribus
1945 5700 1959 5722 ,
1991 5658 2073 5715 di-

499 5768 625 5812 cetis
680 5772 693 5806 :
751 5751 1026 5820 Quomodo
1074 5765 1200 5808 cum
1257 5759 1437 5809 nostra
1484 5765 1590 5809 non
1621 5751 1733 5821 sis,
1765 5750 1876 5807 huc
1905 5749 2074 5806 audes

2107 4542 2166 4606 D

2216 541 2398 587 nostra
2425 548 2503 589 es.
2534 536 2662 590 Erat
2705 540 2847 594 enim
2877 540 2945 596 de
2990 544 3176 602 lia-tesi
3205 548 3387 607 Severi
3419 557 3682 625 acephali.
3707 536 3803 616 Illa

2214 637 2340 677 vero
2362 625 2588 721 multum
2619 632 2858 700 rogabat,
2881 643 2935 687 ut
2956 647 3251 694 mereretur
3276 643 3503 711 ingredi.
3532 648 3613 703 Ad
3632 666 3803 721 quam

2210 726 2393 807 sancta
2427 717 2519 772 Dei
2546 720 2773 789 genitiis
2799 727 3130 792 respohdens
3150 732 3225 786 ait
3254 748 3270 787 ε
3299 734 3472 793 Crede
3501 717 3663 807 mihi,
3684 757 3802 798 mu-

2211 805 2326 870 lier,
2357 824 2462 863 non
2513 811 2832 880 ingredieris
2879 817 3002 881 huc.
3039 821 3139 875 nisi
3186 824 3461 882 nobiscum
3493 805 3800 889 communio

2207 904 2435 957 caveris.
2470 906 2662 974 Agnito
2692 917 2871 964 autem
2911 913 3050 979 quod
3096 917 3218 983 quia
3259 930 3401 975 esset
3430 921 3680 980 haeretica
3708 928 3800 981 in-

2204 994 2351 1061 gredi
2369 996 2763 1064 prohiberetur,
2778 1002 3029 1072 quodque
3052 1004 3151 1061 nisi
3170 1010 3449 1066 accederet
3467 1016 3531 1068 ad
3550 1029 3800 1073 sanctam

2204 1085 2525 1141 catholicam
2553 1098 2610 1145 et
2648 1095 2992 1159 apostolicam
3038 1098 3206 1169 876
3254 1100 3547 1161 Ecclesiae)
3594 1108 3798 1165 Christi

2207 1181 2416 1235 Domini
2443 1193 2497 1238 et
2530 1184 2620 1240 Dei
2654 1188 2844 1250 nostri.
2875 1190 3075 1246 intrare
3096 1208 3199 1247 non
3227 1198 3640 1265 permitteretur,
3664 1217 3802 1257 con-

2204 1276 2351 1330 tinuo
2377 1279 2662 1335 diaconum
2689 1284 2972 1338 accersivit
2995 1324 3011 1347 .
3043 1297 3097 1341 et
3124 1288 3374 1343 veniente
3398 1303 3585 1347 sancto
3625 1296 3800 1349 calice

2201 1382 2412 1423 sacrum
2441 1386 2636 1439 corpus
2663 1376 2891 1442 sumpsit
2932 1384 2985 1431 et
3012 1380 3303 1445 pret’osum
3336 1382 3648 1451 sanguinem
3680 1400 3801 1438 ma-

2199 1464 2287 1529 gni
2334 1464 2424 1518 Dei
2453 1474 2507 1518 et
2536 1466 2829 1522 Salvatorts
2861 1470 3028 1523 nostri
3062 1470 3189 1525 Jesu
3236 1472 3456 1528 Christi.
3501 1473 3675 1543 Atque
3716 1476 3797 1529 ita

2200 1555 2403 1622 absque
2435 1556 2539 1611 ulla
2589 1558 2950 1626 prohibitione
2991 1560 3152 1631 digna
3200 1562 3380 1616 habita
3428 1575 3512 1619 est
3558 1565 3797 1621 adorare

2200 1661 2442 1702 sanctum
2460 1663 2511 1704 et
2537 1652 2840 1707 venerabile
2856 1653 3161 1723 sepulcrum
3188 1655 3398 1711 Domini
3419 1656 3546 1712 Iesu
3562 1658 3793 1716 Christi.

2765 1766 2992 1823 CAPUT
3021 1768 3210 1827 XLIX.

2205 1874 2461 1951 Mirabilis
2487 1880 2614 1951 visio
2645 1878 2791 1932 ducis
2831 1878 3149 1946 Paimtinm,
3183 1898 3283 1951 qua
3331 1893 3379 1936 et
3423 1884 3533 1944 ipse
3581 1896 3796 1938 coactus

2272 1949 2367 2030 fuit
2392 1950 2650 2033 pradicas
2675 1953 2858 2005 heresi
2881 1949 3260 2016 abrenuntiare,
3293 1962 3343 2006 et
3388 1951 3581 2008 Christi
3609 1954 3793 2008 Eccle-

2268 2034 2360 2073 ειω
2385 2034 2786 2074 commutttcare.

2267 2108 2511 2163 Narravit
2543 2120 2723 2166 autem
2755 2112 2908 2167 nobis
2934 2122 2989 2166 et
3019 2112 3119 2168 hoc
3150 2112 3289 2168 idem
3317 2115 3604 2186 presbyter
3633 2119 3787 2171 Ana-

2195 2198 2414 2263 stasius,
2447 2200 2669 2267 dicens,
2702 2202 2842 2270 quod
2880 2201 3177 2256 Palaestina:
3224 2203 3329 2258 dus
3382 2204 3647 2260 Cevetner
3686 2208 3791 2261 ali-

2201 2289 2415 2356 quando
2469 2292 2675 2345 venerit
2723 2291 2949 2345 adorare
3006 2303 3246 2348 sanctam
3310 2294 3507 2350 Christi
3570 2298 3785 2352 Domini

2196 2381 2362 2434 nostri
2400 2382 2868 2437 resurrectionem.
2926 2383 2991 2438 Et
3035 2398 3157 2438 cum
3204 2387 3456 2454 coepisset
3493 2390 3693 2457 ingredi
3726 2389 3787 2443 in

2192 2484 2435 2529 sanctum
2468 2485 2906 2543 monumentum,
2935 2479 3144 2546 aspexit
3171 2479 3394 2534 arietem
3423 2494 3545 2534 cum
3578 2482 3784 2549 impetu

2191 2581 2354 2632 Super
2378 2581 2436 2621 se
2464 2566 2790 2631 venientem,
2824 2567 3183 2637 cornibusque
3208 2569 3353 2623 illum
3387 2570 3739 2638 impeteutem
3760 2614 3775 2629 .

2194 2656 2281 2710 ille
2310 2672 2437 2710 vero
2469 2672 2663 2723 pavore
2683 2668 2983 2725 correptus,
3008 2671 3153 2714 retro
3174 2659 3406 2713 redibat.
3429 2660 3622 2715 Custos
3644 2676 3786 2715 vero

2193 2755 2392 2800 sancta:
2418 2747 2593 2800 crucis
2617 2747 2855 2811 Asarias,
2876 2756 2927 2800 et
2949 2747 3035 2816 qui
3052 2748 3375 2804 assistebant
3399 2749 3614 2805 lictores
3634 2750 3783 2820 (Ii),

2192 2839 2383 2893 timore
2410 2838 2633 2907 permoti
2657 2838 2840 2892 dicunt
2863 2837 2912 2892 ei
2947 2838 3118 2905 :Quid
3142 2847 3261 2904 est,
3294 2840 3421 2909 quid
3453 2840 3637 2905 habes,
3674 2841 3783 2894 do-

2199 2917 2379 2981 mine?
2401 2944 2496 2981 cur
2517 2942 2621 2982 non
2645 2928 2975 2996 ingrederis?
3004 2929 3140 2983 Dicit
3168 2930 3246 2985 eis
3282 2948 3294 2983 :
3329 2930 3397 2987 Ut
3432 2934 3558 3000 quid
3594 2933 3783 2988 intuli-

2191 3020 2290 3074 stis
2332 3021 2552 3074 arietem
2580 3019 2784 3073 istum?
2812 3020 2910 3087 Qui
2958 3020 3235 3089 stupefacti
3282 3022 3625 3090 inspexerunt
3650 3040 3784 3079 san-

2190 3123 2335 3166 ctum
2363 3123 2790 3173 monumentum,
2806 3109 3044 3177 nihilque
3066 3111 3492 3176 videntes,aiunt
3508 3114 3575 3168 ad
3594 3115 3741 3169 illum
3764 3135 3781 3170 :

2193 3202 2497 3272 Ingredere,
2531 3203 2660 3257 nihil
2686 3204 2789 3257 tale
2817 3202 2959 3255 intus
3000 3213 3101 3256 est.
3146 3202 3379 3257 Rursum
3430 3205 3519 3259 ille
3569 3206 3783 3275 ingredi

2189 3293 2372 3361 cmpit,
2400 3293 2493 3347 sed
2528 3294 2720 3347 iterum
2748 3293 2968 3362 aspexit
2993 3292 3215 3347 arietem
3247 3305 3432 3349 contra
3462 3310 3522 3351 se
3552 3299 3775 3353 venien-

2193 3393 2319 3450 tem,
2353 3394 2407 3437 ct
2429 3398 2486 3438 se
2517 3384 2739 3438 introire
2772 3383 3166 3452 prohibentem.
3198 3383 3337 3437 Istud
3368 3400 3488 3440 cum
3521 3403 3666 3458 saepe
3697 3389 3811 3443 tuo,

2189 3489 2333 3533 ctum
2380 3488 2557 3544 esset,
2592 3477 2790 3547 il'cque
2834 3480 3047 3532 caeteris
3091 3478 3224 3533 nihil
3275 3480 3601 3544 videntibus.
3632 3484 3784 3537 solus

2191 3572 2414 3623 ariett-m
2444 3578 2711 3634 cerneret,
2741 3571 2810 3624 ait
2853 3570 2928 3624 illi
2953 3573 3129 3625 crucis
3157 3581 3336 3626 custos
3365 3589 3380 3627 :
3418 3574 3589 3630 Crede
3623 3576 3780 3640 mihi,

2192 3663 2432 3727 domine,
2459 3662 2656 3728 aliquid
2678 3662 2838 3717 habes
2861 3664 2913 3717 in
2934 3665 3109 3717 anima
3136 3676 3245 3730 tua,
3272 3666 3415 3733 quod
3442 3678 3492 3722 te
3517 3668 3770 3735 prohibet

2192 3756 2421 3809 adorare
2452 3765 2718 3820 sanctum,
2748 3769 2812 3808 ac
2840 3758 3177 3821 venerabile,
3204 3768 3258 3812 et
3283 3760 3548 3813 viviiicum
3580 3775 3781 3814 monu-

2188 3856 2425 3902 mentmn
2456 3846 2752 3900 Salvatoris
2780 3847 2978 3913 nostri;
3010 3848 3188 3916 itaque
3217 3864 3410 3903 moneo
3442 3859 3499 3904 ut
3517 3852 3780 3906 conlitea-

2189 3939 2265 3993 ris
2294 3937 2520 3992 Domino
2546 3949 2761 4007 peccata
2790 3948 2899 3992 tua.
2927 3938 3177 3995 Clemens
3208 3940 3350 3996 enim
3373 3952 3428 3997 et
3452 3944 3765 3998 misericor-

2187 4030 2440 4085 dissimns
2476 4044 2597 4084 cum
2626 4031 2713 4097 sit,
2746 4038 2801 4083 et
2849 4032 2924 4085 tui
2955 4031 3198 4087 misereri
3227 4035 3433 4100 volens,
3468 4034 3779 4103 hujusmodi

2188 4122 2280 4175 tibi
2332 4124 2644 4175 miraculum
2700 4122 2954 4175 ostendit.
2994 4122 3088 4175 Ille
3129 4133 3309 4177 autem
3351 4138 3471 4176 cum
3518 4124 3780 4195 Iacrymis

2186 4213 2324 4267 dixit
2347 4213 2395 4267 ei
2428 4229 2441 4265 :
2475 4212 2614 4267 Vere
2635 4212 2815 4266 multis
2842 4212 3152 4282 magnisque
3178 4214 3476 4268 sceleribus
3501 4214 3778 4270 obnoxius

2187 4321 2329 4361 sum.
2360 4308 2422 4359 Iit
2451 4321 2514 4359 se
2544 4305 2715 4374 ipsum
2756 4305 2804 4359 in
2839 4304 3029 4361 faciem
3062 4316 3428 4374 prosternens,
3460 4321 3556 4375 per
3581 4309 3780 4362 multas

2192 4402 2351 4454 horas
2381 4401 2672 4470 permansit
2715 4398 2846 4453 ﬂens
2876 4408 2932 4453 et
2957 4399 3219 4454 conﬁtens
3250 4398 3498 4455 Domino.
3528 4401 3779 4455 Surrexit

2187 4491 2400 4553 deinde,
2425 4500 2478 4545 et
2504 4505 2688 4546 rursus
2721 4491 2925 4560 ingredi
2953 4493 3139 4557 voluit,
3170 4494 3264 4545 sed
3294 4492 3486 4546 iterum
3515 4492 3582 4545 ab
3604 4493 3779 4547 ariete

2185 4584 2477 4653 permissus
2509 4601 2613 4638 non
2638 4593 2739 4638 cst.
2764 4584 2909 4637 'I'uuc
2933 4585 3007 4638 ait
3030 4584 3101 4638 illi
3127 4594 3328 4639 sanctte
3347 4584 3524 4639 crucis
3546 4598 3733 4639 custos
3758 4602 3774 4635 τ

2190 4678 2324 4732 Vere
2352 4677 2491 4731 aliud
2519 4688 2620 4741 est,
2653 4679 2793 4744 quod
2828 4689 2880 4731 te
2928 4677 3138 4747 ingredi
3191 4685 3354 4731 vetat.
3402 4676 3545 4731 Dixit
3587 4687 3776 4731 autem

2184 4770 2274 4824 ille
2307 4786 2320 4823 :
2354 4769 2485 4823 Num
2515 4768 2743 4824 fortasse
2790 4770 2944 4835 ideo,
2969 4770 3093 4839 qtti'a
3120 4785 3226 4823 non
3253 4780 3458 4824 sanctze
3487 4769 3778 4824 catholicae

2184 4859 2468 4923 Ecclesiae,
2514 4859 2611 4913 sed
2653 4858 2856 4914 Seiero
2894 4859 3263 4924 communico,
3305 4858 3531 4914 introire
3577 4860 3780 4927 prohi-

2183 4953 2351 5009 beor?
2375 4954 2523 5007 Tunc
2547 4953 2696 5022 petiit
2721 4967 2750 5005 a
2777 4954 2999 5007 custode
3019 4963 3078 5006 ut
3102 4962 3285 5006 sancta
3306 4962 3362 5008 et
3376 4952 3587 5007 viviﬁca
3617 4952 3779 5007 Chri-

2184 5048 2254 5101 sti
2297 5047 2393 5101 Dei
2442 5048 2612 5101 nostri
2661 5046 2914 5117 mysteria
2960 5046 3060 5100 sibi
3109 5044 3447 5101 aﬂ‘errentur.
3499 5044 3568 5099 Et
3609 5044 3778 5098 allato

2183 5149 2372 5194 sancto
2397 5137 2581 5200 calice,
2612 5136 3048 5191 communicavit.
3080 5138 3254 5205 Atque
3276 5136 3346 5189 ita
3370 5136 3643 5203 ingressus
3661 5143 3772 5193 est.

2183 5240 2235 5284 et
2261 5229 2519 5293 adoravit,
2552 5228 2626 5283 nil
2676 5229 2811 5282 ultra
2864 5227 3232 5295 impedimenti
3284 5240 3496 5295 passus,
3527 5224 3775 5294 nihilque

2184 5322 2405 5378 ulterius
2436 5336 2683 5387 cernens,
2712 5320 2855 5392 quod
2884 5336 2945 5374 se
2973 5321 3288 5377 deterreret.

2800 5431 3030 5488 CAPUT
3069 5431 3129 5487 L.

2426 5545 2564 5599 Visio
2588 5555 2634 5599 et
2655 5543 2849 5597 dictum
2869 5542 3065 5598 abbatis
3086 5542 3295 5615 Georgii
3319 5543 3527 5600 inlusi.

2248 5654 2588 5728 Scythopolis
2617 5656 2846 5710 secunda
2875 5664 2957 5709 est
2986 5655 3290 5710 Dalmatiam
3330 5653 3662 5723 metropolis.
3712 5653 3771 5711 Ia

2179 5764 2239 5803 ea
2269 5749 2613 5805 convenimus
2641 5747 2885 5803 abbatem
2916 5747 3277 5817 Anastasium,
3309 5748 3647 5817 narravitque
3667 5762 3769 5803 no-
