4052 6362
250 360 354 417 143

1514 360 1789 415 Ριιισιιςιι
1835 340 2268 415 διιιιιτιέλιλπ.

3433 363 3534 419 116

246 478 331 530 bis
359 475 426 528 de
450 472 640 526 abbate
667 471 899 537 ϐασι-δυ
928 469 1155 534 incluso,
1189 469 1372 526 dicens
1403 488 1419 525 :
1452 473 1582 527 Cum
1609 472 1836 541 quadam
1871 478 1917 534 Α
1946 473 2048 526 lam
2074 471 2273 546 [Grca
2299 470 2553 542 minus],
2586 485 2878 540 parumque
2904 483 3201 526 remoratus
3226 470 3364 528 circa
3391 489 3541 531 mare

244 576 408 621 nocte
443 564 831 628 surrexissem,
881 572 938 614 ut
984 561 1249 631 pulsarem
1297 562 1505 630 signum
1540 568 1620 633 (ea
1648 566 1843 633 quippe

242 670 375 713 cura
406 656 535 711 mihi
566 666 625 711 ut
662 654 1011 708 canonarcha!
1039 654 1154 721 (l2)
1186 654 1417 721 injuncta
1448 654 1622 709 fuerat
1654 666 1708 708 ut
1750 671 1844 709 ex-

246 750 470 803 citarem
504 749 695 801 fratres
745 747 810 798 ad
863 746 1166 812 collectam)
1197 744 1378 798 auditi
1412 745 1710 809 plorantem
1753 759 1845 798 sco

248 855 407 905 nem;
460 838 837 907 profectusque
881 838 946 889 ad
998 837 1163 903 illum,
1198 853 1386 908 rogare
1427 840 1588 907 ωερε,
1618 838 1839 894 dicens:

245 934 385 1000 Quid
436 934 622 995 habes,
658 931 834 996 Pater,
884 930 1004 998 quia
1033 931 1110 984 sic
1141 931 1352 999 ploras?
1403 932 1492 984 Ille
1536 947 1662 986 vero
1712 931 1845 985 nihil

246 1029 381 1081 mihi
413 1026 708 1095 respondit.
741 1025 946 1078 llursus
972 1038 1091 1076 cum
1125 1037 1367 1091 rogarent
1400 1023 1544 1075 illum
1566 1064 1580 1088 ,
1630 1032 1685 1075 ut
1712 1008 1840 1075 cui»

243 1136 364 1174 sani
396 1121 548 1174 ﬂetus
589 1118 718 1173 mihi
750 1117 981 1187 aperiret
1039 1113 1395 1182 ingemiscens
1427 1115 1534 1176 ille,
1564 1122 1618 1168 et
1662 1130 1726 1168 ex
1761 1115 1845 1167 in-

244 1212 385 1264 timo
424 1209 585 1263 corde
634 1211 932 1277 suspirans,
963 1206 1037 1258 ait
1081 1203 1407 1270 :Quuinodo
1453 1205 1583 1258 tnilii
1639 1221 1666 1256 a
1718 1206 1846 1259 lleiu

244 1312 585 1365 temperem,
634 1315 756 1354 cum
824 1298 1080 1351 Dominus
1152 1305 1334 1349 noster
1390 1295 1547 1349 .lesus
1604 1294 1849 1359 Christus

246 1391 585 1447 reconciliari
618 1392 774 1445 nobis
803 1391 965 1444 no!it?
1000 1390 1107 1458 Ego
1134 1390 1298 1444 enim.
1332 1387 1430 1449 fili,
1465 1386 1689 1440 videbar
1711 1387 1844 1440 mihi

244 1484 507 1536 assiSiere
570 1483 781 1536 cuidam
830 1497 992 1548 super
1033 1480 1246 1533 excelso
1294 1479 1490 1531 throno
1545 1478 1844 1542 reddenti;

247 1577 420 1627 multa
453 1589 576 1627 vero
606 1574 771 1627 millia
800 1574 943 1626 circa
991 1573 1136 1624 illum
1164 1579 1322 1623 erant
1363 1571 1629 1622 orantium
1678 1571 1847 1635 illum,

245 1678 414 1736 atque
444 1668 843 1737 depreCunIiuni
874 1666 942 1719 de
971 1665 1195 1733 quadam
1228 1680 1304 1727 re,
1351 1667 1437 1731 qui
1475 1664 1684 1716 illorum
1731 1679 1851 1732 prc-

246 1762 406 1812 cibus
431 1762 596 1813 ﬂexus
620 1773 724 1811 non
750 1767 851 1812 est.
882 1759 1121 1810 l‘nstluec
1144 1756 1370 1808 accessit
1397 1755 1461 1807 ad
1489 1756 1630 1806 illam
1659 1757 1850 1808 mulier

1950 566 2235 629 Mortuum,
2272 565 2484 619 redierit
2520 565 2708 617 iterum
2738 564 2802 616 ad
2834 565 3024 619 cellam
3050 578 3221 618 suam.
3253 563 3386 621 Cum
3415 576 3540 621 vero

1947 664 2090 708 esset
2120 665 2281 707 assius
2310 654 2839 715 vehementissimus,
2875 654 2945 706 ita
2976 664 3031 707 nt
3059 669 3221 709 senex
3256 672 3393 726 pene
3440 658 3534 713 de-

1949 744 2156 809 ficeret,
2203 746 2500 799 extendi-ns
2544 760 2734 798 manus
2779 760 2904 799 suas
2937 746 2987 799 in
3018 748 3212 801 caelum
3245 748 3309 802 ad
3348 748 3539 816 Deum,

1947 836 2121 891 oravit
2148 838 2330 890 dicens
2354 854 2369 891 :
2397 837 2638 901 Domine,
2666 847 2717 891 ιιι
2749 838 2853 891 scis
2885 840 3005 908 quia
3033 839 3142 909 jam
3168 857 3279 909 pra:
3307 842 3397 897 siti
3427 859 3543 897 am-

1950 930 2134 983 bulare
2165 945 2270 982 non
2304 945 2543 996 possunt.
2577 931 2876 999 Statimque
2905 932 3072 987 nubes
3099 934 3239 987 circa
3271 934 3421 989 illum
3457 936 3538 990 fa-

1948 1030 2035 1075 cta
2066 1031 2169 1082 est,
2201 1036 2373 1090 neque
2408 1023 2631 1075 recessit
2662 1023 2730 1075 ab
2759 1037 2846 1087 eo,
2879 1024 3112 1092 quandiu
3167 1026 3543 1082 restitueretur

1950 1113 2103 1167 cella:
2133 1129 2264 1167 sum.
2314 1113 2555 1167 Distabat
2600 1127 2775 1169 antem
2824 1129 2852 1167 a
2903 1114 3036 1168 cella
3087 1115 3402 1171 milliaribus
3432 1117 3545 1173 fere

1952 1202 2255 1259 duodecim.

2024 1298 2166 1351 Ideni
2196 1297 2358 1351 abbas
2385 1296 2688 1366 Stephanus
2716 1307 2769 1351 et
2798 1299 2898 1352 hoc
2923 1300 3076 1352 nobis
3100 1300 3165 1353 de
3191 1300 3381 1354 eodem
3414 1314 3545 1354 sena

1952 1392 2229 1453 narrabat,
2263 1392 2404 1462 quod
2436 1393 2676 1447 veneint
2717 1394 2797 1447 sui
2826 1396 2911 1448 die
2943 1394 3172 1461 quadam
3203 1407 3259 1448 ut
3288 1394 3436 1447 illuni
3468 1396 3544 1445 vi-

1951 1482 2162 1537 derent.
2217 1481 2349 1536 Cum
2401 1499 2530 1553 ergo
2577 1485 2846 1538 Venissent
2892 1485 2955 1537 ad
3008 1484 3202 1547 locum,
3232 1484 3544 1552 quzerehant

1955 1576 2120 1641 ipsius
2146 1576 2389 1629 cellulam
2416 1592 2429 1628 :
2454 1591 2610 1642 quam
2634 1576 2759 1629 dum
2788 1576 3103 1643 quibusdam
3133 1572 3542 1629 ostendentibus

1952 1669 2290 1732 didicissent,
2344 1670 2603 1723 adeuntes
2651 1670 2998 1735 pulsaverunt
3039 1666 3278 1736 jnmam.
3336 1665 3543 1733 Quibus

1953 1762 2203 1829 cognitis,
2235 1776 2398 1814 senex
2429 1761 2594 1815 Deum
2625 1761 2817 1824 oravit,
2853 1776 2918 1814 ne
2965 1761 3033 1815 ab
3079 1761 3207 1829 ipsis
3251 1760 3539 1813 sideretur.

228 1840 501 1919 quantum
536 1864 766 1917 purpura
799 1848 1001 1909 induta,
1036 1844 1370 1914 prociditque
1399 1844 1496 1908 illi,
1527 1854 1581 1896 et
1611 1853 1720 1897 ait:
1756 1843 1845 1897 Ve!
1881 1843 1925 1901 Β
1959 1854 2024 1907 Ει
2064 1856 2308 1920 aperiens
2347 1853 2588 1923 jauuain,
2630 1855 2759 1907 exiit
2787 1854 2853 1907 de
2897 1853 3091 1907 cellula
3131 1870 3247 1916 sua,
3277 1862 3331 1908 et
3360 1854 3425 1906 ab
3461 1854 3544 1905 eis

249 1950 472 2010 propter
536 1956 622 1994 tne
687 1941 933 2006 placare,
1014 1937 1105 1988 lili.
1178 1935 1269 1989 llle
1317 1950 1447 1989 vero
1498 1935 1848 1990 nihilominus

247 2033 599 2088 inexorabilis
633 2031 847 2086 mansit.
879 2033 1049 2100 Atque
1082 2029 1281 2083 idcirci
1315 2029 1464 2097 ploro
1492 2040 1545 2083 et
1573 2030 1735 2098 cjulo,
1767 2046 1849 2083 ve-

245 2140 378 2179 rens
409 2125 548 2191 quod
579 2124 810 2178 futurum
840 2134 923 2177 est
979 2122 1102 2176 ll:ee
1131 2122 1259 2175 mihi
1305 2123 1437 2174 dixit
1477 2122 1639 2175 abbas
1680 2121 1841 2177 Geor.

248 2222 399 2287 gius,
424 2219 606 2284 quinta
631 2217 972 2270 illucescente
996 2215 1125 2267 feriat
1146 2228 1316 2269 coena:
1341 2214 1579 2278 Domini;
1607 2215 1850 2282 sequenti

249 2329 408 2375 vero,
445 2311 493 2365 id
549 2322 631 2365 est
677 2326 985 2380 parasceve,
1035 2309 1162 2363 hora
1213 2310 1316 2363 diei
1371 2326 1531 2377 noua,
1575 2312 1851 2377 repentino

248 2418 557 2470 magnoque
610 2414 762 2456 terra:
811 2413 956 2455 motu
1004 2412 1321 2455 corruerunt
1372 2401 1528 2454 nrbes
1570 2401 1851 2457 maritima:

245 2494 542 2549 Plitenicis.

328 2586 469 2640 Idem
500 2586 665 2639 abbas
699 2585 1009 2641 Anastasius
1034 2584 1135 2639 hoc
1169 2586 1293 2640 item
1326 2586 1477 2639 nobis
1508 2586 1575 2640 de
1605 2602 1733 2640 sene
1756 2602 1850 2642 eo-

247 2678 376 2730 dem
423 2679 713 2743 enarravit,
762 2679 903 2746 qnud
951 2687 1070 2746 post
1114 2678 1497 2749 aliquantulum
1549 2682 1806 2749 temporis
1834 2724 1847 2745 ,

251 2784 382 2821 cum
430 2769 494 2821 ad
529 2770 812 2823 fenestram
860 2778 1047 2835 staret,
1082 2769 1288 2837 plorare
1317 2786 1477 2823 senex
1510 2773 1770 2836 emperit;
1797 2780 1852 2825 et

246 2859 450 2913 dixerit
478 2861 552 2914 illi
586 2879 599 2914 :
633 2860 725 2915 Vae
766 2862 938 2921 nobis.
968 2862 1162 2925 frater,
1197 2863 1316 2930 quia
1348 2863 1547 2916 nullam
1592 2864 1850 2917 habemus

248 2952 748 3022 compunctiouem,
780 2956 874 3009 sed
905 2955 956 3008 itt
985 2957 1299 3024 negligentia
1330 2958 1575 3021 vivimus,
1604 2970 1656 3011 et
1686 2960 1848 3014 timeo

247 3060 380 3099 cum
412 3046 485 3098 ira
518 3046 610 3100 Dei
657 3048 1078 3115 comprehendat
1106 3062 1223 3110 nos,
1252 3056 1306 3101 et
1336 3049 1387 3101 in
1432 3046 1611 3117 jannis
1656 3053 1847 3116 simus,

250 3145 315 3191 ut
340 3136 660 3206 iudicemur.
698 3138 758 3192 Et
790 3137 1029 3206 sequenti
1058 3136 1144 3191 die
1171 3138 1309 3208 ignis
1336 3139 1583 3207 apparuit
1609 3155 1657 3192 in
1688 3146 1847 3194 cm'o.

864 3248 1092 3305 CAPUT
1121 3249 1206 3303 Ll.

438 3363 556 3419 Vita
578 3363 781 3419 Iuliani
801 3365 933 3419 senis
963 3365 1260 3420 monasterii
1287 3365 1677 3438 Egyptiorum.

330 3481 639 3535 Anazarbus
664 3481 972 3548 metropolis
999 3490 1080 3535 est
1103 3481 1350 3535 secundae
1377 3482 1603 3537 Cilicum
1629 3483 1843 3549 provin-

246 3572 377 3635 ciae,
404 3572 472 3625 ab
498 3573 593 3623 hac
620 3570 730 3625 fere
752 3570 1032 3625 duodecim
1054 3569 1366 3624 milliaribus
1388 3571 1551 3625 distat
1577 3585 1849 3628 monaste-

249 3668 399 3717 rinin
440 3662 580 3729 quod
630 3662 825 3716 dicitur
871 3661 1266 3732 Egyptiorum.
1314 3661 1681 3718 Narraverunt
1722 3680 1850 3735 ergo

250 3755 414 3809 nobis
438 3753 622 3807 Patres
642 3753 882 3823 ejusdem
914 3754 1014 3808 loci
1042 3753 1182 3821 quod
1216 3754 1323 3807 illic
1350 3763 1474 3807 ante
1500 3769 1670 3809 annos
1696 3761 1850 3824 quin-

246 3865 361 3917 que
389 3861 631 3904 mortuus
656 3858 803 3904 esset
826 3864 1014 3915 senex,
1033 3848 1277 3904 Julianus
1305 3851 1541 3914 nomine,
1569 3852 1658 3921 qui
1683 3853 1841 3907 circi-

246 3953 341 3996 ter
367 3956 538 3996 annos
567 3942 898 4011 septuaginta
924 3944 978 3996 in
1009 3942 1236 4011 quodam
1266 3944 1416 3998 brevi
1448 3945 1645 4011 spelaco
1676 3961 1851 4000 mora-

248 4045 345 4086 tus
367 4042 528 4097 esset,
556 4034 685 4087 nihil
712 4034 927 4087 omnino
949 4034 1129 4087 saeculi
1154 4033 1306 4087 istius
1331 4035 1629 4102 possidens,
1657 4049 1845 4101 przcter

246 4124 516 4189 cilicium,
545 4134 599 4178 et
628 4140 834 4194 sagum,
863 4135 914 4179 et
951 4124 1218 4178 vasculum
1250 4125 1502 4195 ligneum.
1546 4136 1601 4181 et
1633 4128 1846 4183 librtnn.

331 4216 588 4272 Dicebant
615 4228 791 4273 autem
840 4218 993 4271 nobis
1022 4227 1076 4272 et
1116 4218 1219 4271 hoc
1264 4217 1333 4272 de
1372 4218 1507 4286 ipso,
1556 4220 1695 4288 quod
1737 4230 1850 4277 toto

247 4308 382 4363 vita:
412 4325 524 4363 sua:
562 4319 804 4380 tempore
835 4326 938 4363 non
969 4310 1213 4364 accendit
1257 4310 1489 4365 lucerna:
1521 4312 1721 4377 lumen,
1754 4314 1848 4369 sed

246 4416 356 4467 per
386 4410 571 4456 noctes
610 4403 823 4458 caelitus
863 4402 954 4457 illti
989 4404 1161 4456 trabat
1201 4417 1321 4457 eum
1364 4403 1473 4466 lux,
1506 4404 1573 4457 ita
1605 4414 1659 4458 ut
1704 4406 1850 4460 clare

248 4491 438 4560 legere
472 4502 669 4560 posset.

866 4561 1093 4617 CAPUT
1136 4563 1239 4617 LII.

623 4654 826 4707 Dictum
862 4654 1058 4708 abbati:
1088 4653 1221 4709 Elia!
1248 4656 1488 4711 solitarii.

323 4749 490 4821 877
516 4747 667 4801 Venit
685 4748 847 4801 frater
870 4747 1085 4815 quidam
1112 4749 1176 4801 ad
1199 4747 1442 4803 abbatem
1469 4749 1636 4804 Eliam
1668 4750 1851 4806 solita-

252 4842 397 4895 rium
448 4842 500 4893 in
532 4840 838 4895 ctenobium
885 4840 1089 4910 antiqui
1122 4840 1286 4908 patris
1321 4842 1494 4908 Saba),
1530 4852 1584 4896 et
1612 4842 1741 4896 dixit
1771 4846 1847 4897 ei:

252 4932 352 4986 Dic
405 4932 532 4985 mihi
586 4934 827 4997 verbum,
863 4932 1040 4987 Pater.
1088 4934 1263 4987 Senex
1296 4947 1435 4986 vero
1468 4933 1603 4987 dixit
1654 4932 1847 4989 fratri:

250 5026 455 5080 Diebus
484 5025 697 5079 Patrum
722 5037 1025 5079 nostrorum
1055 5032 1162 5078 tres
1187 5025 1303 5078 isne
1325 5026 1550 5080 virtutes
1579 5026 1630 5079 in
1660 5040 1846 5081 amore

250 5124 313 5170 et
358 5114 537 5168 studio
596 5117 735 5184 apud
785 5117 1074 5169 monachos
1119 5125 1272 5170 erant
1326 5133 1351 5168 :i
1403 5117 1619 5171 nuditas
1669 5133 1847 5173 rerum

253 5205 523 5269 omnium,
574 5206 947 5269 mansuetudo,
995 5214 1048 5259 et
1077 5220 1175 5257 con
1204 5204 1429 5268 inentia;
1485 5222 1628 5260 nunc
1662 5224 1729 5261 au
1757 5223 1841 5263 ent

254 5299 502 5362 avaritia,
560 5298 680 5367 gula
728 5306 782 5352 cl
812 5297 1054 5351 audacia.
1106 5295 1267 5364 Quod
1293 5303 1478 5352 horum
1535 5300 1624 5352 tibi
1674 5299 1850 5369 placet

254 5406 460 5459 ’Ἦρα
860 5456 1086 5513 eam
1127 5457 1254 5513 ιλιι.

402 5554 519 5610 Vita
547 5552 681 5607 senis
708 5551 908 5622 Cyriaci
935 5565 997 5603 ea:
1023 5549 1332 5603 monasterio
1358 5550 1520 5603 sancti
1545 5550 1717 5604 Salue.

330 5643 584 5699 Narravit
617 5641 772 5697 nobis
815 5639 981 5695 abbas
1018 5640 1321 5708 Stephanus
1348 5640 1415 5694 de
1458 5639 1686 5707 quodam
1718 5655 1847 5696 sene

258 5744 508 5791 morante
538 5733 591 5789 iti
619 5730 945 5787 monasterio
969 5731 1137 5784 sancti
1166 5729 1334 5785 Patris
1359 5731 1523 5783 nostri
1551 5729 1725 5796 Salue,
1754 5746 1850 5785 uo-

259 5822 409 5883 mine
437 5824 680 5893 Cyriaco,
713 5834 853 5893 quoa
886 5818 971 5876 die
1000 5818 1229 5890 quadam
1274 5820 1616 5878 descenderit
1643 5820 1846 5875 'l'utlie-

1932 2487 2071 2524 ‘runt
2120 2470 2565 2533 Alexandrinum;
2620 2462 2798 2539 aitque
2870 2468 3023 2523 nobis
3074 2483 3292 2523 senex:

1958 1949 2166 2015 penitus
2198 1947 2341 2001 visus
2370 1961 2472 1998 non
2503 1956 2585 1999 est
2611 1962 2625 1999 :
2658 1947 2949 2012 aliiensque
2981 1946 3032 2000 in
3064 1946 3207 1998 desct
3226 1956 3332 1997 tum
3367 1944 3544 1997 redire

1955 2039 2136 2093 tandiu
2170 2038 2357 2105 noluit,
2386 2037 2558 2091 donec
2588 2036 2708 2090 illos
2735 2038 3029 2091 recessisse
3055 2038 3324 2106 cognovit.

2558 2149 2786 2206 CAPUT
2827 2148 2930 2203 LIV

1968 2265 2082 2320 l'ita
2113 2266 2479 2320 monachorum
2503 2266 2911 2336 Srgtﬂiotarnm,
2939 2276 2983 2320 et
3012 2265 3075 2317 de
3105 2280 3223 2318 sene
3254 2265 3542 2320 Ammonio.

2032 2380 2284 2435 Venimus
2336 2391 2518 2448 poetea
2549 2380 2891 2433 'l‘erenntlien
2922 2379 2986 2430 ad
3017 2378 3266 2432 abbatem
3295 2377 3543 2431 Theodo-

3344 2467 3540 2529 Filioli,

1957 2564 2179 2616 inultum
2211 2576 2394 2616 revera
2425 2559 2769 2630 perdiderunt
2794 2559 3090 2629 Scythiotm
3118 2559 3366 2612 monachi
3392 2557 3544 2627 juxta

1956 2672 2141 2710 senum
2191 2656 2611 2725 praedictionem.
2660 2654 2873 2708 Credite
2916 2653 3056 2708 enim
3090 2651 3238 2717 mihi,
3278 2651 3391 2712 lilii,
3421 2652 3545 2716 quia

1957 2766 2145 2817 magna
2194 2759 2308 2803 erat
2356 2749 2592 2803 cliaritas
2639 2747 2778 2816 apud
2810 2748 3112 2817 Scytliiotas
3152 2759 3340 2813 magna
3381 2743 3546 2799 absti~

1959 2844 2159 2903 tientia,
2185 2855 2373 2907 magna
2405 2841 2676 2894 discretio.
2712 2839 2826 2892 Villi
2857 2853 2956 2905 ego
2984 2839 3089 2891 illic
3117 2852 3298 2894 senes.
3325 2838 3415 2906 qui
3444 2835 3546 2890 nisi

1954 2935 2074 3003 quis
2120 2934 2184 2985 ad
2231 2947 2324 2985 eos
2368 2928 2955 2996 venisset,’uuuqnam
2998 2928 3281 2982 sumebant
3328 2928 3542 2982 cibum:

1956 3027 2093 3077 inter
2138 3038 2275 3092 quos
2318 3032 2434 3075 erat
2482 3037 2645 3075 senex
2672 3022 2908 3091 quidam,
2944 3020 3257 3072 Ammonius
3304 3016 3540 3078 nomine.

1949 3115 2099 3184 juxia
2132 3130 2217 3169 me
2248 3128 2499 3179 manens;
2531 3114 2681 3180 cujus
2729 3127 2830 3182 ego
2857 3111 3032 3164 sciens
3075 3111 3539 3173 consuetudinem,

1879 3232 1925 3294 ρ
1960 3224 2052 3275 per
2093 3222 2253 3259 omne
2284 3205 2574 3260 Sabbatutn
2616 3204 2683 3258 ad
2715 3205 2861 3257 illtttn
2894 3203 3194 3268 veniebam,
3243 3212 3296 3254 ut
3328 3210 3548 3270 pr0pter

1955 3300 2243 3353 adventum
2303 3313 2479 3350 meum
2547 3305 2782 3350 sumeret
2835 3296 3033 3347 cilium.
3104 3292 3381 3346 llabebant
3443 3291 3544 3344 hoc

1957 3406 2140 3445 omnes
2170 3388 2509 3461 generaliter,
2540 3388 2678 3455 quod
2717 3401 3034 3455 quacunque
3068 3388 3192 3439 liora
3222 3383 3546 3439 accederent

1953 3482 2019 3535 ad
2046 3498 2139 3535 eos
2167 3480 2347 3549 aliqui,
2397 3478 2774 3547 permittebant
2824 3477 2940 3530 illus
2987 3476 3281 3529 orationem
3336 3473 3539 3538 facere,

1957 3575 2171 3643 illisque
2200 3573 2508 3635 oiautibus,
2544 3572 2643 3641 ipsi
2676 3586 2916 3625 mensam
2945 3570 3308 3638 apponebant,
3339 3578 3393 3622 et
3413 3582 3544 3621 coie-

1957 3668 2106 3721 tinuo
2133 3666 2311 3721 cibum
2345 3664 2649 3719 sumebant.

2563 3778 2792 3835 CAPUT
2829 3778 2940 3835 LV.

2040 3893 2175 3947 Visio
2200 3892 2467 3964 cujusdam
2496 3892 2630 3945 senis
2651 3891 3015 3964 commorantis
3036 3892 3088 3944 in
3114 3890 3318 3963 Scythi,
3343 3902 3389 3946 et
3408 3892 3472 3947 de

2538 3964 2718 4016 abbate
2740 3961 2961 4017 Irenaeo.
3188 3961 3201 3963 “
3514 3976 3517 3979 ·

2025 4072 2206 4128 Abbas
2251 4071 2484 4126 Irenaeus
2531 4072 2764 4126 narravit
2817 4072 2968 4125 nobis
3016 4070 3083 4126 de
3132 4085 3260 4127 sene
3307 4072 3539 4141 quodam

1954 4175 2325 4221 commorante
2366 4166 2418 4219 in
2448 4163 2653 4235 Scytlii,
2687 4163 2829 4233 quod
2860 4164 3130 4219 diabolum
3165 4164 3352 4219 viderit
3383 4174 3543 4220 noctu

1954 4260 2213 4323 sarculos,
2260 4267 2450 4321 rastra,
2482 4267 2536 4311 et
2581 4254 2838 4326 cophinos
2886 4259 3208 4324 praebentem
3255 4259 3541 4322 fratribus;

1955 4349 2196 4414 dixitque
2232 4346 2447 4400 diabolo
2493 4361 2658 4400 senex
2710 4365 2721 4398 :
2769 4346 2867 4411 Qui
2916 4346 3012 4400 ista
3062 4347 3543 4415 suut?Respoudit

1953 4443 2199 4498 diabolus
2231 4459 2244 4494 :
2282 4441 2685 4494 Distractiunem
2736 4440 2988 4493 fratribus
3042 4455 3301 4508 [διαπρίει-ο,
3352 4448 3409 4492 ιιι
3458 4440 3542 4492 his

1954 4533 2221 4598 occupati,
2262 4531 2385 4583 liaut
2432 4528 2843 4599 negligentiores
2869 4528 2934 4583 ad
2968 4529 3227 4585 orandum
3259 4539 3308 4584 et
3338 4527 3541 4603 διωθεῖ.

1875 4614 1930 4676 D
1955 4628 2181 4684 canilum
2217 4624 2400 4677 Deum.

2026 4717 2170 4773 Idem
2203 4715 2366 4770 abbas
2397 4715 2624 4768 Ireztmus
2654 4714 2892 4769 narravit
2919 4715 3071 4769 nobis
3097 4715 3282 4770 dicens
3310 4715 3537 4771 iterum:

1954 4811 2086 4865 Cum
2118 4807 2390 4861 veni~sent
2422 4804 2630 4859 barbari
2681 4805 2732 4858 in
2767 4804 3033 4877 Scylhitn,
3065 4807 3263 4860 recessi
3297 4806 3441 4872 inde,
3485 4819 3544 4862 et

1956 4901 2079 4956 veni
2129 4901 2182 4954 in
2227 4907 2404 4968 partes
2446 4897 2627 4965 (ἔοικ’,
2675 4898 2961 4966 aceepique
3012 4896 3142 4951 mihi
3191 4896 3435 4952 cellulam
3485 4900 3539 4954 in

1955 4990 2302 5048 monasterio.
2351 4988 2528 5044 Abbas
2557 5002 2684 5042 vero
2732 4990 2844 5057 ipsa
2880 4986 2965 5041 die
3004 4986 3151 5041 dedit
3184 4987 3313 5041 mihi
3346 4988 3538 5043 librum

1955 5082 2021 5138 ad
2049 5081 2354 5152 legendum,
2382 5078 2435 5132 in
2464 5093 2570 5146 quo
2597 5092 2785 5133 senum
2815 5083 2962 5145 gesta
2994 5074 3109 5146 (l3)
3137 5076 3331 5148 scripta
3362 5088 3537 5135 erant.

1955 5175 2188 5243 Moxque
2233 5182 2291 5225 ut
2332 5169 2517 5239 aperui
2549 5169 2765 5231 librum,
2794 5168 3027 5222 occurrit
3054 5167 3221 5222 oculis
3248 5168 3538 5237 capitulum

1955 5262 2117 5329 istud,
2150 5262 2289 5331 quod
2319 5260 2520 5315 venerit
2550 5259 2764 5327 quidam
2792 5256 2955 5312 frater
2978 5258 3042 5313 ad
3071 5272 3277 5325 senem,
3310 5260 3535 5315 dixerit-

1953 5374 2055 5424 que
2083 5357 2155 5409 illi
2184 5370 2198 5410 :
2222 5356 2325 5409 Ora
2349 5368 2444 5423 pro
2468 5367 2574 5417 me,
2600 5352 2786 5415 Pater;
2814 5350 3005 5405 dixerit
3026 5361 3201 5407 autem
3230 5353 3305 5406 illi
3332 5368 3497 5409 senex
3516 5370 3535 5409 :

1952 5450 2085 5503 Cum
2116 5462 2264 5501 esses
2292 5446 2590 5508 uobiscum,
2618 5441 2833 5497 orabam
2865 5458 2958 5511 pro
2986 5452 3068 5506 te;
3101 5460 3241 5499 nunc
3267 5454 3443 5499 autem
3466 5460 3532 5500 ex

1950 5557 2057 5613 quo
2094 5542 2145 5595 in
2180 5539 2389 5609 prepria
2421 5536 2626 5602 abiisti,
2662 5550 2765 5590 non
2793 5536 2901 5603 jam
2931 5550 3025 5589 oro
3054 5553 3149 5602 pro
3190 5546 3258 5590 te.
3305 5536 3373 5592 Ut
3398 5552 3525 5604 ergo

1952 5635 2053 5706 logi
2080 5649 2178 5703 ego
2207 5629 2492 5699 capitulum
2524 5627 2687 5694 istud,
2721 5628 2876 5696 plicni
2909 5628 3119 5691 librum,
3144 5638 3198 5680 et
3224 5626 3332 5679 dixi
3367 5629 3419 5707 in
3447 5639 3534 5678 me

1954 5726 2071 5794 ipso
2112 5741 2127 5777 :
2177 5724 2264 5777 Va:
2299 5722 2414 5787 tibi,
2451 5721 2671 5784 lreuaee,
2703 5720 2823 5789 quia
2857 5718 2906 5772 in
2940 5716 3156 5787 propria
3188 5717 3399 5780 venisti,
3431 5730 3530 5774 nec

1947 5819 2058 5884 jaui
2090 5824 2241 5873 orant
2269 5828 2366 5883 pro
2399 5822 2450 5869 te
2479 5810 2686 5867 Patres.
2739 5810 2969 5878 Moxque
2996 5806 3184 5863 librum
3233 5808 3412 5863 abbati
3444 5821 3528 5863 re—
