4052 6362
566 314 663 364 H7

1691 322 1773 374 [ΗΞ
1818 320 1992 377 VITlS
2036 322 2314 379 PATRUM
2357 325 2555 383 LIBER
2600 330 2666 385 Χ.

3734 345 3845 405 138

553 423 799 478 stitntens
847 430 1062 495 recessi,
1110 438 1160 483 et
1201 432 1319 484 veni
1354 431 1404 485 in
1446 431 1559 485 loca
1595 432 1718 487 ista.
1766 435 1828 487 lit
1857 438 1970 490 haec
2002 434 2131 488 mihi
2159 438 2211 497 Α
2242 438 2530 503 provincia.
2565 440 2837 495 Profectus
2869 457 2995 496 vero
3039 444 3202 500 frater
3231 447 3433 504 invenit
3477 451 3693 509 leonem
3737 455 3831 521 ja-

551 527 710 568 causa
741 516 854 583 fuit,
904 520 1073 586 filioli,
1103 522 1355 577 veniendi
1402 523 1454 577 in
1481 523 1623 579 hunc
1652 524 1824 578 locum

1149 635 1375 690 CAPUT
1418 634 1549 690 LVI.

629 722 748 779 Vita
768 726 981 780 Joannis
1010 729 1249 798 discipuli
1274 732 1407 781 senis
1434 731 1626 795 magni,
1650 733 1737 797 qui
1769 732 2065 786 morabatur

1064 802 1115 852 in
1144 801 1248 852 rica
1278 799 1630 868 Caparasima.

628 887 913 944 Ptolemais
954 894 1147 945 θινὶιθε
1187 903 1266 945 est
1300 893 1591 957 Phoenicis,
1626 893 1675 947 in
1723 896 1822 950 hac
1867 898 2014 953 vicus
2054 911 2133 952 est

550 982 640 1048 qui
672 981 866 1036 dicitur
889 986 1224 1052 Caparasitna
1250 983 1449 1055 [GI-(rce
1479 987 1800 1062 ιιαράσημα].
1834 992 1886 1042 ln
1919 1007 1984 1044 eo
2015 994 2135 1048 vico

548 1087 711 1129 senex
739 1078 951 1147 quidam
996 1089 1111 1130 erat
1151 1093 1394 1145 magnus,
1430 1080 1764 1150 habebatque
1792 1085 2130 1152 discipulum,

543 1164 806 1220 Joannem
850 1173 1078 1230 nomine,
1111 1178 1164 1221 ct
1203 1169 1376 1238 ipsum
1425 1186 1697 1237 magnum,
1740 1173 2132 1242 singularistpte

543 1258 812 1312 nhetlienti
832 1278 879 1311 c.
912 1259 1147 1326 Quadam
1176 1276 1301 1329 ergo
1329 1262 1416 1316 dte
1454 1262 1599 1315 misit
1622 1278 1784 1317 senex
1812 1267 2129 1333 discipulum

541 1363 693 1401 snmn
746 1351 796 1403 itt
829 1351 1209 1415 ministerium,
1241 1354 1372 1405 dans
1403 1355 1450 1406 ei
1480 1362 1534 1407 et
1563 1356 1797 1407 modicus
1838 1373 2000 1424 panes
2034 1374 2131 1426 pro

541 1440 679 1493 victu
712 1456 827 1493 suo.
877 1442 1151 1495 Proiectus
1199 1452 1279 1495 est
1327 1456 1502 1497 autem
1550 1444 1865 1513 discipulus,
1902 1458 1956 1500 et
1984 1465 2129 1501 com-

538 1534 682 1603 pleto
713 1533 1011 1587 ministerio
1050 1535 1226 1597 rediit,
1262 1535 1546 1604 retulitqne
1582 1551 1763 1601 panes.
1805 1537 2000 1590 \iidcns
2031 1554 2129 1590 au-

540 1635 644 1680 tem
694 1627 877 1681 senior
906 1641 1088 1695 panes,
1127 1627 1199 1681 ait
1231 1628 1278 1681 ei
1305 1644 1318 1681 :
1346 1628 1466 1691 Fili,
1500 1645 1666 1697 quare
1713 1647 1815 1682 non
1846 1631 2124 1684 comedisti

539 1732 703 1784 panes
729 1734 864 1787 quos
892 1720 1012 1772 dedi
1050 1719 1176 1772 tibi?
1211 1719 1509 1773 Prostraius
1536 1722 1622 1773 ille
1650 1736 1830 1772 coram
1860 1736 2010 1786 sene,
2046 1721 2124 1775 di-

2245 539 2475 584 centem.
2505 532 2745 602 Cumque
2774 534 2933 588 verba
2979 539 3127 591 senis
3160 539 3233 591 illi
3279 539 3525 608 dixisset,
3558 546 3831 603 continuo

2241 623 2457 677 recessit
2493 625 2593 678 leo.

2831 696 3059 759 CAPUT
3098 700 3234 756 LIX.

2546 788 2664 842 Vita
2692 791 2887 845 abbatis
2918 791 3166 848 Tltalclwt'
3197 796 3308 864 (ιδ)
3342 795 3532 854 Cilicis.

2310 880 2490 934 Abbas
2522 882 2714 938 Petrus
2742 885 3023 956 presbyter
3057 888 3298 955 ejusdem
3332 895 3664 958 monasterii,
3699 910 3839 949 nar-

2238 974 2374 1027 ravit
2396 975 2547 1029 nobis
2569 978 2636 1031 de
2660 978 2854 1033 abbate
2876 979 3148 1035 Thalelaeo
3174 980 3360 1050 Cilice,
3384 986 3524 1053 quod
3548 990 3835 1057 sexaginta

2236 1080 2404 1119 annos
2446 1070 2796 1136 transegissct
2828 1072 2878 1123 in
2912 1073 3014 1123 vita
3052 1075 3342 1127 tnonastica
3375 1091 3644 1142 nuntuam
3688 1078 3831 1132 ﬂere

2236 1157 2525 1225 desistens,
2560 1162 2846 1232 dicensque
2875 1165 3074 1233 jugiter
3102 1179 3117 1218 ε
3148 1166 3381 1237 Tempus
3410 1169 3511 1223 hoc
3550 1171 3706 1225 nobis
3753 1173 3825 1225 ad

2241 1253 2606 1317 pmnitentiam
2648 1255 2910 1310 indultum
2939 1268 3041 1322 est,
3074 1268 3128 1313 et
3153 1262 3303 1315 valde
3333 1262 3639 1332 requiretur
3668 1279 3698 1317 a
3730 1282 3833 1318 ttu-

2237 1345 2321 1398 bis
2352 1346 2396 1399 si
2426 1346 2554 1400 illnd
2587 1350 2983 1418 neglexerimus

2841 1461 3068 1520 CAPUT
3111 1465 3221 1522 LX.

2234 1546 2455 1602 Factum
2501 1553 2757 1635 egregium
2786 1556 3210 1635 sanctimonialis
3261 1575 3495 1628 ,cmmw,
3547 1580 3639 1631 per
3689 1568 3833 1635 quod

2306 1634 2647 1687 cmnpnnctus
2675 1623 2969 1679 adolescens
2999 1628 3109 1696 ejus
3140 1623 3361 1697 amator,
3404 1623 3682 1689 monte/ms
3702 1623 3836 1703 ἐῙΪε·

2310 1702 2421 1743 ctus
2448 1701 2544 1744 cst.

536 1783 683 1864 xitei
708 1828 720 1861 :
742 1811 961 1877 Ignosce
983 1809 1131 1876 mihi,
1164 1811 1337 1873 Pater,
1363 1813 1481 1879 quia
1509 1829 1612 1864 non
1638 1813 2124 1878 benediiistimthi,
2158 1783 2207 1842 Β
2253 1874 2265 1879 _
2304 1783 2533 1879 Qu'dm"
2567 1800 2645 1838 νη
2679 1785 2853 1879 Mens
2882 1800 3118 1879 “nam
3156 1792 3331 1857 "Ob'S'
3362 1810 3483 1848 cum
3516 1796 3566 1849 in
3592 1797 3833 1852 A'e‘an‘

534 1914 656 1951 cum
691 1900 932 1953 mitteres
963 1914 1067 1964 me,
1100 1916 1271 1969 neque
1294 1900 1497 1967 jussisti
1532 1911 1589 1954 ut
1618 1904 1792 1954 cibum
1837 1919 2124 1969 sumerem,

542 1989 861 2044 idcirconon
886 1994 1106 2059 sumpsi.
1132 1994 1537 2062 Adtniramsqne
1560 2009 1719 2047 senex
1745 1994 2125 2050 discretionem

540 2082 741 2143 fratris,
777 2082 1047 2135 benedixit
1077 2098 1218 2135 eum.
1554 2132 1557 2137 .
1676 2088 1681 2091 ’

608 2175 684 2229 Ad
714 2176 851 2227 hunc
876 2175 1089 2228 fratrem
1116 2186 1233 2246 post
1253 2177 1625 2230 dormitionem
1656 2180 1819 2242 senis,
1844 2195 1961 2231 cum
1982 2180 2124 2248 jeju-

536 2277 715 2319 nassct
759 2269 1102 2336 quadraginta
1151 2268 1361 2329 diebus,
1395 2284 1495 2320 vox
1544 2267 1680 2322 facta
1730 2278 1813 2322 cst
1842 2269 2118 2335 divinitus,

537 2359 754 2414 dicens:
778 2358 1340 2427 Superqnemcnnqne
1378 2361 1620 2413 meritum
1665 2362 1984 2429 imposueris
2019 2378 2123 2415 ma.

537 2465 659 2514 nus,
690 2453 979 2505 curabitur.
1011 2452 1178 2521 878
1209 2452 1359 2505 Mane
1389 2466 1567 2505 autem
1598 2451 1759 2519 facto,
1795 2468 1886 2520 per
1908 2453 2123 2521 dispen-

532 2543 796 2595 satiOnem
826 2542 939 2605 Dei,
962 2559 1085 2595 cccc
1110 2544 1268 2594 homo
1295 2543 1507 2610 quidam
1534 2558 1652 2596 cum
1671 2559 1834 2596 uxore
1854 2545 2117 2610 veniebat,

527 2634 683 2702 cujus
709 2633 998 2686 mamillatn
1028 2634 1205 2686 cancri
1236 2635 1456 2687 morbus
1483 2635 1852 2688 consumebat.
1883 2635 2119 2703 flogabat

526 2741 657 2794 ergo
683 2725 830 2779 illiilli
856 2729 933 2778 vir
953 2725 1070 2792 ejus
1093 2738 1147 2779 ttt
1172 2742 1393 2779 uxorem
1426 2740 1576 2779 suam
1607 2736 1843 2781 curaret.
1874 2730 1971 2795 Qui
1995 2744 2114 2782 cum

523 2826 857 2886 pcccatorem
885 2833 942 2871 se
968 2819 1191 2883 diceret,
1225 2828 1279 2872 et
1313 2819 1586 2887 indignum
1614 2819 1677 2871 ad
1715 2821 1817 2873 tale
1848 2832 2115 2874 attentan-

525 2911 652 2963 dum
676 2925 828 2980 Opus,
855 2912 934 2965 vir
957 2911 1044 2965 ille
1069 2912 1387 2981 persistehat
1412 2928 1594 2978 orans,
1618 2924 1674 2965 ut
1694 2923 1959 2968 annueret
1986 2915 2109 2979 sibi,

524 3004 820 3072 morisque
858 3016 969 3056 sua:
997 3003 1360 3057 mi:ereretur.
1410 3004 1543 3056 Cum
1593 3020 1716 3056 vero
1762 3003 2103 3074 imposuisset

526 3094 600 3148 illi
630 3111 866 3160 manum,
898 3097 1295 3165 mamillatnqne
1323 3097 1545 3165 signass-
1569 3107 1609 3158 t,
1639 3098 1892 3149 continuo
1920 3111 2104 3152 sanata

2234 1874 2347 1926 dria
2382 1889 2645 1938 essemus,
2679 1876 2782 1930 tale
2808 1877 3056 1946 quiddam
3083 1895 3095 1931 :
3128 1880 3595 1950 Sanctimonialis,
3627 1887 3825 1957 inquit,

2233 1967 2475 2035 qnaadam
2508 1970 2730 2023 sedebat
2772 1972 2823 2024 in
2865 1972 3025 2025 domo
3055 1988 3147 2027 sua
3181 1976 3343 2030 vitam
3385 1979 3678 2034 solitariam
3726 1982 3829 2035 du-

2232 2072 2388 2123 cens;
2424 2060 2715 2130 salutisque
2744 2077 2855 2116 sure
2889 2066 3040 2118 valde
3069 2067 3321 2132 sollicita,
3349 2068 3573 2138 jejuniis
3603 2088 3665 2125 ac
3694 2075 3828 2143 vigi-

2233 2150 2316 2204 liis
2346 2154 2564 2206 vacabat
2586 2154 2809 2224 jugiter,
2843 2159 3143 2226 multasque
3171 2159 3398 2214 faciebat
3426 2164 3824 2234 eleemosynas.

2231 2245 2336 2298 Sed
2366 2245 2623 2298 bonorum
2654 2248 2891 2301 omnium
2936 2264 3145 2317 semper
3177 2251 3384 2306 invidus
3409 2253 3673 2316 diabolus,
3706 2269 3827 2309 tan-

2229 2343 2312 2388 tas
2355 2336 2403 2387 in
2436 2336 2638 2404 virgine
2669 2337 2893 2391 virtutes
2940 2355 3044 2391 non
3079 2338 3279 2406 ferens,
3312 2354 3494 2398 contra
3525 2346 3667 2398 illam
3702 2348 3823 2414 pul-

2228 2441 2405 2480 verem
2453 2428 2725 2481 excitavit.
2779 2428 3003 2482 Immisit
3033 2432 3174 2484 enim
3226 2434 3555 2488 adolescenti
3604 2438 3819 2490 cuidam

2227 2528 2434 2587 turpem
2479 2520 2544 2571 tle
2590 2519 2675 2572 illa
2721 2520 3147 2591 diabolicamqne
3197 2527 3522 2595 cupidinem.
3572 2530 3822 2583 Manebat

2225 2622 2401 2665 autem
2433 2626 2581 2666 ostra
2615 2615 2775 2667 limen
2807 2615 2919 2682 ejus
2952 2617 3287 2675 adolescens.
3331 2620 3462 2674 Cum
3491 2638 3623 2691 ergo
3668 2624 3821 2692 virgo

2223 2704 2308 2757 illa
2334 2704 2494 2757 domo
2521 2720 2616 2757 sua
2658 2705 2818 2759 vellet
2844 2708 3048 2776 egredi,
3082 2721 3241 2778 atque
3275 2712 3339 2765 ad
3384 2715 3663 2768 ecclesiam
3694 2732 3821 2769 ora-

2223 2793 2385 2846 tionis
2412 2794 2580 2861 gratia
2615 2810 2923 2862 occurrere,
2957 2799 3231 2867 ingeri-bat
3257 2817 3315 2855 se
3346 2802 3488 2858 illius
3516 2805 3654 2858 oculi
3705 2807 3813 2860 imo

2221 2901 2232 2951 ι
2258 2888 2418 2939 robus
2446 2897 2498 2939 et
2528 2887 2768 2954 impurus
2798 2890 3125 2952 adolescens.
3164 2908 3261 2946 nec
3286 2893 3428 2947 illam
3460 2897 3638 2965 egredi
3670 2897 3789 2952 sine

2219 2977 2328 3041 bat,
2369 2979 2630 3032 amatoria
2662 2980 2903 3048 quaedam
2935 2983 3094 3036 verba
3124 2986 3440 3053 procacibus
3480 2989 3700 3044 nutibus
3734 2992 3815 3045 illi

2218 3070 2593 3132 insusurrans;
2625 3072 2763 3125 adeo
2795 3083 2846 3127 nt
2875 3073 2984 3142 jam
3015 3090 3124 3142 pra:
3156 3065 3317 3131 nimia
3350 3079 3592 3134 mole-tia
3621 3081 3816 3138 adole-

525 3198 628 3242 εει.
661 3189 726 3243 Et
750 3204 814 3242 ex
842 3199 965 3240 tunc
989 3159 1343 3258 plurima-jam
1369 3159 1462 3256 per
1486 3191 1631 3243 illum
1655 3193 1803 3249 signa
1832 3192 1969 3245 Petis
1994 3210 2115 3260 ope-
2144 3159 2188 3220 Ο
2223 3175 2728 3260 ffe"‘_'5_c°g°“‘“"
2755 3168 2903 3260 ""3"
2934 3169 3094 3221 d'mm
3128 3184 3219 3223 sua
3248 3188 3504 3242 "usq'm'"
3534 3177 3810 3244 Dmgredi'

526 3289 678 3334 ratus
709 3290 812 3347 est,
858 3296 964 3334 non
991 3291 1189 3334 tantum
1218 3284 1267 3334 in
1304 3287 1406 3334 vita
1432 3296 1549 3345 sua,
1581 3299 1760 3336 verum
1805 3287 1962 3337 etiam
1995 3296 2114 3353 post

526 3382 782 3427 mortem.

1108 3443 1332 3498 CAPUT
1374 3442 1528 3498 μνη.

600 3558 740 3612 Mors
765 3559 1021 3614 Simeonis
1042 3561 1266 3630 Slylitw,
1297 3572 1343 3609 et
1366 3564 1429 3614 de
1446 3559 1659 3612 Jut’iauo
1681 3560 1863 3612 abbate
1888 3564 2040 3614 etiam

1223 3632 1426 3697 Stylile.

602 3748 961 3815 Quadraginta
986 3748 1097 3800 fere
1126 3747 1439 3800 milliaribtts
1471 3748 1537 3800 ab
1566 3748 1710 3815 .Egis
1740 3748 1955 3802 civitate
1985 3748 2111 3801 Cili-

526 3841 623 3895 cia:
666 3838 883 3909 Stylites
925 3849 1038 3893 erat
1069 3840 1281 3892 nomine
1310 3840 1559 3902 Simeon;
1609 3840 1692 3892 hic
1735 3841 1940 3908 fulgure
1987 3857 2110 3909 per-

525 3946 719 3986 cussus
740 3932 958 3984 interiit.
983 3930 1159 3984 Ahhas
1181 3947 1308 4000 ergo
1330 3930 1567 3984 Julianus
1591 3932 1808 4002 Stylites
1834 3932 2112 4003 presbyter

526 4032 722 4094 praeter
758 4024 1200 4077 consuetudinem
1250 4040 1397 4075 suam
1450 4022 1661 4077 insolito
1710 4033 1948 4088 tempore
1979 4023 2112 4076 dixit

528 4116 804 4181 discipulis
827 4114 975 4168 suis:
1003 4115 1190 4169 Mittite
1215 4115 1501 4185 thymiama
1535 4117 1584 4170 in
1617 4116 1944 4170 thnrihnluni
1970 4117 2105 4187 (14).

526 4207 625 4275 Qui
655 4206 908 4260 dixerunt
936 4208 981 4261 ei
1010 4226 1022 4260 :
1052 4206 1141 4260 Dic
1172 4209 1324 4261 nobis
1353 4222 1593 4271 causam,
1629 4209 1812 4272 Pater;
1854 4207 2104 4260 orabant-

525 4315 629 4365 que
671 4309 725 4353 ut
756 4299 957 4353 diceret
989 4301 1086 4353 eis.
1136 4300 1308 4354 Senex
1356 4313 1534 4354 autem
1565 4300 1697 4353 dixit
1728 4318 1738 4351 ε
1783 4301 1915 4364 Quia
1949 4298 2107 4351 modo

524 4392 693 4447 frater
741 4406 893 4445 mens
922 4392 1135 4445 Simeon
1183 4406 1211 4441 a
1245 4391 1451 4461 fulgure
1499 4392 1741 4460 dejcezns
1789 4391 2013 4451 interiit,
2056 4397 2110 4442 et

524 4503 651 4542 ecce
682 4488 867 4540 transit
896 4485 1071 4540 anima
1094 4486 1207 4555 ejus
1235 4502 1353 4540 cum
1386 4486 1617 4554 tripudio
1648 4495 1701 4538 et
1727 4485 2102 4537 exsultatione.

526 4578 802 4632 Distahant
837 4589 1014 4631 autem
1057 4578 1125 4631 ab
1169 4576 1395 4630 invicem
1426 4576 1739 4630 milliarilins
1771 4574 1883 4627 fere
1913 4574 2094 4643 viginti

524 4681 773 4739 quatuor.

1096 4739 1315 4795 CAPUT
1357 4736 1537 4793 LVIII.

1059 4852 1190 4905 Item
1241 4854 1303 4905 de
1339 4851 1571 4904 Iuliano.

598 4946 778 5000 Abbas
800 4945 1102 5012 Stephanus
1137 4943 1438 5005 Trichinas,
1471 4939 1777 4995 monasterii
1807 4939 1976 4994 sancti
2008 4940 2109 4994 Pa-

522 5037 619 5090 tris
646 5038 810 5090 nostri
836 5037 989 5091 Saliae
1014 5037 1258 5099 antistes,
1285 5046 1335 5103 et
1369 5036 1470 5087 hoc
1495 5034 1561 5087 de
1590 5041 1887 5086 memorato
1915 5032 2107 5087 abbate

522 5131 738 5185 Juliauo
766 5127 954 5198 Stylita
983 5128 1246 5192 narravit,
1278 5126 1417 5193 quod
1456 5125 1541 5178 leo
1578 5124 1726 5193 juxta
1760 5140 1880 5177 eum
1930 5126 2102 5178 locum

522 5221 574 5273 in
600 5235 703 5287 quo
726 5221 1033 5274 morabatur
1052 5234 1313 5287 apparuer
1340 5226 1378 5281 t,
1409 5217 1773 5283 plurimusque
1796 5218 2105 5283 peregrinos

525 5318 580 5363 et
615 5309 887 5378 indigenas
916 5324 1107 5363 necare
1153 5308 1342 5362 solitus
1374 5308 1549 5360 fuerit.
1600 5307 1690 5360 Die
1721 5322 1848 5375 ergo
1873 5308 2101 5377 quadam

523 5401 791 5455 advocatis
830 5400 1144 5467 discipulum
1194 5413 1347 5451 suurn
1394 5414 1579 5462 senex,
1617 5398 1951 5451 Pancratium
2003 5415 2102 5452 no-

527 5491 690 5555 mine,
731 5488 863 5540 dixit
892 5487 937 5538 ei
970 5503 983 5538 :
1017 5484 1162 5538 Vade
1203 5483 1366 5538 ferme
1397 5484 1501 5536 duo
1544 5484 1706 5536 millia
1758 5500 2006 5550 passuum
2040 5485 2105 5539 ad

526 5586 803 5640 Ansuutn,
839 5578 1181 5645 inveniesque
1211 5576 1315 5628 illic
1348 5576 1555 5629 leonem
1583 5576 1877 5643 jacentem,
1909 5578 1995 5630 cui
2023 5576 2103 5630 di-

526 5686 616 5727 ces
665 5689 679 5725 :
727 5670 945 5725 llnmilis
974 5666 1215 5722 Julianus
1261 5664 1313 5719 in
1362 5666 1577 5721 nomine
1620 5667 1743 5722 Jesu
1775 5668 1968 5722 Christi
2014 5669 2103 5722 filii

527 5763 620 5819 [lci
648 5760 958 5818 vivificantis
987 5759 1165 5816 omnia
1194 5760 1284 5815 tibi
1312 5760 1547 5829 pra:cipit
1579 5772 1631 5813 ut
1664 5762 1881 5816 recedas
1911 5762 1976 5815 ali
2008 5762 2104 5817 hac

2225 3256 2317 3309 llic
2364 3257 2524 3325 igitur
2551 3260 2776 3326 quadam
2806 3259 2951 3313 misit
2993 3263 3239 3316 ancillam
3289 3279 3437 3318 snam
3467 3266 3617 3335 virgo
3646 3269 3711 3321 ad
3742 3270 3813 3321 il-

2219 3350 2325 3401 lum
2358 3361 2411 3403 ut
2439 3351 2487 3405 ci
2519 3350 2722 3406 diceret
2750 3369 2764 3406 :
2794 3353 2949 3419 Vetti,
2985 3366 3135 3411 vocat
3169 3367 3218 3411 te
3243 3357 3457 3412 domina
3490 3376 3627 3413 utea.
3665 3363 3812 3415 Abiit

2218 3457 2344 3506 ergo
2371 3442 2434 3494 ad
2470 3442 2613 3495 illam
2662 3445 2922 3512 gaudens,
2956 3457 3011 3501 et
3054 3459 3299 3516 stuprum
3331 3455 3670 3508 committere
3713 3470 3811 3523 ge-

2215 3535 2406 3584 stiens.
2438 3534 2870 3589 Sanctitnunialis
2896 3553 3022 3592 vero
3049 3540 3271 3595 sedebat
3301 3543 3351 3596 in
3382 3545 3541 3599 cubili
3571 3560 3698 3610 suo;
3726 3547 3812 3599 in-

2215 3636 2401 3686 gressu
2431 3623 2586 3692 igitur
2607 3626 2932 3682 adolescenti
2967 3632 3041 3683 ait
3065 3647 3078 3682 :
3101 3632 3256 3687 Sede.
3282 3633 3522 3702 Cumque
3545 3637 3808 3695 sedisset:

2220 3713 2332 3776 Dic,
2363 3727 2463 3768 oro
2488 3724 2556 3775 te.
2592 3716 2775 3784 frater,
2811 3720 2979 3789 inquit
3010 3721 3123 3783 illa,
3154 3739 3249 3775 cur
3275 3724 3345 3776 ita
3379 3727 3509 3780 mihi
3544 3729 3810 3783 molestus

2214 3821 2294 3869 es,
2328 3823 2424 3861 nec
2459 3811 2719 3875 permittis
2766 3828 2851 3867 me
2892 3814 3053 3866 domo
3088 3831 3204 3869 mea
3255 3818 3478 3885 egredi?
3507 3819 3808 3887 Respondit

2216 3895 2529 3951 adolescens
2572 3916 2585 3953 :
2636 3901 2792 3966 Vere,
2856 3903 3091 3969 domina,
3159 3916 3207 3959 te
3266 3908 3491 3960 tntillum
3552 3924 3696 3973 amo,
3753 3922 3812 3965 et

2214 3989 2428 4055 quando
2464 4000 2514 4044 te
2546 3994 2790 4063 inspicio,
2823 4005 2965 4050 totos
3010 3999 3061 4050 in
3093 4000 3166 4051 tui
3198 4002 3689 4068 concupiscentiam
3722 4005 3808 4057 in-

2218 4082 2483 4137 llantmor.
2508 4085 2637 4147 Qute
2662 4086 2735 4138 ait
2757 4087 2821 4139 ad
2846 4089 2992 4143 illum
3017 4106 3029 4141 :
3053 4090 3313 4158 Quidnam
3337 4092 3389 4145 in
3418 4109 3501 4147 me
3525 4095 3806 4162 pulchrum

2213 4176 2409 4240 γῑάἱςιὶ,
2443 4178 2563 4245 quia
2597 4179 2673 4232 sic
2716 4193 2865 4233 amas
2912 4196 3017 4235 tne.
3049 4182 3140 4236 Ait
3187 4183 3502 4239 adolescens
3548 4203 3562 4237 :
3610 4186 3808 4242 Oculos

2214 4276 2362 4331 tuos;
2399 4268 2496 4337 ipsi
2529 4269 2670 4323 enim
2723 4270 3048 4326 seduxerunt
3078 4289 3183 4329 me.
3214 4274 3377 4345 Virgo
3408 4290 3540 4330 vero
3568 4287 3626 4331 ut
3650 4276 3806 4330 andi-

2213 4371 2288 4411 vit
2316 4361 2437 4429 quia
2470 4362 2609 4414 oeuli
2661 4362 2778 4431 ejus
2807 4364 2955 4418 illum
2996 4366 3354 4435 seduxissent,
3395 4376 3609 4437 sumpto
3652 4368 3806 4422 radio

2216 4456 2450 4508 textorio
2480 4472 2599 4508 tnox
2647 4457 2831 4511 oculos
2860 4460 3017 4511 eruit.
3070 4460 3181 4513 Hoc
3214 4472 3387 4515 autem
3420 4477 3539 4515 cum
3579 4461 3808 4517 vidi~set

2143 4540 2569 4613 Dadoleseens,
2636 4549 2842 4603 eruisse
2883 4551 3085 4605 sciliCet
3132 4552 3230 4604 sibi
3278 4552 3534 4621 virginem
3588 4555 3802 4616 oculos,

2213 4650 2562 4706 compunctus
2605 4641 2767 4694 corde
2817 4643 2947 4696 abiit
2993 4645 3044 4695 in
3075 4643 3340 4713 Scytltim,
3389 4645 3566 4713 ibique
3598 4645 3805 4699 sarculo

2213 4731 2554 4796 renuntiatis,
2587 4733 2805 4786 effecms
2833 4743 2916 4787 est
2947 4734 3355 4801 probatissimos
3384 4739 3707 4792 monachus.

2805 4845 3031 4901 CAPUT
3073 4846 3204 4902 LXI.

2600 4935 2717 4989 Vita
2756 4937 2952 4991 abbatis
2982 4938 3182 4991 Leontii
3216 4938 3411 4995 Cilicis.

2287 5024 2543 5079 Dicebant
2564 5027 2781 5096 quidam
2807 5027 3018 5081 Patrum
3049 5029 3114 5082 de
3147 5030 3336 5083 abbate
3359 5028 3586 5084 Leontio
3607 5030 3798 5095 Cilice,

2210 5118 2351 5184 quod
2385 5119 2435 5171 in
2461 5118 2719 5188 obsequio
2740 5119 2968 5173 domina:
2991 5130 3186 5174 nostra:
3209 5122 3379 5175 sancti
3406 5121 3496 5176 Dei
3514 5123 3798 5190 genitricis

2209 5208 2369 5262 fuerit
2395 5207 2837 5274 ferventissimus,
2863 5225 2925 5263 ac
2953 5226 3047 5280 per
3065 5212 3414 5281 quadraginta
3447 5229 3616 5267 annos
3647 5232 3757 5269 non
3776 5244 3795 5256 ο

2208 5314 2369 5368 quam
2392 5300 2458 5353 de
2489 5301 2625 5354 illius
2657 5302 2857 5369 templo
2888 5304 3187 5357 recesserit.
3215 5302 3342 5357 Erat
3367 5312 3546 5358 autem
3578 5320 3799 5374 semper

2212 5389 2363 5444 mine
2395 5390 2693 5459 gravitatis,
2722 5403 2775 5446 ct
2802 5391 2900 5446 sibi
2925 5391 3123 5461 jugiter
3162 5391 3467 5448 intendens.

2287 5482 2542 5537 Dicebant
2572 5491 2625 5555 et
2663 5483 2761 5537 hoc
2790 5481 2857 5536 de
2886 5483 2995 5549 illo,
3020 5483 3157 5552 quod
3184 5484 3230 5537 si
3254 5484 3476 5539 vidisset
3506 5501 3799 5555 pauperem

2212 5575 2513 5629 venientem
2561 5554 2628 5628 ad
2673 5589 2767 5641 se,
2813 5574 2856 5628 si
2885 5574 3098 5643 quidem
3147 5571 3239 5629 ille
3281 5585 3426 5630 esset
3468 5591 3666 5642 caacus,
3697 5592 3799 5647 per

2212 5685 2428 5722 manum
2477 5667 2554 5721 illi
2605 5669 2907 5740 porrigebat
2951 5669 3379 5735 eleemosynam;
3431 5671 3474 5725 si
3504 5678 3683 5725 autem
3713 5671 3796 5725 vi-

2212 5764 2368 5827 dens,
2400 5763 2627 5830 ponebat
2673 5775 2795 5817 ante
2832 5761 3016 5830 illum,
3080 5764 3245 5834 879
3286 5772 3377 5818 aut
3422 5763 3475 5821 in
3523 5765 3797 5820 columnae
