4052 6362
304 343 402 397 HD

1561 341 1839 396 I‘RA'I‘L'M
1882 343 2323 400 SPIIII'I‘UALl-I.‘

3464 339 3569 398 I50

297 459 434 524 basi,
483 467 576 512 ant
620 460 671 512 in
722 475 942 512 scamno
968 502 980 523 ,
1030 446 1137 512 aut
1176 460 1228 511 iii
1280 460 1565 512 sanctuarii
1606 460 1876 526 gradibus.
1913 468 1955 520 Α
1987 461 2249 525 debuisti;
2284 478 2403 515 nam
2435 464 2477 515 si
2501 464 2688 517 merita
2730 473 2783 517 et
2814 464 3034 535 gloriam
3078 464 3257 518 fratris
3287 465 3358 518 tui
3383 463 3568 519 videre

291 549 470 618 Atque
490 550 614 603 itide
640 550 781 603 illam
817 551 1037 604 tollebat
1064 565 1281 618 pauper.
1314 550 1673 620 Interrogatus
1699 558 1873 603 autem

292 655 322 693 ι
352 655 485 695 sene
512 657 525 692 :
551 639 747 707 Quare,
781 642 958 702 Pater,
1007 656 1099 710 per
1130 657 1314 694 manus
1364 658 1468 695 nou
1500 644 1594 696 das
1646 641 1881 696 eleemo-

292 731 496 800 tyrias?
524 733 802 800 respondit
829 748 842 784 :
889 732 1106 800 Ignosce
1138 731 1289 791 mihi,
1319 731 1506 797 Pater;
1541 747 1715 800 neque
1736 734 1878 786 enim

290 836 394 890 ego
423 836 543 876 sum
573 823 661 888 qui
708 822 849 875 illam
898 823 1129 888 praebeo,
1161 823 1263 876 sed
1297 821 1513 876 domina
1544 838 1660 877 mea
1692 831 1879 877 sancta

293 911 391 965 Dei
421 912 674 982 getiitrix,
702 926 821 979 quae
848 922 901 965 et
927 927 1030 977 me,
1059 923 1112 965 et
1137 911 1257 965 illos
1286 912 1471 967 nutrit.

860 1023 1088 1079 CAPUT
1144 1024 1301 1078 LXII.

299 1132 422 1186 Vita
450 1134 641 1187 abbatis
675 1136 923 1206 δίρριιίυιὶ
967 1137 1262 1215 titanasterii
1282 1140 1294 1156 '
1320 1134 1637 1189 zEliotarum
1668 1138 1870 1207 presby-

1035 1214 1149 1258 teri.

370 1319 613 1374 Narravit
641 1319 792 1372 nobis
812 1335 945 1372 unus
963 1336 1030 1373 ex
1063 1320 1276 1373 senibus
1299 1319 1366 1374 de
1387 1319 1582 1373 abbate
1604 1321 1880 1389 Stephano

286 1414 604 1481 presbytero
634 1413 939 1465 monasterii
971 1412 1312 1476 lEliotarutn,
1340 1412 1482 1482 quod
1526 1429 1647 1467 cum
1671 1416 1881 1469 sederet

290 1506 346 1555 In
376 1502 508 1556 cella
531 1518 649 1564 sua,
679 1503 895 1557 immisit
928 1503 1003 1557 illi
1032 1504 1385 1574 cogitationes
1412 1504 1621 1558 dannon
1652 1505 1875 1559 dicens:

290 1595 525 1661 Recede,
552 1596 682 1649 nihil
713 1597 852 1649 enim
888 1596 972 1652 hic
1007 1596 1241 1666 proficis.
1267 1598 1442 1651 Senex
1471 1607 1647 1651 autem
1670 1599 1877 1653 diccbat

288 1689 529 1743 dzemoni
560 1707 570 1741 :
603 1689 717 1742 Non
747 1689 904 1742 audio
933 1702 1004 1754 te,
1036 1691 1148 1745 scio
1169 1692 1308 1746 enim
1340 1693 1457 1759 quis
1486 1706 1573 1756 cs;
1602 1692 1743 1745 ferre
1773 1708 1879 1747 non

288 1792 448 1850 potes
477 1791 534 1835 ut
561 1782 753 1852 aliquis
782 1784 1051 1849 salvetur;
1076 1783 1168 1837 sed
1194 1784 1439 1837 Christus
1468 1782 1633 1837 Filius
1657 1784 1749 1839 Dei
1777 1786 1876 1839 vivi

288 1872 409 1941 ipse
440 1883 489 1927 te
517 1883 781 1928 conteret.
986 1884 1001 1893 δ

860 1944 1088 2000 CAPUT
1127 1945 1305 2001 LXIII.

924 2034 1000 2089 De
1036 2038 1234 2090 eodem.

366 2126 619 2181 Dicebant
658 2129 723 2182 de
775 2129 964 2183 eodem
1017 2131 1209 2184 abbate
1240 2131 1529 2198 Stephano,
1565 2132 1705 2201 quod
1756 2147 1876 2186 cum

283 2220 504 2274 sederet
529 2220 578 2273 in
612 2221 746 2275 cella
775 2237 869 2274 sua
902 2233 954 2276 et
982 2222 1204 2291 legeret,
1243 2226 1379 2277 venit
1416 2225 1606 2280 iterum
1634 2226 1879 2279 diabolus

281 2315 591 2379 visibiliter,
625 2316 864 2385 dixitque
904 2316 951 2369 ei
985 2335 995 2369 :
1030 2318 1259 2384 Ilecede,
1306 2318 1436 2371 nihil
1465 2319 1606 2370 enim
1639 2319 1722 2370 hic
1751 2334 1876 2386 pro-

283 2405 423 2459 ficis.
456 2404 601 2459 Tunc
634 2407 723 2461 ille
744 2407 974 2460 dtemoui
1001 2427 1012 2459 :
1047 2409 1100 2463 Si
1134 2410 1212 2462 vis
1239 2418 1292 2461 ut
1325 2409 1597 2469 recedam,
1631 2409 1711 2463 fac
1743 2420 1796 2461 ut
1826 2408 1875 2461 id

286 2500 348 2550 in
377 2513 481 2566 quo
529 2513 629 2567 ego
668 2500 832 2552 sedeo
860 2502 1118 2555 ambulet.
1152 2500 1385 2554 Sctlebat
1432 2511 1607 2553 autem
1644 2501 1693 2554 in
1746 2502 1877 2553 sella

283 2590 541 2643 viminea.
572 2589 686 2655 Quo
707 2592 910 2655 audito,
940 2593 1148 2647 dmmon
1192 2592 1472 2645 confestim
1504 2592 1695 2645 sellam
1732 2592 1875 2646 illam

279 2692 378 2747 per
400 2690 560 2733 totam
592 2680 779 2733 cellam
812 2682 1082 2735 ambulare
1115 2680 1260 2736 fecit.
1295 2684 1470 2737 Senex
1507 2691 1684 2734 autem
1719 2685 1865 2750 aspi-

276 2771 433 2824 ciens
463 2771 749 2824 versutiam
782 2771 1064 2837 dzetnonis,
1099 2772 1173 2825 ait
1220 2773 1294 2824 illi
1331 2789 1342 2822 :
1390 2771 1594 2840 Nempe
1624 2772 1874 2836 quoniam

278 2859 355 2912 ita
380 2860 533 2913 velox
566 2873 618 2913 et
644 2871 850 2913 astutus
897 2878 976 2926 es,
1009 2879 1113 2915 non
1149 2862 1275 2916 hinc
1332 2863 1545 2916 recedo.
1602 2861 1877 2931 Factaque

276 2954 350 3005 ab
371 2968 436 3008 eo
465 2953 721 3016 oratione,
750 2953 958 3007 daemon
992 2957 1237 3011 evanuit.

863 3038 1095 3099 CAPUT
1135 3044 1316 3099 L.\'|V.

920 3140 999 3193 De
1036 3139 1232 3192 eodem.

1981 553 2152 621 cupis,
2194 564 2338 609 retro
2377 564 2717 621 convertere,
2751 568 2806 612 et
2825 557 2969 613 vide.
3003 558 3409 627 Conversusque
3437 556 3567 612 vidit

1983 643 2199 697 fratrem
2250 659 2406 698 suum
2437 647 2748 707 crucifixum
2797 663 2917 703 cum
2964 649 3206 701 Domino.
3264 648 3452 717 Aitque
3499 647 3566 701 ad

1982 750 2103 789 eum
2137 736 2180 788 is
2205 735 2296 803 qui
2328 736 2403 790 illi
2431 747 2750 806 apparuerat
2775 755 2791 793 :
2828 740 2969 795 Ecce
2995 740 3046 793 in
3074 754 3174 808 qua
3203 737 3369 807 gloria
3397 734 3563 791 frater

1984 835 2105 880 tuus
2129 838 2232 882 est.
2268 826 2518 883 Glorif‘tca
2548 846 2676 899 ergo
2707 846 2827 886 eum
2857 832 2945 898 qui
2975 831 3238 900 glorititmt
3263 845 3355 885 eos
3386 829 3481 899 qui
3509 843 3569 885 se

1985 918 2211 990 diligunt
2251 921 2301 974 in
2335 922 2580 978 veritate.

2550 1036 2774 1092 CAPUT
2814 1038 2993 1092 LXVI.

2313 1147 2429 1201 Vita
2456 1149 2649 1203 abbatis
2692 1150 2964 1205 Theodosii
2997 1151 3232 1205 solitarii.

2054 1237 2232 1292 Abbas
2255 1240 2513 1294 Antonius
2547 1243 2860 1310 prmpositus
2888 1245 3193 1297 monasterii
3221 1242 3567 1307 Aﬁliotarnm,
3604 1240 3607 1245 ’

1983 1329 2073 1397 qui
2102 1331 2261 1383 etiam
2294 1331 2422 1385 illud
2471 1334 2775 1400 ωιιὶίίοςινίι,
2813 1345 3043 1388 narravit
3088 1336 3241 1388 nobis
3282 1335 3349 1390 de
3371 1335 3564 1389 abbate

1985 1417 2308 1482 Theodosio,
2340 1422 2480 1488 quod
2511 1436 2673 1477 Senex
2701 1424 2811 1491 ipse
2841 1424 2952 1478 Inec
2981 1425 3045 1478 de
3069 1426 3245 1493 seipse
3276 1426 3525 1477 narrabat
3551 1439 3565 1476 :

1986 1511 2297 1581 Priusquam
2327 1514 2393 1567 ad
2422 1516 2581 1567 vitam
2610 1516 2898 1569 solitariam
2934 1517 3265 1575 transissem.
3311 1514 3481 1571 factus
3511 1520 3564 1572 iu

1982 1605 2179 1657 exstasi
2212 1606 2392 1671 aspexi
2426 1606 2594 1658 virum
2626 1606 2933 1673 quemdam,
2963 1607 3115 1673 cujus
3163 1611 3371 1669 Species
3400 1607 3529 1661 clari
3550 1637 3564 1647 -

1985 1705 2147 1750 tatem
2204 1697 2332 1750 solis
2389 1698 2648 1752 vinceret.
2709 1699 2803 1754 Ilic
2834 1710 3020 1753 tenens
3085 1715 3299 1753 manuni
3349 1716 3565 1755 meam:

1984 1784 2141 1849 Veni,
2170 1786 2263 1852 ait,
2295 1788 2418 1857 quia
2450 1804 2686 1859 pugnare
2712 1802 2766 1845 et
2792 1791 2977 1844 luctari
3008 1800 3059 1844 te
3098 1792 3382 1860 convenit;
3410 1801 3463 1847 et
3489 1795 3565 1845 in-

1981 1874 2133 1930 duxit
2163 1893 2247 1930 me
2279 1876 2329 1930 in
2364 1879 2627 1933 theatrum
2676 1880 2895 1933 infinita:
2929 1881 3325 1949 magnitudinis.
3364 1882 3563 1948 Asitexi

1981 1979 2158 2020 autem
2205 1967 2469 2022 theatrum
2499 1972 2712 2038 plenum
2744 1971 2871 2025 viris
2907 1988 2973 2025 ex
3016 1988 3121 2024 una
3152 1983 3298 2040 parte
3330 1973 3559 2027 candido

1983 2060 2201 2128 amictu,
2231 2075 2295 2114 ex
2328 2062 2429 2123 alia
2461 2077 2587 2115 vero
2614 2065 2765 2132 nigro
2784 2062 3009 2116 vesdtis.
3033 2064 3166 2117 Cum
3194 2078 3320 2129 ergo
3349 2064 3565 2134 injecis-

1982 2162 2064 2208 set
2091 2168 2175 2207 me
2201 2155 2254 2208 in
2279 2156 2566 2217 theatrum,
2586 2158 2786 2225 aspicio
2805 2160 2975 2210 virum
3008 2158 3157 2211 mira:
3186 2156 3567 2227 magnitudinis

1981 2244 2312 2313 Ethiopem,
2345 2249 2495 2313 cujus
2523 2260 2681 2315 caput
2710 2250 3076 2317 turpissimum
3124 2250 3442 2318 penetrabat
3470 2266 3567 2304 nu-

1982 2334 2096 2388 bes.
2130 2335 2279 2388 'l'uric
2301 2338 2374 2389 ait
2398 2337 2461 2389 ad
2490 2354 2574 2391 uie
2598 2339 2807 2403 juvenis
2835 2340 2922 2393 ille
2945 2341 3032 2408 qui
3057 2339 3185 2394 mihi
3209 2354 3525 2409 apparuerat
3551 2358 3564 2391 :

1979 2423 2110 2478 Cum
2136 2425 2236 2479 hoc
2261 2428 2447 2481 luctari
2476 2438 2524 2481 te
2547 2439 2776 2496 oportet.
2808 2430 2919 2500 Ego
2943 2433 3029 2499 qui
3052 2443 3268 2500 aspectu
3293 2432 3389 2486 viri
3420 2432 3564 2486 illius

1983 2521 2190 2587 proceri
2222 2521 2437 2575 territus
2468 2538 2636 2587 eratn,
2673 2533 2906 2577 tremere
2944 2540 3005 2577 ac
3033 2539 3226 2593 parere
3253 2526 3413 2594 coepi,
3444 2532 3567 2578 ora;

1981 2611 2206 2681 bamque
2241 2614 2488 2681 juvenem
2516 2615 2659 2668 illum
2692 2616 2897 2683 SpletttII
2924 2630 3050 2684 tum,
3085 2620 3172 2687 qui
3219 2634 3302 2671 me
3335 2619 3566 2673 induxe-

1982 2715 2060 2755 rat
2089 2703 2140 2755 itt
2174 2706 2459 2769 theatrum,
2488 2707 2670 2761 dicens
2696 2723 2709 2760 :
2743 2709 2871 2774 Quis
2894 2710 3164 2762 hominum
3196 2712 3403 2763 mortali
3431 2726 3565 2764 con-

1978 2794 2183 2849 ditione
2221 2809 2271 2849 et
2303 2798 2612 2852 infirmitate
2641 2800 3023 2866 circmndatus,
3072 2817 3191 2855 cmn
3226 2807 3326 2855 hoc
3377 2802 3564 2855 luctati

1979 2887 2210 2954 posset?
2239 2887 2355 2942 Non
2402 2889 2577 2957 ipsum
2612 2891 2920 2945 universum
2952 2907 3118 2960 genus
3152 2894 3462 2955 humanum,
3518 2892 3567 2945 si

1978 2977 2028 3030 iit
2061 2992 2221 3031 unum
2252 2980 2503 3043 confluat,
2533 2981 2652 3034 huic
2682 2981 2935 3036 resistere
2966 2985 3239 3048 praevalet.
3273 2983 3356 3036 Ait
3386 2990 3565 3035 autem

1977 3065 2043 3119 ad
2076 3082 2159 3121 nte
2183 3068 2395 3137 juvenis
2440 3070 2527 3124 ille
2572 3071 2859 3137 praeclarus
2892 3089 2906 3125 :
2960 3073 3182 3126 I’rorsu;
3208 3088 3328 3127 eum
3385 3073 3481 3126 illo
3514 3082 3566 3128 te

1899 3189 1948 3251 Ω
1982 3158 2169 3213 luctari
2199 3175 2331 3226 Opus
2358 3170 2459 3216 est.
2494 3161 2787 3231 Ingredere
2827 3164 2990 3233 igitur
3033 3180 3153 3218 cum
3186 3164 3329 3217 omni
3376 3165 3567 3218 alacri--

351 3228 484 3283 Ττθε
505 3246 661 3286 εθίιεε
691 3242 952 3287 Vellem!“
978 3237 1043 3284 3"
1074 3230 1321 3283 abba‘e'"
1353 3228 1681 3296 Slcpl'mm“
1718 3242 1869 3293 pres“
1900 3228 1948 3252 υ
1980 3258 2087 3304 tale
2114 3261 2166 3303 et
2196 3250 2385 3307 fiducia
2412 3269 2425 3317 ;
2460 3228 2579 3307 moi:
2610 3255 2752 3308 enim
2783 3228 2917 3309 utiu
2946 3256 3092 3308 illum
3118 3254 3342 3309 adorsus
3372 3253 3562 3319 fueris,

274 3319 550 3390 byterunt,
574 3334 766 3377 etcum
799 3329 1204 3390 perseverarent
1237 3321 1514 3388 loquentes
1544 3319 1612 3372 de
1637 3319 1867 3373 utilitate

273 3414 497 3477 animae,
549 3416 759 3469 tacebat
799 3418 1000 3469 senior.
1054 3414 1244 3468 Dicunt
1273 3414 1322 3467 ei
1372 3428 1531 3466 senes
1564 3412 1678 3465 illi:
1730 3411 1870 3465 Nihil

274 3503 434 3558 nobis
460 3507 770 3574 respondes,
799 3507 993 3562 Pater?
1024 3507 1269 3560 utilitatis
1298 3504 1462 3573 gratia
1510 3506 1753 3558 venimus
1805 3504 1870 3557 ad

273 3607 353 3649 te.
381 3595 528 3651 'I‘une
556 3598 632 3650 ait
664 3598 797 3651 illis:
848 3598 1110 3665 Ignoscite
1152 3596 1306 3657 mihi.
1365 3610 1534 3663 ustpie
1573 3595 1732 3649 tuodo
1762 3608 1868 3649 nou

276 3687 630 3742 animadverti
663 3689 787 3757 quid
817 3689 976 3742 locuti
1009 3688 1161 3750 sitis;
1194 3697 1566 3741 verumtamen
1598 3686 1739 3754 quod
1771 3686 1863 3739 ha-

274 3780 408 3840 beo,
453 3782 552 3833 hoc
582 3781 704 3835 dico
743 3782 914 3836 Vobis.
952 3781 1063 3850 Ego
1094 3781 1180 3835 die
1239 3792 1504 3847 noctuque
1556 3778 1688 3832 nihil
1719 3778 1864 3832 aliud

274 3871 503 3940 aspicio,
535 3873 636 3926 nisi
679 3874 958 3927 Dominum
1005 3881 1246 3927 nostrum
1296 3871 1476 3926 .lesum
1508 3871 1783 3925 Christum
1820 3872 1872 3924 iu

278 3963 432 4033 ligno
464 3968 804 4032 pendentem.
838 3966 985 4033 Quod
1016 3980 1139 4019 cum
1165 3964 1461 4027 audissent,
1496 3964 1718 4018 multmu
1745 3964 1872 4017 mdi-

276 4058 424 4109 Iicati
459 4068 825 4112 recesserunt.

863 4148 1088 4202 CAPUT
1140 4148 1298 4201 LXV.

925 4239 1001 4292 De
1039 4241 1234 4293 eodem.

354 4332 536 4388 Abbas
567 4333 820 4398 Joannes,
848 4340 1200 4400 cognomento
1225 4330 1480 4400 Molybas,
1514 4331 1748 4383 narravit
1782 4342 1867 4379 no.

273 4422 364 4479 bis
395 4425 462 4477 de
495 4425 797 4478 venerando
826 4437 956 4477 sene
988 4422 1088 4476 isto
1133 4421 1288 4475 beato
1322 4421 1599 4488 Stephano
1653 4420 1873 4489 presby-

276 4526 423 4580 tero,
458 4516 598 4583 quotl
626 4531 748 4568 cum
779 4514 1064 4581 aliquando
1090 4512 1245 4581 jecur
1278 4511 1417 4565 illius
1445 4512 1679 4579 graviter
1717 4510 1871 4562 infir-

1974 3355 2074 3411 cgo
2095 3341 2306 3409 adjutor
2327 3344 2510 3407 adero,
2540 3346 2738 3414 tibique
2756 3346 2991 3400 victm-ite
3010 3361 3261 3399 coronam
3283 3360 3562 3413 repoiiam.
3628 3365 3634 3371 ·

1976 3433 2044 3488 Ut
2070 3449 2199 3505 ergo
2230 3436 2498 3505 ingressus
2529 3438 2593 3490 atl
2624 3448 2892 3494 certamen
2919 3456 3034 3494 sum
3086 3440 3381 3508 Inctarique
3427 3439 3566 3492 invi—

1974 3540 2090 3581 cem
2134 3528 2418 3595 cwpimus,
2450 3539 2703 3584 contnuo
2736 3532 3025 3598 pra-clarus
3061 3530 3151 3586 ille
3198 3532 3360 3601 judex
3393 3528 3565 3586 nostri

1974 3619 2280 3674 certaminis
2326 3621 2521 3686 adfuit,
2577 3624 2812 3693 mihique
2858 3640 3108 3679 coronam
3162 3623 3326 3680 dedit.
3381 3630 3558 3695 Atque

1976 3709 2247 3779 plebsilla
2274 3712 2524 3779 obscura,
2579 3714 2999 3785 AithiOpnmque
3044 3715 3327 3769 multitudo
3377 3714 3567 3783 ingens

1974 3804 2239 3872 eiulantes
2268 3820 2638 3873 evanuerunt;
2693 3822 2815 3876 pars
2844 3824 2972 3862 vero
3014 3809 3216 3870 reliqua
3254 3807 3566 3863 candidato-

1978 3910 2092 3950 rum
2120 3898 2314 3965 gratias
2338 3897 2413 3952 illi
2443 3908 2497 3951 et
2525 3900 2707 3953 Iaudes
2737 3897 3057 3964 referebant,
3086 3900 3176 3968 qui
3218 3913 3301 3952 ma
3326 3897 3563 3968 juverat,

1978 4003 2041 4044 ac
2078 3988 2336 4059 praeclara
2369 3990 2589 4044 victoria
2618 3991 2931 4044 donaverat.

2524 4103 2752 4159 CAPUT
2794 4102 2991 4161 LXVII.

2595 4216 2671 4273 De
2722 4220 2920 4273 eodem.

2046 4329 2214 4400 880
2252 4329 2326 4383 De
2354 4329 2454 4384 hoc
2482 4330 2676 4383 abbate
2722 4329 3023 4385 Theodosio
3054 4330 3291 4385 solitario
3328 4335 3565 4388 narravit

1978 4424 2134 4475 nobis
2184 4420 2350 4474 abbas
2374 4421 2631 4492 Cyriacns
2684 4422 2800 4490 ejus
2824 4422 3141 4491 discipulus,
3174 4423 3312 4494 quod
3348 4425 3565 4493 triginta
3613 4466 3618 4473 .

1975 4512 2211 4581 quinque
2239 4528 2410 4566 annos
2443 4516 2611 4582 egerit
2642 4513 2694 4569 in
2742 4514 3049 4579 solitudine,
3096 4532 3313 4583 semper
3340 4526 3458 4585 post
3486 4518 3566 4569 bi-

276 4618 541 4672 maretur,
574 4622 637 4661 ex
657 4622 757 4673 qua
787 4606 1095 4660 infirmitate
1111 4614 1296 4659 sancta
1318 4606 1404 4657 illa
1427 4604 1602 4657 anima
1625 4602 1869 4670 migravit
1900 4577 1950 4637 D
1977 4608 2139 4656 duum
2170 4605 2479 4666 comedens,
2513 4616 2565 4659 et
2590 4604 2782 4673 iugiter
2809 4607 3081 4661 silentium
3110 4622 3353 4673 servans,
3389 4624 3563 4678 neque

273 4717 305 4753 a
339 4714 586 4765 corpore,
610 4708 902 4768 coegerunt
936 4698 1082 4751 illum
1135 4697 1324 4751 medici
1372 4712 1591 4749 carnem
1648 4694 1870 4748 mandu-

273 4809 426 4847 care.
481 4795 610 4847 Erat
655 4803 831 4848 autem
883 4794 959 4848 illi
1014 4793 1179 4847 frater
1203 4792 1478 4847 swcnlaris
1507 4792 1746 4860 quidam,
1777 4791 1869 4844 sed

276 4886 435 4940 valde
484 4887 731 4954 religiose
757 4894 810 4939 ct
856 4885 1148 4938 secundum
1192 4884 1355 4939 Deum
1391 4885 1597 4936 vivens.
1650 4866 1870 4937 Factum

271 4987 362 5032 est
406 4985 584 5031 autem
614 4994 734 5031 cum
764 4992 956 5031 carnes
987 4976 1291 5030 comedere!
1341 4974 1640 5045 presbyter,
1682 4987 1870 5041 snper-

274 5070 427 5124 venit
458 5069 623 5123 frater
658 5070 772 5139 ejus
802 5069 1098 5132 sareularis,
1132 5068 1428 5135 vidensque
1469 5068 1613 5121 illum
1649 5082 1867 5121 vescen-

273 5173 386 5215 tem
426 5162 695 5224 carnihus,
727 5161 1116 5214 scandalizatus
1154 5172 1258 5221 est,
1302 5169 1356 5211 et
1388 5160 1537 5213 valde
1578 5161 1867 5213 centrista-

273 5266 381 5318 tus,
417 5254 558 5321 quod
595 5270 657 5307 ex
690 5262 834 5306 tanta
864 5253 1185 5307 abstinentia
1230 5262 1386 5320 atque
1438 5252 1761 5305 continentia
1816 5252 1866 5303 iu

256 5356 523 5397 extremo
550 5346 670 5396 vita:
700 5360 809 5396 sine
842 5355 1083 5411 tempore
1134 5344 1196 5395 ad
1244 5342 1628 5396 comedendum
1677 5357 1869 5395 carne;

271 5433 562 5487 devolutus
585 5443 750 5489 esset.
808 5432 923 5486 Mox
973 5448 1101 5499 ergo
1154 5434 1204 5486 in
1232 5434 1435 5487 exstasi
1495 5434 1681 5493 factus,
1739 5434 1869 5487 vidit

271 5527 561 5592 quemdam
609 5527 873 5580 dicentem
925 5527 1069 5579 sibi:
1120 5528 1294 5591 Quare
1335 5527 1412 5579 sic
1457 5525 1526 5581 de
1556 5528 1865 5597 proshy:c:o

271 5615 673 5671 scandalizatus
701 5631 780 5678 es,
827 5618 949 5681 quia
999 5616 1142 5668 illum
1179 5616 1316 5668 vesci
1350 5614 1601 5669 caruibtis
1643 5612 1881 5668 vidisiiI'

274 5704 466 5760 Nescis
495 5706 618 5775 quia
660 5704 993 5759 necessitate
1026 5706 1352 5774 compulsus,
1383 5712 1437 5756 et
1481 5714 1698 5773 propter
1738 5704 1865 5759 obe-

274 5797 538 5852 dientiam
572 5796 627 5851 id
657 5795 781 5851 fecit
801 5797 823 5850 ‘t
845 5794 1053 5865 Mtnpe
1085 5803 1363 5864 propterea
1387 5795 1733 5851 seatnlalizari
1759 5806 1861 5849 non

1973 4695 2038 4748 ad
2070 4699 2299 4765 aliquem
2334 4697 2589 4765 loquens:
2623 4706 2877 4753 cwterum
2922 4700 2965 4755 si
3006 4700 3150 4767 loqui
3182 4698 3458 4768 voluisset,
3489 4701 3587 4753 si-r

1972 4802 2078 4857 guo
2103 4790 2276 4853 potius
2307 4804 2463 4857 quam
2508 4790 2670 4844 verbo
2727 4792 2998 4843 utebatur.
3052 4790 3164 4844 Iloc
3201 4800 3256 4843 et
3299 4805 3401 4858 ego
3433 4791 3559 4844 vidi.

1973 4881 2137 4936 Mansi
2178 4882 2320 4935 enim
2366 4884 2416 4936 in
2443 4882 2631 4937 eodem
2662 4882 2978 4937 Ailiotarnm
3031 4881 3357 4935 monasterio
3408 4883 3564 4936 annis

1975 4974 2180 5029 decem.

2518 5045 2742 5101 CAPUT
2782 5044 3008 5100 LXVIII.

2602 5139 2679 5190 De
2730 5137 2923 5189 eodem.

2048 5228 2123 5283 De
2150 5228 2341 5284 abbate
2365 5228 2668 5284 Theodosio
2696 5244 2817 5282 cum
2840 5228 3078 5283 audisset
3105 5228 3390 5283 Ahramius
3420 5226 3559 5283 anti-

1976 5330 2085 5375 stes
2109 5330 2307 5373 saueta:
2335 5320 2513 5376 Mariae
2555 5336 2726 5381 novre,
2760 5319 2900 5386 quod
2935 5335 3037 5372 non
3089 5318 3309 5372 haberet
3330 5317 3552 5386 pallium

1977 5428 2082 5482 quo
2114 5414 2288 5467 hieme
2317 5424 2574 5481 uteretur,
2604 5413 2732 5465 emit
2763 5412 2855 5465 illi.
2887 5411 3041 5476 Quod
3075 5419 3352 5479 postquam
3375 5407 3556 5462 senior.

1974 5505 2201 5573 accepit,
2243 5502 2471 5574 quadam
2495 5504 2582 5557 die
2607 5518 2730 5558 cmn
2760 5503 3085 5558 obdormiret
3112 5501 3429 5570 (dormiebat
3458 5514 3553 5550 an.

1975 5606 2079 5669 tein
2110 5597 2161 5650 in
2192 5596 2325 5649 cella
2352 5595 2563 5664 senex),
2604 5595 2959 5649 ascenderunt
3007 5597 3260 5660 latrones,
3311 5600 3363 5644 et
3391 5601 3557 5642 exue-

1970 5702 2093 5747 runt
2126 5694 2271 5747 illum
2306 5688 2483 5762 pallio,
2530 5678 2893 5764 abeuntesque
2921 5706 3101 5745 secum
3148 5691 3271 5745 illud
3302 5691 3557 5743 tulerunt.

1970 5790 2089 5858 Quo
2117 5786 2275 5857 facto,
2302 5786 2432 5842 nihil
2462 5787 2680 5843 omnino
2710 5790 2919 5843 loeutus
2946 5795 3030 5853 est
3057 5798 3242 5838 senex.
