4052 6362
560 254 653 312 l5!
1697 268 1785 322 DE
1831 268 2007 326 VITIS
2047 268 2328 327 PATRUM
2373 273 2572 331 LIBER
2616 278 2681 335 Χ.
3720 291 3812 348 {53

2168 386 2220 442 Α
2321 387 2455 443 Dixit
2481 391 2674 446 iterum
2709 410 2723 446 ε
2759 393 3121 449 Observemtts
3151 396 3524 466 cegiutiones.
3546 403 3689 471 quod
3714 421 3809 463 me.

2248 476 2614 535 dicatnentum
2645 484 2834 538 salutis
2864 497 2951 540 est

2319 568 2459 623 Idem
2493 571 2656 626 abbas
2688 574 2975 641 Palladius,
3006 588 3222 644 rogatus
3245 595 3276 632 a
3307 580 3461 634 nobis
3507 592 3562 635 ut
3593 584 3810 644 adiﬁca-

2249 659 2411 716 tionis
2464 675 2661 717 nostra:
2710 681 2870 722 causa
2903 669 3111 724 diceret
3158 673 3312 725 nobis
3349 688 3454 741 qua
3485 676 3687 732 ratione
3706 683 3812 748 qui-

1124 399 1351 458 CAPUT
1392 402 1583 458 LXIX.

560 510 686 567 Vita
711 512 909 568 abbatis
940 515 1196 582 Pallati'ii,
1219 521 1413 573 (laeuis
1438 521 1905 578 Theualon’cemis
1928 525 2139 588 inclusi.

1127 592 1331 646 nomine
1374 591 1558 645 David.

623 698 969 758 Perreximcs
999 720 1101 758 una
1131 721 1231 775 ego
1281 716 1336 761 et
1363 707 1613 763 dominus
1656 710 1993 779 Sophronius
2046 712 2143 767 So-

550 790 750 858 phiste.
777 795 1084 861 priusquam
1101 796 1301 850 smculo
1323 800 1531 851 renunti
1550 808 1669 862 iret,
1688 798 1738 853 in
1758 801 2141 857 Alexandriam

552 886 616 936 ad
648 884 899 938 abbatem
953 885 1270 952 Palladium,
1322 889 1494 942 virum
1544 900 1809 958 sanctum,
1861 903 1915 947 et
1955 910 2140 950 verum

548 991 762 1032 servum
797 978 911 1045 Det,
942 979 1030 1048 qui
1063 981 1443 1034 monasterium
1476 998 1629 1035 suttm
1666 982 1972 1037 habebatin
1997 985 2138 1038 The-

2246 748 2450 818 busqne
2475 754 2888 823 cogitationibus
2918 760 2984 813 ad
3039 763 3394 817 monasticam
3426 774 3620 820 statum
3651 784 3812 825 acces~

2245 841 2438 906 sisset;
2466 856 2580 897 erat
2611 857 2788 900 autem
2821 864 2985 903 senex
3016 851 3533 920 Thessalonicensis,
3563 871 3617 911 et
3648 875 3812 914 narra-

2248 935 2320 986 vit
2346 934 2518 999 nobis,
2546 936 2730 991 dicens
2765 957 2779 991 :
2812 939 2864 992 In
2911 945 3127 1010 regione
3157 960 3272 996 mea
3299 961 3461 999 senex
3493 948 3703 1015 quidam
3729 968 3810 1005 es-

2248 1033 2327 1077 tra
2353 1044 2536 1081 muros
2563 1030 2792 1084 civitatis
2816 1035 2968 1099 quasi
3005 1037 3193 1092 stadiis
3241 1040 3408 1093 tribus
3446 1042 3678 1095 inclusus
3713 1058 3812 1099 erat

2245 1133 2310 1171 ex
2344 1119 2742 1186 Mesopotamia,
2774 1123 2988 1178 nomine
3023 1130 3207 1192 David,
3235 1131 3520 1185 virtutibus
3551 1135 3704 1189 valde
3740 1154 3811 1189 or.

2246 1218 2423 1273 nutus,
2457 1212 2766 1265 miscriciirs
2792 1224 2847 1267 et
2898 1220 3206 1273 continens.
3251 1221 3531 1292 Transegit
3558 1238 3729 1279 autem
3766 1232 3810 1280 in

2244 1300 2430 1354 cellula
2473 1303 2710 1358 inclusus
2757 1304 2869 1361 fere
2897 1324 3068 1364 annos
3110 1315 3383 1383 octoginta
3420 1315 3586 1385 [Alias
3624 1330 3811 1388 septua-

2245 1393 2433 1464 ginta}.
2489 1399 2752 1461 Quoniam
2786 1416 2913 1453 vero
2969 1415 3188 1471 propter
3241 1416 3438 1459 metum
3484 1408 3810 1464 barbarorum

548 1070 826 1124 lazomeno
852 1069 1073 1143 |ercc,
1102 1072 1478 1144 ΛεθασόμενονῙ.
1502 1074 1743 1144 Cumque
1768 1074 1916 1128 illum
1944 1079 2146 1142 pariter

546 1163 982 1226 o‘leprecaremur,
1013 1173 1070 1215 ut
1101 1165 1322 1217 verbum
1354 1166 1507 1219 nobis
1530 1167 1907 1220 :rdilirationis
1932 1169 2141 1236 impen-

546 1255 718 1319 deret,
754 1256 914 1322 cmpit
941 1270 1104 1309 senex
1136 1258 1203 1310 ita
1236 1258 1300 1309 ad
1346 1274 1441 1309 nos
1472 1258 1613 1327 loqui
1648 1276 1659 1310 :
1710 1259 1904 1322 Filinli,
1931 1270 2143 1328 tempus

542 1344 653 1411 jam
682 1345 1051 1399 abbrevratum
1086 1357 1188 1411 est,
1227 1356 1496 1402 certemus
1539 1348 1625 1402 hic
1658 1352 1949 1416 modicum,
1980 1362 2143 1420 atque

546 1436 855 1492 laboremus
887 1449 942 1492 ut
982 1440 1377 1495 immortalibus
1424 1441 1577 1495 benis
1622 1443 1675 1497 in
1725 1452 1987 1498 tetermtm
2022 1461 2143 1513 per-

544 1530 805 1584 frmmttr.
854 1530 1044 1585 Videte
1087 1544 1374 1604 martyres,
1424 1534 1604 1590 videte
1634 1536 1839 1605 pugiles
1868 1538 2138 1605 cmlesles,

543 1624 814 1691 quomodo
838 1626 1060 1681 viriliter
1089 1637 1142 1679 et
1174 1626 1382 1680 fortiter
1404 1638 1594 1682 cunzta
1621 1638 1964 1696 superarunt.
1994 1630 2140 1698 Quos

543 1722 877 1789 praeteritum
909 1722 1124 1789 quidem
1180 1732 1388 1791 tempus
1431 1725 1667 1791 agnovit,
1724 1728 1908 1778 vivunt
1954 1740 2133 1780 autem

542 1829 758 1880 semper
791 1814 843 1866 in
878 1815 1132 1868 memoria
1165 1827 1365 1877 nostra,
1413 1816 1600 1886 vixque
1633 1816 1764 1870 satis
1796 1818 2007 1870 illorum
2052 1827 2133 1871 to-

544 1904 829 1973 lerantiam
859 1906 1109 1959 admirari
1136 1921 1440 1973 possumus.
1460 1913 1794 1963 Attestantur
1810 1910 2138 1964 audientimu

544 1999 766 2066 singuli,
799 2009 1077 2065 stupentes
1103 2000 1168 2051 ad
1195 2008 1396 2054 tantam
1421 2000 1694 2054 beatorum
1723 2010 2014 2071 martyrum
2043 2015 2138 2068 pa-

545 2091 809 2157 tientiam,
833 2106 949 2157 qua!
983 2105 1106 2145 vere
1138 2100 1382 2144 naturam
1408 2092 1621 2145 excedit
1649 2094 1959 2146 humanam.
1993 2094 2140 2159 Quo-

546 2198 663 2236 rum
690 2182 810 2236 aliis
836 2181 1048 2250 quidem
1076 2182 1256 2236 elTossi
1280 2184 1579 2246 suntoculi,
1601 2184 1723 2236 aliis
1750 2185 1930 2236 excisa
1953 2198 2134 2245 crura,

546 2273 654 2326 illis
685 2283 976 2336 amputata:
1011 2289 1222 2337 manus,
1273 2274 1389 2326 istis
1426 2274 1647 2328 abscissi
1694 2276 1877 2342 pedes.
1913 2276 1973 2327 Et
2021 2274 2138 2327 illos

545 2367 759 2432 quidem
794 2364 929 2434 ignis
953 2375 1172 2433 repente
1196 2372 1548 2433 consumpsit,
1583 2368 1714 2419 istos
1737 2376 1913 2419 autem
1941 2365 2137 2418 lentius

545 2458 802 2521 adurens,
831 2458 920 2510 diu
946 2457 1225 2512 cruciavit.
1255 2459 1429 2521 Atque
1458 2458 1591 2511 alios
1622 2459 1875 2512 nimirum
1903 2459 2136 2527 profun-

545 2550 671 2602 dmn
699 2552 861 2603 maris
891 2550 1279 2619 excepit,alios
1305 2550 1522 2604 (lumina
1545 2551 1939 2603 .absorhuerunt
1964 2567 1979 2612 ;
2002 2549 2135 2604 alios

550 2641 675 2692 item
706 2640 936 2694 ferarum
967 2641 1177 2707 dentes,
1212 2645 1372 2696 veZoti
1405 2643 1778 2697 malefactores
1800 2643 2056 2711 quosdam
2083 2653 2135 2696 et

544 2732 859 2793 scclentos,
892 2733 1044 2787 vinos
1076 2742 1436 2800 acceperunt;
1470 2734 1602 2785 alios
1626 2733 1788 2786 variis
1818 2733 2137 2802 exquisitis-

543 2837 649 2889 que
675 2822 947 2891 snt-pliciis
969 2839 1322 2892 praemortuus
1353 2826 1403 2878 in
1440 2825 1618 2879 cibum
1650 2836 1989 2893 acceperunt.
2021 2825 2138 2880 Ce-

546 2924 785 2968 terorum
806 2916 984 2969 omnia
1025 2924 1213 2970 contra
1241 2916 1360 2970 illos
1392 2918 1680 2972 bellatores
1710 2918 1798 2971 Dei
1834 2929 2125 2973 tormento-

544 3023 662 3061 rum
700 3023 893 3077 genera
926 3012 1226 3076 excogitata
1256 3010 1439 3065 dieere
1493 3025 1598 3064 non
1658 3025 1962 3079 possumus,
2015 3026 2134 3073 qtttl'.

548 3103 817 3171 suggessit
864 3102 1077 3156 humani
1110 3104 1322 3170 generis
1353 3102 1603 3156 inimicus
1649 3103 1887 3166 da'tnun,
1938 3102 2131 3155 invidia

548 3200 847 3262 tu.:rtyrutn
879 3194 1114 3260 ipsorum
1145 3201 1200 3247 et
1228 3194 1395 3247 livore
1428 3193 1731 3248 tabescens.
1760 3194 1805 3249 Ο
1834 3210 1990 3265 quam
2023 3192 2137 3248 for-

552 3270 677 3339 iiter
703 3285 1116 3339 sustinuerunt!
1166 3296 1423 3351 oquanto
1477 3286 1596 3341 ﬁdei
1650 3287 1843 3341 ardore
1873 3301 2145 3355 pugnave-

551 3386 696 3439 runt,
725 3377 1144 3431 imbecillitatem
1169 3379 1410 3447 corporis
1435 3379 1627 3432 anima:
1651 3381 1849 3433 virtute
1876 3395 2141 3445 superan-

551 3480 657 3533 tes,
687 3478 737 3521 et
770 3483 889 3538 qua:
911 3479 1262 3538 speravertmt
1293 3470 1532 3539 praemia,
1559 3473 1913 3538 prmsentibus
1945 3472 2144 3526 labori-

552 3563 654 3617 bus
674 3562 914 3631 digniora
928 3574 979 3619 et
1001 3564 1155 3634 lor-ge
1170 3564 1546 3619 excellentiora
1560 3566 1855 3633 capientes.
1869 3565 1999 3628 Qua!
2024 3578 2147 3633 pro—

550 3653 885 3711 ft'ctoumnia
919 3657 1279 3711 ﬁrmissimam
1313 3656 1524 3710 illorum
1558 3658 1610 3709 in
1634 3668 1912 3725 utramque
1940 3666 2144 3724 partem

548 3748 714 3804 ﬁdem
733 3749 1105 3804 usreudebant.
1128 3749 1265 3804 [line
1287 3750 1519 3820 quidem,
1552 3748 1672 3817 quia
1703 3748 2007 3802 laborantes
2029 3764 2146 3802 mo-

549 3841 752 3906 dicunt,
784 3840 999 3895 eximiis
1025 3840 1184 3894 b'tnis
1214 3839 1265 3893 in
1309 3848 1570 3894 aiternum
1600 3839 1979 3908 perfruuntur;
2022 3840 2147 3895 inde

550 3908 703 3998 vero,
733 3933 852 4001 quia
885 3933 1149 3987 horrenda
1172 3934 1488 4002 corporibus
1526 3933 1739 3986 illorum
1772 3934 1975 3987 invecta
2006 3948 2142 4002 sup-

555 4022 740 4090 plicia,
772 4038 890 4091 quze
933 4024 1183 4077 inimicus
1212 4032 1397 4078 noster
1423 4025 1669 4078 diabolus
1705 4024 1936 4088 induxit,
1969 4025 2148 4080 fortis-

554 4116 693 4171 sime
719 4117 1107 4170 sustinuerunt.
1141 4115 1197 4170 Si
1229 4114 1390 4185 igitur
1422 4117 1795 4171 tribulationes
1828 4118 2145 4185 toleremus,

556 4219 611 4262 et
636 4225 755 4263 cum
789 4210 879 4264 Dei
911 4210 1077 4279 gratia
1103 4210 1398 4272 vincamus,
1431 4225 1556 4264 vere
1590 4210 1681 4263 Dei
1706 4221 1973 4265 amatores
2005 4212 2149 4264 inve-

555 4303 757 4365 nitnnr,
785 4301 1029 4369 Deosque
1048 4301 1323 4355 nobiscum
1338 4309 1439 4365 est,
1467 4317 1707 4370 pugnans
1737 4303 1852 4370 ipse
1880 4304 1931 4355 in
1965 4302 2144 4367 nobis,

559 4405 614 4447 et
658 4395 903 4460 vincens,
953 4394 1269 4463 laboresque
1299 4393 1451 4447 nobis
1478 4408 1540 4448 ae
1571 4392 1794 4449 sudat'es
1825 4392 2149 4461 dignationis

2244 1500 2399 1540 nocte
2423 1490 2555 1541 muri
2578 1489 2813 1544 civitatis
2835 1495 3278 1550 custodiebantur
3300 1513 3328 1550 a
3361 1499 3640 1565 militibus,
3665 1502 3711 1554 hi
3733 1506 3810 1569 qui

2244 1579 2389 1632 itlam
2429 1581 2566 1635 muri
2598 1592 2801 1649 partem
2841 1585 3225 1653 observabant,
3256 1605 3377 1659 qute
3408 1592 3555 1645 senis
3586 1595 3809 1649 cellulam

2244 1670 2583 1737 respiciebat,
2616 1683 2773 1727 nocte
2805 1677 3032 1746 quadarn
3063 1692 3391 1746 aspexerunt
3418 1685 3541 1747 quia
3588 1701 3653 1739 ex
3683 1687 3810 1741 fene-

2168 1771 2211 1828 B
2241 1762 2368 1815 stris
2409 1764 2614 1818 cellula:
2646 1767 2783 1835 ignis
2838 1768 3233 1836 egrediebatur.
3284 1773 3611 1830 Pttlaveruut
3654 1792 3810 1833 autem

2246 1855 2340 1907 mil
2367 1865 2446 1909 tes
2497 1857 2752 1913 barbaros
2788 1860 2838 1912 in
2872 1864 3062 1917 cellam
3117 1866 3260 1918 senis
3316 1868 3605 1935 ingessisse
3635 1873 3811 1940 ignem.

2247 1947 2397 2002 Mane
2425 1960 2603 2002 autem
2636 1952 2793 2011 laeto.
2830 1953 3054 2022 ingressi
3087 1958 3283 2010 milites
3315 1960 3570 2013 illH'ﬂerll
3597 1971 3632 2013 tt
3658 1972 3708 2016 et
3734 1978 3809 2018 se-

2245 2054 2367 2091 nem
2419 2038 2669 2107 illaesum,
2725 2051 2781 2097 et
2835 2046 3026 2099 cellam
3079 2051 3298 2103 ontuino
3339 2052 3743 2117 incontbustam,
3768 2065 3812 2109 et

2240 2132 2653 2199 obstupuerunt.
2707 2134 2909 2191 Rursus
2943 2140 3103 2207 igitur
3128 2146 3370 2209 sequenti
3400 2156 3560 2198 noete
3586 2147 3812 2199 eumdem

2240 2223 2567 2290 astricieutcs
2598 2228 2797 2297 ignem,
2831 2231 3259 2289 admirabantur.
3311 2236 3425 2289 Non
3458 2240 3629 2291 solum
3652 2249 3808 2291 autem

2240 2319 2482 2383 Sequenti
2517 2330 2670 2371 nocte
2702 2321 2839 2389 ignis
2868 2324 3030 2394 881
3089 2326 3141 2378 in
3195 2328 3326 2380 t'clla
3359 2330 3506 2382 senis
3556 2331 3802 2398 apparuit,

2242 2424 2427 2460 verum
2461 2420 2514 2461 ct
2565 2413 2731 2461 multo
2785 2422 3051 2482 tempore,
3116 2418 3184 2469 ita
3237 2430 3291 2471 ut
3344 2421 3608 2474 unitersaz
3636 2422 3809 2475 civitati

2244 2500 2581 2553 manifestum
2616 2501 2812 2557 factum
2839 2505 3019 2570 fuerit,
3053 2507 3371 2580 plurimique
3400 2522 3559 2566 nocte
3586 2515 3636 2567 in
3671 2530 3806 2567 mure

2239 2608 2379 2659 smpe
2411 2593 2700 2662 vigilarim,
2731 2597 3041 2665 inspTci-wli
3076 2602 3127 2671 ig
3150 2603 3211 2654 iis
3234 2606 3423 2672 gratia.
3455 2604 3611 2659 Visus
3637 2618 3795 2661 autem

2241 2685 2377 2751 ignis
2406 2688 2496 2741 ille
2521 2704 2687 2753 usipte
2730 2691 2793 2743 ad
2826 2693 3027 2746 obitum
3071 2696 3236 2748 senis.
3284 2696 3395 2750 Hoc
3424 2713 3526 2767 ego
3569 2700 3805 2753 miraculo

2240 2792 2347 2829 non
2378 2778 2546 2831 semel
2576 2787 2629 2832 et
2661 2780 2764 2845 bis,
2817 2783 2911 2835 sed
2961 2784 3156 2848 srepins
3188 2788 3449 2855 inspecm,
3494 2790 3604 2844 dixi
3660 2793 3708 2844 in
3736 2806 3807 2844 mc

2241 2867 2355 2935 ipso
2386 2869 2480 2923 :Si
2538 2868 2591 2923 itt
2622 2868 2723 2923 hoc
2772 2874 2966 2925 smculo
3017 2884 3215 2928 tantam
3263 2879 3483 2947 gloriam
3517 2880 3687 2934 servis
3713 2882 3809 2936 suis

2242 2961 2460 3029 largitur
2487 2964 2646 3023 Deus,
2670 2974 2923 3029 quantam
2951 2977 3102 3033 putas
3122 2971 3201 3022 cis
3229 2971 3526 3024 reservavit
3548 2973 3600 3025 iu
3624 2970 3805 3035 futuro,

2241 3053 2455 3115 quando
2484 3063 2540 3106 et
2567 3054 2779 3107 illorum
2812 3056 2976 3111 facies
3001 3058 3275 3128 fulgebunt
3307 3071 3363 3115 ut
3390 3064 3515 3117 sol?
3541 3066 3642 3118 Ista
3670 3063 3805 3130 mihi,

2165 3136 2212 3199 C
2245 3144 2413 3208 lilioli,
2446 3158 2603 3199 causa
2627 3146 2836 3200 exstitit
2860 3150 3146 3217 arripiendi
3171 3155 3527 3210 monasticum
3559 3155 3800 3221 habitum,

2248 3249 2301 3289 et
2334 3236 2470 3290 hanc
2495 3240 2957 3293 conversationem
2987 3240 3239 3311 eligendi.

2831 3350 3059 3406 CAPUT
3098 3351 3259 3407 LXX.

2411 3461 2529 3515 Vita
2561 3462 2801 3517 monachi
2826 3464 3000 3519 Addas
3032 3464 3440 3534 Mesopotameui
3467 3470 3673 3526 inclusi.

2321 3553 2545 3608 Dicebat
2577 3565 2630 3608 et
2662 3554 2761 3607 hoc
2790 3556 2943 3610 nobis
2971 3573 3158 3620 senex,
3188 3560 3327 3628 quod
3364 3572 3480 3630 post
3512 3562 3652 3616 hunc
3674 3560 3811 3615 abba-

2253 3653 2358 3700 tem
2392 3646 2556 3699 David
2586 3647 2735 3702 venit
2759 3659 2814 3703 et
2843 3649 2981 3703 alius
3005 3652 3301 3705 monachus
3328 3693 3341 3715 ,
3375 3656 3592 3709 nomine
3619 3655 3811 3717 Addas,

2250 3748 2302 3791 et
2332 3741 2447 3806 ipse
2470 3738 2537 3793 de
2564 3739 2948 3807 Mesopotamia
2968 3783 2983 3805 ,
3010 3752 3065 3797 et
3091 3743 3322 3810 seipsum
3350 3744 3566 3800 inclusit
3588 3747 3651 3800 ad
3675 3748 3812 3799 aliam

2253 3840 2459 3898 partem
2487 3832 2753 3898 civitatis,
2787 3832 2840 3885 iu
2868 3834 3097 3901 quadam
3122 3851 3309 3907 magna
3337 3840 3580 3907 platano,
3610 3839 3815 3907 fecitque

2249 3924 2353 3978 sibi
2378 3927 2667 3979 l‘enesrratu
2691 3966 2705 3990 ,
2733 3940 2799 3980 ex
2824 3941 2931 3996 qua
2956 3929 3116 3982 etiam
3145 3946 3265 3983 cum
3293 3931 3700 3987 advenientibus
3720 3930 3813 3985 col-

2256 4016 2599 4088 loquebatur.
2633 4017 2768 4073 Cum
2799 4034 2929 4090 ergo
2966 4023 3232 4077 venissent
3265 4008 3511 4088 barbari,
3541 4034 3595 4079 et
3623 4038 3810 4080 omnem

2251 4114 2583 4180 provinciam
2628 4113 2852 4181 praedati
2895 4128 3107 4179 essent,
3136 4119 3357 4188 contigit
3394 4134 3487 4173 eos
3531 4135 3623 4188 per
3662 4120 3812 4172 locum

2250 4202 2401 4258 illum
2435 4205 2681 4259 transire.
2713 4204 2957 4275 Cumque
2989 4224 3123 4263 unus
3153 4225 3217 4264 ex
3248 4214 3329 4265 eis
3357 4221 3646 4279 conspecto
3671 4224 3811 4275 sene.

2250 4298 2485 4366 gladium
2516 4298 2827 4366 eduxisset,
2873 4312 2931 4354 ut
2980 4302 3127 4356 illum
3158 4303 3459 4368 occideret,
3490 4304 3746 4359 sublatam
3770 4303 3813 4355 in

2252 4388 2481 4443 sublime
2511 4405 2726 4443 manum
2759 4402 2813 4444 ut
2847 4391 3063 4457 feriret,
3111 4393 3392 4449 demittere
3429 4396 3695 4464 nequivit,
3736 4389 3814 4446 sed

560 4503 675 4540 sua:
715 4488 885 4556 gratia
931 4485 1192 4540 allevans.
1252 4485 1493 4540 Scientes
1552 4485 1731 4554 igitur,
1768 4485 1955 4549 ﬁlioli,
2004 4484 2144 4554 quali
2178 4495 2314 4585 Dea
2365 4494 2624 4545 suspensa
2670 4482 2962 4537 immobilis
3010 4486 3261 4551 perstitit.
3293 4486 3442 4552 Quod
3482 4502 3601 4541 cum
3642 4499 3812 4541 cerne-

558 4580 872 4647 uperatione
909 4588 964 4633 et
1006 4578 1406 4647 exspectatione
1454 4586 1663 4647 tempus
1708 4577 1927 4647 indiget,
1958 4576 2147 4647 digno-

557 4687 774 4727 scemus
804 4687 902 4727 nos
930 4672 1199 4744 ipsother
1226 4671 1459 4741 quietem
1499 4680 1553 4726 et
1595 4670 1890 4725 silentium.
1945 4671 1999 4725 ln
2048 4671 2150 4724 hoc

561 4765 705 4817 enim
737 4763 942 4817 indultu
993 4764 1147 4818 nobis
1199 4774 1462 4829 tempore,
1524 4776 1744 4817 necesse
1785 4771 1870 4817 est
1922 4778 2019 4816 nos
2076 4762 2152 4816 uti

558 4858 705 4912 bona
725 4869 780 4912 et
801 4858 1053 4927 prasclara
1081 4873 1185 4927 ope
1209 4857 1559 4927 poenitentite,
1590 4865 1648 4911 ut
1679 4856 1770 4909 Dei
1799 4856 1995 4924 templa
2028 4867 2150 4908 esse

562 4965 900 5016 mercamur;
934 4967 1104 5020 neque
1125 4952 1266 5005 enim
1296 4952 1539 5005 modicus
1562 4958 1613 5004 et
1645 4949 1821 5004 brevis
1853 4948 2028 5003 honor
2059 4960 2155 4999 no-

564 5041 649 5096 bis
678 5043 728 5095 in
755 5042 931 5095 futuro
961 5044 1157 5096 saeculo
1185 5042 1703 5111 recumpensabitur.

640 5134 785 5188 Dixit
816 5134 1050 5190 iterum:
1088 5136 1351 5190 Memores
1394 5149 1608 5199 semper
1660 5134 1800 5188 illius
1832 5132 2019 5198 simus,
2059 5143 2148 5197 qttt

568 5241 674 5280 non
696 5224 877 5279 habuit
904 5226 989 5281 ubi
1012 5239 1169 5297 caput
1196 5227 1485 5283 reclinaret
1514 5224 1731 5296 (Matth.
1757 5224 1894 5293 vm).
1930 5224 2017 5276 Ait
2037 5235 2156 5274 rnr-

570 5334 661 5375 sus
693 5322 807 5389 ipse
835 5323 1012 5376 senior
1041 5338 1055 5376 :
1088 5322 1372 5389 Quoniam,
1403 5320 1553 5388 juxta
1582 5316 1803 5371 Paulum
1828 5314 2152 5384 apostolum,

570 5411 847 5466 tribulatio
879 5413 1187 5480 patientiam
1220 5419 1476 5481 Operatur
1527 5407 1705 5478 (Rom.
1760 5406 1841 5477 v),
1897 5404 2156 5459 faciamus

569 5513 806 5559 mentem
831 5516 1068 5559 nostram
1083 5519 1331 5573 rapacem
1356 5502 1504 5572 regni
1523 5502 1802 5557 cmlornm.
1820 5498 1906 5554 Ait
1929 5498 2157 5551 iterum:

571 5594 769 5663 Filioli,
803 5611 907 5650 noti
956 5597 1241 5666 diligamus
1294 5593 1570 5660 tnundum,
1630 5604 1803 5660 neque
1844 5603 1904 5644 ea
1939 5602 2057 5656 quae
2106 5588 2156 5641 in

573 5689 771 5745 tnuudo
797 5699 920 5746 sunt
944 5688 998 5764 (1
1028 5689 1183 5746 Joan.
1232 5686 1310 5758 tt).

2256 4583 2377 4627 rent
2415 4574 2626 4627 barbari
2667 4575 2907 4641 caeteris,
2947 4576 3192 4630 admirati
3234 4578 3493 4647 rogabant
3524 4593 3735 4641 senem,
3761 4582 3808 4627 ut

2255 4668 2459 4719 socium
2500 4681 2687 4720 eorum
2731 4676 2961 4722 curaret.
3004 4671 3176 4723 Senex
3227 4669 3406 4739 igitur,
3468 4668 3604 4724 facta
3643 4669 3816 4723 oratio-

2257 4773 2359 4825 ne,
2399 4758 2604 4812 curavit
2638 4773 2797 4826 emn,
2837 4768 2890 4811 et
2929 4758 3001 4812 ita
3041 4760 3243 4814 dimisit
3281 4760 3333 4815 in
3363 4773 3496 4831 pace

2832 4852 3057 4908 CAPUT
3089 4853 3274 4909 LXXI.

2260 4928 2550 4996 Pulchrum
2592 4943 2783 4996 dictum
2828 4944 3095 4999 homicida:
3145 4948 3214 4998 ad
3255 4947 3558 5001 monachum
3600 4946 3686 5014 qui
3717 4959 3816 4999 euut

2420 5016 2720 5083 sequebatur
2749 5015 2876 5067 dum
2902 5017 3172 5070 duceretur
3202 5022 3268 5068 nd
3299 5019 3676 5072 decollandum.

2336 5103 2584 5158 Narravit
2615 5106 2767 5159 nobis
2794 5106 2985 5160 iterum
3026 5108 3168 5162 idetu
3208 5109 3376 5163 abbas
3415 5110 3711 5173 Palladius,
3746 5107 3816 5161 die

2262 5208 2424 5260 cens,
2454 5192 2596 5264 quod
2627 5196 2680 5249 in
2710 5196 3014 5265 Arsenoite,
3044 5211 3163 5266 quae
3189 5199 3377 5252 civitas
3406 5198 3688 5253 Thebaidis
3713 5204 3814 5259 est,

2267 5292 2445 5340 tentus
2486 5286 2646 5339 luerit
2683 5286 2897 5354 quidam
2943 5285 3222 5341 homicidii
3265 5303 3422 5352 reus;
3463 5288 3552 5358 qui
3590 5304 3704 5342 cum
3740 5285 3815 5340 diu

2264 5376 2536 5432 cruciatus
2564 5385 2740 5440 esset,
2772 5375 2985 5431 tandem
3013 5380 3333 5433 sententiam
3362 5379 3717 5435 deCollationis
3743 5390 3815 5431 ac-

2267 5468 2433 5535 cepit.
2464 5466 2595 5521 Cum
2623 5481 2752 5535 ergo
2781 5466 3068 5522 duceretur
3097 5478 3247 5524 extra
3270 5471 3538 5525 civitatem
3564 5485 3656 5525 sex
3678 5467 3815 5523 ntilli-

2264 5562 2365 5616 bus
2396 5575 2647 5630 passuum
2680 5561 2832 5630 (illic
2859 5560 3001 5617 enim
3048 5565 3206 5618 etiam
3250 5574 3578 5634 perpeti-arat
3617 5561 3813 5619 homici-

2264 5656 2408 5710 dium
2437 5655 2454 5725 )
2503 5655 2802 5710 monachus
2842 5656 3057 5724 quidam
3086 5668 3229 5714 retro
3259 5660 3578 5729 sequebatur
3605 5667 3663 5713 ut
3689 5657 3815 5711 illum

2268 5747 2520 5804 decollari
2547 5747 2915 5817 conspiceret;
2941 5750 3028 5819 qui
3056 5758 3232 5807 autem
3259 5752 3321 5807 ad
3349 5751 3711 5809 decollandum
3738 5755 3801 5802 nu
