4052 6362
290 320 393 379 £55

1547 318 1826 375 PRATUM
1866 316 2298 374 SPIRITUAIJS.

3455 318 3555 375 154

288 443 536 505 cebatur,
559 452 680 493 cum
709 438 926 493 vtdtsset
951 436 1266 492 monachum
1294 447 1639 508 sequentem,
1664 438 1740 492 ait
1760 437 1867 492 illi:
1899 446 1945 501 Α
1978 437 2146 502 ravit,
2195 416 2424 489 dicens:
2469 432 2594 488 Erat
2641 435 2692 488 in
2743 434 3066 490 Alexandria
3102 436 3261 490 miles
3289 435 3506 507 quidatn
3532 477 3550 503 ,

285 533 537 602 Nunquid
558 575 573 598 ,
609 533 744 588 abba
766 576 779 598 ,
813 549 917 587 non
974 534 1138 589 habes
1192 535 1469 601 cellulam,
1495 544 1709 604 etopus
1751 550 1868 589 ma-

284 642 451 681 nuutn
475 626 500 677 ’ἔ
524 624 817 691 Respondit
840 624 1130 678 monachus
1154 642 1166 678 :
1194 625 1357 680 l’arce
1394 626 1559 688 mihi,
1591 625 1754 680 frater
1778 643 1792 691 ;
1815 634 1870 680 et

285 721 476 775 crllatn
518 721 659 773 enim
691 729 746 773 et
779 734 914 788 Opus
947 719 1135 773 habt-0.
1165 721 1263 787 Qui
1292 720 1621 787 respondens
1648 720 1720 773 ait
1750 720 1824 772 illi
1852 738 1866 771 :

291 812 473 877 Quare
517 825 644 878 ergo
690 826 797 863 nun
838 810 1040 863 resides
1085 809 1138 864 in
1183 810 1317 865 cella
1357 819 1414 865 et
1448 810 1615 864 deﬂes
1655 818 1869 879 peccata

283 902 428 956 tua?
471 900 609 955 Dicit
649 902 698 955 ei
743 901 1037 955 monachus
1073 920 1085 953 :
1140 902 1309 964 Vere,
1354 902 1521 957 frater
1561 902 1665 966 mi,
1711 900 1867 955 valde

283 996 553 1063 meipsum
604 994 843 1061 neglige,
898 997 1471 1064 compunctioncmque
1523 995 1699 1047 anima
1750 1008 1867 1047 mea

282 1103 387 1140 non
442 1087 641 1149 habet,
683 1095 737 1139 et
776 1086 977 1141 idcirco
1018 1088 1177 1140 venio
1220 1097 1274 1140 ut
1316 1088 1567 1150 astriciam
1613 1094 1694 1149 te,
1738 1086 1866 1139 dum

280 1177 561 1242 morieris,
588 1186 644 1230 ιιι
666 1176 748 1230 vel
774 1177 852 1233 sic
878 1176 929 1230 in
956 1178 1423 1245 compunctionem
1450 1176 1685 1231 veniam.
1716 1177 1742 1227 Ἰ
1762 1190 1863 1229 unc

279 1268 353 1323 ait
382 1270 454 1321 illi
488 1285 653 1325 reus:
691 1269 869 1335 Vade,
914 1270 1095 1335 frater,
1136 1286 1230 1336 per
1272 1271 1586 1335 Dominum;
1632 1269 1760 1323 sede
1803 1271 1854 1322 in

279 1361 418 1414 cella
452 1368 579 1425 tua,
611 1370 666 1414 et
692 1362 892 1430 gratias
917 1376 1015 1431 age
1043 1362 1305 1416 Salvatori
1344 1360 1471 1415 Jesu
1516 1360 1753 1415 Christo.
1788 1357 1862 1413 Et

284 1452 392 1517 Quo
422 1450 573 1504 enim
600 1451 691 1506 ille
720 1451 881 1505 homo
911 1452 1079 1506 lactus
1107 1461 1188 1506 est
1207 1491 1223 1516 ,
1254 1460 1309 1505 et
1347 1466 1444 1521 pro
1484 1450 1636 1505 nobis
1676 1466 1865 1522 pecca~

284 1545 492 1599 toribus
523 1555 766 1602 mortuus
795 1556 908 1614 est,
942 1546 1102 1601 homo
1126 1546 1237 1615 jam
1267 1561 1370 1600 non
1403 1547 1628 1601 moritur
1655 1558 1860 1601 :eterna

277 1646 470 1693 morte.

832 1708 1059 1765 CAPUT
1098 1709 1307 1765 LXXII.

1970 527 2208 582 Joannes
2238 530 2488 597 nomine,
2520 526 2660 582 hunc
2689 526 2889 599 habens
2916 529 3157 585 ordinem
3185 529 3325 585 vitae.
3354 529 3553 586 Diebus

1970 619 2195 687 singulis
2226 633 2253 670 a
2286 633 2441 672 mane
2484 633 2652 687 usque
2681 620 2732 671 in
2765 619 2952 674 horam
2996 636 3189 675 nonam
3233 622 3452 677 sedebat
3495 624 3549 677 in

1970 709 2299 763 monasterio
2345 708 2490 763 solus
2530 709 2678 776 juxta
2721 711 2916 777 gradus
2958 711 3131 766 sancti
3164 713 3341 780 I’etri,
3373 715 3553 785 cilicio

1971 798 2220 863 indutus,
2267 810 2322 854 et
2367 801 2651 868 sportellas
2702 812 2920 867 texens,
2973 814 3156 859 tacens
3200 806 3452 873 omnino,
3499 820 3555 863 et

1973 888 2105 944 nulli
2146 888 2437 959 quidquam
2470 890 2692 960 loquens
2723 909 2737 957 ;
2770 893 2988 947 sedebat
3016 905 3193 950 autem
3228 896 3279 950 in
3314 901 3554 951 oratorio

1971 978 2223 1033 laborans
2269 982 2515 1035 manibus
2567 981 2715 1046 suis,
2763 995 2920 1051 atque
2959 985 3060 1041 hoc
3102 988 3273 1041 solum
3325 989 3555 1044 canebat

1968 1070 2239 1131 dulciter:
2270 1073 2509 1139 Domine,
2533 1076 2599 1127 ab
2618 1076 2841 1128 occultis
2874 1078 3006 1130 meis
3036 1078 3229 1130 munda
3263 1094 3349 1134 me
3369 1078 3546 1146 (Psal.

1968 1161 2142 1229 xvm),
2166 1171 2222 1216 ut
2248 1178 2351 1216 non
2373 1163 2670 1219 confundar
2692 1180 2871 1220 orans.
2901 1167 3051 1222 Ilunc
3073 1184 3286 1224 versum
3318 1187 3437 1224 eum
3470 1172 3550 1223 di-

1968 1251 2162 1318 xisset,
2195 1270 2295 1307 una
2329 1255 2493 1308 ferme
2522 1258 2651 1308 hora
2684 1259 2919 1321 tacebat,
2948 1268 3001 1311 et
3034 1274 3246 1314 rursum
3287 1262 3540 1316 eumdem

1967 1346 2268 1400 resumebat
2291 1360 2500 1399 versum
2522 1387 2538 1411 ,
2566 1347 2841 1415 ipsumque
2862 1349 3062 1415 septies
3086 1365 3177 1417 per
3200 1359 3363 1404 totam
3392 1351 3537 1405 diem

1966 1436 2277 1504 repetebat,
2325 1437 2455 1490 nihil
2498 1440 2721 1492 omnino
2758 1439 2898 1491 aliud
2940 1440 3142 1495 dicens.
3188 1441 3327 1495 Ilora
3371 1451 3547 1497 autent

1969 1542 2104 1580 nona
2136 1527 2372 1581 exuebat
2400 1528 2675 1593 cilicium,
2718 1529 3078 1597 induebatque
3120 1528 3406 1584 militarem
3451 1530 3548 1583 Ita~

1965 1616 2134 1671 bitum
2160 1658 2175 1683 ,
2206 1618 2258 1671 id
2291 1627 2408 1684 est,
2443 1618 2749 1673 indumenta
2781 1635 2875 1673 sua
2896 1663 2911 1685 ,
2946 1628 3103 1690 atque
3134 1623 3201 1674 ita
3233 1614 3299 1674 ad
3333 1625 3549 1692 propria

1965 1708 2117 1778 signa
2150 1711 2491 1778 properabat.
2535 1710 2665 1763 Cum
2701 1710 2803 1763 hoc
2828 1720 2883 1763 et
2918 1725 3015 1779 ego
3048 1726 3216 1764 annos
3246 1721 3368 1765 octo
3399 1728 3548 1766 mau-

310 1815 520 1872 Relatio
572 1816 770 1871 abbatis
823 1816 1054 1873 Palladii
1103 1820 1168 1874 de
1219 1836 1337 1873 sene
1387 1820 1682 1880 homicida,
1733 1821 1824 1886 qui

1967 1802 2048 1866 si,
2088 1802 2423 1874 multumque
2461 1802 2757 1857 aadiftcatus
2796 1817 2912 1855 smn
2957 1805 3008 1856 in
3053 1803 3268 1859 silentio
3305 1811 3360 1859 et
3396 1804 3549 1860 iusti-

360 1890 741 1942 adalesccntem
770 1889 905 1955 falso
932 1891 995 1943 de
1022 1893 1203 1945 eodeni
1233 1891 1446 1944 crimine
1473 1893 1764 1945 accusabat.

343 1998 408 2053 Et
453 2001 561 2055 hoc
604 2003 728 2054 item
758 2001 993 2055 narravit
1024 2002 1178 2055 nobis
1208 2002 1325 2069 ipse
1353 2001 1523 2055 abbas
1556 2002 1853 2067 Palladius,

248 2142 251 2143 ν
277 2091 461 2146 dicens
486 2111 500 2144 :
537 2094 714 2148 Senex
742 2093 960 2163 quidam
990 2094 1262 2149 surcularis
1291 2093 1381 2164 qui
1409 2094 1750 2148 homicidium
1784 2095 1858 2147 fe-

278 2191 425 2236 cerat
448 2224 464 2247 ,
499 2183 753 2237 detentus
779 2194 863 2239 est
891 2200 920 2239 a
954 2187 1267 2254 magistratu
1299 2187 1350 2239 in
1382 2186 1725 2240 Alexandria.
1756 2187 1855 2252 Qui

244 2289 390 2327 cum
422 2276 783 2341 cruciaretur,
815 2276 1029 2330 dicebat
1054 2286 1111 2330 et
1135 2276 1297 2329 alium
1340 2275 1506 2330 fuisse
1534 2291 1718 2331 secum
1749 2292 1856 2330 ca:-

277 2369 358 2421 dis
399 2370 547 2423 illius
590 2372 815 2425 socium.
864 2370 910 2424 Is
949 2380 1123 2423 autem
1166 2370 1232 2424 de
1271 2386 1376 2439 quo
1415 2386 1576 2425 senex
1617 2370 1856 2437 dicebat,

271 2460 594 2516 adolescens
622 2471 740 2515 erat
769 2462 953 2528 viginti
983 2461 1152 2516 ferme
1192 2476 1476 2517 annulum.
1514 2461 1691 2515 Multis
1729 2476 1859 2531 ergo

268 2553 549 2622 suppliciis
580 2555 740 2607 ambo
783 2552 959 2606 δαρειὶ
988 2563 1135 2607 sunt.
1166 2551 1232 2606 Et
1259 2568 1423 2607 senex
1455 2554 1672 2621 quidem
1704 2541 1854 2607 dice-

269 2643 357 2697 bat
384 2663 396 2696 :
424 2646 637 2699 Mecum
682 2644 861 2708 fuiSti,
893 2644 1108 2714 quando
1151 2646 1454 2713 perpetravi
1487 2645 1853 2699 homicidium.

271 2735 611 2789 Adolescens
640 2750 770 2791 vero
797 2735 1126 2803 denegabat,
1165 2734 1292 2789 nihil
1333 2750 1392 2790 se
1426 2738 1698 2789 conscium
1738 2750 1856 2790 esse

271 2823 590 2889 homicidii,
621 2842 792 2895 neque
821 2842 943 2880 cum
978 2825 1068 2890 ilg'o
1106 2841 1167 2881 se
1207 2826 1684 2882 fuissecasserens.
1722 2826 1853 2881 Cum

267 2933 391 2986 ergo
420 2918 652 2972 cruciati
693 2918 962 2983 fuissent,
992 2918 1313 2972 stententiam
1346 2919 1503 2973 ambo
1530 2928 1858 2986 acceperunt

268 3018 321 3063 ut
348 3008 520 3064 furcis
545 3011 1023 3077 suspenderentur.
1052 3011 1311 3067 Abierant
1336 3026 1468 3078 ergo
1490 3013 1678 3081 quinto
1704 3020 1854 3065 extra

269 3100 454 3154 urbem
497 3100 785 3166 milliaria,
818 3103 930 3157 illic
969 3104 1110 3157 enim
1152 3101 1457 3172 hujusmodi
1500 3117 1623 3157 reos
1668 3103 1855 3172 punire

1965 1904 2080 1949 tuto
2110 1909 2226 1950 suo.

2497 1963 2723 2021 CAPUT
2761 1964 2993 2020 LXXIV.

2090 2055 2337 2126 Ejusdem
2375 2053 2600 2109 Palladii
2628 2072 2781 2109 verax
2807 2057 3005 2129 dictum
3028 2058 3089 2110 de
3114 2055 3412 2112 hwresibus.

2036 2147 2342 2218 Corripiens
2386 2163 2484 2204 nos
2529 2150 2813 2217 aliquando
2870 2164 3073 2217 scuev,
3118 2152 3231 2219 ipse
3271 2151 3344 2205 ita
3386 2150 3543 2206 nobis

1960 2237 2176 2293 dicebat
2207 2257 2218 2289 :
2251 2239 2464 2295 Credite
2494 2240 2622 2293 mihi
2647 2282 2660 2303 ,
2692 2239 2839 2293 filioli
2860 2281 2874 2306 ,
2905 2240 3037 2294 nihil
3068 2241 3208 2295 aliud
3251 2242 3542 2297 schismata

1963 2340 2017 2386 et
2064 2332 2298 2386 hmreses
2343 2332 2638 2386 introduxit
2680 2333 2732 2386 in
2779 2345 3014 2388 sanctam
3061 2334 3353 2387 Ecclesiam
3382 2377 3396 2399 ,
3442 2333 3545 2391 nisi

1961 2422 2102 2491 quod
2132 2438 2236 2477 non
2270 2424 2434 2479 Deum
2468 2433 2521 2478 et
2554 2438 2651 2477 nos
2680 2423 2907 2478 invicem
2940 2424 3093 2480 valde
3121 2424 3404 2495 diligimus.

2518 2534 2749 2590 CAPUT
2780 2535 2987 2593 LXXV.

1964 2624 2276 2681 Miraculum
2303 2626 2535 2682 Dominw
2559 2646 2679 2699 ergo
2711 2645 2927 2682 uxorum
2957 2639 3006 2682 et
3034 2630 3197 2698 ﬁliam
3225 2629 3321 2682 viri
3351 2629 3542 2695 ﬁdelis,

2006 2704 2009 2707 ’
2102 2701 2186 2763 qui
2219 2700 2438 2769 hospitio
2468 2703 2723 2767 suscipere
2753 2699 3027 2753 monachos
3056 2710 3399 2754 consueverat.

2024 2810 2175 2865 ‘Idem
2209 2811 2376 2866 abbas
2406 2810 2676 2866 Palladius
2701 2826 2822 2866 cum
2850 2812 2981 2866 alias
3006 2812 3071 2866 ad
3105 2812 3274 2881 ipsum
3307 2812 3542 2867 venisse-

1958 2916 2105 2967 mus,
2150 2903 2253 2957 tale
2296 2902 2547 2972 quiddam
2590 2907 2861 2958 enarravit
2903 2904 3096 2957 nobis:
3135 2904 3296 2971 Erat,
3343 2904 3540 2972 inquit,

1958 2992 2012 3047 in
2042 2994 2365 3047 Alexandria
2399 2994 2479 3048 vir
2508 2994 2725 3064 quidam
2757 2993 2929 3047 fidelis
2950 3035 2964 3057 ,
2993 2993 3278 3063 religiosus
3312 2994 3464 3049 valde
3490 3002 3545 3049 et

1961 3084 2305 3148 misericors,
2336 3092 2389 3138 et
2419 3082 2653 3153 hospitio
2684 3084 2981 3153 suscipiens
3010 3083 3324 3138 monachos.
3359 3083 3540 3138 liabe-

266 3204 679 3248 consueverant.
714 3195 953 3249 Distabat
996 3206 1177 3263 autem
1222 3197 1291 3250 ab
1329 3210 1395 3250 eo
1435 3195 1449 3249 l
1488 3210 1553 3250 eo
1598 3195 1710 3251 fere
1748 3212 1854 3249 ttno

1962 3176 2048 3230 bat
2073 3184 2251 3230 autem
2280 3191 2501 3231 uxorem
2523 3219 2537 3243 ,
2568 3187 2620 3231 et
2647 3176 2815 3247 ipsam
2844 3176 3100 3231 humilem
3125 3176 3297 3241 valde,
3326 3185 3377 3232 et
3400 3176 3545 3247 jeju—

265 3284 435 3336 stadio
469 3282 688 3339 Saturni
721 3286 975 3353 templum
1015 3300 1292 3341 eversum.
1327 3285 1460 3340 Cutu
1492 3284 1656 3356 igitur
1682 3285 1746 3339 ad
1776 3284 1849 3340 lo-

269 3390 385 3429 cum
418 3375 698 3430 venissent
726 3385 783 3431 et
813 3378 1036 3446 papulas
1074 3387 1129 3431 et
1168 3377 1362 3432 milites
1383 3416 1398 3441 ,
1446 3376 1842 3430 adolescentem

266 3469 437 3534 primo
492 3471 823 3537 suspendere
868 3469 921 3524 in
973 3470 1116 3540 ligno
1168 3470 1491 3536 voluerunt;
1538 3470 1853 3526 adoles«:ens

264 3569 437 3611 autem
494 3568 789 3627 prostratus
842 3562 893 3613 in
939 3561 1058 3613 solo
1094 3561 1295 3615 milites
1339 3562 1565 3626 orabat,
1610 3561 1847 3615 dicens:

264 3648 365 3702 Per
396 3650 683 3703 Dominum
720 3650 881 3704 facile
908 3650 1224 3705 cbaritatctn
1244 3691 1259 3715 ,
1287 3660 1343 3705 et
1368 3654 1432 3704 ad
1463 3649 1733 3705 Orientem
1767 3665 1853 3705 me

266 3742 617 3810 suspendte,
649 3752 706 3794 ut
736 3742 879 3795 illum
911 3743 1118 3796 videam
1149 3744 1361 3813 quando
1402 3756 1695 3811 suspensus
1733 3756 1852 3795 ero.

267 3830 466 3885 Dicunt.
498 3833 546 3885 ei
581 3832 815 3885 milites:
848 3832 1017 3897 Quam
1060 3832 1130 3885 ob
1174 3836 1435 3886 causam?
1477 3831 1680 3896 Quibus
1724 3832 1850 3884 ado-

264 3923 516 3979 Iescens:
554 3924 689 3979 Vere
712 3965 726 3988 ,
759 3924 963 3978 domini
1008 3926 1150 3989 mei,
1184 3942 1287 3978 non
1325 3925 1498 3980 habeo
1536 3925 1720 3980 infelix
1750 3941 1851 3994 ego

267 4016 381 4085 plus
409 4032 577 4087 quam
610 4028 813 4082 septem
847 4031 1058 4072 menses
1084 4032 1148 4072 ex
1179 4033 1285 4087 quo
1312 4030 1553 4072 sanctum
1588 4018 1849 4086 baptisma

264 4112 478 4181 suscepi
500 4154 516 4177 ,
545 4121 600 4166 et
627 4111 962 4165 Christianus
995 4111 1165 4165 factus
1198 4127 1339 4165 sum.
1374 4111 1505 4165 Cum
1540 4096 1641 4163 hoc
1672 4111 1851 4164 audis-

264 4217 380 4258 sent
406 4204 611 4259 milites
636 4204 910 4273 lacrymati
937 4210 1063 4257 sunt
1088 4220 1248 4272 super
1274 4204 1638 4257 adolescente.
1672 4203 1847 4259 Senex

268 4306 449 4349 autem
483 4311 602 4349 cum
635 4294 737 4350 hoc
764 4295 1041 4360 audisset,
1073 4294 1307 4350 fremens
1334 4294 1568 4365 graviter
1590 4294 1726 4348 dixit
1752 4296 1851 4350 mi-

264 4385 497 4441 litibus:
547 4386 648 4443 l’er
690 4387 932 4455 Serapim
975 4386 1133 4441 facite
1175 4385 1321 4456 (l6),
1365 4397 1421 4441 ut
1458 4401 1557 4456 ego
1595 4387 1847 4456 aspiciam

262 4490 450 4533 contra
482 4480 791 4535 Saturnum.
836 4480 971 4532 Cum
1003 4495 1129 4533 vero
1157 4481 1429 4534 audissent
1466 4480 1667 4534 milites
1708 4480 1848 4535 blas-

1958 3276 2176 3322 nantem
2226 3268 2485 3338 quotidie.
2538 3268 2670 3324 Erat
2717 3281 2897 3323 autem
2940 3269 3043 3322 illis
3089 3278 3145 3322 et
3186 3268 3344 3322 filiola
3391 3267 3544 3338 quasi

1957 3374 2219 3414 annorum
2250 3375 2365 3415 sex.
2396 3361 2634 3426 Quadam
2664 3376 2791 3415 vero
2829 3360 2917 3415 die
2960 3360 3039 3414 vir
3080 3361 3165 3415 ille
3194 3361 3312 3430 pius
3346 3360 3534 3429 profe-

1955 3464 2075 3507 ctus
2122 3463 2206 3508 est
2251 3454 2814 3522 Constantinopolim;
2860 3462 2977 3509 erat
3024 3455 3163 3508 enim
3216 3452 3538 3522 negotiator.

1957 3545 2176 3600 Relictis
2202 3561 2331 3616 ergo
2359 3546 2501 3600 domi
2535 3562 2700 3600 uxore
2724 3585 2739 3611 ,
2770 3555 2825 3601 et
2857 3545 3033 3614 puella
3054 3587 3069 3611 ,
3103 3554 3156 3599 et
3197 3558 3303 3598 uno
3349 3558 3540 3610 servo,

1962 3639 2094 3695 auiit
2121 3652 2177 3695 ut
2210 3654 2504 3710 nthgaret.
2533 3642 2665 3696 Cum
2702 3656 2827 3696 vero
2857 3652 2957 3696 tret
2986 3641 3052 3695 ad
3104 3657 3323 3706 navem,
3363 3639 3438 3695 sit
3474 3639 3542 3694 ad

1957 3731 2107 3786 illum
2140 3747 2275 3785 uxor
2306 3751 2319 3785 :
2355 3731 2448 3785 Cui
2480 3747 2577 3785 nos
2606 3730 3008 3786 commendatos
3039 3731 3295 3800 relinquis
3318 3769 3335 3794 ,
3366 3729 3543 3785 domi-

1957 3837 2046 3877 ne.
2080 3820 2377 3903 Respondit
2406 3823 2484 3876 vir
2512 3823 2631 3891 ejus
2657 3839 2671 3876 :
2706 3823 2944 3877 Domina:
2976 3833 3173 3876 nostrae
3203 3832 3405 3876 sancta:
3446 3821 3542 3876 Dei

1954 3913 2222 3982 genitrici.
2256 3914 2351 3966 Die
2379 3928 2506 3967 vero
2528 3913 2754 3982 quadam
2780 3928 2900 3966 cum
2929 3914 3142 3967 sederet
3166 3928 3301 3967 uxor
3329 3922 3384 3966 et
3413 3926 3541 3982 ope-

1955 4014 2183 4070 raretur,
2217 4004 2418 4058 habens
2445 4015 2495 4058 ot
2522 4005 2746 4073 puellam
2774 4020 2979 4068 secum,
3002 4020 3187 4059 servus
3212 4004 3301 4058 ille
3323 4019 3389 4058 ex
3416 4017 3542 4073 sug-

1953 4096 2201 4168 gestione
2228 4098 2490 4152 diabolica
2526 4098 2690 4151 voluit
2719 4113 2913 4153 necare
2943 4097 3212 4152 dominam
3243 4105 3300 4150 et
3322 4097 3439 4167 ejus
3468 4095 3536 4149 li-

1955 4190 2125 4257 liam,
2175 4199 2230 4244 et
2276 4190 2516 4258 diripere
2565 4190 2824 4260 quidquid
2880 4190 3179 4257 haberent,
3230 4201 3286 4246 et
3335 4191 3537 4261 fugere.

1964 4283 2195 4352 Sumpta
2229 4284 2391 4354 igitur
2419 4298 2484 4336 ex
2513 4283 2739 4352 coquina
2771 4284 2941 4338 cultro
2965 4324 2980 4349 ,
3012 4284 3250 4352 perrexit
3279 4284 3330 4337 in
3371 4281 3543 4336 tricli-

1957 4378 2104 4431 nium
2157 4376 2244 4431 ubi
2290 4385 2445 4431 erant
2486 4377 2680 4431 amba}.
2724 4374 2857 4430 Cum
2888 4391 3020 4431 vero
3051 4377 3285 4431 venisset
3311 4387 3437 4432 ante
3456 4377 3541 4447 ja-

1955 4485 2115 4524 nuam
2145 4508 2162 4536 ,
2196 4469 2621 4537 comprehensus
2650 4479 2732 4523 est
2758 4470 3024 4535 caecitate,
3054 4469 3123 4522 ita
3156 4476 3211 4520 ut
3242 4482 3414 4537 neque
3445 4469 3541 4523 tri-

267 4576 539 4641 phemiam
579 4577 752 4639 senis,
794 4574 995 4629 omisso
1034 4573 1406 4637 adolescente,
1454 4588 1639 4628 senem
1682 4577 1850 4642 primo

1960 4562 2181 4637 clinium
2216 4561 2454 4630 ingredi,
2498 4576 2671 4629 neque
2700 4563 2764 4613 ad
2795 4561 3078 4630 coquinam
3112 4560 3304 4614 reverti
3339 4570 3537 4627 posset.

265 4666 684 4736 suspenderunt.
730 4667 859 4722 Cum
902 4682 1037 4721 vero
1083 4667 1231 4721 illum
1272 4666 1326 4720 in
1369 4666 1513 4734 ligno
1550 4666 1846 4732 suspende-

263 4769 383 4812 rent
406 4800 421 4821 ,
452 4773 580 4813 ecce
611 4774 776 4825 eques
806 4759 874 4812 ab
903 4759 1176 4827 Augustali
1218 4757 1464 4811 celi-riter
1506 4758 1733 4819 missus,
1775 4754 1848 4809 ait

265 4850 522 4904 militibus
554 4865 568 4903 :
608 4850 1016 4904 Adolescentem
1059 4849 1225 4902 nolite
1265 4848 1606 4914 interficere,
1639 4847 1731 4901 sed
1762 4862 1849 4902 re-

262 4942 442 5000 ducite
491 4945 661 4998 illum.
722 4942 940 4998 Factum
988 4954 1071 4997 est
1120 4952 1299 4997 autem
1349 4942 1537 5009 ingens
1590 4940 1842 5008 gaudium

266 5038 526 5092 militihus
548 5046 602 5091 et
626 5037 833 5091 cunctis
860 5035 1258 5092 assistentibus.
1287 5034 1353 5090 Et
1382 5035 1697 5089 reducentes
1724 5049 1844 5087 cum

265 5128 676 5183 introduxerunt
706 5128 757 5182 itt
790 5128 1100 5198 praetorium
1123 5167 1139 5191 ,
1172 5126 1506 5193 abso'vitque
1539 5125 1682 5177 illum
1725 5125 1847 5178 Au-

264 5220 507 5287 gustalis.
537 5220 870 5274 Adolescens
894 5233 1025 5273 vero
1055 5226 1249 5287 prmter
1274 5231 1318 5283 st
1339 5232 1422 5271 em
1448 5215 1625 5271 salvus
1655 5216 1844 5280 factus,

262 5308 448 5364 abiens
478 5312 772 5365 monachus
799 5309 1020 5365 ellectus
1047 5318 1148 5362 est.
1175 5308 1290 5364 Hoc
1312 5317 1488 5363 autem
1512 5309 1576 5362 ad
1606 5317 1842 5361 nostram

262 5411 317 5455 et
345 5402 640 5473 legentium
674 5404 962 5459 utilitatem
994 5402 1335 5470 scripsimus.
1370 5411 1427 5454 ut
1456 5401 1533 5456 sci
1554 5416 1691 5455 unus
1720 5401 1842 5471 quia

263 5497 410 5549 novit
441 5495 698 5552 Dominus
725 5497 840 5566 pios
867 5511 896 5549 a
931 5496 1234 5549 tentatioue
1267 5495 1517 5550 liberare.

801 5587 1028 5644 CAPUT
1059 5586 1292 5642 LXXIII.

571 5683 691 5739 Vita
717 5682 938 5738 Joannis
969 5683 1145 5737 militis
1177 5680 1535 5759 Alexandrini.

330 5772 495 5845 882
536 5774 648 5831 lloc
676 5775 836 5832 etiam
867 5775 1021 5833 nobis
1052 5773 1194 5830 idem
1224 5773 1392 5830 abbas
1422 5771 1687 5829 l’allaoius
1717 5786 1840 5839 nar-

1952 4653 2085 4708 Cutn
2115 4666 2293 4709 autem
2328 4670 2430 4709 una
2465 4654 2635 4709 ferme
2669 4656 2795 4707 hora
2839 4652 3197 4723 perstitisset,
3231 4649 3540 4723 frustraque

1952 4759 2240 4805 conaretur
2286 4746 2536 4817 ingredi,
2588 4746 2753 4815 erepit
2800 4760 2995 4799 vocare
3036 4744 3305 4798 datuinam
3340 4757 3490 4796 suam
3521 4785 3537 4808 ,

1950 4844 2133 4898 dicens
2166 4858 2181 4895 :
2217 4840 2348 4896 Veni
2381 4843 2674 4909 hucusque.
2710 4840 2798 4893 Illa
2829 4839 3132 4897 admirans.
3164 4836 3304 4906 quod
3337 4836 3391 4890 iu
3422 4851 3535 4891 me-

1949 4936 2039 4990 dio
2062 4937 2241 5003 januae
2272 4932 2584 5001 persistens.
2616 4932 2680 4985 ad
2713 4930 2857 4984 illam
2887 4946 2991 4983 non
3020 4929 3412 4999 ingrederetur,
3441 4928 3533 4982 sed

1953 5030 2243 5091 clamaret,
2286 5029 2361 5081 ait
2398 5028 2513 5081 illi:
2555 5025 2632 5080 Tu
2679 5025 2846 5095 magis
2888 5023 2993 5076 huc
3035 5022 3190 5091 veni,
3240 5022 3533 5091 ignorans,

1952 5122 2091 5190 quod
2139 5121 2382 5175 cmcitate
2427 5126 2721 5172 teneretur.
2776 5115 2914 5169 Puer
2961 5124 3138 5169 autem
3186 5115 3348 5183 etrapit
3387 5114 3531 5168 illam

1950 5216 2224 5284 adiurare,
2256 5220 2313 5266 nt
2341 5212 2445 5266 iret
2476 5225 2639 5279 prope
2665 5209 2811 5262 illum
2840 5225 2854 5274 ;
2888 5208 2973 5263 illa
3010 5222 3145 5262 vero
3168 5206 3362 5276 juravit
3384 5247 3399 5272 ,
3429 5222 3532 5259 non

1948 5322 2010 5363 se
2038 5309 2253 5361 ituram.
2283 5306 2432 5359 Tunc
2461 5307 2534 5357 ait
2562 5304 2638 5357 illi
2669 5320 2681 5355 :
2714 5302 2859 5375 Mitte
2892 5302 2973 5357 vel
3004 5302 3251 5372 puellam.
3278 5301 3410 5367 Quae
3439 5316 3535 5356 no-

1950 5401 2084 5465 luit,
2116 5398 2209 5456 sed
2240 5400 2354 5452 ait:
2385 5399 2441 5453 Si
2470 5396 2595 5465 quid
2628 5396 2738 5463 vis,
2783 5395 2899 5463 ipse
2940 5397 3114 5465 patius
3153 5395 3296 5449 veni.
3331 5393 3532 5449 Videas

1951 5502 2128 5547 autem
2157 5505 2343 5545 servus
2363 5530 2377 5554 ,
2405 5488 2548 5557 quod
2582 5487 2711 5541 nihil
2746 5490 3008 5556 potuisset
3050 5501 3209 5557 agere
3229 5527 3244 5552 ,
3290 5484 3529 5553 seipsnm

1951 5585 2127 5656 gladio
2161 5581 2424 5653 percussit
2445 5622 2459 5645 ,
2495 5590 2547 5635 et
2573 5581 2796 5635 corruit.
2833 5580 3051 5635 Domina
3084 5593 3210 5633 vero
3241 5577 3381 5647 illius
3408 5588 3530 5628 cum

1952 5680 2171 5735 vidisset
2194 5676 2319 5745 quid
2345 5682 2549 5742 egerat,
2568 5675 2838 5739 clamavit,
2865 5673 3225 5740 continuoque
3249 5665 3407 5725 vicini
3436 5678 3530 5718 ac-

1951 5774 2255 5827 currertmt.
2291 5766 2518 5835 lagressi
2553 5777 2677 5824 sunt
2704 5774 2963 5822 autemet
2989 5778 3051 5818 ex
3085 5761 3261 5817 ofllcio
3289 5755 3529 5829 pratoril
