4052 6362
506 318 606 371 MS

1655 318 1743 370 Dii
1790 315 1961 367 VITIS
2001 308 2285 368 PA'l‘liUM
2329 314 2526 369 LIBER
2570 316 2633 371 Χ.

3687 322 3794 380 136

507 428 787 495 nonnulli,
819 444 1151 499 puerumque
1202 430 1531 497 reperientes
1561 427 1735 480 adhuc
1767 427 1981 490 vivum,
2012 425 2093 479 di-
2123 427 2172 483 Δ
2201 427 2497 483 ascendens
2541 430 2755 497 navim,
2799 430 2907 486 dixi
2952 434 3161 489 mulieri
3188 453 3201 489 :
3247 436 3523 495 Descende
3548 448 3604 496 et
3633 450 3687 495 tu
3732 438 3790 499 iii

501 519 749 576 dicarunt
776 523 838 574 ad
874 527 990 589 ipso
1020 522 1195 575 omnia
1220 560 1234 585 ,
1269 528 1325 574 et
1353 520 1781 589 glorificaverunt
1812 517 2093 571 Dominum

502 614 590 678 qui
616 615 924 669 ostenderat
954 613 1208 667 miracula
1229 654 1242 677 ,
1273 621 1328 665 et
1353 619 1575 663 matrem
1619 608 1919 661 salvaverat
1972 624 2095 662 cum

507 706 638 758 ’⁸³⁸³⁸
1039 772 1265 828 CAPUT
1308 769 1539 826 Lxxw.

744 888 1043 943 Submersio
1075 886 1256 940 Maria:
1285 885 1511 938 mulieris
1542 884 1861 954 peccatricis.

578 977 645 1033 Et
673 980 773 1033 hoc
797 981 922 1032 item
954 976 1223 1032 Palladius
1247 977 1360 1044 ipse
1389 976 1625 1029 narravit
1649 975 1801 1028 nobis
1831 990 1845 1029 :
1877 974 2092 1035 Audivi,

515 1070 719 1137 inquit,
763 1071 1017 1123 naueloro
1060 1069 1289 1137 quodam
1338 1076 1659 1131 enarrante,
1705 1066 1811 1121 tale
1855 1065 2051 1135 aliquid
2082 1107 2097 1130 ,

513 1162 654 1227 quod
677 1159 764 1213 die
785 1160 1007 1229 quadam
1036 1174 1153 1213 cum
1186 1158 1500 1227 navigaret,
1528 1168 1767 1211 vectores
1790 1156 1992 1212 habens
2014 1157 2099 1211 vi-

513 1267 603 1306 ros
645 1264 697 1306 et
742 1253 1021 1316 mulieres,
1055 1252 1395 1322 venissetque
1426 1252 1478 1304 in
1509 1250 1706 1315 altum,
1741 1252 1950 1304 caeteris
1979 1265 2097 1304 om-

523 1343 678 1397 nibus
706 1344 841 1397 bene
872 1343 1250 1413 navigantibus
1271 1387 1285 1409 ,
1322 1343 1443 1395 aliis
1470 1343 1682 1411 quidem
1712 1341 2090 1397 Constantino-

512 1436 674 1501 polim
696 1478 710 1501 ,
743 1436 862 1490 aliis
890 1452 1019 1489 vero
1064 1437 1441 1491 Alexandriam
1463 1477 1477 1501 ,
1516 1446 1572 1492 et
1609 1436 1731 1491 aliis
1773 1437 1907 1502 alio,
1938 1446 2096 1491 vento

505 1530 611 1584 illis
641 1530 803 1584 ﬂante
828 1537 1111 1601 prospero,
1139 1534 1253 1600 ipse
1279 1532 1424 1586 solus
1453 1533 1702 1603 navigare
1728 1550 1832 1587 non
1865 1542 2092 1602 poterat.

506 1622 570 1676 Et
618 1626 942 1685 mansimus.
995 1625 1200 1693 inquit,
1251 1625 1397 1694 quasi
1439 1626 1554 1679 dies
1583 1625 1921 1695 quindecim,
1960 1626 2088 1678 nihil

507 1726 573 1765 ex
605 1728 669 1765 eo
700 1713 819 1767 loco
849 1715 940 1767 ubi
982 1729 1229 1782 eramus,
1277 1717 1426 1768 meti.
1463 1716 1820 1770 Versabamur
1849 1718 2008 1787 igitur
2040 1716 2092 1769 in

508 1817 701 1873 magna
750 1805 1004 1858 nitestiiia
1058 1814 1113 1858 et
1153 1805 1554 1872 desperatione,
1605 1810 1902 1861 nescientes
1941 1809 2092 1878 qiiid-
2126 1806 2171 1865 Β

518 1911 640 1948 nam
685 1894 826 1949 istud
870 1898 970 1949 silli
1014 1897 1188 1951 vellet.
1238 1899 1352 1969 Ego
1391 1916 1548 1965 vero,
1590 1918 1649 1955 ur
1692 1906 1968 1956 nauclerus
2007 1907 2089 1957 cui

512 2003 639 2039 cura
674 1989 822 2041 navis
854 1989 1194 2046 incumbebat
1219 2001 1270 2044 et
1298 1994 1530 2047 omnium
1556 2011 1672 2059 quae
1697 1996 1746 2047 in
1778 1995 1888 2064 ipsa
1914 2006 2087 2059 erant,

513 2077 650 2144 carpi
682 2093 869 2147 rogare
901 2082 1061 2133 Deum
1095 2098 1190 2150 pro
1221 2083 1318 2135 hac
1350 2102 1424 2137 re.
1456 2086 1692 2151 Quadam
1726 2102 1851 2140 vero
1880 2087 1967 2141 die
2000 2104 2089 2141 ve-

512 2168 590 2219 nit
619 2168 681 2221 ad
715 2186 798 2224 me
832 2187 928 2224 vox
949 2213 962 2234 ,
988 2173 1171 2228 dicens
1198 2192 1210 2228 :
1240 2176 1386 2229 Mitte
1419 2176 1559 2228 foras
1593 2178 1808 2231 illaiiain
1831 2219 1845 2241 ,
1875 2189 1929 2232 et
1956 2180 2092 2234 bene

516 2260 809 2327 iiavigahis.
854 2262 1003 2330 Carpi
1046 2279 1174 2333 ergo
1217 2268 1451 2335 cogitare
1494 2268 1749 2337 quidnam
1787 2270 1885 2322 hoc
1917 2280 2088 2335 esset,

507 2364 555 2405 ct
585 2369 703 2420 qua:
733 2366 869 2407 essPl
898 2356 1087 2412 Maria.
1120 2361 1253 2412 Cum
1284 2370 1458 2414 autem
1493 2360 1794 2416 hazaitarein
1828 2364 1895 2418 de
1942 2364 2044 2418 hoc
2068 2405 2083 2429 ,

512 2446 657 2497 venit
706 2462 802 2499 vox
844 2448 909 2500 de
954 2464 1124 2515 novo,
1173 2450 1394 2504 dicetis:
1433 2451 1545 2506 Di\i
1590 2454 1721 2507 tibi:
1757 2456 1800 2508 Μ
1830 2462 1904 2509 tle
1945 2457 2087 2509 foras

2202 518 2484 586 scapham.
2518 522 2648 586 Qum
2682 536 2803 575 mox
2837 533 2891 576 ut
2926 524 3238 595 descendit,
3281 530 3476 601 scapha
3516 547 3577 589 se
3612 538 3796 591 conti-

2202 624 2308 662 nuo
2336 612 2615 679 quinquies
2643 628 2877 684 gyrans,
2935 617 2988 672 in
3033 618 3353 687 profundum
3395 638 3518 679 cum
3559 628 3793 684 muliere

2202 701 2482 755 submersa
2514 712 2615 756 est.
2645 704 2804 758 Navis
2831 714 3007 761 autem
3040 720 3160 787 post
3188 711 3301 767 haec
3330 723 3472 769 tanta
3503 717 3792 772 velocitate

2200 794 2472 860 cucurrit,
2530 806 2585 848 ut
2638 795 2804 852 tribus
2857 799 3046 855 diebus
3092 818 3154 858 ac
3207 804 3428 860 dimidio
3480 811 3787 878 navigatio-

2202 901 2323 940 nem
2357 887 2747 958 peregerimiis,
2771 905 2929 960 quam
2959 891 3149 949 diebus
3177 897 3481 965 quindecim
3516 904 3788 970 peracturi

2200 993 2430 1033 eramus.

2733 1052 2979 1115 CAPUT,
3001 1054 3254 1112 LXXVII.
3298 1060 3303 1065 ’

2204 1162 2403 1217 Relatio
2429 1165 2579 1218 trium
2611 1182 2897 1306 paupera»;
2937 1185 3208 1236 (iecorum,
3251 1174 3504 1239 quomodo
3541 1178 3788 1229 excitanti

2893 1242 3100 1293 uissenl.

2893 1242 3100 1293 ’uissenl.

2274 1323 2386 1393 Ego
2439 1337 2491 1378 ct
2519 1326 2770 1382 dominus
2797 1345 2948 1383 metis
2976 1332 3308 1401 Sophronias
3352 1338 3685 1403 perreximus
3716 1340 3787 1390 ad

2198 1415 2503 1484 philosophi
2554 1417 2813 1486 Stephani
2838 1420 3054 1475 domum
3073 1462 3088 1487 ,
3116 1424 3376 1478 doctrina:
3406 1428 3573 1494 gratia
3600 1444 3616 1482 :
3666 1440 3791 1481 erat

2197 1518 2376 1561 autem
2426 1510 2776 1565 meridianum
2838 1525 3067 1581 tempus.
3120 1516 3425 1570 Morabatur
3492 1520 3580 1571 hic
3643 1521 3789 1583 apud

2198 1596 2368 1649 aedem
2398 1611 2596 1653 saneta:
2625 1601 2719 1655 Dei
2751 1605 3048 1669 genitricis,
3099 1622 3218 1673 qua:
3245 1609 3652 1677 cognominatur
3682 1611 3790 1663 Do-

2198 1688 2423 1751 rotliea',
2476 1707 2631 1759 quam
2684 1694 2968 1750 rediticavit
3022 1698 3207 1752 beatus
3251 1715 3384 1769 papa
3427 1702 3678 1770 Eulogius
3716 1706 3788 1757 ad

2198 1782 2492 1849 Orientem,
2520 1783 2664 1853 juxta
2690 1803 2936 1856 magnum
2963 1790 3301 1863 Tetrapyluni
3331 1793 3470 1863 (l8).
3498 1794 3633 1849 Cum
3657 1813 3791 1866 ergo

2200 1873 2535 1940 pulsaremus
2585 1878 2885 1949 philosophi
2915 1884 3108 1936 ostium
3135 1926 3147 1944 .
3186 1885 3355 1953 puella
3389 1887 3683 1956 respiciens
3712 1892 3792 1942 ait

2201 1965 2393 2021 nobis:
2451 1968 2653 2023 Dormit
2705 1972 2830 2035 ille,
2884 1986 3092 2041 Oportet
3145 1989 3461 2046 exspectare
3506 1981 3785 2047 pusillum.

2199 2057 2352 2110 'l‘unc
2386 2058 2472 2111 aio
2499 2060 2717 2112 dominii
2749 2078 2870 2117 meo
2900 2066 3204 2134 Soplironiu
3231 2086 3241 2119 :
3272 2069 3467 2124 Eamus
3497 2072 3562 2126 ad
3595 2072 3789 2126 Tetra-

2198 2148 2399 2217 pyluni,
2423 2159 2476 2203 et
2506 2149 2614 2203 illic
2665 2166 2801 2205 inan~
2823 2170 2994 2209 anius.
3032 2158 3121 2210 Est
3149 2168 3325 2214 autem
3365 2161 3512 2214 locus
3542 2162 3634 2217 ille
3664 2165 3791 2219 Ale-

2198 2240 2477 2294 xandrinis
2510 2244 2865 2307 venerabilis;
2892 2248 3077 2299 dicunt
3100 2252 3240 2302 enim
3280 2250 3522 2306 Jeremia:
3556 2256 3790 2321 prophe-

2200 2341 2264 2384 ιςυ
2291 2345 2408 2383 oSsa
2438 2347 2502 2385 ex
2532 2332 2764 2402 Egypto
2800 2348 3010 2403 sumpta
3043 2341 3108 2388 ali
3152 2340 3461 2395 Alexandro
3503 2346 3791 2399 conditore

2200 2425 2346 2478 Urbis
2377 2427 2482 2479 illic
2513 2430 2674 2483 fuisse
2698 2433 2949 2499 reposita.
2975 2434 3108 2486 (Iuni
3132 2451 3257 2502 ergo
3282 2436 3403 2491 illnc
3426 2442 3785 2504 venissemus,

509 2537 729 2590 Mariam
752 2581 765 2601 ἱ
799 2548 853 2593 ﬂ
881 2543 1008 2593 salvi
1039 2544 1209 2596 erilis.
1242 2544 1391 2597 Tunc
1423 2561 1521 2613 eg"
1564 2547 1805 2614 mgimns
1849 2549 1976 2617 quid
2014 2550 2088 2619 ἐς,
2160 2517 2470 2619 .neininein
2500 2518 2803 2577 invenimus
2835 2526 2933 2576 nisi
2966 2541 3139 2580 czccos
3172 2539 3311 2592 tres;
3346 2545 3457 2583 erat
3501 2534 3644 2586 enim
3674 2550 3790 2589 ine-

522 2628 609 2679 iiid
639 2640 777 2682 esset
800 2672 814 2693 ,
848 2634 1140 2687 exclamavi
1173 2637 1461 2700 continuo,
1493 2637 1536 2689 0
1564 2637 1746 2693 Maria.
1780 2637 2094 2695 Nesciebam

509 2720 651 2771 enim
695 2738 812 2789 qua:
858 2734 999 2778 esset
1041 2726 1225 2779 Maria.
1262 2726 1349 2779 Illa
1381 2743 1509 2782 vero
1532 2728 1719 2795 jaceus
1747 2730 1798 2782 in
1832 2732 1948 2785 loco
1975 2747 2094 2798 suo,

511 2818 570 2860 ut
597 2811 835 2875 audivit,
865 2814 1175 2881 respondit,
1206 2815 1393 2869 dicens
1422 2836 1432 2867 :
1461 2818 1597 2883 Quid
1619 2819 1777 2886 jnbes
1799 2861 1813 2883 ,
1839 2821 2099 2877 domine?

509 2897 661 2954 Tunc
688 2902 774 2954 aio
801 2905 865 2956 ad
899 2904 1044 2959 illam
1077 2925 1089 2958 :
1124 2908 1233 2961 Fac
1260 2908 1578 2964 cliaiitatcni
1606 2950 1619 2974 ,
1651 2915 1771 2965 veni
1803 2914 2095 2983 hucusque.

513 2989 822 3063 Exsurgens
850 3005 1028 3049 autem
1058 2999 1315 3051 continuo
1345 3002 1510 3053 venit.
1544 3001 1676 3055 (Iuni
1705 3018 1833 3073 ergo
1868 3006 2100 3059 venisset

508 3089 573 3140 ad
621 3104 738 3154 nie,
791 3095 970 3160 accepi
1019 3110 1135 3147 eain
1185 3109 1467 3157 seorsum,
1517 3104 1571 3149 et
1621 3096 1730 3149 dixi
1774 3098 1859 3149 ei:
1896 3097 2093 3162 Vides,

2200 2610 2386 2665 ridies.
2413 2612 2751 2668 Pericxinius
2782 2631 2909 2685 ergo
2931 2619 3080 2687 juxta
3123 2621 3239 2674 illos
3271 2637 3446 2677 czecos
3495 2628 3674 2692 quiete
3721 2643 3789 2681 ac

2200 2704 2439 2767 siletilcr,
2468 2706 2810 2777 seditiiusqne
2845 2712 3097 2767 habentes
3123 2714 3284 2768 illil'OS
3311 2725 3543 2771 nostros.
3577 2718 3791 2788 Loque-

2202 2795 2394 2847 batilur
2413 2807 2592 2850 autem
2621 2801 2746 2852 eieci
2774 2802 2838 2852 ad
2872 2803 3098 2855 invicem
3140 2806 3325 2857 inulta.
3360 2807 3604 2877 Dixitque
3650 2826 3789 2864 unus

2203 2887 2265 2937 ad
2297 2888 2457 2942 alium
2485 2906 2499 2942 :
2534 2890 2611 2944 Tu
2641 2895 2909 2958 quomodo
2953 2896 3174 2951 clfecms
3201 2914 3261 2951 es
3290 2914 3465 2954 creetis
3493 2903 3516 2954 ’ἶ
3547 2901 3791 2969 Respon-

2202 2976 2281 3031 dit
2304 2979 2392 3034 ille
2423 2996 2436 3033 :
2470 2982 2634 3037 Nauta
2665 3001 2810 3039 eram
2843 3002 2964 3040 cum
2993 3003 3165 3043 essent
3196 2991 3531 3056 adolescens,
3576 3004 3632 3048 et
3660 3010 3787 3049 cuin

2202 3073 2270 3125 ab
2303 3072 2480 3131 Africa
2506 3078 2896 3148 navigaremus,
2927 3083 2977 3134 in
3008 3084 3139 3137 mari
3162 3085 3333 3139 oculis
3354 3099 3579 3155 repente
3598 3102 3792 3155 captus

514 3180 675 3233 Maria
707 3196 880 3247 soror,
912 3183 1055 3252 quod
1091 3194 1303 3246 “eccam
1338 3202 1454 3240 mea
1496 3200 1654 3254 sum.
1688 3204 1737 3241 υ,
1771 3204 1985 3258 μνον-επ.
2018 3207 2102 3245 me
2129 3171 2176 3232 C
2208 3182 2349 3234 sum,
2382 3184 2480 3222 nec
2509 3170 2690 3226 valens
2720 3174 3025 3242 ambulare,
3058 3177 3360 3248 albugiucm
3393 3180 3442 3233 iii
3484 3182 3659 3234 oculis
3688 3186 3788 3235 lia-

514 3284 608 3324 vos
656 3286 843 3326 omnes
888 3275 1165 3342 pereatis?
1208 3275 1294 3327 Illa
1337 3292 1463 3329 vero
1505 3277 1663 3330 altius
1705 3278 2096 3347 ingemiscens,

516 3362 625 3413 ait:
659 3362 825 3426 Vere,
853 3365 1069 3418 domine
1105 3368 1173 3419 mi
1213 3370 1491 3433 nauclere,
1522 3385 1622 3439 ego
1657 3373 1923 3438 peccatrix
1954 3388 2096 3428 sum.

522 3450 587 3504 Et
620 3452 727 3506 dixi
776 3454 849 3508 illi
881 3473 893 3507 :
922 3456 1049 3521 Qua:
1078 3469 1293 3524 peccata
1336 3459 1530 3525 habes,
1576 3462 1810 3514 mulier?
1851 3464 1912 3515 Et
1936 3465 2098 3535 883

525 3544 649 3596 illa:
684 3545 778 3600 Vin
810 3546 934 3601 niibi
959 3592 973 3614 ,
1024 3550 1223 3620 inquit,
1256 3553 1377 3620 quia
1409 3568 1510 3607 non
1542 3564 1623 3607 est
1654 3566 1925 3617 peccatum
1958 3560 2097 3625 quod

524 3651 626 3699 ego
661 3652 766 3689 non
798 3639 1030 3705 egerim,
1066 3653 1115 3693 ei
1150 3654 1373 3709 propter
1402 3654 1614 3709 peccata
1648 3662 1761 3697 111ιή
1791 3662 1885 3700 vos
1915 3663 2100 3703 omnes

518 3725 570 3779 in
602 3728 840 3794 periculo
871 3731 1142 3784 constituti
1181 3734 1334 3788 estis.
1361 3732 1508 3787 Tunc
1532 3734 1801 3787 enarravit
1829 3738 1955 3789 mihi
1988 3756 2099 3790 inn-

519 3817 620 3871 lier
648 3834 767 3887 qua!
797 3821 937 3874 circa
970 3836 1028 3875 se
1057 3832 1242 3888 erant,
1286 3825 1469 3879 dicens
1500 3845 1512 3887 ;
1562 3825 1838 3891 Profecto,
1885 3829 2099 3885 domine

519 3913 789 3975 naiiclerc,
819 3914 1003 3967 infelix
1031 3931 1128 3983 ego
1152 3917 1323 3969 virum
1356 3917 1516 3971 habui
1537 3961 1550 3982 ,
1580 3934 1643 3972 ex
1673 3935 1777 3988 quo
1800 3920 1933 3973 duos
1965 3921 2100 3977 filios

520 4002 680 4065 genui
710 4018 723 4065 ;
753 4018 980 4072 cumque
1008 4004 1072 4058 ad
1107 4017 1317 4061 {etatem
1345 4009 1744 4076 pervenissent,
1776 4026 1908 4063 unus
1935 4026 2101 4063 anuo-

519 4107 635 4143 rum
670 4109 895 4158 novein,
942 4096 1078 4149 alius
1117 4098 1378 4166 quinque,
1431 4108 1779 4165 inortuuscst
1808 4101 1887 4155 vir
1915 4117 2096 4168 incus,

516 4190 570 4234 et
618 4185 847 4237 remansi
905 4185 1085 4238 vidua.
1145 4188 1295 4241 Miles
1342 4197 1517 4242 autem
1567 4190 1779 4256 quidam
1831 4189 2099 4246 habitabat

512 4270 663 4341 juxta
696 4289 811 4339 me,
844 4294 1002 4345 quem
1031 4294 1128 4347 ego
1160 4281 1401 4333 maritum
1448 4283 1694 4351 accipere
1734 4286 1908 4350 volui,
1952 4287 2098 4341 uiisi-

515 4379 619 4431 que
650 4365 714 4419 ad
750 4367 919 4435 ipsum
968 4369 1250 4437 quosdam.
1301 4373 1390 4427 Ille
1431 4384 1607 4428 autem
1652 4392 1755 4430 non
1798 4378 2093 4447 acquievit,

517 4456 702 4510 dicens
733 4476 747 4511 :
780 4458 893 4511 Non
928 4461 1131 4529 accipio
1164 4478 1379 4518 uxorein
1426 4482 1545 4534 qua:
1596 4469 1786 4522 haheat
1826 4485 1889 4523 ex
1928 4472 2097 4525 altero

519 4549 635 4602 viro
664 4549 821 4607 filios.
858 4551 967 4620 Ego
996 4563 1174 4609 autem
1202 4558 1386 4611 videns
1412 4562 1548 4627 quod
1580 4574 1794 4632 propter
1822 4565 1957 4618 filios
1984 4567 2099 4620 nol-

513 4640 577 4692 let
614 4658 698 4697 iiie
726 4646 970 4713 accipere
998 4663 1249 4714 uxorem,
1283 4652 1493 4707 inducta
1526 4671 1711 4712 amore
1740 4658 1889 4725 ejus,
1924 4659 2095 4713 occidi

512 4733 646 4785 duos
677 4736 809 4791 filios
844 4755 1011 4801 meos.
1044 4742 1376 4815 iudicavique
1409 4747 1481 4801 illi
1509 4749 1692 4805 dicens
1719 4768 1732 4804 :
1767 4753 1903 4805 Ecce
1938 4752 2096 4805 tundo

514 4825 710 4879 nullum
747 4829 917 4883 bilico
949 4833 1133 4887 lilium.
1180 4836 1324 4892 Miles
1364 4854 1494 4892 vero
1535 4855 1653 4895 enni
1697 4841 1933 4895 audisset
1972 4842 2092 4909 quid

511 4914 737 4977 egissem
784 4920 850 4973 de
893 4923 1046 4988 filiis,
1090 4926 1202 4980 ait:
1237 4927 1377 4983 Vivit
1420 4932 1672 4986 Dominus
1714 4934 1803 5002 qui
1850 4934 1900 4985 in
1944 4933 2096 4987 coalis

514 5007 752 5074 habitat,
785 5015 901 5077 quia
936 5027 985 5071 te
1013 5034 1116 5073 non
1161 5023 1434 5092 accipiam.
1482 5025 1634 5081 Unde
1675 5034 2094 5096 egometuens'.

513 5112 580 5152 ne
612 5097 711 5154 hoc
741 5104 1074 5161 manifestum
1102 5112 1250 5167 fieret
1272 5153 1286 5178 ,
1315 5125 1368 5169 et
1393 5131 1655 5180 morerer,
1684 5116 1813 5186 fugi.
1843 5117 1966 5171 ilice
1994 5133 2094 5185 ego

509 5190 729 5243 audiens
777 5209 842 5247 ex
895 5209 987 5252 ore
1034 5202 1307 5269 mulieris,
1361 5222 1428 5262 ne
1471 5210 1548 5261 sic
1589 5207 1808 5276 quidem
1852 5208 1993 5261 illam
2039 5210 2091 5262 in

512 5294 658 5333 uiare
703 5283 966 5350 projicere
1009 5291 1185 5359 volui,
1229 5297 1320 5350 sed
1373 5297 1625 5352 differens
1671 5297 1783 5351 dixi
1831 5299 1896 5351 ad
1946 5299 2087 5353 illam

510 5386 739 5425 rursus:
777 5375 913 5433 Ecce
950 5395 1049 5451 ego
1092 5390 1326 5443 ascendo
1366 5389 1418 5443 in
1461 5389 1715 5443 carabuni
1761 5391 1907 5457 (Π),
1949 5399 2003 5444 et
2041 5391 2084 5443 si

508 5464 867 5524 ambulaverit
908 5476 1085 5543 navis,
1114 5480 1250 5535 scito
1289 5482 1408 5547 quia
1456 5490 1667 5549 peccata
1712 5496 1827 5535 mea
1871 5484 1920 5535 in
1963 5482 2082 5537 navi

505 5569 815 5624 operantur.
845 5563 1145 5641 Vocavique
1173 5576 1425 5628 continuo
1458 5576 1793 5643 scapliarium
1815 5618 1827 5637 .
1858 5587 1908 5630 et
1935 5579 2038 5630 dixi
2066 5595 2080 5633 :

506 5648 713 5707 i'roduc
764 5658 1034 5726 scapham.
1090 5664 1331 5734 Cumque
1377 5654 1735 5722 ascendissent
1787 5669 1838 5722 in
1898 5670 2079 5734 illam,

507 5741 673 5798 nihilo
719 5747 885 5818 magis
922 5753 1029 5809 vel"
1060 5749 1207 5809 navis
1253 5757 1333 5812 vel
1376 5759 1572 5826 scapha
1604 5768 1758 5815 ‘mota
1792 5763 2079 5816 est/Tunc

2206 3257 2312 3313 btii.
2347 3260 2685 3317 Dixitaiitem
2720 3264 2807 3318 hic
2857 3266 2947 3319 alii
2977 3281 3155 3321 careo:
3208 3269 3285 3323 'l‘ii
3342 3286 3467 3325 vero
3517 3278 3792 3339 quomodo

2205 3348 2426 3404 effectus
2446 3367 2506 3407 es
2528 3354 2746 3407 carens?
2779 3356 3072 3423 Respondit
3097 3369 3150 3412 et
3182 3360 3270 3412 ille
3296 3360 3481 3415 dicens
3516 3382 3528 3414 :
3571 3364 3699 3418 \’itri
3720 3368 3791 3418 ait

2208 3454 2334 3493 usus
2362 3444 2539 3497 varios
2569 3444 2820 3500 lundendi
2853 3448 3041 3503 artifex
3076 3450 3167 3515 fui,
3228 3462 3282 3506 et
3334 3470 3401 3507 ex
3459 3456 3581 3523 igne
3635 3458 3790 3511 amisi

2206 3532 2341 3586 duos
2368 3535 2551 3588 oculos
2590 3552 2759 3601 meos,
2800 3549 2855 3592 et
2880 3555 3054 3593 (ττι-ους
3083 3542 3303 3597 etTectus
3328 3559 3467 3598 sum.
3504 3548 3669 3600 Aiunt
3695 3564 3790 3602 au-

2210 3634 2317 3677 tem
2349 3627 2508 3680 ambo
2534 3627 2583 3680 hi
2617 3632 2706 3697 qui
2740 3630 3045 3700 interrogati
3078 3634 3285 3689 fuerant
3313 3637 3378 3690 ad
3413 3639 3624 3692 tertium
3653 3658 3665 3691 :
3702 3642 3791 3693 Di-

2204 3731 2332 3769 cens
2378 3727 2432 3771 ct
2483 3730 2535 3771 tn
2584 3725 2855 3787 quomodo
2887 3724 3055 3778 factus
3076 3741 3134 3780 es
3181 3729 3398 3781 creetis?
3447 3730 3789 3802 Respondit}

2210 3808 2345 3863 Vere
2373 3826 2473 3877 ego
2497 3814 2645 3867 vobis
2673 3814 2846 3869 dicant
2877 3834 2888 3869 :
2917 3818 3046 3871 Cum
3075 3835 3245 3875 esseni
3278 3822 3610 3889 adolescens,
3639 3825 3789 3879 labo-

2208 3916 2320 3956 rem
2370 3905 2525 3957 valde
2577 3908 2818 3972 oderam,
2871 3921 2923 3964 et
2972 3914 3318 3979 recusabant,
3370 3918 3789 3986 luxuriosusque

2207 3993 2379 4050 fat-liis
2402 4012 2540 4050 sum.
2574 4000 2815 4065 (limique
2845 4017 2948 4056 non
2984 4004 3239 4058 haberem
3271 4000 3569 4063 necessaria
3600 4013 3784 4076 victui,

2205 4087 2369 4143 furari
2420 4090 2528 4159 jam
2560 4108 2846 4161 ca'peraui.
2879 4097 2971 4151 Die
3021 4114 3145 4152 vero
3196 4101 3421 4169 quadam
3477 4119 3597 4158 cuin
3648 4110 3787 4160 mala

2204 4181 2367 4236 multa
2398 4195 2811 4253 perpetrassent,
2844 4188 3048 4242 stabam
3080 4193 3129 4243 iu
3153 4195 3382 4259 quodam
3408 4196 3543 4259 loco,
3572 4197 3787 4251 videns-

2204 4290 2308 4340 que
2367 4285 2633 4331 inortuum
2659 4279 2836 4334 eli'erri
2869 4283 3067 4347 optimc
3098 4283 3363 4348 indutum,
3403 4297 3620 4342 secutus
3665 4304 3785 4343 Sunt

2206 4369 2384 4433 funus,
2438 4382 2490 4425 ut
2535 4374 2766 4427 viderem
2802 4377 2888 4429 tibi
2943 4388 3249 4442 poneretur.
3303 4380 3575 4435 Venerunt
3608 4396 3786 4439 autem

2205 4473 2351 4516 retro
2381 4476 2623 4518 sanetum
2674 4467 2962 4531 Joannem,
3010 4480 3065 4526 et
3094 4472 3163 4524 ibi
3217 4484 3505 4539 posuerunt
3537 4476 3682 4529 illinii
3731 4478 3785 4529 in

2127 4555 2177 4613 D
2207 4564 2586 4618 monumento,
2643 4559 2976 4628 peractisque
3023 4561 3213 4616 officiis
3262 4574 3615 4619 recesserunt.
3677 4567 3788 4635 Ego

2201 4660 2324 4698 mox
2350 4653 2405 4697 ut
2435 4645 2555 4699 illos
2588 4650 2876 4703 recessisse
2900 4650 3026 4714 vidi,
3054 4652 3323 4719 ingressus
3352 4663 3785 4721 monumentum,

2200 4736 2318 4788 exui
2348 4735 2541 4806 ipsum,
2574 4736 2701 4791 nihil
2728 4738 2776 4791 ei
2823 4740 3127 4809 relinquens
3172 4750 3366 4811 praeter
3398 4759 3560 4797 unum
3597 4745 3786 4799 lintea-

2201 4844 2345 4883 men.
2379 4831 2509 4884 Cum
2538 4845 2666 4895 ergo
2721 4832 2964 4899 progredi
2998 4833 3284 4901 inciperem
3316 4836 3383 4889 de
3414 4846 3783 4898 iimnnuiento,

2202 4923 2384 4976 multis
2412 4931 2640 4977 onustus
2671 4925 2884 4993 patinis,
2935 4926 3067 4978 dicit
3099 4926 3226 4980 mihi
3260 4927 3497 4994 improha
3530 4943 3647 4982 mea
3685 4943 3784 4981 eo-

2199 5016 2422 5084 gitatio:
2462 5018 2659 5086 Accipe
2705 5028 2759 5071 ct
2790 5018 3046 5081 linteum,
3094 5021 3215 5086 quia
3248 5020 3442 5074 bonum
3473 5032 3573 5075 est.
3626 5021 3784 5077 Redii

2199 5117 2376 5162 autem
2409 5109 2591 5162 infelix
2645 5124 2763 5175 ego,
2814 5121 2870 5163 tit
2901 5123 3111 5180 sumpto
3141 5113 3299 5166 etiam
3350 5113 3533 5175 linteo,
3578 5113 3782 5165 iiniluni

2198 5201 2347 5255 illum
2373 5202 2752 5268 relinquerem.
2786 5202 2932 5255 'l'unc
2955 5205 3152 5257 resedit
3172 5198 3365 5257 coram
3398 5220 3483 5258 me
3514 5214 3780 5267 mortuus,

2196 5295 2598 5363 extendcnsque
2644 5310 2807 5362 super
2857 5311 2943 5350 ine
2993 5311 3181 5349 lt'mlliS
3226 5311 3371 5360 snas,
3428 5297 3609 5367 digitis
3668 5298 3783 5350 suis

2195 5389 2333 5442 eruit
2356 5389 2542 5441 oculos
2574 5403 2741 5442 meos.
2797 5390 2904 5457 Ego
2951 5388 3114 5455 igitur
3144 5387 3486 5449 miserabilis,
3540 5388 3782 5441 dimissis

2192 5479 2461 5541 omnibus,
2516 5494 2638 5532 cum
2671 5492 2859 5545 magna
2911 5478 3252 5531 tribulatione
3282 5488 3333 5531 et
3364 5478 3602 5545 periculo
3630 5478 3775 5533 exivi

2188 5571 2257 5626 de
2300 5581 2666 5624 monumento.
2726 5570 2861 5623 iiece
2909 5577 2963 5622 et
3004 5585 3103 5638 ego
3147 5570 3253 5622 dixi
3303 5570 3451 5623 vobis
3500 5570 3779 5637 quomodo

2188 5675 2360 5716 caecus
2394 5660 2560 5716 factus
2585 5676 2723 5714 sum.
2758 5660 2858 5714 Ista
2889 5675 3008 5714 cum
3046 5660 3400 5723 audissemus,
3440 5660 3616 5716 iu-iiuit
3641 5661 3777 5716 inibi

2187 5756 2435 5812 dominus
2465 5769 2612 5811 meus
2644 5755 2994 5825 Sophronias,
3031 5766 3083 5812 et
3132 5758 3472 5811 recessimus.
3511 5758 3575 5810 Et
3627 5756 3773 5811 dixit
