4052 6362
293 313 398 370 157

1536 320 1830 376 .PRATUM
1870 319 2303 379 SPIRITUALE.

3462 339 3565 392 I58

295 433 467 488 mihi:
501 432 659 499 Vere,
692 434 826 487 abba
865 434 1121 499 Joannes,
1153 434 1311 489 hodie
1339 434 1470 490 nihil
1497 435 1634 490 ultra
1665 436 1880 489 studea-
1905 434 1956 493 Δ
1987 434 2118 502 lum,
2152 438 2535 509 ingressusque
2591 442 2728 510 ccepi
2760 445 3059 513 exspoliare
3111 447 3273 503 illam.
3327 449 3395 504 Et
3440 468 3563 506 cum

295 539 452 588 nius;
483 525 612 579 satis
635 526 776 579 enim
807 527 1052 580 aedificati
1110 543 1316 581 sumtis.
1353 529 1475 582 Ilmc
1504 544 1631 597 ergo
1658 528 1873 594 scripsi-

293 632 435 678 mus,
467 623 527 669 ut
551 625 604 671 et
628 632 723 671 vos
757 619 953 684 pariter
977 618 1312 673 ardiﬁcemiui
1338 636 1351 683 ;
1385 635 1509 673 vere
1530 620 1672 675 enim
1699 620 1874 675 nullus

294 706 440 761 male
470 706 670 761 faciens
727 708 891 763 Deum
943 711 1108 764 latere
1163 720 1357 779 potest.
1412 710 1480 766 Ει
1532 726 1629 766 uos
1664 712 1876 778 quidem

294 795 437 851 hanc
464 798 821 853 narrationem
853 800 919 853 ab
940 816 1007 854 eo
1028 801 1115 871 qui
1141 816 1324 870 passus
1347 803 1518 856 fuerat
1556 801 1874 857 audivimus.

815 912 1039 969 CAPUT
1080 913 1355 969 LXXVIII.

294 1000 620 1079 Stupeuauiii
651 1006 959 1059 miraculum
988 1010 1174 1076 puellm
1209 1019 1458 1073 mortuae,
1490 1026 1602 1071 quia
1625 1011 1881 1079 exspolia-

368 1085 535 1146 toreni
569 1075 817 1140 detinuit,
868 1093 957 1129 uec
990 1075 1117 1130 eum
1146 1080 1383 1134 relaxare
1418 1082 1597 1146 voluit,
1648 1075 1807 1136 donec
1836 1085 1880 1135 is

369 1145 685 1213 promitteret
714 1163 767 1199 se
810 1148 1116 1201 monac/iuni
1151 1150 1401 1210 futurum.

332 1254 337 1255 7
367 1258 528 1313 Aliud
558 1269 734 1314 autem
768 1262 894 1317 huic
918 1264 1095 1318 simile
1122 1266 1291 1319 abbas
1322 1264 1581 1327 Joannes.
1612 1276 1882 1323 monaste-

290 1350 362 1406 rii
393 1349 675 1421 Gigantum
710 1353 889 1418 Pater,
920 1370 1042 1409 cum
1072 1354 1387 1425 Theopolim
1415 1359 1674 1424 venisset,
1706 1368 1880 1414 narra-

289 1442 369 1495 vit
399 1443 577 1507 nobis,
607 1445 793 1499 dicetis
825 1463 841 1499 :
886 1447 1024 1501 Ante
1048 1448 1315 1504 modicum
1346 1454 1604 1520 temporis
1636 1453 1784 1506 venit
1810 1452 1876 1504 ad

290 1548 383 1588 me
413 1533 729 1590 adolescens
748 1537 987 1605 quidam,
1016 1548 1071 1592 et
1119 1540 1194 1594 ait
1222 1541 1384 1594 mihi:
1416 1542 1612 1597 Amore
1641 1543 1736 1597 Dei
1765 1558 1882 1598 sus-

289 1628 413 1693 cipe
442 1627 611 1699 884
638 1645 744 1695 me,
802 1632 922 1685 velo
950 1632 1091 1685 enim
1123 1634 1402 1701 paenitere.
1435 1634 1651 1690 Dicebat
1700 1645 1877 1691 autem

294 1716 399 1771 hoc
430 1734 553 1771 cum
579 1718 762 1773 multis
794 1719 1042 1789 lacrymis
1087 1732 1141 1775 et
1187 1724 1528 1794 singultibus.
1558 1725 1670 1794 Ego
1698 1736 1877 1781 autem

1982 528 2229 583 omnibus
2251 529 2361 599 jam
2392 531 2559 597 ipsam
2613 534 2907 599 exuissem,
2960 538 3152 605 quibus
3200 549 3314 594 crat
3359 541 3564 607 induta,

1983 633 2083 672 nec
2114 621 2357 676 interula:
2383 625 2596 693 quidem
2622 626 2788 692 ipsius
2814 643 3061 696 parcens,
3086 631 3180 686 sed
3202 646 3319 686 eam
3350 649 3567 705 quoque

1981 708 2054 764 illi
2083 711 2353 781 auferens,
2386 718 2685 787 nudamque
2713 722 2904 788 ipsam,
2931 731 2990 778 ut
3018 732 3139 779 nata
3168 726 3360 786 fuerat.
3391 729 3564 784 relin-

1980 817 2173 872 quens,
2207 820 2238 860 e
2275 809 2522 875 sepulcro
2544 813 2725 881 egredi
2753 815 3020 872 volebam.
3070 820 3221 876 Tunc
3250 821 3338 875 illa
3368 824 3568 880 resedit

1982 909 2161 985 coram
2190 914 2299 964 ine,
2356 902 2736 975 sinistramqne
2783 925 2997 965 manum
3046 927 3195 970 suam
3245 918 3571 985 extendens,

1982 979 2335 1059 apprehendit
2360 995 2637 1052 dexteram
2663 1016 2857 1067 meam,
2884 1013 2937 1056 et
2973 1007 3046 1058 ait
3070 1007 3136 1059 ad
3165 1023 3251 1063 me
3279 1027 3294 1061 :
3346 979 3569 1079 Nequis;

1982 1085 2118 1136 sime
2147 1082 2444 1150 hominum,
2489 1089 2630 1143 itane
2674 1091 2852 1147 decuit
2880 1102 2933 1148 te
2976 1098 3180 1152 nudare
3230 1102 3359 1156 me?
3403 1118 3471 1155 an
3506 1114 3561 1155 tu

1982 1188 2086 1227 non
2121 1176 2275 1231 times
2304 1177 2495 1240 Deum.
2528 1196 2700 1250 neque
2725 1186 2918 1239 metuis
2937 1188 3334 1245 damnationem
3367 1193 3566 1247 ultima:

1981 1266 2351 1321 retributionis
2388 1269 2411 1321 Ἰ
2452 1285 2629 1325 nonne
2678 1274 2760 1327 vel
2803 1276 2992 1331 saltem
3045 1291 3272 1335 mortua:
3320 1284 3564 1337 misereri

1984 1356 2393 1412 debuisti?Sed
2422 1361 2759 1417 Christianus
2804 1367 3061 1434 existens,
3111 1370 3191 1423 ita
3234 1387 3319 1427 me
3368 1373 3565 1427 ntidaiii

1980 1448 2235 1504 assistere
2282 1450 2497 1506 Christo
2548 1454 2831 1511 honestum
2882 1460 2994 1514 fore
3040 1461 3341 1528 iudicasti?
3392 1478 3569 1525 neque

1980 1556 2167 1598 sexum
2198 1546 2514 1601 muliebrem
2556 1551 2825 1606 reveritus
2849 1567 2907 1606 es
2927 1555 2951 1604 ?
2993 1570 3170 1609 nonne
3203 1558 3289 1610 hic
3319 1573 3479 1613 sexus
3509 1570 3562 1615 te

1983 1638 2226 1705 peperit;
2259 1654 2436 1693 nonne
2469 1652 2691 1695 matrem
2721 1660 2936 1713 quoque
2964 1656 3105 1701 tuam
3145 1647 3248 1704 hac
3285 1649 3337 1703 iu
3369 1667 3455 1703 me
3486 1652 3566 1705 in-

1977 1726 2118 1797 juria
2144 1729 2391 1785 violasti?
2413 1735 2581 1798 Quam
2602 1777 2617 1797 ,
2647 1736 3010 1791 infelicissime
3049 1739 3319 1794 hominum
3340 1784 3355 1808 ,
3387 1744 3558 1797 ratio-

288 1823 414 1861 cuni
448 1809 596 1862 illum
621 1826 894 1864 cernerem
924 1814 1076 1867 valde
1121 1817 1432 1884 contritum,
1462 1828 1654 1872 etcum
1684 1834 1873 1888 magna
1908 1814 1952 1872 Β
1980 1834 2102 1873 nem
2134 1822 2443 1878 redditurus
2484 1840 2543 1879 es
2585 1826 2802 1881 Christo
2842 1830 2910 1883 de
2937 1831 3142 1885 scelere
3171 1832 3222 1885 in
3260 1848 3344 1887 me
3374 1849 3564 1902 perpe—

290 1902 575 1966 mmstitia,
607 1902 716 1956 divi
740 1904 813 1957 illi
846 1922 858 1956 :
892 1905 985 1958 Die
1029 1906 1157 1960 mihi
1189 1922 1402 1962 causam
1434 1919 1595 1965 tautae.
1621 1925 1879 1979 compun-

287 1992 511 2057 ctiouis,
544 2009 716 2063 neque
746 2010 833 2048 me
861 1997 1004 2050 celes
1031 1998 1356 2067 quidquam;
1411 2012 1597 2070 potetis
1627 2013 1710 2057 est
1738 2004 1877 2057 enim

290 2082 439 2137 Deus
469 2083 722 2153 adjuvare
764 2097 834 2139 te.
866 2087 929 2141 Et
958 2089 1034 2142 ait
1064 2091 1188 2142 milii
1217 2107 1229 2141 :
1282 2091 1433 2158 Vere,
1461 2093 1679 2147 domine
1719 2094 1883 2156 abba,

288 2192 522 2246 magnus
554 2189 802 2247 peccator
843 2195 981 2235 smn.
1013 2183 1090 2234 Ad
1116 2199 1271 2251 quem
1318 2200 1419 2252 ego
1447 2201 1634 2240 rursus
1663 2203 1677 2238 :
1710 2185 1880 2241 Crede

289 2271 455 2339 mihi,
486 2272 626 2325 sicut
654 2273 817 2326 multa
849 2284 901 2328 et
932 2275 1075 2327 varia
1107 2286 1232 2328 sunt
1265 2276 1505 2340 vulnera,
1536 2278 1606 2330 ita
1653 2278 1876 2344 plurima

289 2380 515 2432 quoque
540 2376 667 2419 sunt
698 2367 843 2418 varia
898 2369 1302 2423 iuediCaiiienta.
1353 2370 1455 2424 Sed
1507 2380 1561 2423 tu
1610 2386 1655 2424 SI
1699 2371 1877 2424 curari

286 2459 392 2522 vis,
422 2457 514 2511 dic
539 2458 668 2511 mihi
702 2462 751 2513 in
809 2461 1029 2513 veritate
1077 2478 1237 2525 opera
1264 2474 1371 2526 tua,
1406 2474 1462 2518 ut
1491 2480 1593 2529 ego
1643 2481 1879 2531 congrua

286 2550 401 2605 illis
448 2550 759 2605 admoveam
801 2554 1035 2621 epitiniia
1064 2553 1203 2623 (Iit).
1255 2555 1422 2608 Aliter
1467 2557 1609 2609 enim
1667 2567 1878 2611 curatur

286 2642 612 2711 fornicator,
640 2646 797 2700 aliter
824 2650 1119 2713 homicida;
1147 2650 1192 2703 aI
1221 2653 1396 2719 utque
1422 2660 1510 2706 est
1535 2654 1678 2706 avari
1706 2669 1880 2709 reme-

287 2738 464 2798 iliiim,
494 2738 594 2791 alia
619 2740 890 2794 mendac‘s
916 2742 1211 2807 medicina;
1241 2753 1404 2812 atque
1432 2744 1538 2797 alio
1568 2746 1874 2808 iracundiis,

285 2829 404 2883 alio
432 2831 538 2896 fur,
567 2830 674 2883 alio
704 2831 912 2884 adulter
935 2833 1287 2886 medicamine
1329 2844 1565 2890 sanatur.
1596 2836 1663 2889 Et
1686 2851 1752 2890 ue
1783 2838 1875 2891 tibi

288 2920 527 2989 plurima
558 2922 682 2975 vitia
713 2936 1045 2987 enumerem,
1099 2924 1550 2991 quemadmodum
1604 2926 1655 2980 iii
1686 2944 1873 2996 corpo-

287 3013 497 3067 ralibus
547 3014 945 3069 infirmitatibus
1000 3016 1161 3071 variis
1214 3018 1358 3071 varia
1389 3034 1602 3087 quoque
1641 3022 1876 3075 remedia

288 3105 534 3160 adhiberi
559 3109 945 3176 conspicimus,
980 3110 1048 3161 ita
1076 3119 1131 3162 et
1175 3111 1367 3164 animai
1409 3110 1570 3173 vitiis,
1604 3127 1722 3179 qua:
1754 3112 1871 3179 plu-

1984 1919 2126 1965 trato
2156 1922 2280 1967 ante
2312 1914 2480 1982 ipsius
2508 1918 2737 1972 tribunal
2778 1923 3147 1985 tremendum,
3189 1923 3329 1990 quod
3354 1925 3567 1980 vivente

1986 2017 2071 2056 me
2103 2004 2280 2058 nullus
2313 2015 2602 2062 extraneos
2635 2026 2865 2078 unquam
2896 2012 3025 2066 vidit
3058 2012 3249 2067 faciem
3276 2030 3477 2078 meam,
3511 2027 3567 2070 et

1985 2102 2039 2145 tu
2072 2105 2191 2160 post
2219 2107 2444 2150 mortem
2471 2111 2523 2151 et
2555 2105 2883 2167 sepulturam
2932 2104 3211 2159 denuilaSIi
3246 2120 3351 2170 me,
3379 2115 3434 2159 et
3464 2122 3563 2160 nu-

1983 2185 2110 2239 dum
2141 2189 2394 2255 aspexisti
2425 2206 2621 2258 corpus
2652 2196 2869 2248 monui?
2898 2195 2985 2247 Vae
3019 2196 3263 2250 humana:
3296 2199 3527 2252 miseriae
3547 2239 3563 2261 ,

1983 2274 2048 2327 ad
2079 2293 2234 2342 quatit
2259 2278 2620 2336 infelicitatem
2651 2283 2900 2339 devoluta
2945 2288 3065 2341 est?
3089 2288 3205 2353 Quo
3250 2290 3432 2356 corde,
3467 2289 3562 2342 Ito-

1985 2382 2094 2429 tno,
2123 2370 2315 2436 quibus
2347 2373 2589 2425 manibus
2620 2374 2739 2439 (ει)
2788 2378 3072 2441 accedens,
3120 2382 3287 2431 sumis
3317 2391 3563 2434 sanctum

1982 2471 2035 2514 et
2061 2462 2352 2526 pretiosum
2384 2482 2579 2532 corpus
2610 2468 2814 2522 [limiioi
2841 2473 3004 2524 nostri
3033 2471 3158 2525 Iesu
3188 2471 3422 2526 Christi?

2057 2552 2167 2620 Ego
2195 2565 2394 2619 autem,
2428 2568 2488 2610 ιιι
2522 2560 2617 2613 ista
2660 2562 2911 2625 conspexi
2953 2572 3006 2615 et
3035 2562 3241 2625 audivi,
3275 2577 3478 2629 pavore
3506 2570 3564 2618 et

1982 2640 2268 2699 formidine
2300 2655 2441 2701 totus
2469 2652 2905 2718 couiprclietimts,
2942 2663 3177 2707 tremens
3205 2669 3266 2707 ac
3294 2665 3561 2715 metuens.

1980 2734 2068 2785 vix
2101 2735 2188 2787 aio
2214 2737 2279 2789 ad
2306 2738 2445 2791 illam
2473 2758 2484 2791 :
2516 2740 2733 2796 Dimitte
2761 2760 2867 2807 me,
2912 2756 2963 2799 et
2999 2746 3135 2798 istud
3165 2748 3300 2799 ultra
3349 2763 3454 2801 non
3488 2747 3565 2800 fa-

1981 2823 2142 2879 ciam.
2177 2828 2305 2891 Quae
2344 2830 2421 2884 ait
2454 2850 2467 2882 :
2510 2831 2756 2887 Profecto
2801 2851 2903 2887 non
2943 2836 3010 2889 ita
3050 2839 3174 2889 erit.
3212 2837 3291 2889 'I'u
3331 2839 3472 2890 enim
3506 2847 3566 2891 ut

1985 2916 2231 2980 voluisti,
2266 2920 2368 2973 huc
2407 2922 2654 2987 intrasti;
2693 2926 2785 2978 sed
2820 2941 2923 2978 non
2967 2929 3036 2979 ita
3062 2939 3114 2979 ιιι
3143 2925 3399 2992 volueris,
3434 2927 3559 2981 hinc

1981 3005 2297 3073 egredieris.
2325 3008 2456 3061 Nam
2502 3013 2801 3077 sepulcrum
2835 3014 2971 3067 istud
3002 3030 3285 3069 commune
3314 3016 3417 3069 erit
3442 3029 3558 3067 am-

1983 3096 2172 3152 bobus.
2214 3100 2396 3169 Neque
2432 3112 2581 3170 putes
2631 3113 2682 3158 te
2730 3105 3009 3160 confestim
3062 3108 3372 3161 moriturum
3407 3148 3422 3174 ,
3463 3108 3558 3162 sed

287 3197 425 3251 rima
454 3206 601 3264 sunt,
635 3199 893 3253 medicina
925 3216 1135 3268 quoque
1161 3198 1307 3255 varie
1334 3202 1619 3256 succurrit.
1658 3203 1753 3256 Ille
1782 3219 1875 3256 au-
1905 3174 1950 3236 C
1982 3207 2104 3245 Cum
2134 3192 2221 3247 ³³ίο
2254 3194 2432 3261 Plures
2475 3197 2588 3250 dies
2634 3202 2898 3252 (τυοτεδηιε
2950 3199 3133 3265 fueris.
3185 3201 3376 3253 "tam"
3427 3201 3569 3254 male

288 3301 403 3343 tem
439 3290 597 3344 altius
622 3292 1017 3359 ingemiscens,
1046 3304 1099 3346 et
1138 3302 1324 3361 pectus
1358 3310 1512 3347 suum
1551 3296 1873 3362 percutiens,

285 3383 550 3453 lacryiuis
592 3400 655 3437 ac
692 3387 1015 3454 singultibus
1052 3389 1518 3455 coiifundebatur,
1556 3400 1611 3444 et
1642 3405 1750 3457 prae
1797 3393 1878 3443 nio

288 3476 401 3527 mia
463 3476 870 3543 perturbatione
917 3490 970 3532 et
1022 3480 1281 3533 maestitia
1337 3480 1518 3534 animo
1562 3479 1874 3549 deficiebat,

288 3581 470 3633 neque
500 3569 926 3623 vocemliberam
956 3571 1202 3625 emittere
1237 3572 1465 3627 valebat.
1504 3573 1614 3642 Ego
1663 3589 1788 3627 vero
1822 3584 1877 3627 iit

287 3658 439 3711 illum
470 3659 820 3715 animadverti
852 3661 917 3715 ad
941 3662 1373 3731 desperationem
1399 3667 1772 3736 tri~titianique
1793 3669 1875 3721 iu-

287 3748 630 3802 tolerabilem
668 3751 871 3817 lapsum
897 3792 912 3816 ,
942 3762 997 3807 et
1027 3770 1200 3823 neque
1227 3756 1350 3822 quid
1371 3772 1559 3824 passus
1587 3768 1752 3819 esset,
1784 3775 1874 3812 ne-

290 3854 404 3908 que
449 3841 576 3906 quid
633 3843 829 3909 egisset
878 3844 1054 3911 mali,
1094 3860 1268 3913 neque
1307 3847 1665 3903 calamitatem
1724 3866 1873 3903 suam

288 3930 582 3983 enuntiare
615 3935 902 3999 valentem,
948 3936 1035 3986 aio
1064 3936 1127 3987 ad
1160 3936 1344 3991 illum:
1385 3938 1512 4004 Fili,
1536 3940 1660 3992 audi
1694 3956 1798 4003 me,
1823 3951 1877 3995 et

288 4021 680 4090 aliquantulum
705 4027 813 4079 vim
846 4025 927 4078 fac
960 4028 1270 4095 cogitatioiii
1306 4040 1428 4088 iure,
1461 4032 1715 4084 etnuutia
1745 4035 1872 4085 mihi

289 4116 419 4183 quid
469 4131 497 4168 a
546 4127 596 4171 te
625 4120 818 4171 factum
849 4120 946 4184 sit;
990 4129 1164 4186 potest
1199 4122 1342 4174 enim
1388 4122 1648 4177 Dominus
1695 4134 1877 4179 noster

288 4206 534 4274 prmbere
564 4209 654 4262 tibi
685 4213 936 4265 auxilium
964 4227 1143 4265 suum.
1170 4211 1299 4265 Nam
1327 4214 1414 4280 qui
1442 4223 1659 4280 proiiter
1690 4216 1873 4269 ineffa-

288 4298 458 4352 bilem
494 4301 835 4355 clementiam
865 4317 1042 4369 suam,
1079 4310 1133 4356 et
1171 4302 1460 4356 immensas
1501 4305 1875 4360 miserationes

292 4392 474 4445 omnia
516 4408 611 4460 pro
634 4395 803 4447 salute
827 4406 1004 4448 ιιοςιιτι
1041 4408 1229 4463 passus
1257 4405 1357 4459 est,
1398 4397 1594 4464 quique
1629 4413 1749 4453 cum
1780 4414 1876 4467 pii-

289 4480 519 4535 lilicaiiis
545 4495 889 4538 conversatus
916 4494 1014 4548 est,
1047 4494 1099 4539 et
1128 4501 1466 4543 meretricem
1489 4489 1551 4541 ail
1583 4505 1641 4544 se
1664 4491 1875 4544 venien-

1982 3284 2214 3336 aiiiniain
2245 3286 2485 3353 perditus
2529 3288 2740 3342 reddes.
2780 3289 2892 3358 lt'go
2920 3300 3097 3343 autem
3147 3292 3363 3346 orabam
3416 3291 3563 3344 illam

1979 3390 2099 3429 cum
2132 3378 2403 3448 lacrymis,
2459 3392 2511 3433 ut
2542 3381 2834 3435 dimitteret
2882 3398 2987 3446 tne,
3018 3384 3241 3436 multum
3295 3384 3437 3436 illam
3470 3400 3566 3452 per

1980 3471 2399 3536 omnipotentem
2434 3472 2716 3526 Dominum
2762 3474 3034 3539 aditirans,
3083 3475 3480 3543 spondensque,
3509 3483 3565 3529 et

1975 3560 2284 3629 juramento
2329 3566 2676 3628 confirmatis,
2732 3580 2817 3619 me
2849 3566 3087 3633 iniquum
3138 3566 3278 3619 istud
3308 3581 3371 3620 ac
3401 3564 3562 3620 nefa-

1979 3653 2116 3706 rium
2145 3670 2279 3722 opus
2309 3658 2443 3709 ultra
2475 3672 2579 3710 nou
2610 3656 2891 3710 facturum.
2945 3658 3180 3710 'l‘andeui
3215 3667 3334 3725 post
3362 3658 3560 3711 multas

1981 3760 2165 3813 preces
2195 3756 2249 3799 et
2274 3747 2556 3817 lacrymas,
2602 3750 2928 3816 crebrosque
2960 3762 3107 3801 meos
3153 3748 3441 3817 singultus,
3474 3764 3559 3801 re-

1979 3840 2250 3907 stiondeus
2283 3840 2369 3893 illa
2420 3841 2554 3894 dixit
2601 3842 2767 3894 mihi:
2819 3840 2875 3893 Si
2928 3841 3007 3892 vis
3042 3840 3219 3892 vivere
3261 3850 3314 3893 et
3363 3842 3431 3892 ab
3462 3842 3561 3894 hac

1980 3932 2299 3985 necessitate
2339 3933 2573 3994 liberari,
2606 3933 2859 4000 promitte
2888 3932 3038 3993 titilii,
3069 3934 3192 4000 quia
3217 3933 3261 3983 si
3298 3941 3348 3987 te
3399 3931 3560 3984 dimi-
3616 4002 3624 4009 ο

1979 4037 2120 4088 sero,
2155 4039 2257 4075 noti
2311 4023 2484 4077 solum
2539 4024 2606 4077 ab
2633 4024 2714 4077 his
2745 4023 2961 4076 nefariis
2986 4032 3041 4077 et
3069 4021 3302 4088 profanis
3352 4023 3562 4077 actibus

1982 4113 2086 4167 tuis
2115 4114 2358 4175 recedes,
2387 4115 2480 4167 sed
2505 4114 2683 4169 statim
2706 4130 2910 4181 perges,
2941 4126 2993 4169 et
3021 4115 3218 4168 sa-culo
3249 4118 3563 4169 renuntiatis

1980 4202 2230 4259 efficieris
2278 4206 2594 4271 monachus,
2644 4221 2873 4276 agesque
2922 4208 3283 4273 paenitentiam
3333 4222 3427 4275 pro
3477 4207 3562 4259 his

1978 4315 2100 4367 qum
2131 4300 2282 4352 malit-
2309 4301 2546 4366 gessisti,
2576 4301 2817 4354 serviens
2845 4299 3078 4353 Christo.
3129 4301 3239 4368 Ego
3267 4308 3443 4352 autem
3467 4297 3559 4366 ju-

1982 4390 2091 4442 ravi
2120 4390 2195 4453 ei,
2227 4388 2411 4443 dicens
2439 4407 2452 4442 :
2487 4391 2586 4445 I’er
2614 4390 2802 4454 Deum,
2831 4390 2918 4457 qui
2948 4400 3291 4456 suscepturus
3330 4398 3412 4442 est
3440 4390 3558 4440 ani-

1982 4497 2146 4546 mam,
2180 4499 2282 4536 non
2315 4482 2486 4535 solum
2506 4499 2622 4550 qua:
2647 4483 2824 4536 dixisti
2852 4483 3060 4545 faciam,
3084 4482 3176 4534 sed
3210 4482 3277 4534 ab
3303 4480 3558 4534 hodierna

292 4585 403 4627 tem
436 4589 538 4627 non
583 4578 795 4643 repu'ii,
848 4577 1209 4647 latronemque
1260 4582 1511 4649 suscepit,
1566 4589 1619 4633 et
1670 4581 1873 4634 amicus
1908 4551 1953 4609 θ
1983 4575 2070 4628 die
2098 4590 2200 4625 ιιοιι
2235 4574 2498 4643 ingrediar
2527 4577 2579 4626 iii
2610 4575 2825 4626 domum
2858 4588 3060 4633 meam;
3089 4572 3182 4627 sed
3208 4574 3328 4624 hinc
3348 4571 3556 4636 abiens,

292 4676 635 4733 peccatorum
686 4669 981 4736 appellatus
1028 4678 1113 4723 est
1170 4670 1382 4740 (Matth.
1433 4687 1530 4734 ix;
1579 4672 1703 4724 Luc.
1760 4687 1870 4734 \‘l‘;

297 4755 424 4809 Luc.
458 4758 830 4822 xxiii;Muttli.
868 4759 970 4828 xi),
1015 4761 1149 4829 ipse,
1208 4761 1303 4825 fili,
1356 4771 1408 4815 te
1452 4778 1664 4830 quoque
1702 4764 1873 4830 pinni-

294 4858 497 4902 tentem
527 4865 952 4917 conversumque
1002 4852 1115 4904 suis
1144 4851 1389 4905 manilius
1436 4853 1693 4920 suscipiet
1743 4868 1872 4922 gau-

291 4941 446 4993 dens.
478 4939 589 4994 Non
619 4941 758 4995 enim
792 4943 903 4996 vult
934 4952 1155 4996 mortem
1203 4943 1515 5011 peccatoris.
1549 4944 1645 4997 sed
1670 4953 1874 5000 utcon-

292 5043 552 5097 Vertatur,
575 5043 628 5089 et
656 5037 792 5088 vivat
822 5035 1034 5101 (Ezecli.
1062 5051 1188 5088 xviii
1210 5076 1225 5100 ,
1276 5037 1483 5104 xxxiii).

363 5130 515 5181 Tunc
547 5128 633 5181 ille
662 5127 765 5180 viiii
807 5127 904 5182 sibi
960 5128 1178 5194 faciens,
1212 5138 1263 5181 et
1292 5143 1319 5179 a
1351 5128 1670 5196 singultibus
1700 5136 1754 5182 et
1802 5128 1878 5183 Ia-

291 5220 491 5288 cryinis
523 5218 787 5270 modicum
820 5226 1144 5284 temperans,
1174 5220 1248 5271 ait
1269 5218 1397 5271 mihi
1432 5236 1444 5271 :
1477 5216 1607 5287 Ego,
1658 5217 1875 5274 domine

293 5308 364 5359 ini
393 5307 765 5374 abha,plenus
788 5310 932 5360 omni
989 5309 1216 5371 scelere,
1249 5318 1301 5361 et
1356 5323 1454 5362 nec
1504 5309 1644 5363 ccelu
1685 5308 1874 5377 dignus

293 5414 393 5455 uec
425 5409 583 5464 terra,
614 5415 733 5453 cum
779 5408 904 5452 aute
962 5402 1062 5453 hoc
1113 5401 1330 5454 biduum
1361 5400 1650 5463 audissem,
1696 5402 1875 5456 divitis

293 5488 568 5559 cujusdam
597 5505 664 5544 cx
696 5491 958 5557 primariis
991 5491 1219 5545 cititaiis
1243 5491 1398 5560 hujus
1423 5492 1579 5546 titiam
1612 5493 1870 5561 virginem

292 5596 415 5637 esse
440 5581 767 5645 defunctam,
801 5592 856 5638 et
882 5598 1002 5636 cum
1036 5583 1218 5635 multis
1247 5598 1311 5637 ac
1355 5583 1607 5653 pretiosis
1637 5585 1874 5640 vestibus

294 5673 558 5742 sepultam
583 5673 631 5726 in
657 5690 762 5726 uno
791 5683 939 5728 extra
970 5675 1236 5728 civitatem
1270 5682 1635 5738 monumento,
1660 5689 1726 5729 ex
1746 5689 1873 5730 con-

296 5761 574 5829 suetudine
604 5764 816 5834 pessimi
851 5765 1004 5821 istius
1033 5765 1232 5833 operis,
1266 5765 1369 5819 abii
1421 5773 1577 5841 noctu
1604 5766 1667 5820 ad
1698 5774 1873 5820 tumu-

1982 4665 2036 4719 iu
2069 4666 2453 4720 monasterium
2496 4666 2824 4731 proficiscar.
2857 4664 3008 4718 Tunc
3035 4664 3106 4717 ait
3138 4662 3308 4729 puella
3338 4661 3403 4714 ad
3432 4676 3556 4714 me:

1981 4757 2146 4811 Indue
2177 4773 2283 4820 me,
2315 4758 2453 4810 sicut
2483 4757 2728 4809 invenisti
2785 4756 2933 4822 prius
2979 4753 3237 4807 indutam.
3270 4750 3402 4804 Cum
3431 4765 3561 4804 vero

1983 4851 2129 4904 illam
2163 4850 2475 4914 iiiduissein,
2524 4863 2734 4901 rursum
2765 4863 2822 4900 se
2868 4848 3157 4909 collocatis,
3206 4854 3410 4895 mortua
3452 4851 3557 4898 est.

1982 4942 2106 4996 lliec
2131 4957 2231 5011 ego
2254 4957 2374 4995 cum
2404 4941 2471 4994 ab
2486 4939 2823 4994 adolescente
2849 4936 3139 5001 audissem,
3164 4933 3408 4988 refovens
3428 4948 3555 4988 cum

1986 5046 2047 5085 ac
2075 5034 2288 5099 erigens
2318 5031 2514 5093 verbis,
2545 5038 2600 5082 et
2649 5040 2944 5095 provocans
2972 5025 3057 5107 'ad
3108 5024 3470 5093 paenitentiam
3503 5033 3557 5077 et

1983 5120 2392 5181 continentiam,
2427 5119 2629 5173 totondi
2664 5120 2837 5181 illum,
2886 5116 3231 5184 iudiitiimqiie
3262 5115 3561 5169 tiionastico

1986 5213 2107 5266 habi
2137 5228 2168 5264 ιι
2200 5212 2390 5265 inclusi
2420 5210 2472 5264 in
2501 5211 2754 5278 spelunca
2787 5209 2839 5261 in
2886 5207 3051 5278 885
3103 5220 3301 5269 monte,
3355 5207 3561 5277 magni-

1984 5306 2083 5360 fire
2110 5305 2305 5371 gratias
2339 5303 2447 5356 Deo
2475 5310 2758 5369 agentem,
2786 5310 3187 5370 cenantemque
3213 5298 3433 5353 viriliter
3461 5312 3561 5368 pro

1981 5400 2156 5451 anima
2187 5410 2303 5449 Μ’
2506 5462 2732 5517 CAPUT
2773 5460 3005 5516 LXXIX.

1984 5577 2269 5632 Maximum
2298 5586 2343 5627 et
2370 5575 2678 5642 stupendum
2716 5574 3019 5628 miraculum
3047 5576 3407 5627 sacratissima:
3448 5571 3555 5624 Eu-

2158 5646 2410 5698 rlturi'stia:
2439 5650 2527 5697 sub
2562 5646 2803 5715 Dionysio
2836 5647 3083 5701 Seleucia:
3108 5646 3363 5713 episcopa.

2051 5762 2182 5816 Cum
2209 5758 2551 5825 venissemus,
2584 5760 2903 5827 Seleuciam,
2936 5757 3280 5813 convenimus
3308 5755 3565 5823 abbatem;
