4052 6362
38 6158 49 6227 ἓ

476 321 578 375 iss
1591 321 1676 375 DE
1724 317 1903 375 vms
1946 312 2234 373 parum
2279 278 2481 371 LIBER
2526 315 2590 371 κ.
3656 311 3764 370 tso

471 438 815 496 Theodorum
846 438 1154 506 episcopum
1182 434 1422 503 ejusdem
1451 434 1702 490 civitatis.
1747 435 1839 488 Ille
1876 446 2054 488 autem
2089 441 2135 500 Α
2163 445 2268 500 que
2300 429 2654 498 lacrytnarum
2683 426 2837 491 fudit,
2888 441 2949 482 ac
2991 426 3170 482 multis
3201 424 3531 482 orationibus
3562 438 3613 482 et
3656 445 3762 500 ge—

471 529 711 585 narravit
763 529 935 593 nobis,
971 528 1198 582 dicens:
1236 527 1346 583 Sub
1376 536 1574 581 sancta
1613 524 1884 580 memoriae
1928 524 2054 579 Dio-

471 623 627 692 nysio
657 621 815 691 hujus
859 620 1088 676 civitatis
1122 619 1394 688 episcopo,
1442 617 1839 685 praedecessore
1886 630 2006 669 meo
2036 654 2053 681 ,

473 715 581 770 tale
619 714 867 783 quiddam
915 713 1155 780 contigit.
1189 711 1281 763 Vir
1306 710 1518 780 quidam
1561 709 1756 763 eratin
1791 708 1889 761 bac
1924 705 2057 761 civi-

475 819 583 865 tate
614 809 912 878 negotiator
949 809 1103 861 valde
1134 807 1415 874 religiosus
1443 814 1497 857 et
1522 803 1692 866 dives,
1744 801 1836 855 sed
1884 803 2055 855 haere-

474 902 647 965 ticus;
680 910 793 955 erat
821 900 962 952 enim
996 900 1061 951 de
1091 897 1273 952 Severi
1302 895 1675 949 sectatoribus.
1701 892 1940 946 Habebat
1960 904 2057 942 au-

475 1004 583 1048 tem
614 1008 825 1047 servum
865 991 1073 1044 fidelem
1102 988 1407 1059 quemdam,
1438 994 1638 1041 sancta:
1662 995 1716 1039 et
1744 984 2056 1053 apostolica!

475 1083 730 1137 Ecclesia:
759 1082 1259 1133 communicautem.
1292 1078 1389 1131 Ilio
1435 1076 1728 1131 secundum
1761 1075 2056 1141 provinciae

473 1174 937 1233 consuetudinem,
985 1174 1072 1225 die
1118 1180 1304 1224 sancto
1332 1170 1516 1224 Cmam
1568 1168 1866 1223 Dominica:
1906 1182 2055 1220 sum-

475 1275 620 1332 ptam
664 1264 1091 1319 communionetn
1136 1262 1357 1315 involvit
1384 1262 1435 1314 in
1465 1260 1631 1314 linteo
1681 1257 2054 1322 mundissimo,

474 1367 528 1411 et
576 1359 627 1411 in
676 1356 906 1410 armario
955 1355 1211 1424 reposuit.
1284 1352 1513 1421 Contigit
1586 1360 1789 1417 autem,
1841 1359 1895 1403 ut
1939 1357 2059 1417 post

474 1456 715 1502 sanctum
772 1446 976 1500 Pascha
1027 1448 1111 1498 vir
1177 1446 1267 1499 ille
1323 1444 1496 1499 fidelis
1555 1444 1860 1497 mitteretur
1915 1441 2060 1496 Con-

473 1536 893 1604 stantinopolim,
928 1536 1121 1606 negotii
1154 1533 1430 1603 cujusdam
1464 1533 1661 1601 gratia,
1708 1532 1929 1586 dimissa
1963 1546 2060 1600 per

473 1627 794 1683 oblivionem
843 1638 1024 1681 sancta
1073 1626 1449 1681 communione
1498 1625 1548 1679 iu
1599 1623 1862 1689 armario;
1911 1623 2059 1677 dedit

477 1728 654 1773 autem
703 1720 820 1787 ejus
850 1719 1052 1773 clavem
1102 1718 1319 1771 domino
1366 1731 1483 1770 suo.
1517 1716 1753 1782 Quadam
1801 1729 1929 1767 vero
1972 1715 2059 1769 die

2164 519 2557 574 nuﬂexionibus
2584 519 2835 582 obtinuit,
2871 528 2928 574 ut
2958 518 3098 573 Deus
3128 517 3282 572 nobis
3307 532 3461 587 aqua
3489 519 3642 572 istius
3668 536 3763 574 so-

2168 610 2352 664 latium
2384 620 2437 663 ct
2468 624 2631 673 nsutn_
2652 620 2907 675 praestare
2952 608 3283 677 dignaretur.
3328 612 3468 662 Ante
3498 608 3641 661 enim
3687 625 3756 663 ex

2159 710 2399 755 torrente
2428 699 2613 754 Patres
2647 699 2814 754 nostri
2848 715 3038 769 aquam
3073 701 3420 761 hauriebam;
3453 699 3545 752 sed
3582 701 3753 765 Deus,

2142 794 2247 861 ‘qni
2279 792 2403 846 facit
2431 792 2759 846 voluntatem
2793 792 3089 846 timentium
3114 806 3175 846 se
3200 790 3376 859 (Psal.
3413 790 3615 857 csuv),
3647 805 3746 843 sua

2163 885 2366 939 inﬁnita
2396 885 2638 939 bonitate
2667 883 2910 951 przestitit
2945 883 3096 938 nobis
3142 898 3290 952 aqua:
3323 883 3475 936 istius
3523 883 3758 937 benedi-

2156 974 2393 1028 ctionem
2428 989 2525 1042 per
2566 974 2837 1027 orationes
2882 975 3053 1027 sancti
3090 973 3262 1026 Patris
3307 973 3500 1027 nostri.
3553 973 3755 1026 Verum

2156 1074 2280 1121 ante
2310 1065 2410 1119 hoc
2439 1067 2709 1119 biennium
2739 1066 2961 1134 quidam
3011 1079 3078 1119 ex
3121 1063 3377 1119 fratribus
3420 1064 3694 1132 petierunt
3722 1084 3758 1116 ει

2159 1155 2321 1210 Patre
2353 1155 2684 1221 monaster'i,
2723 1166 2775 1208 ιιι
2810 1156 3076 1208 lavacrum
3106 1156 3437 1210 tedificarent
3483 1156 3536 1209 in
3569 1170 3761 1210 mona-

2158 1246 2342 1301 sterio.
2381 1246 2558 1303 Abbas
2584 1256 2759 1301 autem
2789 1246 3024 1314 graviter
3054 1246 3103 1299 id
3131 1246 3345 1315 quidem
3373 1244 3602 1313 ferebat,
3633 1261 3759 1301 ces-

2159 1340 2229 1392 s’t
2258 1348 2460 1403 tamen,
2496 1337 2719 1391 fratrum
2749 1337 3043 1392 infirmitati
3071 1337 3531 1393 condescendens.
3566 1335 3759 1391 )Edill—

2159 1436 2338 1482 catum
2366 1438 2449 1482 est
2482 1427 2644 1498 igitur
2669 1428 2940 1483 lavacrum
2988 1429 3039 1482 in
3074 1427 3430 1494 monasterio,
3474 1429 3759 1497 semelque

2160 1520 2532 1573 tantummodo
2564 1522 2791 1574 lavatum
2821 1529 2903 1574 est
2934 1520 2985 1573 in
3013 1535 3098 1583 eo,
3134 1535 3253 1574 cum
3285 1522 3462 1575 statim
3495 1522 3745 1575 exsicca-

2160 1620 2244 1665 tus
2270 1623 2353 1666 est
2383 1612 2498 1665 talis
2530 1622 2812 1679 tantusque
2838 1628 2866 1665 a
2898 1612 3007 1667 Deo
3036 1613 3191 1666 nobis
3210 1613 3483 1681 praestitus
3507 1613 3653 1665 fons.
3678 1611 3746 1665 Et

2161 1704 2214 1757 in
2246 1703 2471 1757 veritate
2503 1705 2656 1759 vobis
2678 1704 2926 1767 dicimus,
2951 1704 3258 1771 Cbri-tiani,
3291 1706 3510 1758 multum
3533 1705 3757 1773 jejmia-

475 1812 724 1879 aperiens
769 1810 1056 1865 armarium
1091 1811 1354 1873 dominus,
1393 1809 1596 1863 invenit
1649 1808 1950 1870 linteolum,
1983 1806 2060 1860 in-

2171 1794 2360 1861 vimus,
2394 1797 2620 1849 mu'tuut
2665 1797 2957 1861 oravimus,
2990 1798 3183 1850 multas
3211 1797 3608 1864 genuﬂcxiones
3635 1799 3755 1867 egi-

477 1902 790 1971 volutasque
838 1902 892 1955 in
944 1917 1009 1956 eo
1055 1910 1267 1954 sanctas
1308 1898 1596 1966 particulas
1644 1895 2060 1953 communionis.

477 1995 831 2049 Contristatus
857 2004 937 2051 est
968 2003 1141 2048 autem
1195 1994 1245 2046 in
1290 1993 1415 2054 hoc,
1464 2001 1519 2047 et
1560 1990 1714 2044 barsit
1750 1991 1864 2054 bat,
1908 1988 2061 2055 quid-

480 2100 601 2137 nam
631 2084 699 2138 de
728 2085 831 2138 illis
864 2084 1087 2149 faceret,
1126 2098 1244 2137 nam
1271 2097 1334 2137 ex
1367 2083 1497 2147 ipsis
1526 2081 1923 2134 communicare
1959 2093 2059 2131 no-

480 2174 643 2240 lebat,
689 2190 755 2229 eo
801 2175 940 2243 quod
992 2183 1171 2229 essent
1215 2187 1414 2229 sanctzc
1458 2173 1736 2228 catholicae
1779 2170 2058 2238 Ecclesiae,

482 2264 596 2328 ipse
626 2280 750 2318 vero
788 2265 1094 2319 Severiana:
1140 2265 1381 2319 haeresis.
1416 2263 1483 2317 Et
1511 2272 1633 2317 tunc
1662 2260 1874 2329 quidem
1905 2260 2062 2314 dimi-

479 2354 548 2407 sit
573 2369 665 2408 eas
697 2355 750 2409 in
777 2357 1030 2415 armario.
1067 2364 1125 2408 ut
1152 2364 1325 2421 erant,
1359 2355 1601 2423 cogitans
1635 2354 1758 2420 quia
1794 2352 2063 2408 rediturus

482 2454 626 2499 esset
674 2461 882 2509 servus,
914 2454 969 2501 et
1000 2456 1309 2514 Sumpturus
1359 2460 1471 2500 eas.
1501 2445 1632 2498 Cum
1662 2452 1839 2498 autem
1880 2445 2062 2498 venis-

480 2543 562 2585 set
584 2531 754 2588 Ccena
785 2535 1015 2598 Domini,
1044 2550 1217 2603 neque
1246 2548 1434 2588 servus
1475 2534 1565 2588 ille
1595 2534 1763 2587 ﬁdelis
1794 2533 2059 2598 rediisset,

485 2626 649 2679 voluit
673 2641 766 2678 eas
795 2627 1045 2681 dominus
1072 2629 1235 2695 ipsius
1265 2628 1602 2694 comburere,
1637 2643 1703 2681 ne
1733 2641 1916 2681 rursus
1935 2640 1982 2681 e'
2009 2627 2061 2680 in

482 2717 776 2771 secundum
808 2733 1007 2772 annum
1053 2729 1418 2774 servarentur.
1470 2722 1775 2788 Apertoque
1808 2718 2060 2783 armario,

482 2810 613 2861 vidit
642 2825 829 2865 omnes
853 2819 1067 2864 sanctas
1100 2812 1394 2880 particulas
1417 2812 1622 2867 cubuos
1645 2823 1694 2866 et
1726 2812 1899 2880 spicas
1947 2827 2066 2877 ger-

481 2899 736 2967 minasse.
774 2900 923 2957 llnde
976 2901 1177 2971 ingenti
1210 2904 1402 2958 timore
1430 2917 1491 2957 ac
1536 2912 1768 2957 tremore
1816 2917 2063 2970 compreo

482 2995 681 3047 hensus
727 2995 779 3048 in
832 3010 971 3050 novo
999 2996 1418 3065 admirandoque
1471 2997 1797 3065 spectaculo,
1848 3011 2066 3051 sumens

480 3099 690 3142 sanctas
719 3089 1023 3155 particulas,
1058 3100 1111 3143 et
1155 3103 1277 3142 cum
1306 3087 1449 3141 omni
1481 3089 1642 3141 domo
1684 3102 1777 3141 sua
1823 3089 2064 3143 clamans

2167 1900 2307 1951 mus,
2339 1893 2395 1938 ut
2445 1900 2636 1954 aquam
2687 1886 3072 1953 reciperemus,
3116 1886 3354 1952 nihilque
3407 1888 3753 1947 profecimus.

2165 1978 2355 2030 Annus
2401 1991 2532 2045 ergo
2576 1978 2783 2050 integer
2829 1978 2945 2032 sine
2971 1993 3105 2047 aqua
3159 1977 3321 2032 fontis
3352 1978 3599 2048 impletus
3648 1989 3761 2044 est,

2163 2082 2485 2137 eramusque
2535 2071 2585 2122 iu
2639 2085 2829 2140 magna
2875 2070 3238 2125 tribulatione.
3284 2071 3474 2126 Statim
3525 2086 3656 2125 vero
3695 2080 3758 2127 ut

2167 2160 2323 2216 Pater
2371 2171 2552 2216 noster
2602 2162 2773 2217 boans
2827 2173 2881 2217 et
2951 2164 3096 2218 mitis
3143 2167 3406 2219 destruxit
3458 2164 3755 2233 lavacrum,

2176 2256 2315 2312 Deus
2340 2272 2530 2327 aquam
2563 2258 2753 2312 iterum
2785 2258 3018 2313 reddidit
3051 2258 3225 2313 nobis.

2711 2371 2939 2428 CAPUT
2979 2372 3218 2426 LXXXI.

2169 2463 2243 2517 De
2271 2471 2423 2517 auteo
2447 2477 2580 2531 aqua
2601 2463 2832 2533 impleto,
2861 2465 3110 2535 submissa
3140 2466 3360 2534 imag'ne
3388 2466 3619 2535 ejusdem
3655 2466 3755 2520 ab-

2566 2545 2578 2557 '
2728 2536 2856 2587 tatis
2888 2534 3185 2590 Theodosii.

2237 2626 2595 2682 Narraverunt
2626 2628 2778 2682 nobis
2813 2628 2995 2681 Patres
3027 2628 3124 2692 ipsi
3155 2638 3208 2682 et
3238 2629 3375 2683 istud
3394 2674 3410 2698 ,
3457 2630 3702 2685 dicentes
3729 2650 3745 2684 :

2166 2718 2358 2773 Mulier
2388 2721 2631 2788 qumdam
2666 2718 2834 2773 fidelis
2856 2722 2909 2773 In
2933 2718 3171 2789 partibus
3193 2719 3443 2790 Apamea:
3462 2722 3544 2776 bis
3561 2722 3753 2777 diebus

2166 2817 2383 2878 puteum
2417 2808 2578 2875 fodit;
2629 2824 2858 2880 cumque
2890 2811 3034 2878 plura
3071 2813 3430 2880 expendissct,
3478 2813 3756 2881 ingentes-

2166 2916 2271 2970 que
2300 2902 2505 2957 labores
2535 2902 2838 2969 tolerasset,
2874 2911 2929 2957 et
2956 2902 3156 2958 effosso
3207 2915 3364 2972 puteo
3400 2903 3452 2958 in
3502 2919 3748 2973 magnam

2167 2995 2521 3060 altitudinem,
2573 3011 2768 3064 aquam
2823 3011 2925 3050 non
2973 2998 3288 3059 invenisset,
3332 2997 3384 3050 in
3420 3013 3655 3052 maerore
3702 3009 3757 3052 et

2167 3086 2467 3141 afﬂictione
2534 3088 2698 3140 multa
2756 3096 2909 3154 erat,
2978 3096 3033 3141 et
3129 3095 3343 3155 propter
3400 3088 3634 3142 laborem
3703 3100 3759 3143 et

481 3179 641 3248 Iiyrie
669 3180 893 3242 eleison,
928 3183 1166 3235 cucurrit
1194 3181 1260 3234 ad
1284 3193 1519 3235 sanctam
1553 3183 1857 3242 ecclesiam,
1890 3182 1954 3232 ad
1978 3195 2063 3234 sa-
2095 3197 2138 3257 ρ
2172 3190 2389 3248 propter
2441 3181 2728 3249 impensas.
2788 3180 3046 3248 Apparuit
3092 3190 3271 3235 autem
3312 3182 3359 3236 ei
3412 3183 3491 3235 sic
3544 3183 3759 3235 afﬂictae

481 3282 822 3327 crosanctum
865 3280 922 3324 et
968 3273 1327 3326 venerabilem
1378 3272 1687 3341 Dionysium
1732 3273 2064 3340 episcopum.

487 3360 597 3414 Iloc
626 3367 803 3413 autem
833 3374 1080 3428 magnum
1103 3370 1157 3415 et
1186 3360 1443 3423 terribile,
1471 3372 1525 3414 ct
1541 3376 1751 3414 omnem
1777 3364 2067 3425 rationem,

484 3468 806 3521 omnemque
836 3462 1092 3518 mentem,
1145 3462 1200 3509 et
1239 3468 1452 3508 omnem
1496 3454 1872 3523 cogitationem
1912 3469 2071 3507 exce-

484 3547 618 3600 dens
648 3546 984 3608 miraculum,
1038 3560 1142 3599 non
1196 3560 1351 3610 unus,
1388 3546 1633 3606 autdno,
1680 3555 1772 3599 aut
1803 3557 1932 3609 tres,
1984 3545 2069 3600 vel

485 3641 636 3708 pauci
666 3640 824 3709 aliqui
860 3639 1134 3703 viderunt,
1185 3638 1280 3693 sed
1310 3641 1485 3694 omnis
1514 3640 1763 3704 ecclesia,
1813 3640 2067 3709 civesque

486 3741 540 3785 et
569 3731 771 3793 rustici,
802 3731 1067 3800 indigena:
1094 3740 1149 3786 et
1177 3733 1437 3800 hospites,
1478 3734 1675 3802 quique
1700 3734 2065 3788 continentem

486 3822 779 3887 ambulant,
805 3836 856 3877 et
885 3823 972 3890 qui
998 3838 1146 3877 mare
1169 3824 1437 3895 navigant,
1461 3823 1558 3876 viri
1589 3834 1644 3877 et
1673 3823 1953 3889 mulieres,
1979 3839 2069 3879 sc-

493 3929 589 3968 nes
618 3922 672 3967 et
701 3913 1026 3981 impuberes,
1073 3913 1301 3983 juvenes
1346 3921 1402 3968 et
1452 3916 1721 3975 seniores,
1773 3912 1973 3968 domini
2016 3922 2073 3969 et

488 4004 655 4068 servi,
686 4003 877 4056 divites
920 4012 975 4057 et
1004 4019 1286 4073 pauperes,
1342 4005 1609 4073 principes
1636 4013 1690 4058 et.
1718 4004 1934 4069 subditi,
1980 4020 2070 4059 sa-

489 4094 698 4163 pientes
729 4102 784 4147 et
826 4094 1121 4161 simplices,
1154 4095 1385 4165 virgines
1408 4107 1462 4150 et
1494 4095 1763 4161 monachi,
1794 4095 1967 4150 vidua:
2010 4110 2071 4152 ac

489 4192 691 4252 nuptae,
719 4182 809 4252 qui
859 4184 911 4238 in
944 4193 1209 4253 potestate
1252 4195 1378 4241 sunt
1401 4185 1694 4249 constituti,
1742 4196 1797 4241 et
1824 4186 1910 4257 qui
1951 4187 2071 4242 illo-

492 4293 609 4330 rum
663 4284 918 4348 reguntur
967 4278 1216 4346 imperio.
1263 4278 1330 4332 Et
1377 4278 1448 4332 illi
1499 4278 1712 4348 quidem
1770 4278 2074 4334 clamabant

491 4367 654 4438 Kyrie
694 4369 922 4436 eleison,
945 4370 1334 4441 cmteriautem
1364 4369 1521 4425 aliter
1547 4370 1712 4425 Deum
1761 4370 2069 4437 laudabant,

492 4476 680 4515 omnes
706 4475 836 4515 vero
862 4461 1064 4530 pariter
1096 4460 1207 4516 Deo
1232 4460 1432 4528 gratias
1453 4462 1679 4530 agebant
1705 4476 1801 4530 pro
1830 4460 2073 4516 ineffabi-

2173 3272 2364 3323 mulier
2389 3271 2631 3339 quaedam
2682 3271 2734 3324 in
2781 3272 2950 3341 886
2988 3271 3209 3331 somnis.
3239 3271 3464 3326 dicens:
3500 3271 3647 3326 Mitte
3706 3274 3759 3327 in

2174 3359 2503 3427 Scopulum,
2555 3369 2610 3413 et
2675 3360 2864 3416 adduci
2927 3361 3019 3414 tibi
3082 3360 3163 3414 fac
3215 3361 3502 3431 imaginem
3551 3363 3765 3417 abbatis

2172 3451 2480 3516 Theodosii,
2530 3464 2578 3507 et
2609 3468 2702 3522 per
2729 3453 2900 3520 ipsum
2930 3453 3023 3507 tibi
3066 3452 3205 3507 Deus
3234 3469 3425 3523 aquam
3459 3455 3760 3522 prinstabit.

2174 3543 2359 3598 Mulier
2395 3554 2572 3599 autent
2605 3546 2847 3611 protinus
2876 3546 3011 3600 duos
3053 3547 3294 3600 homines
3347 3546 3488 3601 misit
3512 3562 3576 3601 et
3624 3548 3756 3611 suis,

2173 3639 2486 3707 accepitque
2526 3638 2808 3715 imaginem
2856 3638 3046 3693 saneti.
3090 3639 3257 3707 Quam
3287 3656 3406 3694 cum
3454 3640 3507 3694 in
3541 3650 3759 3710 puteum

2172 3729 2525 3793 subniisisset,
2578 3731 2755 3784 statim
2786 3746 2923 3799 aqua
2950 3735 3207 3798 manavit,
3247 3733 3319 3787 ita
3364 3742 3421 3786 ut
3475 3732 3760 3789 dimidium

2175 3821 2314 3889 putei
2351 3821 2682 3888 impleretur.
2737 3822 2996 3876 Tuleruut
3038 3834 3214 3877 autem
3263 3823 3419 3878 nobis
3466 3841 3531 3880 ex
3574 3826 3762 3881 eadem

2172 3926 2327 3981 aqua,
2358 3920 2413 3967 et
2441 3911 2690 3979 bibimus,
2722 3922 2775 3966 et
2803 3913 3214 3981 glorificavimus
3246 3914 3432 3969 Deum.

2714 4004 2941 4061 CAPUT
2980 4006 3239 4060 LXXXII.

2400 4095 2522 4149 Vita
2549 4094 2769 4150 Joannis
2797 4097 2933 4150 senis
2965 4099 3258 4152 monasterii
3283 4099 3521 4170 Scapuli.

2248 4185 2505 4241 Joannem
2551 4188 2836 4255 quemdam
2884 4202 3070 4242 senem
3110 4189 3161 4242 in
3211 4188 3400 4244 eodem
3434 4192 3768 4245 monasterio

2178 4277 2425 4340 vidimus,
2449 4277 2517 4331 de
2543 4292 2647 4346 quo
2669 4277 2917 4333 dicebant
2945 4281 3097 4334 nobis
3121 4279 3363 4349 ejusdem
3397 4282 3497 4335 loci
3533 4282 3758 4338 Patres:

2180 4367 2335 4430 Vere,
2366 4365 2676 4434 Christiani,
2711 4383 2932 4439 magnus
2959 4379 3041 4424 est
3085 4385 3272 4436 senex,
3321 4370 3766 4441 dacmonibusque

2178 4457 2453 4511 terribilis.
2485 4459 2804 4528 Quicunque
2850 4460 2995 4514 enim
3047 4459 3151 4515 huc
3181 4463 3390 4516 venerit
3437 4472 3668 4517 vexatus
3697 4462 3771 4517 ab

491 4554 630 4609 libus
658 4555 776 4623 ejus
807 4552 1159 4607 mirabilibus.
1202 4552 1424 4608 Plurimi
1454 4553 1613 4623 igitur
1649 4569 1714 4609 ex
1764 4554 1864 4607 hoc
1910 4553 2073 4607 mira-
2109 4578 2158 4635 ι)
2184 4547 2460 4603 immundo
2487 4549 2701 4617 spiritu,
2735 4559 2889 4603 curat
2916 4564 3038 4603 eum
3066 4552 3320 4606 continuo
3348 4551 3543 4607 senior.

490 4646 612 4700 culo
638 4646 924 4701 credentes
952 4644 1144 4714 adjecti
1167 4652 1293 4699 sunt
1321 4655 1520 4700 sanctae
1546 4644 1831 4701 catholica:
1858 4654 1911 4699 et
1940 4658 2072 4713 apo-

489 4738 695 4791 stolica:
723 4737 998 4793 Ecclesia.

1183 4804 1397 4861 LXXX.

493 4918 572 4974 De
598 4921 735 4989 fonte
780 4939 1014 4976 concesso
1045 4939 1075 4975 a
1110 4921 1213 4976 Deo
1241 4925 1489 4991 fratribus
1527 4925 1824 4977 monasterii
1853 4924 1907 4977 in
1941 4922 2069 4980 Sco-

664 4995 786 5060 pulo
812 4994 881 5047 ad
903 4995 1154 5048 orationes
1182 4994 1382 5049 abbatis
1411 5011 1589 5048 eorum
1612 4995 1904 5049 Theodosii.

565 5101 918 5158 Perveuimus
947 5104 1012 5157 ad
1044 5106 1427 5161 monasterium
1468 5106 1677 5160 abbatis
1709 5105 1997 5160 Theodosii
2021 5105 2073 5159 in

491 5192 745 5262 Scopulo.
781 5191 875 5247 Est
911 5204 1088 5251 autem
1120 5211 1272 5249 mons
1302 5196 1440 5251 inter
1467 5195 1761 5250 Seleuciam
1788 5207 1841 5250 et
1874 5195 2071 5248 [lusum

491 5285 714 5351 Ciliciae,
739 5294 1025 5355 patreSque
1060 5288 1161 5342 loci
1187 5288 1330 5342 illius
1355 5289 1623 5344 duxerunt
1647 5303 1745 5342 nos
1774 5302 1932 5356 supra
1963 5301 2076 5339 mo-

497 5378 814 5443 nasterium,
847 5386 1101 5445 quantum
1134 5387 1216 5432 est
1253 5379 1430 5447 jactus
1479 5379 1704 5446 sagittae,
1750 5386 1803 5432 et
1828 5377 2079 5433 ostende.

489 5478 616 5523 runt
669 5469 821 5523 nobis
878 5471 1075 5525 fontem
1127 5485 1378 5542 magnum
1430 5470 1583 5525 valde
1634 5485 1696 5525 ac
1737 5471 2068 5537 speciosum,

490 5562 848 5633 dixeruntque
878 5564 1073 5618 nobis:
1112 5564 1253 5618 Fons
1285 5564 1407 5625 iste,
1441 5563 1653 5630 fratres,
1688 5563 1945 5618 naturalis
1968 5577 2073 5617 non

489 5665 595 5723 est,
643 5658 736 5714 sed
780 5659 939 5714 nobis
982 5658 1237 5715 divinitus
1288 5652 1523 5713 indultus
1544 5665 1894 5724 est;sanctus
1934 5658 2074 5712 enim

492 5756 644 5814 pater
675 5757 857 5808 noster
882 5750 1218 5809 Theodosius
1246 5752 1466 5807 multum
1496 5750 1782 5822 jejunavit,
1824 5751 2075 5807 multum—

2685 4639 2924 4695 CAPUT
2964 4639 3242 4696 LXXXIII.

2829 4735 2903 4790 De
2924 4738 3119 4792 eodem.

2254 4829 2510 4885 Dicebant
2554 4828 2709 4883 nobis
2736 4837 2793 4884 et
2820 4830 2921 4884 hoc
2964 4831 3033 4885 de
3060 4830 3151 4884 illo
3178 4829 3347 4900 ipsius
3381 4829 3486 4885 loci
3537 4831 3765 4897 Patres,

2181 4919 2326 4990 quod
2358 4920 2422 4975 ad
2466 4919 2779 4990 vigesimum
2810 4928 3055 4988 quartum
3107 4920 3418 4975 milliarium
3451 4921 3772 4976 monasterii

2184 5013 2482 5081 emporium
2512 5020 2614 5076 est,
2643 5011 2781 5081 quod
2814 5010 2968 5065 Exile
2999 5010 3421 5078 promuntorium
3465 5011 3682 5065 dicitur.
3716 5011 3770 5064 In

2180 5119 2247 5159 eo
2278 5105 2518 5173 emporio
2561 5103 2845 5157 nauclerus
2893 5100 3130 5171 quidam,
3173 5109 3483 5156 cmistructa
3526 5102 3646 5154 navi
3680 5104 3774 5155 tri-

2181 5198 2324 5266 ginta
2355 5198 2575 5251 millium
2609 5195 2929 5261 modiorum,
2963 5195 3152 5249 volens
3173 5209 3293 5248 eam
3340 5195 3391 5249 in
3424 5210 3573 5248 mare
3600 5193 3772 5248 dedu-

2182 5290 2329 5351 cere,
2379 5288 2510 5340 duas
2557 5285 2916 5340 hebdomadas
2942 5301 3064 5339 cum
3094 5285 3357 5354 operariis
3391 5285 3642 5353 plurimis
3663 5283 3775 5354 egit

2182 5379 2441 5449 (habebat
2488 5388 2666 5433 autem
2701 5364 2955 5448 iquotidie
3000 5387 3269 5431 trecentos
3319 5377 3619 5446 operarios)
3667 5391 3773 5431 nec

2188 5473 2358 5541 potuit
2386 5470 2528 5525 illam
2559 5470 2625 5525 de
2656 5469 2774 5524 loco
2803 5485 2903 5523 suo
2933 5484 3170 5536 movere,
3204 5479 3293 5522 aut
3323 5468 3377 5523 in
3407 5485 3554 5523 mare
3587 5468 3763 5523 dedu-

2183 5577 2325 5618 cere.
2376 5562 2572 5617 Fuerat
2617 5562 2758 5616 enim
2809 5577 2837 5615 a
2868 5562 3118 5631 pessimis
3150 5562 3457 5617 hominibus
3501 5562 3771 5617 incantata

2188 5658 2357 5713 navis.
2392 5658 2517 5712 Erat
2544 5658 2704 5726 igitur
2735 5659 2785 5711 in
2816 5672 3005 5727 magna
3043 5657 3392 5713 tribulatione
3440 5667 3495 5713 et
3521 5666 3768 5729 angustta

2189 5754 2434 5809 dominus
2486 5751 2654 5811 navis.
2709 5760 2761 5805 et
2811 5751 2934 5823 quid
2985 5760 3185 5822 ageret,
3221 5750 3439 5806 omnino
3471 5750 3767 5821 ignorabat.
