4052 6362
461 342 569 404 163

1599 335 1683 388 DE
1724 332 1899 386 VI'I‘IS
1942 330 2219 385 I‘A'Hlllll
2262 331 2453 385 Llliiifl
2502 332 2565 385 Χ.

3639 331 3746 388 164

461 462 651 515 disset.
681 459 924 524 Cumque
959 467 1052 523 per
1074 451 1187 507 dies
1208 450 1466 520 plurimos
1497 447 1636 501 istud
1663 423 2047 513 aspiceremus,
2085 445 2128 503 Α
2159 454 2280 496 ante
2325 443 2472 496 illum
2515 441 2591 494 ait
2616 458 2627 493 :
2651 442 2753 495 Ora
2788 458 2879 510 pro
2913 458 3018 506 me,
3054 443 3230 499 Pater.
3274 444 3393 512 Ipso
3440 460 3567 500 vero
3612 445 3750 503 nihil

461 550 804 606 ascendimus
843 550 931 602 die
960 547 1187 615 quadam
1210 586 1224 610 ,
1250 554 1303 599 et
1351 543 1491 597 nulla
1524 539 1660 609 ignis
1689 538 1881 591 iudicia
1912 536 2047 589 vidi-

462 659 613 707 mus;
646 657 821 708 neque
862 641 1062 710 ignem,
1096 653 1268 706 neque
1310 634 1508 703 aliquid
1552 634 1601 685 in
1641 632 1770 685 silva
1803 629 1925 697 igne
1956 627 2051 680 ad-

462 734 911 790 nstum.Rursum
927 731 1169 799 sequenti
1193 736 1347 783 nocte
1361 726 1588 780 vidimus
1609 724 1795 776 eadem
1817 721 2044 775 lumina.

459 827 660 881 Tribus
705 826 865 895 igitur
915 821 1184 878 continuis
1213 819 1487 874 mensibus
1520 818 1695 885 ignem
1745 815 1884 867 hunc
1917 812 2051 865 vidi-

465 934 604 972 mus.
653 916 822 971 Nocte
866 928 994 967 vero
1043 911 1267 981 quadam
1316 918 1650 964 assuuwntes
1691 905 1952 973 quosdam
1985 919 2050 957 ex

463 1011 583 1064 vico
628 1024 748 1063 cum
800 1008 961 1060 armis
993 1014 1206 1073 propter
1235 1002 1375 1056 feras
1402 1047 1416 1070 ,
1446 1001 1789 1054 ascendimus
1823 1000 1872 1051 in
1907 1012 2052 1050 mou-

464 1110 572 1154 tem
604 1099 669 1153 ad
702 1099 873 1151 lucem
898 1111 1015 1165 qua:
1034 1103 1374 1163 apparuerat,
1409 1093 1808 1158 mansimusque
1836 1088 1925 1141 ubi
1958 1086 2050 1141 lux

466 1201 584 1246 erat
610 1206 778 1261 usque
825 1190 888 1243 ad
938 1190 1077 1243 diem
1131 1199 1465 1257 sequentem.
1513 1186 1665 1238 Mane
1710 1199 1836 1238 vero
1888 1182 2048 1248 facto,

468 1283 756 1352 aspicimus
796 1281 1057 1334 modicam
1089 1281 1397 1349 speluncam
1424 1279 1475 1330 in
1502 1293 1565 1330 eo
1590 1277 1705 1330 loco
1734 1276 1823 1330 ubi
1854 1275 2053 1328 lumina

471 1373 799 1425 videramus.
833 1368 1061 1439 lngressi
1099 1379 1275 1422 autem
1333 1367 1630 1420 invenimus
1675 1364 2052 1418 anacltoretam

466 1461 799 1516 defunctum.
854 1460 979 1512 Erat
1009 1469 1188 1512 autem
1221 1457 1439 1509 indutus
1476 1457 1650 1508 cilicio
1677 1464 1731 1507 et
1761 1453 1943 1521 pallio,
1978 1462 2055 1505 te-

466 1551 731 1619 nebatque
760 1552 811 1603 in
839 1549 1083 1603 manibus
1115 1556 1424 1614 argenteam
1470 1560 1706 1600 crucem.
1752 1545 2055 1599 Invenimus

464 1642 623 1696 etiam
646 1640 883 1694 chartam
911 1640 982 1692 ita
1010 1637 1264 1708 scriptam
1293 1654 1307 1691 :
1337 1636 1623 1703 Defunctus
1643 1652 1754 1688 sum
1775 1652 1865 1704 ego
1894 1635 2052 1687 Joan-

466 1748 553 1785 nes
601 1729 832 1783 Humilis
883 1726 1175 1781 Indictione
1222 1727 1403 1796 quinta
1451 1726 1672 1779 decima.
1725 1723 2053 1792 Computatis

2156 538 2540 603 respondente,
2568 555 2787 612 surgens
2819 557 2982 611 prope
3014 542 3158 595 illum
3193 542 3439 603 accessit,
3474 544 3753 597 utsaluta~

2155 636 2237 679 ret
2266 642 2385 680 eum
2412 639 2465 681 et
2504 636 2929 698 amp'exaretur;
2961 632 3054 685 sed
3100 640 3287 686 tenens
3318 631 3513 699 ipsum,
3539 634 3753 689 invenit

2157 728 2443 773 mortuum.
2474 721 2657 789 Itaque
2683 722 2773 775 illo
2815 724 3055 788 dimisso,
3080 727 3264 779 cxiv.t.
3298 725 3365 777 Et
3397 740 3517 779 cum
3551 727 3749 793 paulu-

2157 809 2267 864 lum
2301 815 2681 879 processisset,
2718 816 2849 869 vidit
2874 818 3031 869 aliam
3060 817 3401 882 speluncam;
3437 820 3745 885 ingressus-

2156 919 2259 972 que
2307 905 2512 959 invenit
2557 924 2761 962 senem.
2803 909 2902 975 Qui
2935 910 3007 962 ait
3034 911 3097 962 ad
3126 911 3269 962 illum
3301 929 3313 963 :
3343 912 3484 963 llene
3530 913 3753 972 venisti,

2159 997 2354 1059 tratcr;
2391 998 2663 1065 ingressus
2695 1017 2761 1054 ne
2790 1016 2848 1054 es
2870 1002 3024 1053 aliam
3055 998 3400 1067 speluncam?
3428 1005 3492 1056 Et
3521 1019 3751 1073 respon-

2157 1086 2288 1141 dens
2330 1090 2405 1141 ait
2447 1090 2558 1143 illi:
2587 1091 2800 1161 Utique,
2835 1095 3011 1149 Pater.
3063 1096 3289 1150 llursum
3324 1098 3463 1151 dixit
3490 1098 3537 1151 ei
3564 1116 3577 1151 :
3604 1098 3745 1151 Num

2158 1179 2353 1246 aliquid
2380 1180 2501 1234 inde
2529 1184 2814 1250 accepisti?
2846 1186 3315 1254 llespondit:Nun.
3347 1189 3411 1242 Et
3442 1189 3750 1253 llle:Vere,

2156 1267 2337 1334 frater,
2368 1273 2671 1339 quindecim
2702 1276 2824 1328 anui
2862 1276 2973 1345 jam
3004 1280 3169 1342 elapsi
3218 1290 3341 1332 sunt
3378 1294 3445 1333 ex
3484 1295 3591 1346 quo
3619 1296 3755 1333 cono

2156 1372 2455 1416 summatus
2484 1373 2583 1416 est.
2618 1365 2689 1417 lta
2721 1381 2848 1420 vero
2876 1378 3014 1433 erat,
3049 1385 3109 1423 ac
3136 1371 3180 1423 si
3211 1380 3334 1423 ante
3362 1386 3523 1423 unam
3557 1373 3749 1425 horam

2158 1452 2536 1509 obdormi-set.
2570 1456 2811 1525 Cumque
2855 1457 3069 1515 feciSset
3112 1478 3278 1516 senex
3324 1464 3618 1518 orationem
3652 1479 3755 1534 pro

2159 1544 2294 1611 ipso,
2322 1545 2627 1612 gloriﬁcatts
2653 1548 2817 1603 Deum
2846 1555 3067 1606 recessi.

2769 1641 2995 1697 CAPUT
3035 1643 3143 1697 XC.

2267 1727 2409 1782 Mors
2432 1731 2651 1784 duorum
2672 1733 3105 1787 anm-horetarum
3147 1738 3333 1791 montis
3366 1734 3632 1807 Pluerigii.

468 1838 596 1894 ergo
625 1824 801 1883 armis,
834 1821 1137 1875 invenimus
1177 1835 1296 1873 eum
1336 1830 1460 1873 ante
1499 1828 1702 1887 septem
1749 1830 1917 1869 annos
1963 1815 2053 1868 ἀρ·
2090 1817 2132 1874 Β
2237 1819 2348 1873 Duo
2376 1823 2714 1877 anachoreta:
2742 1835 2894 1878 erant
2923 1842 3080 1894 supra
3119 1827 3314 1880 Bosum
3343 1829 3392 1881 in
3419 1842 3623 1893 monte,
3656 1831 3749 1899 qni

467 1920 708 1970 functum
738 1927 895 1975 esse;
929 1914 997 1964 ita
1031 1927 1156 1965 vero
1184 1921 1301 1965 erat
1331 1913 1556 1977 integer,
1588 1924 1648 1961 ac
1675 1908 1721 1963 si
1754 1907 1838 1959 die
1867 1905 2051 1959 eadem

471 2014 717 2067 obiisset.
748 2009 1023 2065 Sublatum
1071 2023 1200 2078 ergo
1229 2007 1279 2061 in
1310 2007 1534 2061 ecclesia
1581 2022 1699 2060 cum
1739 2005 1941 2058 honore
1972 2017 2055 2056 se-

470 2106 775 2175 pelivimus.

967 2169 1192 2226 CAPUT
1231 2169 1561 2224 LXXXVI“.

482 2283 603 2336 Vita
650 2283 844 2336 abbatis
895 2281 1106 2334 Thema?
1147 2280 1470 2347 apocrisiarii
1513 2279 1627 2343 ('2!)
1671 2277 1883 2331 rmnobii
1917 2279 2056 2342 Apa-

522 2357 749 2415 miensis.
781 2363 826 2407 et
858 2354 920 2405 de
945 2354 1197 2404 miraculo
1227 2350 1456 2418 rorpuri’s
1483 2354 1596 2420 ejus
1627 2360 1737 2419 pOal
1768 2359 2003 2402 moi-tem.

537 2468 668 2522 Cum
724 2467 1051 2521 vcnissenms
1096 2463 1448 2531 ‘l‘heopolim,
1490 2462 1767 2531 presbyter
1823 2462 2035 2530 quidam

471 2564 635 2633 ipsius
660 2561 901 2616 ecclesia!
925 2560 1161 2613 narravit
1180 2559 1334 2612 nobis
1356 2558 1420 2611 de
1442 2557 1633 2610 abbate
1655 2557 1697 2609 Τ
1703 2557 1882 2619 Imma,
1911 2558 2053 2620 quod

470 2654 849 2724 apocrisiarius
903 2654 1063 2706 fuerit
1108 2652 1337 2706 emnobii
1390 2651 1530 2720 quod
1580 2661 1662 2704 est
1712 2652 1761 2703 in
1819 2653 2057 2719 partibus

472 2746 730 2814 Apamize.
767 2744 921 2798 Venit
962 2759 1091 2811 ergo
1119 2743 1303 2796 senex'
1329 2741 1643 2806 TheOpolim
1692 2755 1785 2808 pro
1829 2741 2058 2795 utilitate

473 2835 801 2898 monasterii,
835 2844 887 2888 et
936 2849 1056 2888 cum
1107 2832 1193 2886 hic
1240 2841 1629 2893 remoraretur.
1663 2831 1948 2884 defunctus
1976 2842 2059 2886 est

469 2925 522 2980 in
557 2926 775 2994 Daphne
803 2925 853 2978 in
884 2925 1087 2991 templo
1117 2929 1320 2975 sancte
1367 2920 1698 2989 Euphemim.
1739 2920 1933 2974 Clerici
1964 2936 2060 2974 au-

473 3028 577 3072 tem
623 3019 787 3087 ipsius
828 3018 927 3071 loci
966 3014 1294 3085 sepelierunt
1345 3030 1468 3068 eum
1516 3016 1667 3083 quasi
1716 3015 2058 3081 peregrinum

470 3110 611 3165 inter
653 3110 1052 3178 peregrinorum
1085 3109 1331 3175 sepulcra
1358 3124 1371 3159 :
1398 3108 1638 3175 sequenti
1671 3122 1798 3160 vero
1842 3107 1929 3161 die
1958 3108 2057 3161 lm-

2158 1910 2351 1964 dicitur
2373 1912 2674 1981 Phteiigius
2703 1930 2865 1983 prope
2899 1917 3095 1983 Piapen
3123 1919 3360 1984 fluvium,
3384 1930 3434 1973 et
3456 1921 3605 1988 juxta
3634 1937 3754 1974 mo-

2158 2004 2450 2056 nasterium
2483 2006 2689 2059 abbatis
2714 2006 3004 2061 Theodosii
3041 2009 3093 2062 iu
3127 2009 3301 2077 Scopu
3326 2026 3377 2064 ο.
3410 2013 3537 2065 Erat
3567 2023 3752 2067 autem

2158 2107 2223 2146 ex
2258 2093 2340 2146 bis
2370 2097 2505 2149 alter
2534 2110 2719 2157 senex,
2750 2098 2884 2150 alter
2922 2097 3121 2166 junior,
3156 2100 3403 2171 senisque
3432 2104 3751 2170 discipulus.

2160 2183 2289 2239 Cum
2315 2202 2446 2240 vero
2468 2189 2749 2243 defunctus
2772 2200 2914 2245 esset
2941 2206 3125 2255 senex,
3149 2192 3285 2246 facta
3315 2195 3557 2249 oratione
3584 2196 3751 2249 disci-

2161 2278 2317 2343 pulus
2349 2281 2596 2347 sepelivit
2626 2297 2745 2334 cum
2780 2283 2830 2334 in
2862 2294 3062 2336 monte.
3097 2284 3220 2338 Post
3251 2285 3361 2338 dies
3390 2301 3517 2339 vero
3551 2302 3751 2355 paucos

2160 2369 2492 2423 descendens
2543 2374 2610 2424 de
2655 2384 2836 2426 monte
2880 2375 3219 2429 anachoreta:
3261 2377 3572 2444 discipulus,
3604 2379 3753 2433 venit

2158 2460 2310 2526 juxta
2339 2462 2453 2515 loca
2482 2462 2810 2529 habitabilis,
2830 2466 3134 2535 invenitque
3163 2468 3429 2523 hominem
3457 2471 3747 2539 quemdam

2160 2563 2498 2604 exercentem
2546 2562 2760 2617 terram,
2790 2565 2842 2609 et
2872 2556 2947 2609 ait
2979 2558 3049 2610 illi
3073 2575 3086 2611 :
3113 2556 3216 2612 Fac
3238 2559 3592 2627 charitatem,
3634 2563 3745 2614 fia-

2164 2654 2264 2703 ter,
2291 2643 2473 2708 accipe
2522 2644 2801 2698 fossmium
2842 2655 2897 2699 et
2942 2649 3232 2713 sarculum,
3276 2658 3329 2703 ct
3361 2651 3479 2704 veni
3510 2667 3747 2707 mecum.

2165 2731 2412 2786 Rusticus
2458 2748 2586 2786 vero
2632 2737 2885 2788 continuo
2930 2750 3146 2792 secutus
3192 2750 3272 2793 est
3318 2757 3458 2795 eum.
3510 2742 3755 2810 Cumque

2163 2823 2404 2876 venisset
2448 2824 2498 2876 iu
2555 2838 2809 2887 montem,
2844 2829 3080 2882 ostendit
3127 2830 3448 2885 anachoreta
3504 2834 3755 2889 smeulari

2164 2913 2466 2979 sepulcrum
2499 2917 2645 2968 senis
2674 2917 2777 2982 sui,
2805 2928 2856 2971 et
2902 2920 3039 2972 dixit
3068 2921 3116 2973 ci
3146 2939 3158 2973 :
3195 2921 3335 2974 Fude
3363 2921 3469 2978 hic.
3497 2923 3628 2978 Cum
3658 2941 3757 2978 au-

2167 3010 2273 3056 tem
2299 3004 2575 3059 effudisset
2596 3008 2921 3073 sepulcrum,
2944 3010 3263 3065 anachoreta
3289 3013 3434 3066 stetit
3457 3014 3520 3067 ad
3551 3016 3755 3069 oratio-

2166 3109 2309 3148 nem.
2345 3094 2514 3148 Finita
2552 3112 2681 3151 vero
2723 3100 2963 3154 oratione
2983 3140 2998 3166 ,
3025 3103 3297 3155 osculatus
3323 3113 3403 3157 est
3431 3105 3746 3160 saecularem

470 3210 750 3275 maveru‘ut
778 3209 834 3253 et
876 3200 1151 3253 mulierem
1182 3240 1195 3263 ,
1229 3208 1284 3251 et
1324 3197 1693 3265 imposuerunt
1719 3198 1864 3251 illam
1895 3212 2057 3265 super

2169 3186 2383 3238 dicens:
2411 3186 2513 3239 Ora
2548 3202 2643 3253 pro
2670 3202 2777 3246 me.
2813 3188 2996 3243 frater.
3050 3191 3498 3260 Descemlcnsque
3525 3194 3758 3248 colloca-

474 3308 619 3347 eum.
653 3292 778 3346 Erat
822 3302 998 3345 autem
1045 3290 1174 3344 hora
1218 3288 1482 3353 secunda;
1525 3291 1667 3342 circa
1711 3289 1892 3343 horam
1935 3304 2060 3341 vero

474 3393 681 3439 sextam
711 3383 945 3437 evomuit
974 3381 1118 3435 illam
1146 3389 1310 3433 terra.
1356 3379 1479 3434 Loci
1523 3395 1649 3432 vero
1680 3379 1820 3433 illius
1860 3379 2058 3433 accolae

482 3476 724 3528 videntes
743 3474 882 3542 quod
907 3474 1103 3526 factum
1131 3471 1324 3535 fuerat,
1353 3472 1527 3524 mirati
1552 3480 1695 3524 sunt.
1721 3471 1914 3526 Deinde
1947 3488 2064 3525 rur-

478 3580 597 3620 sum
628 3579 849 3633 vespere
890 3563 1215 3631 sepelierunt
1245 3562 1415 3629 ipsam
1445 3564 1496 3615 iu
1524 3561 1713 3616 eodem
1762 3562 1988 3626 tumulo,
2013 3571 2067 3616 et

485 3657 731 3727 sequenti
782 3657 869 3711 die
916 3657 1238 3710 invenerunt
1287 3669 1481 3723 corpus
1530 3669 1687 3722 supra
1736 3655 2063 3721 sepulcrum.

479 3747 815 3814 Accipientes
834 3761 960 3813 ergo
980 3759 1199 3813 corpus,
1216 3746 1266 3798 in
1281 3745 1386 3798 alio
1406 3753 1750 3799 monumento
1774 3744 1944 3811 ipsum
1974 3759 2067 3814 po-

480 3847 725 3895 suerunt.
762 3839 885 3891 Post
916 3852 1113 3905 paucos
1143 3845 1319 3889 autem
1349 3835 1487 3897 dies,
1520 3837 1708 3889 iterum
1738 3834 2069 3902 sepelierunt

479 3933 637 3985 aliam
670 3931 950 3984 mulierem
989 3944 1147 3997 supra
1179 3929 1423 3983 abbatem
1470 3929 1752 3993 Thomam,
1778 3944 1885 3982 non
1914 3931 2064 3999 cogi-

482 4033 655 4077 tantes
701 4022 801 4076 loci
852 4021 1021 4090 ipsius
1061 4022 1240 4075 clerici
1272 4022 1396 4088 quia
1441 4034 1546 4074 nou
1579 4021 1840 4089 permittit
1878 4037 2069 4090 quem-

483 4114 624 4181 piam
655 4127 816 4181 super
838 4126 897 4166 se
926 4111 1162 4179 sepeliri.
1188 4112 1253 4165 Et
1282 4112 1424 4165 illam
1454 4125 1582 4181 ergo
1615 4127 1797 4165 rursus
1827 4115 2064 4168 evomuit

484 4213 646 4269 terra.
701 4202 853 4256 Tunc
899 4211 1248 4271 agnoverunt,
1274 4202 1396 4269 quia
1448 4218 1552 4255 non
1602 4202 1861 4269 permittit
1906 4217 2068 4259 senex

484 4292 763 4347 mulierem
806 4305 971 4358 super
1015 4304 1075 4343 se
1104 4290 1331 4351 humari.
1377 4290 1738 4358 abeuntesque
1789 4294 2071 4346 nuntiave-

484 4392 615 4451 runt
656 4381 973 4451 patriarcha:
1004 4380 1289 4434 Domuino.
1321 4382 1488 4450 888
1515 4381 1614 4447 Qui
1656 4396 1868 4435 omnem
1915 4383 2072 4436 simul

487 4470 758 4524 civitatem
785 4482 906 4520 cum
933 4466 1103 4520 cereis
1128 4467 1422 4521 ascendere
1451 4469 1574 4521 l’ecit
1601 4467 1651 4519 iu
1688 4469 1986 4536 Daphnem,
2017 4478 2073 4524 et

491 4577 615 4616 cum
663 4560 957 4630 psalmodia
985 4560 1155 4613 sancti
1184 4560 1278 4612 viri
1310 4560 1558 4626 reliquias
1588 4562 1639 4613 in
1682 4561 1865 4615 urbem
1914 4561 2075 4617 ferre.

487 4653 858 4719 Deposuerunt
889 4660 1068 4704 autem
1100 4653 1273 4705 sancti
1317 4666 1512 4720 corpus
1546 4652 1598 4704 in
1629 4651 1949 4718 ccemiterio,
1984 4654 2073 4707 ubi

491 4745 660 4799 multa
705 4752 1001 4813 martyrum
1044 4758 1268 4811 corpora
1305 4745 1516 4798 condita
1559 4751 1705 4809 sunt,
1736 4742 2077 4814 feceruntque

496 4850 655 4903 supra
685 4836 859 4903 ipsum
889 4834 1052 4887 breve
1080 4834 1391 4887 oratorium.

1010 4944 1239 4999 CAPUT
1281 4944 1569 5000 LXXXIX.
1607 4922 1613 4932 ’

491 5060 727 5115 Iuventio
759 5060 983 5128 corporis
1019 5071 1181 5114 sanctt
1212 5061 1533 5114 anachoretw
1568 5065 1622 5114 in
1654 5071 1822 5114 mante
1861 5060 2076 5113 Amano.

562 5174 808 5227 Narravit
837 5172 993 5228 nobis
1022 5174 1236 5243 quidam
1275 5174 1512 5238 Patrum,
1542 5190 1662 5229 cum
1694 5174 1951 5243 Theopoli
1990 5189 2079 5227 es-

489 5280 697 5328 semus,
718 5264 856 5332 quod
878 5265 1177 5320 ascenderit
1196 5267 1425 5336 quadam
1449 5267 1540 5322 die
1568 5268 1618 5320 in
1648 5276 1883 5320 montem
1907 5269 2073 5320 Ama-

492 5375 623 5413 num
656 5351 930 5428 cujusdam
975 5360 1309 5414 necessitatis
1339 5374 1529 5423 causa,
1565 5359 1934 5426 inveneritque
1960 5372 2084 5424 spe~

495 5452 731 5505 luucam.
758 5452 1030 5520 Ingressus
1059 5459 1237 5505 autem
1270 5451 1322 5504 in
1357 5452 1523 5516 illam,
1551 5451 1750 5519 reperit
1781 5449 2079 5503 anachore-

501 5557 611 5600 tam
653 5546 876 5615 genibus
906 5548 1077 5613 (lexis,
1103 5545 1459 5614 manibusque
1501 5545 1551 5598 in
1600 5545 1790 5599 cmlum
1823 5539 2078 5608 extensis,

494 5629 650 5711 cujus
690 5642 869 5698 crines
908 5644 1096 5712 capitis
1141 5657 1313 5710 usque
1345 5642 1395 5695 in
1427 5640 1790 5711 pavimentum
1837 5637 2087 5692 extende

488 5732 708 5789 bantur.
755 5735 887 5791 Cum
929 5745 1107 5791 autem
1156 5745 1372 5800 putaret
1401 5751 1523 5788 cmn
1557 5734 1757 5802 vivere,
1789 5740 2087 5801 prostratus

2165 3274 2241 3326 vit
2264 3274 2610 3343 semetipsum
2642 3290 2797 3345 supra
2827 3293 3009 3333 senem
3038 3295 3215 3345 suum,
3243 3293 3295 3336 et
3340 3284 3596 3337 continuo
3625 3286 3749 3339 red-

2166 3364 2301 3419 didit
2325 3368 2596 3431 spiritum.
2627 3368 2912 3421 Szccnlaris
2938 3380 3113 3424 autem
3143 3386 3328 3425 rursus
3360 3384 3549 3440 operto
3573 3377 3758 3440 sepul-

2167 3474 2297 3521 cro,
2328 3458 2434 3512 Deo
2480 3461 2678 3528 gratias
2725 3460 2857 3528 egit.
2902 3460 3038 3514 Cum
3083 3473 3259 3517 autem
3299 3464 3761 3522 descendissetde

2169 3558 2370 3615 monte,
2402 3560 2659 3620 quantum
2696 3550 2873 3619 jactus
2915 3564 2999 3606 est
3036 3554 3242 3623 lapidis,
3274 3556 3350 3607 ait
3387 3556 3523 3609 intra
3552 3566 3755 3610 semet-

2170 3641 2343 3712 ipsum
2373 3661 2385 3695 :
2413 3643 2549 3698 Vere
2587 3644 2743 3698 debui
2784 3644 3028 3711 accipere
3069 3647 3488 3702 benedictionem
3538 3658 3755 3703 sancto-

2169 3748 2317 3797 rum;
2348 3748 2726 3804 reversusque,
2760 3736 2971 3790 illorum
3021 3739 3324 3807 sepulcrum
3373 3740 3613 3795 invenire
3643 3756 3753 3796 non

2172 3826 2361 3894 potuit.

2759 3899 2986 3954 CAPUT
3028 3900 3162 3955 XCI.

2185 3986 2298 4041 Vita
2340 3987 2533 4040 abbatis
2573 3986 2807 4059 Gregorii
2850 3992 3172 4064 anachoreta:
3197 4035 3210 4057 ,
3259 4006 3305 4048 ct
3350 3992 3599 4048 Thalami
3638 3997 3757 4064 ejus

2829 4063 3091 4131 discipuli.

2245 4168 2498 4224 Dicebant
2528 4170 2743 4239 quidam
2782 4186 2844 4225 ex
2879 4169 3124 4226 l‘atribus
3153 4173 3220 4227 dc
3262 4175 3452 4228 abbate
3492 4175 3759 4245 Gregorio

2174 4262 2523 4323 anachoreta,
2552 4263 2694 4327 quod
2741 4262 2955 4332 triginta
2983 4268 3218 4334 quinque
3245 4279 3415 4320 annos
3442 4268 3639 4336 egisset
3663 4287 3766 4324 nu-

2176 4355 2274 4406 dus
2301 4353 2512 4405 deserta
2535 4353 2876 4406 circumiens.

2256 4442 2510 4496 Dicebant
2543 4444 2667 4496 item
2693 4443 2759 4497 de
2787 4445 2896 4508 illo,
2926 4446 3064 4513 quod
3094 4460 3214 4498 cum
3247 4457 3391 4501 esset
3415 4448 3464 4501 itt
3488 4449 3766 4503 montibus

2180 4538 2490 4591 monasterii
2531 4537 2739 4589 abbatis
2785 4538 3066 4591 Theodosii
3107 4540 3158 4591 in
3209 4540 3442 4605 Scopqu
3469 4582 3485 4605 ,
3533 4541 3769 4596 habebat

2176 4626 2521 4694 discipulum.
2572 4629 2689 4693 Quo
2738 4627 3011 4695 dehmcto,
3051 4645 3169 4683 cum
3218 4645 3322 4684 non
3352 4632 3571 4687 haberet
3601 4649 3767 4687 senex

2186 4721 2533 4773 instrumenta
2578 4733 2635 4773 tit
2683 4721 2898 4774 humum
2949 4723 3152 4777 foderet
3180 4733 3233 4776 et
3281 4726 3535 4792 sepeliret
3575 4742 3773 4794 corpus

2187 4807 2390 4873 fratris,
2422 4810 2697 4865 descendit
2735 4810 2805 4865 de
2835 4822 3015 4865 monte
3060 4828 3224 4881 prope
3262 4827 3432 4877 mare,
3464 4813 3774 4885 invenitque

2189 4902 2542 4970 applicantetu
2572 4917 2783 4958 navem.
2804 4903 2987 4956 Uravit
3015 4913 3191 4957 autem
3221 4906 3530 4958 nauclerum
3552 4915 3607 4960 et
3628 4922 3773 4959 nau-

2193 5000 2294 5055 tas,
2331 5002 2386 5047 ιιι
2417 4995 2769 5047 escenderent
2800 5008 2980 5048 sectum
3014 4996 3064 5046 in
3112 5005 3369 5061 montem,
3402 5007 3454 5049 et
3483 4998 3777 5065 sepelirent

2186 5082 2423 5137 fratrem.
2475 5085 2552 5137 llli
2582 5096 2757 5137 autem
2793 5094 3040 5152 prompto
3070 5086 3252 5138 animo
3278 5086 3601 5140 obedierunt
3626 5087 3771 5152 seni,

2184 5184 2563 5242 sumentesque
2613 5178 2961 5229 instrumenta
3030 5176 3328 5231 necessaria
3355 5215 3370 5239 ,
3409 5177 3772 5231 ascenderunt

2184 5283 2302 5322 cum
2326 5283 2413 5330 eo.
2437 5280 2491 5323 et
2513 5267 2771 5322 fodientes
2799 5269 3151 5323 humaverunt
3177 5285 3369 5339 corpus
3393 5270 3593 5325 fratris.
3620 5270 3771 5325 Unus

2174 5368 2363 5412 autem
2392 5375 2455 5412 ex
2488 5360 2683 5423 nautis,
2716 5359 2929 5414 nomine
2955 5360 3286 5422 Thalelreus,
3317 5368 3670 5429 compunctus
3710 5362 3767 5415 in

2188 5453 2382 5505 virtute
2412 5452 2576 5516 senis,
2608 5452 2795 5505 orabat
2819 5467 2940 5505 eum
2973 5461 3030 5505 ut
3056 5466 3176 5505 cum
3205 5452 3295 5505 illo
3322 5460 3646 5506 moraretur.
3678 5451 3776 5505 Se-

2193 5561 2290 5599 nex
2321 5554 2496 5598 autem
2532 5544 2665 5597 dixit
2708 5546 2792 5597 ei:
2817 5543 2929 5597 Non
2963 5552 3114 5614 potes
3146 5543 3286 5598 ferre
3334 5542 3663 5610 poenitentia:
3691 5542 3775 5594 la-

2194 5636 2396 5690 borem.
2432 5636 2519 5688 Ait
2543 5636 2633 5689 ille
2658 5652 2671 5687 :
2697 5635 2770 5689 lta
2796 5650 2925 5690 sane
2954 5636 3184 5690 tolerare
3209 5649 3444 5705 possum.
3475 5634 3778 5701 Mansitque

2194 5745 2314 5783 cum
2356 5745 2483 5783 sene
2525 5743 2666 5782 anno
2698 5745 2803 5784 uno
2828 5770 2841 5795 ,
2873 5729 3095 5784 nimium
3125 5731 3175 5783 in
3209 5744 3360 5783 sacra
3389 5734 3781 5783 exercitatione
