4052 6362
256 336 371 391 4'63

1552 332 1833 385 PIHTL'M
1874 332 2309 389 Si’llilTUALE.

3448 338 3549 393 106

257 452 533 503 laborans.
570 449 695 502 Post
729 458 997 519 peractum
1042 460 1215 502 autem
1247 465 1441 501 annum
1476 450 1763 517 prostravit
1793 464 1852 502 se
1883 456 1925 509 Λ
1960 464 2055 515 pus
2087 450 2200 517 ejus
2230 442 2299 503 ita
2325 448 2511 519 jatens
2532 492 2545 513 ,
2574 450 2712 504 sicut
2743 451 2794 505 in
2825 452 3029 507 Samnis
3072 454 3220 507 illum
3270 454 3533 511 videram.

256 545 430 596 frater
470 540 773 595 Thale'ltcns
812 542 949 603 seni,
984 542 1165 594 dicens
1196 543 1335 595 :Ora
1387 556 1482 609 pro
1516 556 1619 606 ire,
1652 542 1845 603 Pater;

257 651 386 689 nam
413 649 506 703 per
536 634 807 687 orationes
838 642 955 685 tuas
991 633 1127 687 heus
1158 633 1376 686 abstulit
1403 648 1431 685 a
1461 648 1547 687 me
1574 634 1845 695 laborem;

257 743 439 795 neque
468 727 609 780 enim
639 726 748 791 jam
781 725 993 793 fatigor,
1027 739 1203 794 neque
1227 741 1311 779 me
1340 726 1478 779 aeris
1511 726 1847 781 inclementia

256 821 472 890 afﬂigit,
521 834 624 871 non
667 830 799 871 testu
849 834 997 879 uror,
1050 834 1152 871 non
1196 819 1368 871 hieme
1417 819 1643 886 rigesr-o.
1671 818 1763 871 sed
1798 819 1847 872 in

257 911 429 965 multa
477 910 661 979 requie
700 926 842 963 sum.
887 911 1060 964 Senex
1091 926 1217 965 vero
1244 910 1518 965 benedixit
1553 926 1697 972 eum,
1732 927 1852 978 per-

255 1007 507 1072 actisque
554 1018 674 1056 ctnu
723 1018 852 1058 sene
882 1002 1088 1056 duobus
1118 1004 1236 1057 aliis
1267 1004 1423 1057 annis
1453 1020 1572 1057 curn
1605 1003 1847 1066 dimidio,

258 1098 429 1150 frater
475 1095 778 1151 Thalelzeus
809 1096 1074 1163 praescivit
1103 1097 1306 1149 obitum
1354 1112 1507 1148 suum
1531 1134 1545 1155 ,
1576 1095 1850 1163 oravitque

256 1203 481 1249 senem,
525 1187 708 1241 dicens
736 1204 748 1239 :
780 1188 890 1242 Due
939 1203 1055 1252 rue,
1089 1204 1303 1256 qna-so.
1348 1188 1761 1257 Jerosolymam,
1795 1197 1852 1240 ut

255 1280 484 1332 adorem
517 1289 755 1333 sanctam
786 1295 1019 1343 crucem,
1055 1290 1107 1332 ct
1138 1290 1377 1334 sanctam
1410 1280 1608 1333 Christi
1643 1279 1847 1333 homini

256 1380 315 1425 et
361 1370 457 1424 hei
490 1371 592 1423 mei
622 1372 1103 1437 resurrectionem;
1136 1372 1217 1425 bis
1259 1371 1402 1425 enim
1442 1371 1631 1425 diebus
1665 1371 1847 1422 Durni-

260 1478 364 1514 nus
395 1472 638 1517 assumet
668 1478 775 1516 me.
808 1464 914 1518 Sen
938 1480 981 1517 'x
1016 1476 1193 1518 autem
1226 1479 1291 1520 eo
1314 1476 1548 1532 surupto,
1583 1466 1851 1532 profectus

255 1566 345 1609 est
374 1556 429 1608 in
464 1564 703 1608 sanctam
728 1554 1019 1609 civitatem.
1056 1556 1236 1625 Itaque
1267 1572 1387 1609 eum
1418 1556 1731 1609 adorassent
1765 1570 1849 1607 sa-

256 1663 351 1707 cra
385 1655 446 1702 et
474 1647 794 1701 venerabilia
823 1648 962 1712 loca,
987 1649 1498 1717 descendissentque
1528 1652 1577 1702 in
1611 1657 1849 1700 sanctum

255 1739 578 1803 Jordanem,
610 1752 663 1793 et.
690 1739 758 1792 ibi
792 1739 1064 1801 lavissent,
1100 1750 1216 1807 post
1243 1739 1360 1792 dies
1390 1749 1501 1793 tres
1526 1739 1852 1793 obdormivit

1952 542 2377 612 Constructoque
2406 545 2680 609 oratorio,
2716 546 2814 600 feci
2857 556 3265 602 monumentum
3310 548 3534 616 praecla-i

1953 647 2069 686 rum
2104 634 2155 688 in
2186 634 2404 689 dextera
2438 637 2619 704 templi
2650 646 2820 703 parte,
2843 649 2898 693 et
2926 639 3037 693 illic
3063 654 3185 693 eum
3214 638 3459 708 deposui.

2525 749 2750 803 CAPUT
2792 750 2970 806 XCII'.

1963 833 2079 887 Vita
2108 837 2304 890 abbatis
2334 838 2515 891 Sisiuii
2543 841 2981 961 quideiiswpatui
3008 848 3334 910 renuntiavit,
3354 855 3404 900 et
3437 848 3548 917 ejus

2658 913 2881 965 tscimtfi.

2658 928 2881 981 tscrpuu.

2026 995 2270 1051 Narravit
2297 999 2449 1052 nobis
2484 1000 2623 1053 idem
2670 1002 2827 1058 Pater
2871 1014 3053 1059 noster
3096 1005 3424 1075 Gregorius.
3462 1008 3547 1061 di-

1954 1103 2081 1142 cens
2106 1105 2118 1141 :
2143 1090 2387 1157 Quadam
2416 1092 2502 1145 die
2534 1094 2798 1160 profectus
2838 1110 2955 1149 sum
3001 1097 3065 1150 ad
3109 1100 3362 1154 abbatum
3396 1100 3538 1155 Sisi-

1953 1179 2101 1233 nium
2133 1180 2535 1235 aiiachoretam.
2560 1184 2686 1237 Erat
2706 1196 2882 1240 autem
2910 1187 2999 1241 hic
3021 1201 3207 1253 senex,
3232 1190 3319 1256 qui
3346 1192 3537 1244 relicto

1952 1272 2261 1340 episcOpatu
2314 1288 2413 1327 suo
2464 1286 2680 1343 propter
2733 1278 3048 1344 Christum,
3101 1291 3323 1335 venerat
3373 1298 3541 1350 prope

1953 1368 2267 1431 castellum,
2322 1368 2461 1436 quod
2511 1369 2811 1436 appellatur
2845 1372 3142 1426 ltethabara
3162 1413 3177 1432 .
3208 1382 3261 1427 et
3289 1389 3318 1427 a
3348 1384 3541 1430 saneto

1953 1455 2187 1510 Jordane
2222 1472 2316 1511 scx
2353 1459 2518 1512 ferme
2568 1459 2881 1514 milliaribus
2929 1464 3120 1523 disrat.
3155 1464 3336 1533 ibique
3380 1466 3541 1520 vitam

1954 1546 2249 1599 Solitariam
2279 1547 2491 1615 agebat.
2518 1548 2651 1601 Cum
2678 1565 2807 1617 ergo
2835 1551 3097 1605 venissem
3127 1553 3192 1605 ad
3231 1569 3414 1608 senem
3439 1595 3455 1618 ,
3484 1566 3538 1609 ct

1955 1636 2044 1687 diu
2078 1636 2370 1700 pulsarent,
2406 1646 2523 1703 post
2555 1639 2774 1691 multam
2804 1641 2989 1693 horam
3020 1640 3226 1709 aperuit
3249 1643 3543 1711 discipulus

1955 1726 2091 1791 eius,
2122 1734 2176 1779 et
2203 1728 2277 1780 ait
2309 1728 2438 1781 mihi
2466 1746 2477 1781 :
2509 1728 2669 1794 Vere,
2693 1730 2909 1785 domine
2938 1732 3097 1796 abba,
3125 1733 3426 1790 inﬁrmatus
3457 1746 3541 1789 cst

259 1832 311 1884 in
343 1830 582 1885 Domino
604 1828 770 1884 frater
795 1831 1119 1895 Thalelreus,
1142 1832 1485 1898 sepelivitque
1516 1832 1660 1884 illum
1682 1847 1844 1885 senex

1966 1832 2118 1872 senex
2151 1832 2320 1885 usque
2345 1818 2408 1871 ad
2441 1828 2689 1883 mortem,
2721 1821 2997 1891 oravitque
3031 1823 3214 1885 Deum,
3245 1840 3311 1878 ne
3336 1826 3403 1879 de
3434 1827 3535 1881 hoc

260 1922 313 1974 in
345 1921 678 1974 trioriasterio
704 1920 992 1991 Copratha.
1018 1922 1142 1975 Post
1165 1922 1547 1990 aliquantuluru
1571 1938 1698 1975 vero
1721 1933 1850 1977 tem-

259 2013 415 2080 poris
445 2013 706 2082 requievit
736 2025 787 2067 et
817 2014 982 2067 abbas
1009 2013 1301 2082 Gregorius
1324 2015 1669 2077 anachoreta,
1697 2027 1852 2081 sepe~

260 2105 572 2170 lieruntqne
610 2104 756 2157 illum
798 2104 1039 2172 ejusdem
1096 2102 1405 2157 monasterii
1449 2103 1631 2157 Patres
1671 2103 1723 2156 in
1762 2118 1854 2157 εο-

255 2196 450 2251 clesia.
606 2188 611 2199 ’

856 2262 1082 2319 CAPUT
1125 2262 1279 2319 XCII.

266 2378 393 2431 Vita
434 2379 609 2448 fratris
637 2379 871 2447 Gregorii
898 2378 1253 2447 Cappadocis.
1282 2390 1328 2433 et
1359 2380 1579 2432 iurentio
1618 2380 1851 2449 corporis

624 2450 763 2503 Petri
791 2451 1011 2504 solitarii
1043 2452 1205 2502 sancti
1234 2448 1501 2504 Iordanis.

328 2565 503 2634 889
542 2563 787 2617 Narravit
816 2565 966 2616 nobis
996 2565 1315 2618 venerabilis
1350 2564 1504 2616 Pater
1534 2579 1715 2620 nosmr
1754 2566 1847 2619 ab-

261 2654 358 2709 bas
388 2655 681 2723 Gregorius
711 2658 1122 2710 archituaudrita
1153 2659 1459 2710 tui-riasterii
1482 2664 1650 2712 sancti
1679 2658 1849 2711 Patris

261 2748 438 2800 nostri
470 2748 785 2813 Theodosii,
819 2750 956 2817 quod
982 2751 1209 2817 positum
1237 2759 1323 2803 est
1350 2752 1401 2801 in
1443 2763 1627 2801 eremo
1649 2759 1851 2802 sancta:

259 2840 463 2892 Christi
496 2838 703 2891 Domini
736 2840 903 2893 nostri
933 2840 1162 2893 civitatis
1182 2879 1197 2902 ,
1226 2840 1354 2891 mihi
1389 2839 1591 2892 scilicet
1621 2849 1673 2892 et
1703 2840 1851 2892 fratri

262 2928 573 2997 Sophronia
597 2928 882 2996 sophistae,
915 2930 1142 2984 dicens:
1175 2929 1344 2982 llabui
1372 2930 1459 3007 hic
1498 2932 1717 2983 fratrem
1753 2947 1853 2982 nu-

261 3022 418 3075 mine
449 3021 759 3089 Gregorium
786 3022 1189 3088 Cappadocem;
1228 3020 1455 3074 habebat
1476 3030 1656 3074 autem
1694 3020 1852 3073 mini-

263 3112 495 3165 sterium
528 3128 681 3165 suum
717 3112 768 3165 in
814 3111 1117 3165 Phaselide.
1159 3112 1253 3166 Die
1282 3128 1408 3165 vero
1456 3112 1686 3178 quadam
1730 3126 1851 3165 cum

1958 1909 2158 1963 steculo
2189 1910 2473 1979 migraret,
2498 1912 2671 1965 donec
2699 1914 2908 1968 audiret
2932 1915 2996 1968 ad
3010 1917 3218 1970 venisse
3247 1925 3297 1971 te
3325 1919 3374 1971 in
3406 1917 3543 1975 hanc

1957 2002 2253 2070 regionem.
2284 2002 2487 2056 lveram
2512 2005 2654 2057 enim
2679 2005 3199 2073 Constantinopolim
3233 2024 3329 2076 pro
3356 2024 3544 2064 neces-

1956 2092 2111 2145 sitate
2140 2093 2369 2147 cmuobii
2400 2094 2465 2145 ad
2496 2094 2794 2159 piissimum
2824 2098 3201 2165 imperatorem
3234 2100 3534 2155 Tiberium.

1956 2182 2085 2238 Cum
2113 2201 2240 2254 ergo
2269 2185 2540 2253 profectus
2567 2198 2711 2241 eSSel
2736 2188 2802 2241 ad
2828 2204 3033 2254 senem,
3061 2193 3538 2262 annnutiassetque

1956 2276 2030 2329 illi
2057 2292 2231 2331 meum
2261 2278 2568 2340 adventum,
2596 2290 2713 2346 post
2738 2281 2995 2347 prolixam
3028 2284 3212 2335 horam
3238 2284 3539 2352 descendit,

1956 2367 2137 2420 dicens
2182 2368 2311 2421 mihi
2344 2386 2356 2419 :
2393 2368 2668 2429 Ascende,
2716 2371 2893 2423 l‘ater.
2946 2375 3314 2428 Ascendentes
3358 2386 3538 2431 autem

1957 2464 2256 2510 invenimus
2283 2473 2463 2510 senem
2499 2459 2839 2512 obdormisse
2869 2462 2919 2513 in
2950 2464 3349 2533 paco.f,‘ognovi
3383 2467 3544 2535 igitur

1957 2549 2077 2617 quia
2107 2564 2226 2600 mox
2261 2560 2318 2601 ut
2356 2548 2545 2602 didicit
2573 2564 2659 2604 me
2688 2564 2827 2614 esse,
2856 2553 2941 2621 qtti
2966 2570 2996 2621 p
3021 2555 3320 2623 :lsaveram,
3353 2560 3545 2629 migra-

1956 2642 2029 2691 vit
2056 2638 2120 2691 ad
2151 2638 2452 2692 Dominum.
2488 2640 2552 2691 Et
2577 2654 2696 2693 cum
2728 2640 2874 2693 illum
2903 2644 3277 2710 amplexaret,
3308 2648 3381 2701 ait
3410 2651 3539 2702 mihi

1957 2731 2235 2782 defunctus-
2266 2729 2370 2783 leni
2395 2745 2457 2782 ac
2483 2728 2594 2783 miti
2619 2745 2788 2784 voce:
2822 2732 2961 2786 Bene
2983 2735 3131 2788 venit
3161 2738 3326 2790 abbas
3358 2753 3546 2805 meus;

1957 2834 2281 2885 rursumque
2316 2820 2660 2873 obdormivit.
2691 2820 2939 2875 Nuntiavi
2971 2823 3130 2891 igitur
3156 2828 3206 2878 in
3238 2827 3369 2881 locis
3396 2829 3503 2882 illis
3525 2870 3540 2894 ,

1958 2918 2014 2962 ut
2033 2912 2279 2963 venirent
2299 2921 2349 2962 et
2378 2912 2671 2979 sepelirent
2701 2927 2908 2966 senem.
2928 2914 3057 2966 Cum
3089 2930 3216 2983 ergo
3244 2918 3537 2984 venissent,

1959 3012 2012 3058 et
2039 3013 2437 3056 monumentum
2466 3003 2727 3069 (ederent,
2757 3004 2830 3057 ait
2849 3004 3144 3071 discipulus
3166 3008 3309 3061 senis
3338 3010 3548 3063 fodien-

1960 3094 2099 3147 tibus
2130 3094 2431 3158 sepulcrum
2460 3110 2474 3146 :
2506 3094 2683 3146 Facite
2712 3095 3049 3154 charitatem.
3072 3104 3126 3149 et
3154 3095 3541 3158 aliquantulum

266 3204 465 3257 fratres
486 3203 723 3257 facerent
756 3219 941 3271 partes,
973 3206 1334 3257 succendebat
1377 3203 1644 3256 clibanmn
1688 3204 1853 3257 frater
1883 3204 1930 3267 Ο
1963 3186 2121 3239 huius
2164 3189 2361 3248 “mei
2396 3198 2450 3237 '”
2491 3187 2626 3239 “"03
2654 3186 2849 3253 capia"
2884 3186 2950 3239 Et
2981 3202 3100 3239 cum
3145 3187 3217 3241 “li
3268 3187 3546 3255 ίυδθτθηίν

261 3294 584 3363 Gregorius.
618 3295 720 3347 Sed
752 3310 874 3347 cum
905 3295 1271 3349 succendisset
1302 3294 1472 3358 illum,
1506 3311 1610 3347 non
1653 3296 1860 3349 invenit

264 3402 397 3439 eum
444 3401 548 3454 quo
588 3387 807 3440 deberet
853 3396 1134 3456 extergere
1177 3388 1428 3451 furnum;
1478 3388 1673 3441 fratres
1714 3388 1860 3442 enim

265 3481 449 3547 ipsum
482 3494 711 3545 pannum
744 3480 1133 3532 absconderant
1154 3518 1167 3541 .
1200 3490 1253 3532 ιιι
1285 3488 1553 3533 tentarent
1589 3495 1735 3533 ettrn.
1770 3480 1858 3532 ln-

266 3584 490 3638 gressus
533 3578 617 3623 est
660 3584 788 3636 ergo
836 3570 1048 3623 furnum
1073 3611 1088 3634 ,
1120 3570 1547 3639 vestimentaque
1583 3586 1681 3625 suo
1715 3573 1860 3625 illurn

268 3660 530 3724 detersit,
566 3659 692 3712 nihil
731 3661 952 3714 omnino
1000 3662 1066 3713 ab
1114 3661 1233 3730 igne
1275 3662 1453 3714 hesus.
1501 3660 1612 3728 Ego
1648 3671 1858 3725 autem,

270 3752 381 3806 hoc
400 3752 614 3817 audito,
647 3752 881 3821 corripui
914 3751 1104 3807 fratres
1125 3793 1139 3818 ,
1173 3752 1314 3823 quod
1347 3754 1420 3806 ita
1451 3754 1625 3824 ipsuru
1659 3765 1860 3809 ternas-

266 3854 400 3915 sent

346 3940 593 3994 Narravit
616 3940 768 3992 nobis
793 3948 846 3992 et
875 3939 974 3993 hoc
1004 3937 1141 3991 idem
1178 3938 1342 3992 abbas
1372 3938 1671 4008 Gregorius
1706 3938 1863 3994 Pater

274 4042 487 4098 noster,
518 4033 585 4085 de
615 4032 805 4085 eodem
846 4030 1009 4085 fratre
1049 4029 1310 4098 Gregorio
1342 4030 1528 4085 dicens
1556 4048 1567 4081 :
1605 4031 1701 4084 Die
1732 4046 1865 4100 qua-

272 4127 406 4178 dam
434 4124 684 4192 pascebat
711 4138 898 4191 porcos
928 4124 980 4177 in
1009 4123 1316 4187 Phaselide;
1348 4132 1723 4191 veneruntque
1758 4126 1864 4177 duo

276 4217 465 4269 leones
485 4256 499 4279 ,
534 4223 590 4267 nt
621 4227 838 4282 porcum
863 4221 1135 4281 raperent.
1169 4216 1257 4266 Δι’
1282 4212 1375 4267 ille
1417 4228 1637 4265 sumens
1664 4216 1861 4280 virgam

272 4322 462 4369 suam,
515 4313 823 4375 persecutus
871 4313 956 4359 est
1006 4320 1100 4358 eos
1148 4318 1317 4373 usque
1353 4302 1420 4357 ad
1461 4314 1705 4359 sanctum
1744 4304 1865 4359 .lor-

276 4400 496 4452 danetu,

272 4554 277 4559 ο
360 4490 560 4544 Rursus
589 4490 727 4544 idem
757 4497 911 4557 pater
941 4500 1124 4543 nosrer
1149 4489 1385 4542 narravit
1417 4489 1602 4552 nobis,
1635 4491 1821 4544 dicens
1850 4509 1861 4544 :

1968 3280 2142 3343 posuit
2167 3277 2398 3344 seipsqu
2431 3276 2483 3329 in
2517 3275 2763 3343 psiathio,
2795 3290 2841 3331 ei
2878 3276 3141 3345 repiievit
3180 3280 3229 3333 in
3273 3294 3422 3348 pace.
3446 3281 3551 3336 Se-

1967 3368 2351 3435 pelivimusque
2378 3366 2509 3420 duos
2533 3368 2692 3420 simul
2719 3407 2734 3431 ,
2780 3381 2962 3422 senein
2993 3369 3195 3424 scilicet
3226 3371 3544 3440 et’discipu-

1965 3459 2074 3513 lum
2103 3460 2238 3527 ejus.

2530 3527 2753 3583 CAPUT
2797 3526 2981 3583 XCIV.

2176 3638 2295 3692 Vita
2320 3637 2512 3693 abbatis
2539 3637 2740 3691 Iuliani
2768 3640 2996 3707 episcopi
3026 3638 3332 3694 Bostrensis.

2036 3753 2179 3809 .dem
2205 3755 2360 3809 Pater
2390 3766 2570 3810 noster
2598 3752 2886 3823 Gregorius
2915 3755 3329 3808 archiman-lrita
3362 3770 3547 3809 narra-

1966 3846 2043 3899 vit
2071 3846 2223 3902 nobis
2250 3846 2318 3900 de
2344 3846 2537 3899 abbate
2561 3845 2776 3898 Iuliano
2797 3846 3049 3913 episcOpo
3075 3846 3381 3909 Bostrense,
3405 3850 3544 3915 quod

1966 3951 2086 3989 cum
2119 3935 2513 3990 recessissetde
2532 3934 2871 3999 ctenobio,et
2898 3933 3074 3987 factus
3120 3948 3262 3989 esset
3304 3936 3555 3992 BOslrctt-

1964 4030 2043 4103 eis
2074 4029 2380 4097 episcopus,
2410 4026 2627 4096 quidam
2655 4043 2719 4081 ex
2752 4026 3142 4082 habitatoribus
3176 4029 3341 4097 ipsius
3369 4029 3556 4085 civita-

1966 4120 2036 4195 tis
2062 4118 2188 4173 odio
2218 4118 2449 4172 nominis
2478 4118 2677 4173 Christi
2706 4119 2986 4183 voluerunt
3023 4135 3143 4172 eum
3176 4135 3381 4176 veneno
3406 4122 3555 4176 occi-

1968 4212 2100 4266 dere
2124 4254 2140 4279 ,
2170 4220 2675 4280 corrumpenlcsqne
2703 4212 2941 4280 pecuniis
2970 4212 3271 4266 ministrum
3312 4215 3428 4281 ejus
3459 4214 3548 4282 qtti

1971 4305 2067 4371 ipsi
2101 4303 2406 4373 porrigebat
2431 4304 2679 4375 poculum
2705 4344 2717 4367 ,
2749 4303 3014 4358 dederunt
3042 4305 3116 4358 illi
3148 4320 3409 4358 venenum
3440 4345 3453 4369 ,
3488 4316 3548 4358 ut

1970 4410 2091 4450 cum
2124 4394 2420 4464 porrigeret
2459 4395 2813 4462 metropolitaa
2860 4396 3151 4463 poculum,
3191 4410 3456 4448 venenum
3501 4395 3555 4449 in

1973 4486 2193 4539 calicem
2236 4487 2489 4539 mitteret.
2525 4484 2665 4538 Puer
2708 4496 2885 4539 autem
2921 4486 2992 4539 ita
3036 4495 3092 4537 ut
3142 4484 3339 4538 dictum
3392 4484 3561 4538 fuerat

274 4583 417 4635 Cum
446 4583 712 4635 aedificare
735 4581 1022 4647 inciperem
1051 4583 1305 4646 templum
1328 4582 1497 4634 sancti
1521 4581 1718 4647 Quirici
1745 4582 1861 4653 ('22)
1893 4584 1945 4645 ι)
1973 4575 2094 4629 fecit
2114 4617 2128 4637 ,
2163 4575 2414 4632 deditoue
2443 4575 2663 4629 calicem
2694 4590 2901 4628 veneno
2932 4576 3183 4627 infectum
3229 4582 3416 4626 saneto
3466 4573 3563 4628 ,Ιη-

283 4675 338 4726 in
372 4672 675 4736 Phaselide,
710 4672 970 4725 effodiens
1004 4670 1184 4739 templi
1213 4669 1557 4725 fundamenta
1578 4713 1592 4735 ,
1628 4676 1870 4741 apparuit

282 4763 416 4817 mihi
447 4763 498 4816 in
528 4762 732 4815 somnis
763 4761 1057 4814 monachus
1086 4760 1307 4830 quidam
1339 4776 1577 4829 maguze,
1624 4771 1679 4814 ut
1721 4762 1875 4815 vide-

280 4855 463 4921 batur,
487 4854 825 4909 ahstinentiie
846 4892 861 4918 ,
898 4852 1111 4906 indutus
1145 4852 1341 4920 palma,
1378 4853 1658 4919 ferensque
1692 4855 1744 4906 in
1775 4854 1872 4907 litt-

286 4949 451 5001 meris
479 4945 761 5016 parvulum
791 4944 1063 4999 colobium
1091 4944 1159 4999 de
1191 4944 1443 5012 psiathio,
1471 4946 1710 5015 dixitque
1736 4947 1871 5001 mihi

284 5055 419 5094 voce
470 5037 932 5101 mitissima:Dic,
976 5036 1111 5092 abba
1152 5035 1408 5106 Gregori.
1466 5037 1701 5106 nunquid
1749 5047 1869 5107 post

287 5142 466 5187 tantos
496 5134 706 5188 labores
749 5141 1061 5201 tantamque
1096 5130 1479 5185 abstinentiam
1522 5130 1754 5184 debuisti
1787 5147 1871 5185 me

287 5234 441 5278 extra
470 5224 751 5291 templum,
772 5238 829 5292 qi
850 5223 914 5278 ad
936 5222 1194 5287 :editicas,
1220 5222 1526 5277 dimittere?
1553 5222 1663 5291 Ego
1692 5232 1871 5275 autem

288 5314 435 5368 senis
461 5329 645 5369 vocem
688 5300 1034 5383 habitumque
1081 5313 1341 5367 reveritus
1368 5355 1383 5379 ,
1434 5314 1518 5366 aio
1564 5314 1632 5366 ad
1674 5312 1871 5367 illum:

291 5406 428 5474 Non,
448 5407 692 5471 domine;
722 5407 908 5462 absita
935 5422 1018 5461 me
1045 5415 1102 5460 ut
1127 5405 1229 5460 boc
1247 5404 1464 5463 faciam.
1493 5407 1558 5460 Et
1582 5406 1711 5462 ille:
1742 5407 1875 5461 \iere

289 5498 394 5552 hoc
425 5498 614 5553 fecisti.
654 5497 798 5552 Dixit
839 5507 1016 5553 autem
1049 5498 1115 5551 ad
1149 5498 1299 5551 illum
1329 5514 1340 5549 :
1369 5497 1498 5566 Quis
1531 5513 1651 5553 nam
1696 5513 1755 5553 es
1784 5508 1874 5566 tu,

290 5590 541 5645 domine?
580 5591 726 5661 Ego,
758 5590 971 5659 inquit,
1004 5606 1122 5644 sum
1168 5591 1355 5645 Petrus
1403 5591 1678 5644 solitarius
1706 5592 1877 5644 sancti

292 5682 569 5739 Jordanis.
605 5683 786 5753 Itaque
813 5696 1043 5752 surgens
1072 5696 1252 5747 mane,
1284 5682 1536 5752 perrexi,
1569 5691 1622 5735 et
1661 5680 1878 5750 quaesivi
1903 5740 1927 5762 .

288 5776 505 5833 fodiens
528 5776 671 5834 circa
702 5775 982 5844 templum.
1009 5774 1248 5844 Cumque
1273 5773 1532 5840 foderem,
1563 5773 1739 5828 iuveni
1762 5788 1882 5827 cor-

1975 4667 2136 4719 Iiano.
2172 4671 2419 4732 Suscepit
2449 4680 2577 4718 vero
2621 4665 2766 4719 illum
2802 4672 3019 4718 sanctus
3051 4666 3151 4726 vir,
3197 4677 3258 4717 ac
3298 4662 3556 4719 divinitus

1976 4759 2189 4827 agnovit
2235 4758 2476 4812 insidias.
2526 4758 2845 4825 Susceptum
2893 4771 3022 4825 ergo
3067 4755 3286 4809 calicem
3330 4763 3456 4808 ante
3502 4770 3561 4810 se

1976 4850 2171 4920 posuit,
2199 4848 2329 4902 nihil
2352 4848 2570 4903 omnino
2595 4849 2777 4903 dicens
2803 4863 2965 4917 puero
2985 4864 2998 4911 ;
3020 4847 3345 4913 mittensque
3373 4861 3558 4902 accer-

1976 4941 2100 4993 sivit
2120 4954 2310 4994 omues
2332 4940 2587 5009 primates
2613 4939 2863 5003 civitatis,
2888 4940 3027 4992 inter
3057 4952 3190 5007 quos
3214 4949 3367 4993 erant
3388 4949 3436 4993 et
3462 4942 3551 5008 qni

1978 5033 2053 5087 illi
2078 5033 2296 5087 insidias
2328 5042 2663 5101 paraverant.
2694 5031 2785 5085 Vir
2805 5038 2981 5084 autem
3008 5030 3349 5085 beatissimus
3370 5034 3559 5087 uolens

1980 5139 2074 5178 eos
2102 5124 2374 5191 publicare
2395 5123 2483 5192 qui
2513 5123 2613 5176 hoc
2641 5122 2904 5188 fecerant,
2929 5134 3061 5173 voce
3088 5120 3367 5174 mitissima
3392 5123 3562 5175 omni-

1982 5216 2080 5268 bus
2105 5215 2274 5268 dixit:
2300 5214 2355 5269 Si
2386 5212 2715 5268 arbitramini
2746 5210 3002 5264 humilem
3037 5209 3313 5265 lulianum
3357 5225 3564 5264 veneno

1981 5307 2250 5372 occidere,
2281 5320 2406 5361 ecce
2426 5320 2606 5361 coram
2630 5301 2781 5358 vobis
2821 5298 3131 5371 pestiferum
3162 5302 3379 5356 calcem
3414 5302 3557 5355 bibo.

1985 5400 2022 5452 δ
2044 5412 2318 5467 gnanSque
2349 5407 2427 5450 ter
2454 5395 2617 5464 digito
2644 5410 2741 5447 suo
2767 5393 2985 5448 calicem
3010 5433 3024 5454 .
3050 5401 3103 5444 et
3123 5391 3307 5444 dicens
3331 5408 3345 5443 :
3376 5390 3431 5445 In
3469 5409 3565 5443 no-

1984 5491 2127 5543 mine
2156 5487 2357 5551 Patris,
2388 5496 2441 5539 et
2468 5486 2582 5537 Filii
2606 5525 2619 5547 .
2664 5492 2718 5539 et
2756 5484 2984 5552 Spiritus
3012 5482 3176 5553 390
3204 5481 3408 5547 sancti,
3440 5479 3567 5534 bibo

1985 5579 2126 5632 luiuc
2168 5577 2432 5631 calicem:
2466 5576 2600 5630 bibit
2630 5576 2779 5629 illum
2828 5588 3009 5629 coram
3056 5571 3307 5627 omnibus
3354 5577 3559 5632 totum,

1984 5682 2143 5740 atque
2172 5672 2371 5724 illrcsus
2400 5671 2651 5739 perstitit.
2682 5668 2832 5735 Quod
2863 5658 2934 5722 illi
2966 5680 3089 5720 cum
3122 5662 3403 5725 vidissent,
3436 5674 3565 5727 pro-

1987 5765 2134 5817 strati
2169 5759 2373 5815 veniam
2405 5762 2686 5831 petierunt.
