4052 6362
446 338 548 399 167

1025 450 1255 509 CAPUT
1295 450 1430 508 XCV
1445 496 1457 510 .

630 543 749 601 Vita
783 542 999 600 I‘atricii
1029 547 1166 600 senis
1196 544 1492 598 monasterii
1518 543 1570 596 in
1594 540 1841 611 Scapula.

524 638 649 694 Erat
696 639 913 707 quidam
968 651 1130 692 senex
1181 638 1234 691 in
1290 637 1478 691 eodem
1526 634 1771 689 coenobio
1822 631 2031 687 abbatis

445 729 736 785 Theodosii
766 728 934 783 sancti
972 727 1141 782 Patris
1166 726 1357 790 nostri,
1389 740 1587 795 genere
1614 724 1828 794 quidem
1854 722 2026 778 Seba-

446 822 680 887 stensis,
711 818 924 875 nomine
952 828 1128 874 autem
1157 816 1449 881 Patricius“,
1482 829 1645 870 senex
1679 814 1835 868 valde
1862 813 2033 881 (dice-

446 914 542 969 bat
565 913 706 968 enim
729 927 788 966 se
817 926 937 966 esse
965 924 1226 963 annorum
1253 915 1471 963 centum
1492 916 1544 961 et
1569 906 1854 973 tredecim)
1887 905 2032 959 mitis

444 1015 501 1059 et
529 1002 760 1073 quietus.
788 1001 1147 1056 Narraverunt
1173 1013 1301 1068 ergo
1331 997 1485 1052 nobis
1514 996 1578 1051 de
1608 996 1699 1050 illo
1728 994 1894 1064 ipsius
1926 995 2027 1049 loci

449 1098 671 1159 Patres,
694 1093 836 1164 quod
865 1092 1049 1147 fuisset
1076 1088 1397 1161 praepositus
1428 1087 1733 1140 monasterii
1760 1085 1992 1140 Abazani
2014 1124 2029 1145 ,

446 1189 843 1258 dituisissetque
873 1186 1139 1254 przepositi
1168 1183 1404 1237 officium
1433 1222 1447 1245 ,
1480 1181 1772 1249 periculum
1801 1188 1853 1233 et
1879 1178 2026 1247 judi.

447 1279 588 1334 cium
607 1288 849 1333 metuens
872 1277 1207 1346 (magnorum
1230 1274 1371 1326 enim
1392 1273 1627 1325 virorum
1650 1284 1770 1324 esse
1793 1268 2025 1333 dicebat,

447 1382 668 1436 pascere
696 1366 980 1421 rationales
1005 1363 1155 1431 oves)
1179 1378 1241 1417 ac
1271 1363 1504 1416 venisset
1529 1361 1675 1425 illuc,
1702 1370 1758 1414 ut
1783 1361 1882 1413 sub
1906 1360 2034 1414 obe-

446 1459 645 1515 dientia
674 1457 909 1525 viveret,
932 1457 1032 1512 hoc
1055 1456 1298 1524 judicans
1321 1455 1513 1510 animae
1545 1455 1723 1508 utilius
1750 1469 1895 1509 esse.

1009 1565 1238 1622 CAPUT
1278 1562 1465 1621 XCVI.

695 1678 775 1733 De
801 1679 1001 1743 eodem,
1023 1688 1069 1731 et
1097 1678 1161 1731 de
1181 1676 1395 1731 Iuliano
1421 1676 1589 1731 Arabe
1619 1692 1772 1731 caeco.

1967 1734 1999 1755 ο

518 1792 775 1847 Dicebant
803 1802 979 1845 autem
1012 1789 1165 1844 uobis
1203 1791 1385 1845 ethoc
1429 1790 1505 1881 de
1543 1789 1697 1856 ipso:
1729 1787 1859 1842 Cum
1889 1786 2025 1881 alius
2061 1823 2103 1881 Β

446 1887 535 1941 hic
562 1886 749 1940 fuisset
776 1899 971 1945 senex,
1001 1896 1200 1951 genere
1229 1883 1399 1937 Arabs
1424 1923 1438 1945 ,
1482 1880 1728 1935 Julianus
1769 1879 1987 1935 nomine
2009 1919 2024 1943 ,

444 1985 634 2046 captus
673 1975 873 2040 oculis,
917 1975 1032 2043 ipse
1076 1973 1361 2042 aliquando
1408 1972 1807 2027 scandalizatus
1850 1980 1935 2026 est
1973 1972 2027 2024 in

446 2071 737 2126 Macarium
766 2068 998 2137 archiepi
1019 2081 1210 2136 copum
1232 2065 1758 2137 Jerosolymitauum,
1784 2064 2030 2118 nolrbal-

444 2178 552 2234 que
579 2162 971 2216 communicare
1000 2160 1095 2212 illi.
1130 2158 1365 2224 Quadam
1397 2171 1530 2226 ergo
1560 2157 1648 2209 die
1678 2155 2032 2210 abbasJuIta-

445 2266 549 2306 nus
578 2251 896 2320 significavit
937 2250 1111 2304 abbati
1143 2249 1379 2303 Simeoni
1406 2287 1422 2311 ,
1453 2248 1545 2318 qui
1589 2259 1707 2303 erat
1752 2248 1804 2303 in
1849 2259 2030 2303 monte

447 2342 681 2398 mirabili
721 2343 905 2413 (distat
934 2352 1108 2396 autem
1141 2357 1169 2393 a
1202 2340 1459 2408 'l‘tte0poli
1488 2356 1641 2395 mons
1674 2342 1789 2409 ipse
1821 2341 2016 2395 millia.

443 2433 595 2489 ribus
641 2434 856 2502 novem)
904 2432 1131 2486 dicens:
1160 2430 1348 2485 Ctecus
1397 2447 1543 2494 sum,
1593 2441 1648 2485 ct
1689 2447 1795 2501 quo
1841 2434 2027 2487 abeam

445 2521 657 2588 nescio;
692 2538 866 2589 neque
895 2537 1022 2577 vero
1067 2522 1240 2576 habeo
1270 2524 1358 2591 qui
1393 2524 1558 2589 possit
1582 2526 1831 2579 auxiliari
1860 2527 1988 2579 mihi
2009 2567 2023 2590 ,

442 2628 502 2672 et
525 2617 923 2672 communit-are
942 2616 1172 2671 Macario
1194 2616 1455 2672 detrecto.
1477 2616 1653 2671 Indica
1677 2617 1829 2682 mihi,
1850 2617 2029 2684 Pater,

444 2708 573 2776 quid
602 2721 764 2777 agere
791 2705 1016 2761 debeam
1047 2706 1115 2759 de
1138 2706 1337 2769 fratre,
1384 2707 1473 2774 qni
1509 2706 1802 2761 fornicatus
1831 2718 1944 2773 est,
1975 2720 2032 2763 et

445 2798 513 2852 de
528 2796 642 2861 illo,
663 2798 751 2866 qui
776 2812 834 2851 se
864 2812 985 2851 cum
1004 2810 1070 2849 eo
1087 2796 1392 2866 juramento
1412 2797 1754 2851 constrinxit.
1786 2797 2032 2867 Respon-

444 2889 524 2944 dit
552 2898 730 2943 autem
761 2888 926 2942 abbas
964 2886 1183 2943 Simenu
1216 2888 1396 2941 abbati
1425 2887 1639 2943 Juliano
1659 2928 1672 2950 ,
1700 2888 1886 2943 dicens
1914 2907 1927 2943 :
1956 2889 2031 2945 Ne

444 2981 666 3036 recedas
694 3023 708 3046 ,
744 2996 915 3050 neque
948 2988 999 3035 te
1027 2978 1199 3050 ipsum
1231 2996 1260 3034 a
1289 2990 1470 3035 sancta
1502 2980 1746 3037 Ecclesia
1772 2996 2024 3051 separes;

446 3088 620 3142 neque
646 3072 790 3126 enim
818 3073 905 3127 illa
932 3072 1070 3126 male
1090 3073 1269 3139 habet,
1290 3074 1457 3142 gratia
1482 3073 1688 3127 Domini
1714 3075 1879 3128 nostri
1902 3074 2028 3129 Jesu

445 3160 643 3214 Christi
686 3160 809 3214 Filii
841 3162 952 3215 Dei.
992 3160 1098 3217 Sed
1139 3172 1194 3216 et
1237 3163 1339 3217 hoc
1385 3165 1550 3228 scito,
1585 3163 1766 3229 frater,
1802 3164 1942 3233 quod
1982 3165 2026 3218 si

445 3253 563 3322 quis
593 3254 644 3306 in
668 3253 914 3307 hatresim
946 3251 1214 3317 inciderit,
1240 3256 1291 3308 in
1315 3256 1565 3311 ctenobio
1592 3266 1795 3321 vestro,
1822 3259 2030 3315 habetis

445 3358 633 3400 senem
656 3359 925 3415 magnotu,
951 3346 1168 3400 nomine
1193 3347 1501 3402 Patricium.
1533 3349 1631 3404 llic
1654 3359 1833 3405 autem
1861 3365 2029 3407 senex

445 3433 594 3506 juxta
615 3440 903 3491 sacrar;um
930 3437 1066 3491 infra
1092 3453 1278 3493 omnes
1302 3449 1560 3505 moratur,
1589 3455 1753 3509 prope
1778 3442 2026 3496 occiden-

446 3527 606 3581 talem
632 3527 874 3581 ecclesias
905 3542 1110 3581 murum
1130 3544 1143 3587 ;
1163 3527 1399 3598 dicitque
1419 3538 1474 3584 et
1501 3531 1613 3599 ipse
1647 3545 1744 3600 pro
1776 3531 2027 3586 omnibus

449 3627 688 3671 sanctam
716 3617 1014 3673 orationem
1047 3618 1371 3686 oblationis,
1403 3630 1458 3676 et
1489 3622 1658 3691 ipsius
1683 3623 1886 3679 oblatio
1910 3639 2033 3678 san-

446 3722 534 3766 cta
565 3713 923 3768 existimatur.

1002 3782 1231 3839 CAPUT
1270 3781 1473 3841 XCVII.

512 3871 633 3926 Vita
681 3882 727 3925 et
769 3889 907 3927 mors
949 3874 1166 3948 duarum
1208 3876 1425 3945 fratrum
1466 3878 1861 3942 monac/torum,
1908 3878 1996 3948 qui

640 3959 901 4012 nunquam
930 3946 992 3997 ab
1020 3946 1237 3998 invicem
1262 3949 1489 4016 separari
1500 3952 1827 4017 juraverunt.

529 4031 745 4084 Dicebat
771 4041 947 4086 autem
976 4034 1138 4086 abbas
1163 4034 1398 4089 Joannes
1443 4041 1762 4093 anachoreta
1783 4080 1799 4105 ,
1834 4054 2033 4109 cogno-

446 4130 630 4178 mento
663 4123 892 4190 Rutilus,
925 4123 1137 4179 audisse
1167 4141 1227 4181 se
1264 4127 1333 4180 ab
1361 4128 1554 4183 abbate
1585 4129 1856 4200 Stephano
1884 4132 2031 4187 Moa-

447 4212 554 4269 bita
601 4214 907 4278 referente,
953 4215 1072 4284 quia
1116 4231 1236 4269 cum
1285 4226 1432 4271 esset
1480 4218 1533 4273 in
1576 4221 1821 4275 cmuobio
1856 4221 2031 4276 sancti

444 4300 651 4358 abbatis
701 4302 988 4359 Theodosii
1042 4306 1218 4375 tnagni
1276 4308 1666 4365 monachorum
1723 4311 2029 4381 principis,

443 4404 597 4447 erant
635 4394 742 4448 illic
780 4395 884 4447 duo
922 4395 1145 4457 fratres,
1180 4395 1270 4464 qui
1301 4410 1327 4449 s
1355 4396 1404 4450 bi
1447 4398 1670 4453 invicem
1716 4399 2032 4469 juraverant

442 4483 583 4551 quod
616 4498 787 4552 neque
816 4487 867 4535 in
896 4484 1034 4547 vita,
1067 4498 1238 4553 neque
1270 4486 1323 4538 in
1352 4497 1528 4542 morte
1574 4489 1643 4542 ab
1686 4489 1910 4545 invicem
1943 4505 2031 4545 se-

1564 336 1649 393 DE
1696 330 1872 390 VITIS
1909 328 2192 388 PATRUM
2234 328 2439 385 LIBER
2482 328 2547 383 Χ.

2063 450 2107 509 Α
2138 447 2372 499 lucratus
2400 461 2458 498 es
2488 459 2552 497 ex
2589 450 2829 511 peceato,
2866 441 3031 497 frater
3060 438 3167 496 mi?
3192 450 3448 513 quantum
3472 441 3598 499 Inde
3621 446 3741 499 de-

3626 328 3747 381 168

2135 537 2443 589 trimentutn
2471 536 2701 601 cepisti?
2733 537 2928 590 Eamus
2962 551 3145 589 rursus
3176 536 3228 589 in
3255 535 3578 591 ccennbittm.
3614 536 3737 603 Qui

2133 627 2209 682 ait
2232 644 2247 682 :
2276 629 2389 681 Non
2417 628 2525 696 jam
2552 642 2766 696 possunt
2798 628 2849 681 itt
2878 642 3118 682 eremutn
3142 627 3349 690 venire,
3375 626 3505 680 vade
3532 642 3563 679 a
3594 641 3692 680 me
3718 640 3739 689 ;

2135 735 2236 790 ego
2266 720 2409 775 enim
2442 721 2494 774 in
2523 719 2724 774 smculo
2751 734 2963 772 maneo.
2993 718 3124 772 Cum
3166 718 3332 786 igitur
3364 718 3584 771 multum
3622 734 3737 771 ro—

2132 823 2283 882 garet
2327 828 2449 867 eum
2474 855 2489 879 ,
2524 812 2761 881 nihilque
2795 813 3076 879 proliceret
3099 850 3115 876 ,
3150 827 3323 879 neque
3350 827 3410 866 se
3446 811 3531 867 ille
3558 808 3737 881 sequi

2129 906 2239 974 jam
2271 904 2334 958 ad
2381 920 2621 959 eremum
2653 904 2840 969 vellet,
2878 906 3072 957 mansit
3121 912 3176 958 et
3222 905 3336 971 ipse
3365 917 3484 957 cum
3529 904 3622 957 illo
3662 906 3737 958 in

2134 996 2360 1060 smculo;
2391 995 2815 1065 Iaborabantque
2844 995 3005 1049 ambo
3033 994 3278 1049 manibus
3310 994 3455 1059 suis,
3484 1002 3539 1048 ut
3564 995 3739 1051 vive-

2141 1100 2283 1142 rent.
2902 1148 2910 1157 ,

2228 1179 2330 1235 Per
2370 1180 2508 1233 idem
2550 1189 2761 1248 tempus
2815 1179 2977 1233 abbas
3011 1179 3327 1245 Abramius,
3370 1182 3456 1250 qtti
3488 1191 3751 1251 postmo-

2148 1269 2275 1323 dum
2307 1268 2479 1324 factus
2506 1281 2588 1323 est
2613 1270 2897 1340 episCttpus
2925 1272 3141 1339 Ephesi,
3166 1285 3219 1326 et
3247 1288 3416 1342 nuper
3453 1284 3749 1329 monaste—

2150 1363 2288 1417 rium
2332 1364 2635 1417 construxit
2679 1362 3140 1433 Constantinopoli
3185 1364 3382 1419 dictum
3414 1367 3746 1421 Abramita-

2139 1472 2279 1517 rum.
2310 1457 2479 1511 bonus
2502 1471 2567 1511 ac
2597 1456 2739 1509 mitis
2767 1464 2967 1524 pastor,
2998 1457 3296 1511 aediﬁcabat
3327 1461 3739 1514 monasterium

2136 1563 2332 1617 suum,
2384 1549 2523 1617 quod
2575 1549 2773 1601 dicitur
2815 1547 3192 1602 liizantinrum.
3225 1550 3493 1605 Abeuntes
3534 1564 3743 1606 autem

2134 1641 2241 1693 duo
2264 1641 2453 1694 fratres
2477 1642 2785 1698 laborabant
2808 1642 2859 1693 in
2887 1655 3071 1709 opere,
3099 1642 3459 1698 ministrantes
3480 1659 3742 1699 statuen-

2135 1731 2305 1789 tariis.
2353 1732 2631 1799 Sumptam
2686 1748 2813 1787 vero
2857 1735 3158 1789 mercedem
3210 1740 3387 1802 aperis
3430 1738 3736 1791 amborum

2133 1824 2293 1877 frtter
2317 1824 2405 1877 ille
2434 1824 2516 1890 qui
2546 1823 2597 1876 itt
2623 1821 3023 1879 fornicationem
3052 1826 3231 1895 lapsus
3258 1828 3444 1893 fuerat,
3467 1830 3747 1900 quotidie

2133 1929 2354 1983 pergens
2385 1917 2436 1967 in
2476 1914 2743 1971 civitatem
2772 1917 3122 1971 censumebat
3170 1918 3223 1972 in
3275 1918 3502 1973 luxuria.
3552 1919 3739 1977 Alius

2132 2023 2259 2062 vero
2288 2008 2525 2078 quotidie
2546 2008 2796 2077 jejttnans
2825 2018 2879 2064 et
2908 2013 3141 2078 psallens
3170 2053 3184 2075 ,
3216 2028 3336 2066 cum
3369 2014 3508 2066 omni
3530 2015 3747 2083 quiete

2133 2097 2361 2152 faciebat
2401 2114 2570 2167 opus,
2607 2100 2802 2153 nemini
2832 2100 3028 2168 aliquid
3065 2101 3307 2170 loquens.
3341 2102 3587 2160 Videntes
3612 2121 3742 2160 au-

2133 2197 2241 2242 tem
2271 2189 2415 2243 illum
2449 2190 2681 2245 artilices
2710 2191 2898 2246 diebus
2940 2192 3167 2262 singulis
3210 2210 3381 2262 neque
3418 2196 3733 2251 comeden-

2140 2286 2269 2346 tettt,
2300 2294 2474 2349 neque
2516 2280 2714 2349 aliquid
2746 2285 3070 2350 loquentem,
3100 2284 3191 2337 sed
3227 2299 3439 2352 semper
3463 2287 3748 2355 cogitanti

2137 2372 2390 2434 similem,
2429 2374 2727 2427 retulerunt
2751 2374 2819 2428 de
2860 2375 2950 2428 illo
2978 2385 3033 2429 et
3064 2376 3132 2430 de
3158 2389 3561 2433 conversatione
3591 2394 3743 2448 ejus

2132 2471 2318 2516 sancto
2345 2464 2521 2516 abbati
2553 2464 2826 2518 Abramio.
2864 2465 3013 2520 Tunc
3039 2483 3262 2536 magnus
3312 2484 3499 2525 revera
3537 2470 3745 2525 Abra-

2133 2556 2273 2609 mius
2299 2557 2581 2610 accersivit
2611 2557 2914 2625 operarium
2948 2561 2998 2612 in
3027 2563 3218 2614 cellam
3255 2576 3407 2614 suam
3429 2602 3445 2626 ,
3474 2572 3526 2616 et
3547 2563 3747 2616 inter-

2132 2647 2338 2716 rogavit
2369 2663 2488 2700 eum
2511 2690 2525 2713 ,
2559 2646 2783 2704 dicens:
2818 2649 2969 2705 Unde
3015 2666 3108 2717 es,
3143 2651 3347 2707 frater?
3371 2664 3422 2708 et
3464 2655 3601 2723 quod
3632 2666 3750 2710 est

2132 2754 2265 2807 opus
2299 2742 2488 2793 tuum?
2515 2739 2607 2795 ille
2653 2753 2831 2797 autem
2861 2742 3040 2797 omnia
3072 2744 3145 2799 illi
3191 2760 3284 2812 per
3312 2747 3551 2801 ordinent
3584 2762 3745 2804 σου,

2132 2831 2302 2887 fessus
2325 2843 2427 2899 est,
2454 2834 2647 2901 etquia
2678 2834 2860 2889 fratris
2885 2837 2967 2887 sui
2997 2836 3163 2903 gratia
3197 2838 3491 2892 sustineret
3510 2836 3742 2904 omnia,

2132 2932 2193 2979 ttt
2222 2924 2360 2980 Deus
2386 2926 2675 2996 (inquiens)
2709 2943 2887 2982 meam
2924 2928 3316 2985 tribulationem
3343 2932 3523 2987 videns
3543 2933 3749 2987 salve:

2133 3016 2347 3071 fratrem
2382 3033 2580 3072 meum.
2614 3017 2706 3072 His
2734 3020 2931 3075 auditis
2957 3061 2971 3085 ,
3017 3023 3299 3077 Abramius
3348 3025 3485 3077 dixit
3529 3025 3685 3078 fratri
3722 3041 3747 3081 :

2142 3107 2208 3160 Et
2239 3107 2492 3161 Dominus
2521 3108 2738 3164 donavit
2784 3110 2874 3163 tibi
2922 3112 3153 3165 animam
3207 3113 3388 3167 fratris
3439 3115 3532 3169 ttti.
3577 3113 3741 3169 Cum

2059 3204 2104 3266 C
2140 3214 2266 3269 ergo
2293 3197 2718 3255 dimisisseteum
2740 3212 2953 3256 sanctus
2977 3203 3280 3270 Abramius,
3305 3205 3625 3274 exiissetque
3646 3206 3747 3261 de

2146 3291 2334 3346 cellula
2361 3333 2376 3357 ,
2409 3306 2533 3347 ecce
2560 3291 2728 3347 frater
2759 3294 2847 3348 ille
2876 3294 3090 3349 advenit
3125 3297 3363 3351 clamans
3390 3315 3402 3350 :
3434 3298 3500 3352 Mi
3528 3298 3747 3364 frater,

2143 3398 2356 3437 assume
2387 3399 2471 3438 me
2501 3384 2552 3437 in
2577 3399 2835 3454 creatum,
2867 3395 2924 3439 ut
2952 3386 3130 3441 salvus
3164 3389 3305 3441 fizttn.
3329 3388 3594 3444 Continuo
3613 3408 3697 3444 au
3718 3420 3749 3433 ο

2137 3486 2241 3533 tem
2271 3480 2559 3544 assumpsit
2586 3494 2730 3548 eum,
2766 3490 2816 3533 et
2847 3479 3094 3534 abierunt
3117 3482 3181 3534 ad
3206 3482 3515 3549 speluncam
3544 3498 3749 3551 prope

2134 3579 2375 3623 sanctum
2428 3568 2745 3633 Iordanem,
2795 3579 2846 3623 et
2902 3570 3237 3625 incluserunt
3271 3575 3431 3645 891
3476 3588 3551 3629 se.
3587 3574 3751 3632 Pus:

2136 3663 2399 3717 modicum
2430 3678 2558 3718 vero
2605 3662 2860 3731 temporis
2886 3704 2900 3728 ,
2934 3679 3055 3717 cum
3106 3667 3387 3734 magnifice
3417 3668 3741 3725 secundum

2137 3751 2300 3807 Deum
2333 3753 2646 3821 profecisset
2673 3754 2864 3822 spiritu
2912 3755 3076 3809 frater
3106 3756 3227 3818 ille,
3260 3757 3349 3825 qui
3383 3758 3434 3810 in
3476 3758 3745 3813 fornica-

2134 3846 2332 3899 tionem
2364 3844 2642 3908 inciderat,
2677 3845 2923 3914 migravit
2946 3846 3012 3900 ad
3048 3847 3351 3901 Dominum.
3383 3850 3574 3905 Mansit
3607 3867 3729 3905 au-

2136 3946 2241 3990 tem
2273 3943 2545 4005 superstes
2578 3937 2743 3991 frater
2769 3937 2819 3990 in
2852 3938 3038 3992 eadem
3087 3939 3343 4008 spelunca
3373 3940 3523 4011 juxta
3553 3941 3739 4011 jura-

2135 4040 2392 4099 mentum,
2421 4043 2695 4099 quousque
2715 4038 2766 4082 et
2795 4028 2909 4095 ipse
2939 4043 3259 4085 moreretur.

2682 4118 2909 4174 CAPUT
2952 4117 3174 4175 XCVIII.

2531 4210 2605 4265 De
2632 4213 2807 4265 eodem
2840 4214 3000 4282 fratre
3030 4212 3318 4280 superstite.

2206 4304 2286 4359 Ad
2327 4302 2470 4357 hunc
2510 4301 2731 4357 fratrem
2764 4313 2883 4373 post
2913 4311 3140 4358 mortem
3173 4304 3391 4358 alterius
3418 4303 3596 4360 fratris
3627 4323 3748 4364 ve-

2135 4395 2291 4449 niens
2309 4410 2475 4448 senex
2497 4394 2709 4463 quidam
2733 4409 2798 4448 ex
2823 4395 3145 4448 monasterio
3166 4397 3490 4463 Calamonis,
3511 4397 3585 4451 ait
3607 4399 3697 4452 illi
3718 4417 3743 4456 :

2138 4486 2231 4541 Dic
2261 4487 2408 4550 mihi,
2442 4486 2631 4551 frater,
2661 4486 2713 4539 in
2737 4494 2884 4539 tanto
2914 4496 3154 4556 tempore
3178 4488 3427 4542 solitaria:
3447 4491 3749 4560 vitaa,spi-

445 4585 778 4644 pararentur.
812 4576 942 4630 Cum
993 4589 1122 4643 ergo
1159 4589 1380 4632 cunetos
1414 4579 1465 4632 in
1497 4580 1745 4636 coenobio
1786 4581 2023 4637 :eddica-
2056 4579 2103 4636 D
2131 4580 2411 4645 ritalisque
2442 4579 2707 4641 exercitii,
2739 4579 2865 4648 quid
2895 4579 3129 4634 lucratus
3151 4581 3235 4635 es?
3263 4580 3403 4635 Dixit
3430 4583 3478 4636 ei
3506 4580 3684 4637 frater
3718 4603 3745 4641 :

442 4674 597 4728 rent,
644 4682 783 4721 unus
812 4682 881 4720 ex
919 4667 999 4721 eis
1041 4667 1380 4737 impugnatus
1408 4685 1438 4723 a
1470 4670 1852 4738 fornicatione,
1886 4674 2023 4729 dixit

444 4756 593 4809 fratri
623 4770 722 4811 suo
750 4777 764 4810 :
791 4756 1011 4813 Dimitte
1039 4774 1143 4823 me,
1178 4760 1361 4828 frater,
1392 4762 1512 4831 quia
1545 4761 1828 4832 impugnor
1857 4781 1885 4817 a
1912 4762 2021 4819 for-

447 4848 745 4915 nicatione,
772 4859 827 4903 et
852 4848 994 4904 ferre
1026 4866 1129 4904 non
1161 4853 1489 4919 praevalens,
1524 4853 1649 4909 volo
1671 4854 1737 4908 ad
1766 4858 2022 4911 saeculum

444 4940 664 4993 reverti.
683 4941 868 4994 Frater
886 4951 1061 4996 autem
1078 4957 1266 5011 rogare
1287 4942 1451 5012 cmpit
1474 4959 1616 5009 eum,
1633 4943 1818 4999 dicens
1843 4963 1857 4999 ε
1881 4928 2022 5013 Noli,

443 5045 650 5102 quaeso,
682 5032 846 5088 frater
871 5035 975 5101 mi,
1009 5035 1118 5089 noli
1146 5036 1372 5105 perdere
1401 5038 1637 5092 laborem
1674 5049 1841 5092 tuum.
1870 5039 2021 5095 Tunc

445 5126 491 5179 is
512 5124 643 5179 dicit
669 5125 718 5179 ei
750 5140 764 5177 :
794 5131 897 5180 Aut
917 5127 1129 5184 dimitte
1150 5143 1236 5183 me
1262 5129 1432 5196 abire,
1456 5139 1617 5184 auttu
1640 5131 1761 5184 veni
1782 5147 2019 5199 mecum,

443 5224 503 5270 ut
533 5216 791 5285 voluptati
814 5218 1157 5274 satisfaciam.
1182 5220 1371 5275 Frater
1394 5230 1570 5274 autem
1595 5221 1681 5275 ille
1710 5235 1830 5276 cum
1855 5223 2022 5278 nollet

446 5324 571 5364 eum
600 5310 889 5379 dimittere,
925 5311 1051 5366 abiit
1081 5326 1199 5366 cum
1231 5313 1319 5366 illo
1349 5312 1402 5367 in
1431 5313 1718 5367 civitatem.
1750 5312 2024 5383 Ingressus

446 5400 611 5472 igitur
636 5411 719 5457 est
758 5402 810 5457 in
842 5403 1140 5459 meretricis
1162 5404 1518 5458 diversorium
1550 5404 1594 5457 is
1634 5404 1722 5473 qui
1752 5404 2026 5474 impugna-

445 5494 641 5549 batur:
669 5495 832 5550 frater
876 5504 1056 5550 autem
1113 5496 1203 5551 ille
1255 5496 1383 5549 foris
1427 5506 1605 5560 stans,
1651 5496 1920 5563 pulverem
1957 5498 2025 5553 de

2134 4670 2304 4737 Vade,
2339 4681 2390 4725 et
2425 4680 2545 4738 post
2589 4668 2853 4725 decimum
2899 4670 3039 4725 diem
3069 4672 3188 4727 veni
3229 4673 3296 4727 ad
3326 4687 3434 4738 me,
3465 4680 3519 4727 et
3542 4674 3747 4733 dicant

2131 4762 2246 4817 tibi.
2281 4761 2456 4816 Senex
2477 4771 2653 4816 autem
2680 4761 2887 4828 abiens,
2922 4770 3038 4830 post
3066 4762 3330 4819 decimum
3360 4764 3499 4819 diem
3530 4764 3741 4832 rediit,

2136 4853 2443 4922 invenitque
2472 4852 2686 4906 fratrem
2720 4852 2979 4922 migrasse
3002 4852 3067 4906 ad
3102 4852 3395 4920 Christum,
3422 4863 3477 4910 et
3497 4864 3739 4923 testam,

2133 4943 2187 4999 in
2212 4957 2316 5011 qua
2338 4932 2424 4996 sic
2451 4942 2707 5010 scriptum
2730 4952 2883 4997 erat:
2912 4943 3152 5012 Ignosce,
3195 4944 3373 5012 Pater,
3418 4947 3538 5016 quia
3578 4961 3747 5000 nuu-

2131 5047 2291 5103 quam
2318 5073 2333 5097 ,
2375 5031 2504 5086 dum
2534 5047 2673 5100 Opus
2712 5032 2806 5087 Dei
2836 5047 3070 5103 agerem,
3101 5044 3193 5088 aut
3239 5034 3386 5090 horis
3415 5036 3745 5094 constitutis

2131 5124 2437 5195 psallerem,
2471 5134 2701 5180 mentem
2732 5140 2904 5179 meam
2932 5126 3108 5180 dimisi
3132 5126 3185 5181 itt
3220 5136 3437 5183 terram.

2707 5218 2934 5273 CAPUT
2963 5218 3143 5277 XCI‘X.

2316 5308 2435 5363 Vita
2460 5310 2671 5364 Antonii
2695 5310 2830 5377 senis
2851 5312 3149 5364 monasterii
3173 5311 3226 5364 in
3249 5310 3499 5382 Scapula.

2202 5401 2565 5457 Narraveruut
2597 5402 2748 5455 nobis
2778 5400 2965 5456 Patres
2995 5402 3234 5471 ejusdem
3263 5402 3563 5457 monasterii
3589 5419 3739 5459 san-

2132 5498 2201 5552 cti
2231 5496 2403 5551 Patris
2431 5498 2595 5551 nostri
2616 5495 2928 5561 Theodosii,
2958 5494 3197 5551 dicentes
3221 5512 3235 5548 :
3258 5498 3393 5550 Ante
3415 5496 3512 5550 hes
3539 5509 3735 5555 annos

445 5596 587 5642 terra
618 5602 780 5656 super
804 5598 963 5657 caput
985 5605 1138 5643 suum
1159 5588 1412 5657 jaciebat,
1444 5598 1499 5642 et
1520 5588 1868 5656 semetipsum
1891 5589 2027 5644 afﬂi-
2130 5590 2414 5645 defunctus
2445 5602 2527 5645 est
2574 5591 2661 5643 hic
2705 5604 2866 5644 senex
2899 5588 3143 5657 quidam,
3176 5590 3440 5643 Antonius
3474 5590 3729 5647 nomine.

444 5679 621 5743 gebat.
666 5677 954 5748 Postquam
995 5694 1125 5733 vero
1172 5679 1259 5734 ille
1302 5679 1571 5746 completo
1618 5678 1758 5733 [ωαο
1801 5694 1965 5750 Opere
1993 5698 2024 5737 e
2066 5715 2090 5736 .
2131 5682 2180 5736 Is
2211 5682 2261 5735 in
2311 5684 2418 5734 vita
2460 5697 2551 5734 sua
2585 5678 2815 5733 maxime
2853 5678 3071 5747 jejuniis
3100 5694 3316 5747 operam
3349 5680 3503 5743 dans,
3535 5679 3735 5750 profe-

448 5768 688 5838 lupattari
732 5784 983 5840 egressus
1024 5777 1143 5834 est,
1187 5768 1320 5824 dixit
1364 5769 1429 5824 ad
1472 5785 1593 5825 eum
1643 5769 1849 5825 frater:
1887 5772 2019 5839 Quid
2125 5781 2240 5827 ctus
2263 5781 2346 5827 est
2381 5773 2432 5826 in
2475 5773 2649 5826 locum
2683 5771 2770 5840 qui
2816 5771 3035 5825 Cotulas
3073 5771 3287 5825 dicitur.
3315 5771 3550 5837 Quadam
3578 5785 3733 5843 ergo
