  <div class='ocr_page' id='page_1' title='image "/cluster/home/n/w/nwhite01/storage/ocr_20150623/74/hvd.32044015469372/094.png"; bbox 0 0 4052 6362; ppageno 0'>
   <div class='ocr_carea' id='block_1_1' title="bbox 235 331 333 390">
    <p class='ocr_par' dir='ltr' id='par_1_1' title="bbox 235 331 333 390">
     <span class='ocr_line' id='line_1_1' title="bbox 235 331 333 390; baseline 0.031 -3"><span class='ocrx_word' id='word_1_1' title='bbox 235 331 333 390; x_wconf 72' lang='grc'><strong>169</strong></span> 
     </span>
    </p>
   </div>
   <div class='ocr_carea' id='block_1_2' title="bbox 1470 321 2225 382">
    <p class='ocr_par' dir='ltr' id='par_1_2' title="bbox 1470 321 2225 382">
     <span class='ocr_line' id='line_1_2' title="bbox 1470 321 2225 382; baseline 0.005 -4"><span class='ocrx_word' id='word_1_2' title='bbox 1470 321 1753 378; x_wconf 71' lang='lat' dir='ltr'><strong>PHATUM</strong></span> <span class='ocrx_word' id='word_1_3' title='bbox 1792 322 2225 382; x_wconf 69' lang='lat' dir='ltr'><strong>SPllllTUALE.</strong></span> 
     </span>
    </p>
   </div>
   <div class='ocr_carea' id='block_1_3' title="bbox 3395 310 3503 390">
    <p class='ocr_par' dir='ltr' id='par_1_3' title="bbox 3395 310 3503 390">
     <span class='ocr_line' id='line_1_3' title="bbox 3395 310 3503 390; baseline 0.019 -2"><span class='ocrx_word' id='word_1_4' title='bbox 3395 310 3503 390; x_wconf 75' lang='lat' dir='ltr'><strong>ne</strong></span> 
     </span>
    </p>
   </div>
   <div class='ocr_carea' id='block_1_4' title="bbox 231 437 3500 513">
    <p class='ocr_par' dir='ltr' id='par_1_4' title="bbox 231 437 3500 513">
     <span class='ocr_line' id='line_1_4' title="bbox 231 437 3500 513; baseline 0.001 -12"><span class='ocrx_word' id='word_1_5' title='bbox 231 448 313 501; x_wconf 80' lang='lat' dir='ltr'><strong>die</strong></span> <span class='ocrx_word' id='word_1_6' title='bbox 337 458 454 500; x_wconf 88' lang='lat' dir='ltr'><strong>cum</strong></span> <span class='ocrx_word' id='word_1_7' title='bbox 486 448 633 497; x_wconf 87' lang='lat' dir='ltr'><strong>esset</strong></span> <span class='ocrx_word' id='word_1_8' title='bbox 678 439 728 493; x_wconf 93' lang='lat' dir='ltr'><strong>in</strong></span> <span class='ocrx_word' id='word_1_9' title='bbox 761 452 965 503; x_wconf 83' lang='lat' dir='ltr'><strong>eretno,</strong></span> <span class='ocrx_word' id='word_1_10' title='bbox 1010 451 1137 493; x_wconf 87' lang='lat' dir='ltr'><strong>ecce</strong></span> <span class='ocrx_word' id='word_1_11' title='bbox 1175 437 1426 493; x_wconf 84' lang='lat' dir='ltr'><strong>Saraceni</strong></span> <span class='ocrx_word' id='word_1_12' title='bbox 1458 438 1572 508; x_wconf 70' lang='lat'><strong>(‘25)</strong></span> <span class='ocrx_word' id='word_1_13' title='bbox 1606 438 1658 505; x_wconf 88' lang='lat' dir='ltr'><strong>in</strong></span> <span class='ocrx_word' id='word_1_14' title='bbox 1690 453 1801 507; x_wconf 90' lang='lat' dir='ltr'><strong>par-</strong></span> <span class='ocrx_word' id='word_1_15' title='bbox 1836 442 1887 498; x_wconf 78' lang='grc' dir='ltr'><strong>Α</strong></span> <span class='ocrx_word' id='word_1_16' title='bbox 1913 440 2007 508; x_wconf 80' lang='lat' dir='ltr'><strong>git.</strong></span> <span class='ocrx_word' id='word_1_17' title='bbox 2035 440 2186 494; x_wconf 88' lang='lat' dir='ltr'><strong>Tunc</strong></span> <span class='ocrx_word' id='word_1_18' title='bbox 2212 440 2395 494; x_wconf 85' lang='lat' dir='ltr'><strong>senior</strong></span> <span class='ocrx_word' id='word_1_19' title='bbox 2416 440 2613 495; x_wconf 78' lang='lat' dir='ltr'><strong>certior</strong></span> <span class='ocrx_word' id='word_1_20' title='bbox 2639 441 2810 496; x_wconf 83' lang='lat' dir='ltr'><strong>factus</strong></span> <span class='ocrx_word' id='word_1_21' title='bbox 2830 452 2912 498; x_wconf 90' lang='lat' dir='ltr'><strong>cst</strong></span> <span class='ocrx_word' id='word_1_22' title='bbox 2934 445 3075 513; x_wconf 88' lang='lat' dir='ltr'><strong>quod</strong></span> <span class='ocrx_word' id='word_1_23' title='bbox 3100 445 3238 502; x_wconf 80' lang='lat' dir='ltr'><strong>Deus</strong></span> <span class='ocrx_word' id='word_1_24' title='bbox 3263 448 3500 505; x_wconf 82' lang='lat' dir='ltr'><strong>remisis-</strong></span> 
     </span>
    </p>
   </div>
   <div class='ocr_carea' id='block_1_5' title="bbox 234 531 1807 599">
    <p class='ocr_par' dir='ltr' id='par_1_5' title="bbox 234 531 1807 599">
     <span class='ocr_line' id='line_1_5' title="bbox 234 531 1807 599; baseline -0.008 -5"><span class='ocrx_word' id='word_1_25' title='bbox 234 553 308 595; x_wconf 79' lang='lat' dir='ltr'><strong>tes</strong></span> <span class='ocrx_word' id='word_1_26' title='bbox 336 538 451 591; x_wconf 87' lang='lat' dir='ltr'><strong>illas</strong></span> <span class='ocrx_word' id='word_1_27' title='bbox 478 534 757 588; x_wconf 70' lang='lat' dir='ltr'><strong>venientes</strong></span> <span class='ocrx_word' id='word_1_28' title='bbox 808 532 1057 585; x_wconf 82' lang='lat' dir='ltr'><strong>viderunt</strong></span> <span class='ocrx_word' id='word_1_29' title='bbox 1087 546 1291 595; x_wconf 88' lang='lat' dir='ltr'><strong>senem,</strong></span> <span class='ocrx_word' id='word_1_30' title='bbox 1325 546 1566 599; x_wconf 87' lang='lat' dir='ltr'><strong>unusque</strong></span> <span class='ocrx_word' id='word_1_31' title='bbox 1615 546 1680 584; x_wconf 90' lang='lat' dir='ltr'><strong>ex</strong></span> <span class='ocrx_word' id='word_1_32' title='bbox 1728 531 1807 582; x_wconf 87' lang='lat' dir='ltr'><strong>eis</strong></span> 
     </span>
    </p>
   </div>
   <div class='ocr_carea' id='block_1_6' title="bbox 231 621 1804 696">
    <p class='ocr_par' dir='ltr' id='par_1_6' title="bbox 231 621 1804 696">
     <span class='ocr_line' id='line_1_6' title="bbox 231 621 1804 696; baseline -0.007 -11"><span class='ocrx_word' id='word_1_33' title='bbox 231 630 414 685; x_wconf 85' lang='lat' dir='ltr'><strong>educto</strong></span> <span class='ocrx_word' id='word_1_34' title='bbox 444 625 621 696; x_wconf 84' lang='lat' dir='ltr'><strong>gladio</strong></span> <span class='ocrx_word' id='word_1_35' title='bbox 657 625 801 676; x_wconf 83' lang='lat' dir='ltr'><strong>venit</strong></span> <span class='ocrx_word' id='word_1_36' title='bbox 840 634 1024 678; x_wconf 84' lang='lat' dir='ltr'><strong>contra</strong></span> <span class='ocrx_word' id='word_1_37' title='bbox 1058 638 1263 688; x_wconf 89' lang='lat' dir='ltr'><strong>senem,</strong></span> <span class='ocrx_word' id='word_1_38' title='bbox 1298 622 1485 677; x_wconf 89' lang='lat' dir='ltr'><strong>volens</strong></span> <span class='ocrx_word' id='word_1_39' title='bbox 1514 636 1705 675; x_wconf 84' lang='lat' dir='ltr'><strong>necare</strong></span> <span class='ocrx_word' id='word_1_40' title='bbox 1734 621 1804 675; x_wconf 77' lang='lat' dir='ltr'><strong>il~</strong></span> 
     </span>
    </p>
   </div>
   <div class='ocr_carea' id='block_1_7' title="bbox 232 715 1807 776">
    <p class='ocr_par' dir='ltr' id='par_1_7' title="bbox 232 715 1807 776">
     <span class='ocr_line' id='line_1_7' title="bbox 232 715 1807 776; baseline -0.006 -1"><span class='ocrx_word' id='word_1_41' title='bbox 232 722 350 776; x_wconf 93' lang='lat' dir='ltr'><strong>lum.</strong></span> <span class='ocrx_word' id='word_1_42' title='bbox 384 718 560 772; x_wconf 87' lang='lat' dir='ltr'><strong>Senex</strong></span> <span class='ocrx_word' id='word_1_43' title='bbox 593 726 772 771; x_wconf 89' lang='lat' dir='ltr'><strong>autem</strong></span> <span class='ocrx_word' id='word_1_44' title='bbox 802 726 856 769; x_wconf 87' lang='lat' dir='ltr'><strong>ut</strong></span> <span class='ocrx_word' id='word_1_45' title='bbox 882 716 1016 768; x_wconf 90' lang='lat' dir='ltr'><strong>vidit</strong></span> <span class='ocrx_word' id='word_1_46' title='bbox 1042 715 1367 771; x_wconf 83' lang='lat' dir='ltr'><strong>Saracenum</strong></span> <span class='ocrx_word' id='word_1_47' title='bbox 1399 726 1584 771; x_wconf 90' lang='lat' dir='ltr'><strong>contra</strong></span> <span class='ocrx_word' id='word_1_48' title='bbox 1613 730 1672 769; x_wconf 85' lang='lat' dir='ltr'><strong>se</strong></span> <span class='ocrx_word' id='word_1_49' title='bbox 1712 730 1807 767; x_wconf 85' lang='lat' dir='ltr'><strong>ve-</strong></span> 
     </span>
    </p>
   </div>
   <div class='ocr_carea' id='block_1_8' title="bbox 178 806 1806 875">
    <p class='ocr_par' dir='ltr' id='par_1_8' title="bbox 178 806 1806 875">
     <span class='ocr_line' id='line_1_8' title="bbox 178 806 1806 875; baseline -0.006 -8"><span class='ocrx_word' id='word_1_50' title='bbox 178 840 189 845; x_wconf 84' lang='lat'><strong>-</strong></span> <span class='ocrx_word' id='word_1_51' title='bbox 232 813 479 875; x_wconf 82' lang='lat' dir='ltr'><strong>nientent,</strong></span> <span class='ocrx_word' id='word_1_52' title='bbox 509 807 725 862; x_wconf 85' lang='lat' dir='ltr'><strong>intuens</strong></span> <span class='ocrx_word' id='word_1_53' title='bbox 757 810 806 860; x_wconf 93' lang='lat' dir='ltr'><strong>iu</strong></span> <span class='ocrx_word' id='word_1_54' title='bbox 835 808 1055 872; x_wconf 69' lang='lat' dir='ltr'><strong>caa&#39;nm,</strong></span> <span class='ocrx_word' id='word_1_55' title='bbox 1090 808 1163 861; x_wconf 88' lang='lat' dir='ltr'><strong>ait</strong></span> <span class='ocrx_word' id='word_1_56' title='bbox 1193 824 1207 860; x_wconf 90' lang='lat'><strong>:</strong></span> <span class='ocrx_word' id='word_1_57' title='bbox 1241 808 1460 860; x_wconf 82' lang='lat' dir='ltr'><strong>Domine</strong></span> <span class='ocrx_word' id='word_1_58' title='bbox 1487 806 1613 861; x_wconf 87' lang='lat' dir='ltr'><strong>Jesu</strong></span> <span class='ocrx_word' id='word_1_59' title='bbox 1653 806 1806 859; x_wconf 80' lang='lat' dir='ltr'><strong>Chri-</strong></span> 
     </span>
    </p>
   </div>
   <div class='ocr_carea' id='block_1_9' title="bbox 234 898 1811 969">
    <p class='ocr_par' dir='ltr' id='par_1_9' title="bbox 234 898 1811 969">
     <span class='ocr_line' id='line_1_9' title="bbox 234 898 1811 969; baseline -0.004 -12"><span class='ocrx_word' id='word_1_60' title='bbox 234 912 329 969; x_wconf 82' lang='lat' dir='ltr'><strong>ste,</strong></span> <span class='ocrx_word' id='word_1_61' title='bbox 362 901 609 954; x_wconf 81' lang='lat' dir='ltr'><strong>voluntas</strong></span> <span class='ocrx_word' id='word_1_62' title='bbox 636 909 726 952; x_wconf 89' lang='lat' dir='ltr'><strong>tua</strong></span> <span class='ocrx_word' id='word_1_63' title='bbox 758 899 867 952; x_wconf 84' lang='lat' dir='ltr'><strong>fiat.</strong></span> <span class='ocrx_word' id='word_1_64' title='bbox 898 898 1195 968; x_wconf 78' lang='lat' dir='ltr'><strong>Statimque</strong></span> <span class='ocrx_word' id='word_1_65' title='bbox 1235 908 1416 967; x_wconf 82' lang='lat' dir='ltr'><strong>aperta</strong></span> <span class='ocrx_word' id='word_1_66' title='bbox 1449 908 1529 952; x_wconf 89' lang='lat' dir='ltr'><strong>est</strong></span> <span class='ocrx_word' id='word_1_67' title='bbox 1564 907 1728 962; x_wconf 81' lang='lat' dir='ltr'><strong>terra,</strong></span> <span class='ocrx_word' id='word_1_68' title='bbox 1757 905 1811 950; x_wconf 85' lang='lat' dir='ltr'><strong>et</strong></span> 
     </span>
    </p>
   </div>
   <div class='ocr_carea' id='block_1_10' title="bbox 231 993 1807 1062">
    <p class='ocr_par' dir='ltr' id='par_1_10' title="bbox 231 993 1807 1062">
     <span class='ocr_line' id='line_1_10' title="bbox 231 993 1807 1062; baseline -0.001 -15"><span class='ocrx_word' id='word_1_69' title='bbox 231 994 503 1049; x_wconf 78' lang='lat' dir='ltr'><strong>absorbuit</strong></span> <span class='ocrx_word' id='word_1_70' title='bbox 531 993 857 1049; x_wconf 86' lang='lat' dir='ltr'><strong>Saracenum</strong></span> <span class='ocrx_word' id='word_1_71' title='bbox 904 995 1054 1047; x_wconf 90' lang='lat' dir='ltr'><strong>illum</strong></span> <span class='ocrx_word' id='word_1_72' title='bbox 1082 1036 1096 1061; x_wconf 93' lang='lat'><strong>,</strong></span> <span class='ocrx_word' id='word_1_73' title='bbox 1127 1008 1395 1062; x_wconf 78' lang='lat' dir='ltr'><strong>senexque</strong></span> <span class='ocrx_word' id='word_1_74' title='bbox 1422 995 1656 1047; x_wconf 78' lang='lat' dir='ltr'><strong>salvatus</strong></span> <span class='ocrx_word' id='word_1_75' title='bbox 1703 1002 1807 1059; x_wconf 90' lang='lat' dir='ltr'><strong>est,</strong></span> 
     </span>
    </p>
   </div>
   <div class='ocr_carea' id='block_1_11' title="bbox 231 1087 1737 1158">
    <p class='ocr_par' dir='ltr' id='par_1_11' title="bbox 231 1087 1737 1158">
     <span class='ocr_line' id='line_1_11' title="bbox 231 1087 1737 1158; baseline -0.004 -16"><span class='ocrx_word' id='word_1_76' title='bbox 231 1097 279 1142; x_wconf 88' lang='lat' dir='ltr'><strong>et</strong></span> <span class='ocrx_word' id='word_1_77' title='bbox 306 1088 613 1158; x_wconf 88' lang='lat' dir='ltr'><strong>glorilicaus</strong></span> <span class='ocrx_word' id='word_1_78' title='bbox 645 1087 807 1141; x_wconf 88' lang='lat' dir='ltr'><strong>Deum</strong></span> <span class='ocrx_word' id='word_1_79' title='bbox 841 1091 890 1139; x_wconf 84' lang='lat' dir='ltr'><strong>in</strong></span> <span class='ocrx_word' id='word_1_80' title='bbox 920 1087 1302 1141; x_wconf 86' lang='lat' dir='ltr'><strong>monasterium</strong></span> <span class='ocrx_word' id='word_1_81' title='bbox 1333 1087 1604 1155; x_wconf 85' lang='lat' dir='ltr'><strong>ingressus</strong></span> <span class='ocrx_word' id='word_1_82' title='bbox 1634 1094 1737 1141; x_wconf 90' lang='lat' dir='ltr'><strong>est.</strong></span> 
     </span>
    </p>
   </div>
   <div class='ocr_carea' id='block_1_12' title="bbox 847 1176 1161 1231">
    <p class='ocr_par' dir='ltr' id='par_1_12' title="bbox 847 1176 1161 1231">
     <span class='ocr_line' id='line_1_12' title="bbox 847 1176 1161 1231; baseline -0.006 0"><span class='ocrx_word' id='word_1_83' title='bbox 847 1176 1072 1231; x_wconf 81' lang='lat' dir='ltr'><strong>CAPUT</strong></span> <span class='ocrx_word' id='word_1_84' title='bbox 1100 1177 1161 1230; x_wconf 91' lang='lat' dir='ltr'><strong>C.</strong></span> 
     </span>
    </p>
   </div>
   <div class='ocr_carea' id='block_1_13' title="bbox 620 1268 1430 1322">
    <p class='ocr_par' dir='ltr' id='par_1_13' title="bbox 620 1268 1430 1322">
     <span class='ocr_line' id='line_1_13' title="bbox 620 1268 1430 1322; baseline -0.001 0"><span class='ocrx_word' id='word_1_85' title='bbox 620 1268 741 1322; x_wconf 71' lang='lat' dir='ltr'><strong>Vita</strong></span> <span class='ocrx_word' id='word_1_86' title='bbox 776 1268 914 1322; x_wconf 79' lang='lat' dir='ltr'><strong>Petri</strong></span> <span class='ocrx_word' id='word_1_87' title='bbox 943 1269 1146 1322; x_wconf 75' lang='lat' dir='ltr'><strong>Pontici</strong></span> <span class='ocrx_word' id='word_1_88' title='bbox 1171 1269 1430 1322; x_wconf 81' lang='lat' dir='ltr'><strong>monachi.</strong></span> 
     </span>
    </p>
   </div>
   <div class='ocr_carea' id='block_1_14' title="bbox 302 1360 1811 1431">
    <p class='ocr_par' dir='ltr' id='par_1_14' title="bbox 302 1360 1811 1431">
     <span class='ocr_line' id='line_1_14' title="bbox 302 1360 1811 1431; baseline -0.003 -16"><span class='ocrx_word' id='word_1_89' title='bbox 302 1364 510 1416; x_wconf 79' lang='lat' dir='ltr'><strong>Rursus</strong></span> <span class='ocrx_word' id='word_1_90' title='bbox 560 1371 912 1415; x_wconf 82' lang='lat' dir='ltr'><strong>narraverunt</strong></span> <span class='ocrx_word' id='word_1_91' title='bbox 962 1363 1113 1414; x_wconf 89' lang='lat' dir='ltr'><strong>nobis</strong></span> <span class='ocrx_word' id='word_1_92' title='bbox 1169 1362 1407 1431; x_wconf 82' lang='lat' dir='ltr'><strong>praedicti</strong></span> <span class='ocrx_word' id='word_1_93' title='bbox 1457 1360 1555 1414; x_wconf 89' lang='lat' dir='ltr'><strong>loci</strong></span> <span class='ocrx_word' id='word_1_94' title='bbox 1607 1360 1811 1424; x_wconf 77' lang='lat' dir='ltr'><strong>Patres,</strong></span> 
     </span>
    </p>
   </div>
   <div class='ocr_carea' id='block_1_15' title="bbox 234 1451 1814 1521">
    <p class='ocr_par' dir='ltr' id='par_1_15' title="bbox 234 1451 1814 1521">
     <span class='ocr_line' id='line_1_15' title="bbox 234 1451 1814 1521; baseline -0.001 -14"><span class='ocrx_word' id='word_1_95' title='bbox 234 1453 367 1521; x_wconf 90' lang='lat' dir='ltr'><strong>quod</strong></span> <span class='ocrx_word' id='word_1_96' title='bbox 420 1454 527 1506; x_wconf 87' lang='lat' dir='ltr'><strong>illic</strong></span> <span class='ocrx_word' id='word_1_97' title='bbox 558 1451 711 1507; x_wconf 89' lang='lat' dir='ltr'><strong>fuerit</strong></span> <span class='ocrx_word' id='word_1_98' title='bbox 740 1453 952 1521; x_wconf 74' lang='lat' dir='ltr'><strong>quidam</strong></span> <span class='ocrx_word' id='word_1_99' title='bbox 998 1468 1158 1506; x_wconf 80' lang='lat' dir='ltr'><strong>senex</strong></span> <span class='ocrx_word' id='word_1_100' title='bbox 1182 1495 1196 1517; x_wconf 90' lang='lat'><strong>,</strong></span> <span class='ocrx_word' id='word_1_101' title='bbox 1230 1454 1417 1507; x_wconf 79' lang='lat' dir='ltr'><strong>Petrus</strong></span> <span class='ocrx_word' id='word_1_102' title='bbox 1447 1453 1682 1516; x_wconf 87' lang='lat' dir='ltr'><strong>nomine,</strong></span> <span class='ocrx_word' id='word_1_103' title='bbox 1718 1467 1814 1519; x_wconf 83' lang='lat' dir='ltr'><strong>ge-</strong></span> 
     </span>
    </p>
   </div>
   <div class='ocr_carea' id='block_1_16' title="bbox 235 1534 1812 1616">
    <p class='ocr_par' dir='ltr' id='par_1_16' title="bbox 235 1534 1812 1616">
     <span class='ocr_line' id='line_1_16' title="bbox 235 1534 1812 1616; baseline -0.001 -15"><span class='ocrx_word' id='word_1_104' title='bbox 235 1564 356 1603; x_wconf 86' lang='lat' dir='ltr'><strong>nere</strong></span> <span class='ocrx_word' id='word_1_105' title='bbox 381 1548 654 1612; x_wconf 89' lang='lat' dir='ltr'><strong>Ponticus,</strong></span> <span class='ocrx_word' id='word_1_106' title='bbox 676 1534 857 1603; x_wconf 68' lang='lat' dir='ltr'><strong>militis</strong></span> <span class='ocrx_word' id='word_1_107' title='bbox 878 1548 1250 1616; x_wconf 75' lang='lat' dir='ltr'><strong>praeclarisque</strong></span> <span class='ocrx_word' id='word_1_108' title='bbox 1270 1547 1556 1601; x_wconf 82' lang='lat' dir='ltr'><strong>virtutibus</strong></span> <span class='ocrx_word' id='word_1_109' title='bbox 1573 1555 1812 1600; x_wconf 88' lang='lat' dir='ltr'><strong>ornatus.</strong></span> 
     </span>
    </p>
   </div>
   <div class='ocr_carea' id='block_1_17' title="bbox 235 1640 1816 1711">
    <p class='ocr_par' dir='ltr' id='par_1_17' title="bbox 235 1640 1816 1711">
     <span class='ocr_line' id='line_1_17' title="bbox 235 1640 1816 1711; baseline -0.001 -16"><span class='ocrx_word' id='word_1_110' title='bbox 235 1641 305 1695; x_wconf 91' lang='lat' dir='ltr'><strong>De</strong></span> <span class='ocrx_word' id='word_1_111' title='bbox 336 1642 441 1695; x_wconf 91' lang='lat' dir='ltr'><strong>hoc</strong></span> <span class='ocrx_word' id='word_1_112' title='bbox 469 1656 597 1696; x_wconf 86' lang='lat' dir='ltr'><strong>sene</strong></span> <span class='ocrx_word' id='word_1_113' title='bbox 618 1642 953 1703; x_wconf 87' lang='lat' dir='ltr'><strong>Theodorus,</strong></span> <span class='ocrx_word' id='word_1_114' title='bbox 984 1642 1072 1711; x_wconf 87' lang='lat' dir='ltr'><strong>qui</strong></span> <span class='ocrx_word' id='word_1_115' title='bbox 1106 1640 1205 1694; x_wconf 87' lang='lat' dir='ltr'><strong>fuit</strong></span> <span class='ocrx_word' id='word_1_116' title='bbox 1228 1641 1512 1709; x_wconf 84' lang='lat' dir='ltr'><strong>episcopus</strong></span> <span class='ocrx_word' id='word_1_117' title='bbox 1536 1641 1816 1705; x_wconf 78' lang='lat' dir='ltr'><strong>Rosensis,</strong></span> 
     </span>
    </p>
   </div>
   <div class='ocr_carea' id='block_1_18' title="bbox 232 1729 1815 1803">
    <p class='ocr_par' dir='ltr' id='par_1_18' title="bbox 232 1729 1815 1803">
     <span class='ocr_line' id='line_1_18' title="bbox 232 1729 1815 1803; baseline -0.002 -16"><span class='ocrx_word' id='word_1_118' title='bbox 232 1733 443 1787; x_wconf 82' lang='lat' dir='ltr'><strong>dicebat</strong></span> <span class='ocrx_word' id='word_1_119' title='bbox 473 1735 660 1801; x_wconf 89' lang='lat' dir='ltr'><strong>nobis,</strong></span> <span class='ocrx_word' id='word_1_120' title='bbox 694 1733 834 1803; x_wconf 87' lang='lat' dir='ltr'><strong>quod</strong></span> <span class='ocrx_word' id='word_1_121' title='bbox 866 1733 953 1787; x_wconf 91' lang='lat' dir='ltr'><strong>die</strong></span> <span class='ocrx_word' id='word_1_122' title='bbox 998 1732 1224 1801; x_wconf 83' lang='lat' dir='ltr'><strong>quadam</strong></span> <span class='ocrx_word' id='word_1_123' title='bbox 1271 1732 1521 1786; x_wconf 88' lang='lat' dir='ltr'><strong>convenit</strong></span> <span class='ocrx_word' id='word_1_124' title='bbox 1549 1731 1700 1785; x_wconf 88' lang='lat' dir='ltr'><strong>illum</strong></span> <span class='ocrx_word' id='word_1_125' title='bbox 1748 1729 1815 1784; x_wconf 90' lang='lat' dir='ltr'><strong>ad</strong></span> 
     </span>
    </p>
   </div>
   <div class='ocr_carea' id='block_1_19' title="bbox 234 1817 1898 1892">
    <p class='ocr_par' dir='ltr' id='par_1_19' title="bbox 234 1817 1898 1892">
     <span class='ocr_line' id='line_1_19' title="bbox 234 1817 1898 1892; baseline -0.004 -10"><span class='ocrx_word' id='word_1_126' title='bbox 234 1826 519 1882; x_wconf 73' lang='lat' dir='ltr'><strong>Iordanem</strong></span> <span class='ocrx_word' id='word_1_127' title='bbox 576 1841 628 1880; x_wconf 84' lang='lat' dir='ltr'><strong>tu</strong></span> <span class='ocrx_word' id='word_1_128' title='bbox 677 1825 1004 1879; x_wconf 86' lang='lat' dir='ltr'><strong>monasterio</strong></span> <span class='ocrx_word' id='word_1_129' title='bbox 1051 1824 1326 1890; x_wconf 86' lang='lat' dir='ltr'><strong>Turrium,</strong></span> <span class='ocrx_word' id='word_1_130' title='bbox 1361 1823 1469 1878; x_wconf 91' lang='lat' dir='ltr'><strong>illic</strong></span> <span class='ocrx_word' id='word_1_131' title='bbox 1508 1822 1652 1877; x_wconf 89' lang='lat' dir='ltr'><strong>enim</strong></span> <span class='ocrx_word' id='word_1_132' title='bbox 1704 1823 1820 1892; x_wconf 88' lang='lat' dir='ltr'><strong>ipse</strong></span> <span class='ocrx_word' id='word_1_133' title='bbox 1855 1817 1898 1876; x_wconf 88' lang='grc' dir='ltr'><strong>Β</strong></span> 
     </span>
    </p>
   </div>
   <div class='ocr_carea' id='block_1_20' title="bbox 234 1916 1820 1988">
    <p class='ocr_par' dir='ltr' id='par_1_20' title="bbox 234 1916 1820 1988">
     <span class='ocr_line' id='line_1_20' title="bbox 234 1916 1820 1988; baseline -0.001 -17"><span class='ocrx_word' id='word_1_134' title='bbox 234 1917 564 1982; x_wconf 79' lang='lat' dir='ltr'><strong>morabatur,</strong></span> <span class='ocrx_word' id='word_1_135' title='bbox 596 1918 753 1988; x_wconf 88' lang='lat' dir='ltr'><strong>eique</strong></span> <span class='ocrx_word' id='word_1_136' title='bbox 774 1918 907 1971; x_wconf 81' lang='lat' dir='ltr'><strong>dixit</strong></span> <span class='ocrx_word' id='word_1_137' title='bbox 930 1934 945 1972; x_wconf 85' lang='lat'><strong>:</strong></span> <span class='ocrx_word' id='word_1_138' title='bbox 973 1918 1075 1971; x_wconf 84' lang='lat' dir='ltr'><strong>Fac</strong></span> <span class='ocrx_word' id='word_1_139' title='bbox 1097 1916 1434 1981; x_wconf 83' lang='lat' dir='ltr'><strong>charitatem,</strong></span> <span class='ocrx_word' id='word_1_140' title='bbox 1461 1917 1624 1971; x_wconf 80' lang='lat' dir='ltr'><strong>frater</strong></span> <span class='ocrx_word' id='word_1_141' title='bbox 1644 1916 1820 1972; x_wconf 80' lang='lat' dir='ltr'><strong>Theo—</strong></span> 
     </span>
    </p>
   </div>
   <div class='ocr_carea' id='block_1_21' title="bbox 231 2007 1822 2079">
    <p class='ocr_par' dir='ltr' id='par_1_21' title="bbox 231 2007 1822 2079">
     <span class='ocr_line' id='line_1_21' title="bbox 231 2007 1822 2079; baseline -0.001 -16"><span class='ocrx_word' id='word_1_142' title='bbox 231 2012 381 2074; x_wconf 84' lang='lat' dir='ltr'><strong>dore,</strong></span> <span class='ocrx_word' id='word_1_143' title='bbox 416 2011 536 2064; x_wconf 88' lang='lat' dir='ltr'><strong>veni</strong></span> <span class='ocrx_word' id='word_1_144' title='bbox 572 2024 778 2065; x_wconf 88' lang='lat' dir='ltr'><strong>mecum</strong></span> <span class='ocrx_word' id='word_1_145' title='bbox 809 2008 863 2062; x_wconf 89' lang='lat' dir='ltr'><strong>in</strong></span> <span class='ocrx_word' id='word_1_146' title='bbox 893 2019 1129 2064; x_wconf 86' lang='lat' dir='ltr'><strong>montem</strong></span> <span class='ocrx_word' id='word_1_147' title='bbox 1163 2010 1311 2076; x_wconf 84' lang='lat' dir='ltr'><strong>Sina,</strong></span> <span class='ocrx_word' id='word_1_148' title='bbox 1345 2010 1467 2079; x_wconf 90' lang='lat' dir='ltr'><strong>quia</strong></span> <span class='ocrx_word' id='word_1_149' title='bbox 1498 2009 1627 2063; x_wconf 86' lang='lat' dir='ltr'><strong>illuc</strong></span> <span class='ocrx_word' id='word_1_150' title='bbox 1658 2007 1822 2078; x_wconf 81' lang='lat' dir='ltr'><strong>profi-</strong></span> 
     </span>
    </p>
   </div>
   <div class='ocr_carea' id='block_1_22' title="bbox 231 2100 1822 2169">
    <p class='ocr_par' dir='ltr' id='par_1_22' title="bbox 231 2100 1822 2169">
     <span class='ocr_line' id='line_1_22' title="bbox 231 2100 1822 2169; baseline 0.001 -14"><span class='ocrx_word' id='word_1_151' title='bbox 231 2102 355 2156; x_wconf 89' lang='lat' dir='ltr'><strong>cisci</strong></span> <span class='ocrx_word' id='word_1_152' title='bbox 381 2110 565 2155; x_wconf 89' lang='lat' dir='ltr'><strong>votum</strong></span> <span class='ocrx_word' id='word_1_153' title='bbox 601 2102 793 2156; x_wconf 85' lang='lat' dir='ltr'><strong>habeo.</strong></span> <span class='ocrx_word' id='word_1_154' title='bbox 822 2102 923 2169; x_wconf 90' lang='lat' dir='ltr'><strong>Qui</strong></span> <span class='ocrx_word' id='word_1_155' title='bbox 950 2118 1068 2156; x_wconf 88' lang='lat' dir='ltr'><strong>cum</strong></span> <span class='ocrx_word' id='word_1_156' title='bbox 1096 2102 1263 2157; x_wconf 86' lang='lat' dir='ltr'><strong>nollet</strong></span> <span class='ocrx_word' id='word_1_157' title='bbox 1283 2116 1391 2155; x_wconf 91' lang='lat' dir='ltr'><strong>non</strong></span> <span class='ocrx_word' id='word_1_158' title='bbox 1416 2103 1657 2167; x_wconf 86' lang='lat' dir='ltr'><strong>obedire,</strong></span> <span class='ocrx_word' id='word_1_159' title='bbox 1683 2100 1822 2157; x_wconf 91' lang='lat' dir='ltr'><strong>dixit</strong></span> 
     </span>
    </p>
   </div>
   <div class='ocr_carea' id='block_1_23' title="bbox 227 2189 1822 2259">
    <p class='ocr_par' dir='ltr' id='par_1_23' title="bbox 227 2189 1822 2259">
     <span class='ocr_line' id='line_1_23' title="bbox 227 2189 1822 2259; baseline 0.001 -13"><span class='ocrx_word' id='word_1_160' title='bbox 227 2193 293 2246; x_wconf 86' lang='lat' dir='ltr'><strong>ad</strong></span> <span class='ocrx_word' id='word_1_161' title='bbox 320 2210 448 2248; x_wconf 89' lang='lat' dir='ltr'><strong>eum</strong></span> <span class='ocrx_word' id='word_1_162' title='bbox 470 2212 481 2246; x_wconf 87' lang='lat'><strong>:</strong></span> <span class='ocrx_word' id='word_1_163' title='bbox 501 2193 719 2248; x_wconf 84' lang='lat' dir='ltr'><strong>Eamus.</strong></span> <span class='ocrx_word' id='word_1_164' title='bbox 742 2194 875 2248; x_wconf 88' lang='lat' dir='ltr'><strong>Cum</strong></span> <span class='ocrx_word' id='word_1_165' title='bbox 895 2209 1022 2249; x_wconf 90' lang='lat' dir='ltr'><strong>vero</strong></span> <span class='ocrx_word' id='word_1_166' title='bbox 1046 2196 1327 2249; x_wconf 85' lang='lat' dir='ltr'><strong>transisset</strong></span> <span class='ocrx_word' id='word_1_167' title='bbox 1346 2194 1661 2259; x_wconf 68' lang='lat' dir='ltr'><strong>Iordanem,</strong></span> <span class='ocrx_word' id='word_1_168' title='bbox 1676 2189 1822 2249; x_wconf 45' lang='lat' dir='ltr'><strong>‘dixit</strong></span> 
     </span>
    </p>
   </div>
   <div class='ocr_carea' id='block_1_24' title="bbox 229 2284 1821 2353">
    <p class='ocr_par' dir='ltr' id='par_1_24' title="bbox 229 2284 1821 2353">
     <span class='ocr_line' id='line_1_24' title="bbox 229 2284 1821 2353; baseline 0.003 -16"><span class='ocrx_word' id='word_1_169' title='bbox 229 2284 293 2338; x_wconf 87' lang='lat' dir='ltr'><strong>ad</strong></span> <span class='ocrx_word' id='word_1_170' title='bbox 322 2285 675 2340; x_wconf 86' lang='lat' dir='ltr'><strong>Theodorum</strong></span> <span class='ocrx_word' id='word_1_171' title='bbox 706 2286 888 2340; x_wconf 88' lang='lat' dir='ltr'><strong>senior</strong></span> <span class='ocrx_word' id='word_1_172' title='bbox 920 2302 934 2338; x_wconf 90' lang='lat'>:</span> <span class='ocrx_word' id='word_1_173' title='bbox 968 2284 1138 2350; x_wconf 91' lang='lat' dir='ltr'><strong>Veni,</strong></span> <span class='ocrx_word' id='word_1_174' title='bbox 1172 2286 1335 2340; x_wconf 80' lang='lat' dir='ltr'><strong>frater</strong></span> <span class='ocrx_word' id='word_1_175' title='bbox 1361 2285 1663 2353; x_wconf 89' lang='lat' dir='ltr'><strong>Theodore,</strong></span> <span class='ocrx_word' id='word_1_176' title='bbox 1694 2300 1821 2342; x_wconf 84' lang='lat' dir='ltr'><strong>ore-</strong></span> 
     </span>
    </p>
   </div>
   <div class='ocr_carea' id='block_1_25' title="bbox 229 2377 1816 2446">
    <p class='ocr_par' dir='ltr' id='par_1_25' title="bbox 229 2377 1816 2446">
     <span class='ocr_line' id='line_1_25' title="bbox 229 2377 1816 2446; baseline 0.002 -16"><span class='ocrx_word' id='word_1_177' title='bbox 229 2392 343 2431; x_wconf 86' lang='lat' dir='ltr'><strong>mus</strong></span> <span class='ocrx_word' id='word_1_178' title='bbox 375 2386 436 2431; x_wconf 90' lang='lat' dir='ltr'><strong>ut</strong></span> <span class='ocrx_word' id='word_1_179' title='bbox 467 2392 636 2446; x_wconf 84' lang='lat' dir='ltr'><strong>usque</strong></span> <span class='ocrx_word' id='word_1_180' title='bbox 685 2378 751 2431; x_wconf 90' lang='lat' dir='ltr'><strong>ad</strong></span> <span class='ocrx_word' id='word_1_181' title='bbox 784 2388 1017 2431; x_wconf 88' lang='lat' dir='ltr'><strong>montem</strong></span> <span class='ocrx_word' id='word_1_182' title='bbox 1059 2377 1186 2432; x_wconf 89' lang='lat' dir='ltr'><strong>Sina</strong></span> <span class='ocrx_word' id='word_1_183' title='bbox 1231 2378 1407 2433; x_wconf 88' lang='lat' dir='ltr'><strong>nullus</strong></span> <span class='ocrx_word' id='word_1_184' title='bbox 1434 2386 1678 2432; x_wconf 89' lang='lat' dir='ltr'><strong>nostrum</strong></span> <span class='ocrx_word' id='word_1_185' title='bbox 1723 2393 1816 2433; x_wconf 83' lang='lat' dir='ltr'><strong>co-</strong></span> 
     </span>
    </p>
   </div>
   <div class='ocr_carea' id='block_1_26' title="bbox 230 2470 1821 2541">
    <p class='ocr_par' dir='ltr' id='par_1_26' title="bbox 230 2470 1821 2541">
     <span class='ocr_line' id='line_1_26' title="bbox 230 2470 1821 2541; baseline 0.003 -18"><span class='ocrx_word' id='word_1_186' title='bbox 230 2471 430 2526; x_wconf 80' lang='lat' dir='ltr'><strong>medat.</strong></span> <span class='ocrx_word' id='word_1_187' title='bbox 465 2471 548 2524; x_wconf 87' lang='lat' dir='ltr'><strong>Ad</strong></span> <span class='ocrx_word' id='word_1_188' title='bbox 582 2486 739 2541; x_wconf 86' lang='lat' dir='ltr'><strong>quem</strong></span> <span class='ocrx_word' id='word_1_189' title='bbox 789 2471 881 2525; x_wconf 90' lang='lat' dir='ltr'><strong>ille</strong></span> <span class='ocrx_word' id='word_1_190' title='bbox 910 2487 924 2525; x_wconf 92' lang='lat'>:</span> <span class='ocrx_word' id='word_1_191' title='bbox 957 2470 1116 2540; x_wconf 87' lang='lat' dir='ltr'><strong>Vere,</strong></span> <span class='ocrx_word' id='word_1_192' title='bbox 1151 2471 1326 2536; x_wconf 89' lang='lat' dir='ltr'><strong>Pater,</strong></span> <span class='ocrx_word' id='word_1_193' title='bbox 1354 2487 1453 2541; x_wconf 82' lang='lat' dir='ltr'><strong>ego</strong></span> <span class='ocrx_word' id='word_1_194' title='bbox 1499 2471 1599 2526; x_wconf 91' lang='lat' dir='ltr'><strong>hoc</strong></span> <span class='ocrx_word' id='word_1_195' title='bbox 1647 2471 1821 2527; x_wconf 83' lang='lat' dir='ltr'><strong>facere</strong></span> 
     </span>
    </p>
   </div>
   <div class='ocr_carea' id='block_1_27' title="bbox 233 2563 1823 2631">
    <p class='ocr_par' dir='ltr' id='par_1_27' title="bbox 233 2563 1823 2631">
     <span class='ocr_line' id='line_1_27' title="bbox 233 2563 1823 2631; baseline 0.001 -15"><span class='ocrx_word' id='word_1_196' title='bbox 233 2577 334 2617; x_wconf 88' lang='lat' dir='ltr'><strong>non</strong></span> <span class='ocrx_word' id='word_1_197' title='bbox 370 2577 612 2631; x_wconf 89' lang='lat' dir='ltr'><strong>possum.</strong></span> <span class='ocrx_word' id='word_1_198' title='bbox 643 2563 933 2617; x_wconf 85' lang='lat' dir='ltr'><strong>Prostravit</strong></span> <span class='ocrx_word' id='word_1_199' title='bbox 960 2573 1138 2617; x_wconf 89' lang='lat' dir='ltr'><strong>autem</strong></span> <span class='ocrx_word' id='word_1_200' title='bbox 1166 2578 1224 2617; x_wconf 89' lang='lat' dir='ltr'><strong>se</strong></span> <span class='ocrx_word' id='word_1_201' title='bbox 1250 2578 1434 2627; x_wconf 79' lang='lat' dir='ltr'><strong>st-nex,</strong></span> <span class='ocrx_word' id='word_1_202' title='bbox 1463 2574 1517 2618; x_wconf 91' lang='lat' dir='ltr'><strong>et</strong></span> <span class='ocrx_word' id='word_1_203' title='bbox 1543 2566 1736 2629; x_wconf 86' lang='lat' dir='ltr'><strong>oravit,</strong></span> <span class='ocrx_word' id='word_1_204' title='bbox 1768 2574 1823 2620; x_wconf 91' lang='lat' dir='ltr'><strong>et</strong></span> 
     </span>
    </p>
   </div>
   <div class='ocr_carea' id='block_1_28' title="bbox 231 2653 1821 2724">
    <p class='ocr_par' dir='ltr' id='par_1_28' title="bbox 231 2653 1821 2724">
     <span class='ocr_line' id='line_1_28' title="bbox 231 2653 1821 2724; baseline 0.001 -17"><span class='ocrx_word' id='word_1_205' title='bbox 231 2668 405 2724; x_wconf 87' lang='lat' dir='ltr'><strong>usque</strong></span> <span class='ocrx_word' id='word_1_206' title='bbox 434 2653 499 2708; x_wconf 88' lang='lat' dir='ltr'><strong>ad</strong></span> <span class='ocrx_word' id='word_1_207' title='bbox 524 2654 651 2709; x_wconf 90' lang='lat' dir='ltr'><strong>Sina</strong></span> <span class='ocrx_word' id='word_1_208' title='bbox 684 2654 814 2708; x_wconf 83' lang='lat' dir='ltr'><strong>nihil</strong></span> <span class='ocrx_word' id='word_1_209' title='bbox 841 2655 1092 2709; x_wconf 88' lang='lat' dir='ltr'><strong>comedit.</strong></span> <span class='ocrx_word' id='word_1_210' title='bbox 1116 2655 1354 2722; x_wconf 76' lang='lat' dir='ltr'><strong>Sumptis</strong></span> <span class='ocrx_word' id='word_1_211' title='bbox 1386 2656 1545 2723; x_wconf 78' lang='lat' dir='ltr'><strong>igitur</strong></span> <span class='ocrx_word' id='word_1_212' title='bbox 1566 2653 1674 2710; x_wconf 85' lang='lat' dir='ltr'><strong>illic</strong></span> <span class='ocrx_word' id='word_1_213' title='bbox 1697 2670 1821 2710; x_wconf 84' lang='lat' dir='ltr'><strong>san-</strong></span> 
     </span>
    </p>
   </div>
   <div class='ocr_carea' id='block_1_29' title="bbox 228 2745 1821 2818">
    <p class='ocr_par' dir='ltr' id='par_1_29' title="bbox 228 2745 1821 2818">
     <span class='ocr_line' id='line_1_29' title="bbox 228 2745 1821 2818; baseline 0.003 -19"><span class='ocrx_word' id='word_1_214' title='bbox 228 2745 328 2801; x_wconf 89' lang='lat' dir='ltr'><strong>ctis</strong></span> <span class='ocrx_word' id='word_1_215' title='bbox 361 2748 670 2818; x_wconf 72' lang='lat' dir='ltr'><strong>mysteriis,</strong></span> <span class='ocrx_word' id='word_1_216' title='bbox 708 2755 832 2801; x_wconf 90' lang='lat' dir='ltr'><strong>tunc</strong></span> <span class='ocrx_word' id='word_1_217' title='bbox 861 2756 915 2801; x_wconf 89' lang='lat' dir='ltr'><strong>et</strong></span> <span class='ocrx_word' id='word_1_218' title='bbox 945 2746 1123 2802; x_wconf 86' lang='lat' dir='ltr'><strong>cibum</strong></span> <span class='ocrx_word' id='word_1_219' title='bbox 1153 2748 1400 2815; x_wconf 84' lang='lat' dir='ltr'><strong>sumpsit.</strong></span> <span class='ocrx_word' id='word_1_220' title='bbox 1433 2746 1689 2802; x_wconf 86' lang='lat' dir='ltr'><strong>Similiter</strong></span> <span class='ocrx_word' id='word_1_221' title='bbox 1712 2756 1767 2802; x_wconf 89' lang='lat' dir='ltr'><strong>et</strong></span> <span class='ocrx_word' id='word_1_222' title='bbox 1789 2763 1821 2803; x_wconf 88' lang='lat' dir='ltr'><strong>a</strong></span> 
     </span>
    </p>
   </div>
   <div class='ocr_carea' id='block_1_30' title="bbox 230 2820 1824 2910">
    <p class='ocr_par' dir='ltr' id='par_1_30' title="bbox 230 2820 1824 2910">
     <span class='ocr_line' id='line_1_30' title="bbox 230 2820 1824 2910; baseline 0.003 -17"><span class='ocrx_word' id='word_1_223' title='bbox 230 2820 353 2893; x_wconf 81' lang='lat' dir='ltr'><strong>Sina</strong></span> <span class='ocrx_word' id='word_1_224' title='bbox 390 2854 564 2908; x_wconf 89' lang='lat' dir='ltr'><strong>usque</strong></span> <span class='ocrx_word' id='word_1_225' title='bbox 590 2838 971 2893; x_wconf 77' lang='lat' dir='ltr'><strong>Alexandriam</strong></span> <span class='ocrx_word' id='word_1_226' title='bbox 1003 2839 1069 2893; x_wconf 87' lang='lat' dir='ltr'><strong>ad</strong></span> <span class='ocrx_word' id='word_1_227' title='bbox 1111 2851 1353 2893; x_wconf 87' lang='lat' dir='ltr'><strong>sanctum</strong></span> <span class='ocrx_word' id='word_1_228' title='bbox 1399 2839 1607 2894; x_wconf 82' lang='lat' dir='ltr'><strong>Menam</strong></span> <span class='ocrx_word' id='word_1_229' title='bbox 1634 2856 1824 2910; x_wconf 86' lang='lat' dir='ltr'><strong>perve-</strong></span> 
     </span>
    </p>
   </div>
   <div class='ocr_carea' id='block_1_31' title="bbox 225 2930 1821 3001">
    <p class='ocr_par' dir='ltr' id='par_1_31' title="bbox 225 2930 1821 3001">
     <span class='ocr_line' id='line_1_31' title="bbox 225 2930 1821 3001; baseline 0.001 -17"><span class='ocrx_word' id='word_1_230' title='bbox 225 2940 447 2995; x_wconf 82' lang='lat' dir='ltr'><strong>nerunt,</strong></span> <span class='ocrx_word' id='word_1_231' title='bbox 472 2931 602 2984; x_wconf 87' lang='lat' dir='ltr'><strong>nihil</strong></span> <span class='ocrx_word' id='word_1_232' title='bbox 633 2931 851 2984; x_wconf 88' lang='lat' dir='ltr'><strong>omnino</strong></span> <span class='ocrx_word' id='word_1_233' title='bbox 880 2930 1197 2984; x_wconf 88' lang='lat' dir='ltr'><strong>comedente</strong></span> <span class='ocrx_word' id='word_1_234' title='bbox 1228 2946 1379 2985; x_wconf 85' lang='lat' dir='ltr'><strong>sene.</strong></span> <span class='ocrx_word' id='word_1_235' title='bbox 1429 2930 1613 3001; x_wconf 89' lang='lat' dir='ltr'><strong>Ibique</strong></span> <span class='ocrx_word' id='word_1_236' title='bbox 1643 2932 1821 2986; x_wconf 90' lang='lat' dir='ltr'><strong>denuo</strong></span> 
     </span>
    </p>
   </div>
   <div class='ocr_carea' id='block_1_32' title="bbox 231 3020 1820 3090">
    <p class='ocr_par' dir='ltr' id='par_1_32' title="bbox 231 3020 1820 3090">
     <span class='ocr_line' id='line_1_32' title="bbox 231 3020 1820 3090; baseline 0.003 -17"><span class='ocrx_word' id='word_1_237' title='bbox 231 3020 662 3084; x_wconf 75' lang='lat' dir='ltr'><strong>communicatis,</strong></span> <span class='ocrx_word' id='word_1_238' title='bbox 713 3029 832 3090; x_wconf 86' lang='lat' dir='ltr'><strong>post</strong></span> <span class='ocrx_word' id='word_1_239' title='bbox 879 3022 1312 3074; x_wconf 80' lang='lat' dir='ltr'><strong>communionem</strong></span> <span class='ocrx_word' id='word_1_240' title='bbox 1345 3021 1522 3075; x_wconf 89' lang='lat' dir='ltr'><strong>cibum</strong></span> <span class='ocrx_word' id='word_1_241' title='bbox 1570 3022 1820 3090; x_wconf 82' lang='lat' dir='ltr'><strong>sumpsit.</strong></span> 
     </span>
    </p>
   </div>
   <div class='ocr_carea' id='block_1_33' title="bbox 232 3111 1822 3181">
    <p class='ocr_par' dir='ltr' id='par_1_33' title="bbox 232 3111 1822 3181">
     <span class='ocr_line' id='line_1_33' title="bbox 232 3111 1822 3181; baseline 0.001 -16"><span class='ocrx_word' id='word_1_242' title='bbox 232 3111 300 3165; x_wconf 84' lang='lat' dir='ltr'><strong>Et</strong></span> <span class='ocrx_word' id='word_1_243' title='bbox 329 3127 363 3165; x_wconf 86' lang='lat' dir='ltr'><strong>a</strong></span> <span class='ocrx_word' id='word_1_244' title='bbox 415 3120 603 3165; x_wconf 89' lang='lat' dir='ltr'><strong>sancto</strong></span> <span class='ocrx_word' id='word_1_245' title='bbox 634 3112 783 3165; x_wconf 82' lang='lat' dir='ltr'><strong>Mena</strong></span> <span class='ocrx_word' id='word_1_246' title='bbox 814 3126 983 3181; x_wconf 89' lang='lat' dir='ltr'><strong>usque</strong></span> <span class='ocrx_word' id='word_1_247' title='bbox 1013 3111 1065 3165; x_wconf 92' lang='lat' dir='ltr'><strong>in</strong></span> <span class='ocrx_word' id='word_1_248' title='bbox 1096 3120 1333 3165; x_wconf 85' lang='lat' dir='ltr'><strong>sanctam</strong></span> <span class='ocrx_word' id='word_1_249' title='bbox 1365 3114 1633 3166; x_wconf 91' lang='lat' dir='ltr'><strong>civitatem</strong></span> <span class='ocrx_word' id='word_1_250' title='bbox 1661 3128 1822 3167; x_wconf 89' lang='lat' dir='ltr'><strong>vene-</strong></span> 
     </span>
    </p>
   </div>
   <div class='ocr_carea' id='block_1_34' title="bbox 1911 530 3492 599">
    <p class='ocr_par' dir='ltr' id='par_1_34' title="bbox 1911 530 3492 599">
     <span class='ocr_line' id='line_1_34' title="bbox 1911 530 3492 599; baseline 0.009 -18"><span class='ocrx_word' id='word_1_251' title='bbox 1911 538 1994 582; x_wconf 89' lang='lat' dir='ltr'><strong>set</strong></span> <span class='ocrx_word' id='word_1_252' title='bbox 2037 530 2112 583; x_wconf 92' lang='lat' dir='ltr'><strong>illi</strong></span> <span class='ocrx_word' id='word_1_253' title='bbox 2143 541 2439 599; x_wconf 87' lang='lat' dir='ltr'><strong>peccatum,</strong></span> <span class='ocrx_word' id='word_1_254' title='bbox 2469 542 2524 587; x_wconf 88' lang='lat' dir='ltr'><strong>et</strong></span> <span class='ocrx_word' id='word_1_255' title='bbox 2551 533 2770 587; x_wconf 82' lang='lat' dir='ltr'><strong>veniens</strong></span> <span class='ocrx_word' id='word_1_256' title='bbox 2801 550 2984 589; x_wconf 88' lang='lat' dir='ltr'><strong>rursus</strong></span> <span class='ocrx_word' id='word_1_257' title='bbox 3013 536 3065 589; x_wconf 91' lang='lat' dir='ltr'><strong>in</strong></span> <span class='ocrx_word' id='word_1_258' title='bbox 3112 540 3492 595; x_wconf 85' lang='lat' dir='ltr'><strong>monasterium</strong></span> 
     </span>
    </p>
   </div>
   <div class='ocr_carea' id='block_1_35' title="bbox 1912 622 3500 690">
    <p class='ocr_par' dir='ltr' id='par_1_35' title="bbox 1912 622 3500 690">
     <span class='ocr_line' id='line_1_35' title="bbox 1912 622 3500 690; baseline 0.01 -20"><span class='ocrx_word' id='word_1_259' title='bbox 1912 632 2089 681; x_wconf 90' lang='lat' dir='ltr'><strong>suum,</strong></span> <span class='ocrx_word' id='word_1_260' title='bbox 2123 622 2255 672; x_wconf 81' lang='lat' dir='ltr'><strong>vixit</strong></span> <span class='ocrx_word' id='word_1_261' title='bbox 2288 622 2338 674; x_wconf 92' lang='lat' dir='ltr'><strong>in</strong></span> <span class='ocrx_word' id='word_1_262' title='bbox 2381 638 2570 690; x_wconf 85' lang='lat' dir='ltr'><strong>magna</strong></span> <span class='ocrx_word' id='word_1_263' title='bbox 2616 623 2941 678; x_wconf 90' lang='lat' dir='ltr'><strong>continentia</strong></span> <span class='ocrx_word' id='word_1_264' title='bbox 2963 667 2976 687; x_wconf 93' lang='lat'><strong>,</strong></span> <span class='ocrx_word' id='word_1_265' title='bbox 3008 624 3279 681; x_wconf 81' lang='lat' dir='ltr'><strong>:edificans</strong></span> <span class='ocrx_word' id='word_1_266' title='bbox 3308 642 3500 686; x_wconf 81' lang='lat' dir='ltr'><strong>omnes</strong></span> 
     </span>
    </p>
   </div>
   <div class='ocr_carea' id='block_1_36' title="bbox 1915 710 3241 783">
    <p class='ocr_par' dir='ltr' id='par_1_36' title="bbox 1915 710 3241 783">
     <span class='ocr_line' id='line_1_36' title="bbox 1915 710 3241 783; baseline 0.008 -22"><span class='ocrx_word' id='word_1_267' title='bbox 1915 710 2035 763; x_wconf 75' lang='lat' dir='ltr'><strong>vita:</strong></span> <span class='ocrx_word' id='word_1_268' title='bbox 2062 724 2170 763; x_wconf 58' lang='lat' dir='ltr'><strong>suae</strong></span> <span class='ocrx_word' id='word_1_269' title='bbox 2195 712 2443 782; x_wconf 88' lang='lat' dir='ltr'><strong>exemplo</strong></span> <span class='ocrx_word' id='word_1_270' title='bbox 2472 729 2640 783; x_wconf 84' lang='lat' dir='ltr'><strong>usque</strong></span> <span class='ocrx_word' id='word_1_271' title='bbox 2668 716 2733 768; x_wconf 90' lang='lat' dir='ltr'><strong>ad</strong></span> <span class='ocrx_word' id='word_1_272' title='bbox 2765 715 2905 770; x_wconf 89' lang='lat' dir='ltr'><strong>diem</strong></span> <span class='ocrx_word' id='word_1_273' title='bbox 2935 716 3109 771; x_wconf 88' lang='lat' dir='ltr'><strong>obitus</strong></span> <span class='ocrx_word' id='word_1_274' title='bbox 3139 721 3241 772; x_wconf 89' lang='lat' dir='ltr'><strong>sui.</strong></span> 
     </span>
    </p>
   </div>
   <div class='ocr_carea' id='block_1_37' title="bbox 2520 828 2894 886">
    <p class='ocr_par' dir='ltr' id='par_1_37' title="bbox 2520 828 2894 886">
     <span class='ocr_line' id='line_1_37' title="bbox 2520 828 2894 886; baseline 0.016 -6"><span class='ocrx_word' id='word_1_275' title='bbox 2520 828 2744 885; x_wconf 66' lang='lat' dir='ltr'><strong>CAPUT</strong></span> <span class='ocrx_word' id='word_1_276' title='bbox 2784 831 2894 886; x_wconf 77' lang='lat' dir='ltr'><strong>Cll.</strong></span> 
     </span>
    </p>
   </div>
   <div class='ocr_carea' id='block_1_38' title="bbox 1920 913 3506 1003">
    <p class='ocr_par' dir='ltr' id='par_1_38' title="bbox 1920 913 3506 1003">
     <span class='ocr_line' id='line_1_38' title="bbox 1920 913 3506 1003; baseline 0.01 -36"><span class='ocrx_word' id='word_1_277' title='bbox 1920 913 2123 970; x_wconf 79' lang='lat' dir='ltr'><strong>Relatio</strong></span> <span class='ocrx_word' id='word_1_278' title='bbox 2170 917 2453 986; x_wconf 80' lang='lat' dir='ltr'><strong>Sapltronii</strong></span> <span class='ocrx_word' id='word_1_279' title='bbox 2497 921 2742 1003; x_wconf 74' lang='lat' dir='ltr'><strong>sophistae</strong></span> <span class='ocrx_word' id='word_1_280' title='bbox 2782 924 2846 976; x_wconf 77' lang='lat' dir='ltr'><strong>de</strong></span> <span class='ocrx_word' id='word_1_281' title='bbox 2887 940 2946 978; x_wconf 87' lang='lat' dir='ltr'><strong>eo</strong></span> <span class='ocrx_word' id='word_1_282' title='bbox 2989 925 3127 982; x_wconf 84' lang='lat' dir='ltr'><strong>auod</strong></span> <span class='ocrx_word' id='word_1_283' title='bbox 3174 927 3271 980; x_wconf 76' lang='lat' dir='ltr'><strong>sibi</strong></span> <span class='ocrx_word' id='word_1_284' title='bbox 3323 928 3375 981; x_wconf 86' lang='lat' dir='ltr'><strong>in</strong></span> <span class='ocrx_word' id='word_1_285' title='bbox 3424 930 3506 983; x_wconf 85' lang='lat' dir='ltr'><strong>via</strong></span> 
     </span>
    </p>
   </div>
   <div class='ocr_carea' id='block_1_39' title="bbox 2554 1004 2856 1063">
    <p class='ocr_par' dir='ltr' id='par_1_39' title="bbox 2554 1004 2856 1063">
     <span class='ocr_line' id='line_1_39' title="bbox 2554 1004 2856 1063; baseline 0.017 -20"><span class='ocrx_word' id='word_1_286' title='bbox 2554 1004 2856 1063; x_wconf 73' lang='lat' dir='ltr'><strong>contigerat.</strong></span> 
     </span>
    </p>
   </div>
   <div class='ocr_carea' id='block_1_40' title="bbox 1990 1076 3502 1159">
    <p class='ocr_par' dir='ltr' id='par_1_40' title="bbox 1990 1076 3502 1159">
     <span class='ocr_line' id='line_1_40' title="bbox 1990 1076 3502 1159; baseline 0.009 -28"><span class='ocrx_word' id='word_1_287' title='bbox 1990 1076 2123 1131; x_wconf 88' lang='lat' dir='ltr'><strong>Cum</strong></span> <span class='ocrx_word' id='word_1_288' title='bbox 2154 1076 2509 1146; x_wconf 80' lang='lat' dir='ltr'><strong>interrogatus</strong></span> <span class='ocrx_word' id='word_1_289' title='bbox 2531 1096 2673 1137; x_wconf 88' lang='lat' dir='ltr'><strong>esset</strong></span> <span class='ocrx_word' id='word_1_290' title='bbox 2703 1085 2867 1138; x_wconf 81' lang='lat' dir='ltr'><strong>abbas</strong></span> <span class='ocrx_word' id='word_1_291' title='bbox 2898 1084 3230 1152; x_wconf 78' lang='lat' dir='ltr'><strong>Sophronias</strong></span> <span class='ocrx_word' id='word_1_292' title='bbox 3261 1090 3502 1159; x_wconf 78' lang='lat' dir='ltr'><strong>sophista</strong></span> 
     </span>
    </p>
   </div>
   <div class='ocr_carea' id='block_1_41' title="bbox 1917 1166 3505 1250">
    <p class='ocr_par' dir='ltr' id='par_1_41' title="bbox 1917 1166 3505 1250">
     <span class='ocr_line' id='line_1_41' title="bbox 1917 1166 3505 1250; baseline 0.011 -31"><span class='ocrx_word' id='word_1_293' title='bbox 1917 1166 2086 1222; x_wconf 83' lang='lat' dir='ltr'><strong>frater</strong></span> <span class='ocrx_word' id='word_1_294' title='bbox 2116 1186 2289 1232; x_wconf 70' lang='lat' dir='ltr'><strong>meus,</strong></span> <span class='ocrx_word' id='word_1_295' title='bbox 2318 1172 2702 1230; x_wconf 82' lang='lat' dir='ltr'><strong>assistebatnns</strong></span> <span class='ocrx_word' id='word_1_296' title='bbox 2746 1192 2910 1246; x_wconf 91' lang='lat' dir='ltr'><strong>prope</strong></span> <span class='ocrx_word' id='word_1_297' title='bbox 2942 1180 3086 1232; x_wconf 91' lang='lat' dir='ltr'><strong>illum</strong></span> <span class='ocrx_word' id='word_1_298' title='bbox 3126 1196 3224 1250; x_wconf 82' lang='lat' dir='ltr'><strong>ego</strong></span> <span class='ocrx_word' id='word_1_299' title='bbox 3255 1192 3308 1235; x_wconf 91' lang='lat' dir='ltr'><strong>et</strong></span> <span class='ocrx_word' id='word_1_300' title='bbox 3336 1182 3505 1237; x_wconf 81' lang='lat' dir='ltr'><strong>abbas</strong></span> 
     </span>
    </p>
   </div>
   <div class='ocr_carea' id='block_1_42' title="bbox 1918 1259 3504 1343">
    <p class='ocr_par' dir='ltr' id='par_1_42' title="bbox 1918 1259 3504 1343">
     <span class='ocr_line' id='line_1_42' title="bbox 1918 1259 3504 1343; baseline 0.008 -30"><span class='ocrx_word' id='word_1_301' title='bbox 1918 1259 2158 1316; x_wconf 78' lang='lat' dir='ltr'><strong>Joannes</strong></span> <span class='ocrx_word' id='word_1_302' title='bbox 2205 1262 2580 1324; x_wconf 80' lang='lat' dir='ltr'><strong>scholasticus.</strong></span> <span class='ocrx_word' id='word_1_303' title='bbox 2612 1277 2667 1320; x_wconf 90' lang='lat' dir='ltr'><strong>et</strong></span> <span class='ocrx_word' id='word_1_304' title='bbox 2693 1268 2858 1322; x_wconf 83' lang='lat' dir='ltr'><strong>abbas</strong></span> <span class='ocrx_word' id='word_1_305' title='bbox 2886 1268 3153 1336; x_wconf 68' lang='lat' dir='ltr'><strong>Quirinus,</strong></span> <span class='ocrx_word' id='word_1_306' title='bbox 3184 1284 3239 1327; x_wconf 89' lang='lat' dir='ltr'><strong>et</strong></span> <span class='ocrx_word' id='word_1_307' title='bbox 3265 1274 3355 1328; x_wconf 84' lang='lat' dir='ltr'><strong>alii</strong></span> <span class='ocrx_word' id='word_1_308' title='bbox 3387 1275 3504 1343; x_wconf 63' lang='lat' dir='ltr'><strong>qui.</strong></span> 
     </span>
    </p>
   </div>
   <div class='ocr_carea' id='block_1_43' title="bbox 1918 1351 3507 1430">
    <p class='ocr_par' dir='ltr' id='par_1_43' title="bbox 1918 1351 3507 1430">
     <span class='ocr_line' id='line_1_43' title="bbox 1918 1351 3507 1430; baseline 0.009 -25"><span class='ocrx_word' id='word_1_309' title='bbox 1918 1351 2043 1405; x_wconf 90' lang='lat' dir='ltr'><strong>dam</strong></span> <span class='ocrx_word' id='word_1_310' title='bbox 2092 1367 2156 1407; x_wconf 88' lang='lat' dir='ltr'><strong>ex</strong></span> <span class='ocrx_word' id='word_1_311' title='bbox 2189 1353 2459 1420; x_wconf 88' lang='lat' dir='ltr'><strong>Patribns,</strong></span> <span class='ocrx_word' id='word_1_312' title='bbox 2503 1357 2741 1425; x_wconf 76' lang='lat' dir='ltr'><strong>dixitque</strong></span> <span class='ocrx_word' id='word_1_313' title='bbox 2772 1360 2925 1422; x_wconf 87' lang='lat' dir='ltr'><strong>nobis</strong></span> <span class='ocrx_word' id='word_1_314' title='bbox 2960 1379 2973 1415; x_wconf 90' lang='lat'><strong>:</strong></span> <span class='ocrx_word' id='word_1_315' title='bbox 3006 1363 3295 1430; x_wconf 76' lang='lat' dir='ltr'><strong>Pergebam</strong></span> <span class='ocrx_word' id='word_1_316' title='bbox 3346 1366 3507 1420; x_wconf 90' lang='lat' dir='ltr'><strong>modo</strong></span> 
     </span>
    </p>
   </div>
   <div class='ocr_carea' id='block_1_44' title="bbox 1918 1442 3506 1525">
    <p class='ocr_par' dir='ltr' id='par_1_44' title="bbox 1918 1442 3506 1525">
     <span class='ocr_line' id='line_1_44' title="bbox 1918 1442 3506 1525; baseline 0.01 -30"><span class='ocrx_word' id='word_1_317' title='bbox 1918 1442 1973 1496; x_wconf 89' lang='lat' dir='ltr'><strong>iu</strong></span> <span class='ocrx_word' id='word_1_318' title='bbox 2009 1442 2117 1505; x_wconf 90' lang='lat' dir='ltr'><strong>via,</strong></span> <span class='ocrx_word' id='word_1_319' title='bbox 2152 1453 2205 1497; x_wconf 89' lang='lat' dir='ltr'><strong>et</strong></span> <span class='ocrx_word' id='word_1_320' title='bbox 2229 1454 2354 1499; x_wconf 90' lang='lat' dir='ltr'><strong>ante</strong></span> <span class='ocrx_word' id='word_1_321' title='bbox 2400 1462 2485 1500; x_wconf 90' lang='lat' dir='ltr'><strong>me</strong></span> <span class='ocrx_word' id='word_1_322' title='bbox 2515 1448 2925 1504; x_wconf 77' lang='lat' dir='ltr'><strong>adulescentula:</strong></span> <span class='ocrx_word' id='word_1_323' title='bbox 2971 1457 3222 1508; x_wconf 87' lang='lat' dir='ltr'><strong>choreatn</strong></span> <span class='ocrx_word' id='word_1_324' title='bbox 3255 1456 3506 1525; x_wconf 81' lang='lat' dir='ltr'><strong>agebant,</strong></span> 
     </span>
    </p>
   </div>
   <div class='ocr_carea' id='block_1_45' title="bbox 1926 1536 3509 1621">
    <p class='ocr_par' dir='ltr' id='par_1_45' title="bbox 1926 1536 3509 1621">
     <span class='ocr_line' id='line_1_45' title="bbox 1926 1536 3509 1621; baseline 0.011 -32"><span class='ocrx_word' id='word_1_325' title='bbox 1926 1536 2389 1607; x_wconf 83' lang='lat' dir='ltr'><strong>tripudiabantqne</strong></span> <span class='ocrx_word' id='word_1_326' title='bbox 2416 1541 2658 1597; x_wconf 86' lang='lat' dir='ltr'><strong>dicentes</strong></span> <span class='ocrx_word' id='word_1_327' title='bbox 2688 1561 2700 1597; x_wconf 90' lang='lat'>:</span> <span class='ocrx_word' id='word_1_328' title='bbox 2736 1545 2879 1601; x_wconf 85' lang='lat' dir='ltr'><strong>Bene</strong></span> <span class='ocrx_word' id='word_1_329' title='bbox 2917 1548 3095 1602; x_wconf 87' lang='lat' dir='ltr'><strong>veniat</strong></span> <span class='ocrx_word' id='word_1_330' title='bbox 3132 1549 3509 1621; x_wconf 80' lang='lat' dir='ltr'><strong>Sophronius;</strong></span> 
     </span>
    </p>
   </div>
   <div class='ocr_carea' id='block_1_46' title="bbox 1922 1635 2707 1703">
    <p class='ocr_par' dir='ltr' id='par_1_46' title="bbox 1922 1635 2707 1703">
     <span class='ocr_line' id='line_1_46' title="bbox 1922 1635 2707 1703; baseline 0.006 -17"><span class='ocrx_word' id='word_1_331' title='bbox 1922 1642 2211 1687; x_wconf 86' lang='lat' dir='ltr'><strong>coronatus</strong></span> <span class='ocrx_word' id='word_1_332' title='bbox 2240 1643 2321 1688; x_wconf 90' lang='lat' dir='ltr'><strong>est</strong></span> <span class='ocrx_word' id='word_1_333' title='bbox 2348 1635 2707 1703; x_wconf 86' lang='lat' dir='ltr'><strong>Sephronius.</strong></span> 
     </span>
    </p>
   </div>
   <div class='ocr_carea' id='block_1_47' title="bbox 2523 1749 2904 1806">
    <p class='ocr_par' dir='ltr' id='par_1_47' title="bbox 2523 1749 2904 1806">
     <span class='ocr_line' id='line_1_47' title="bbox 2523 1749 2904 1806; baseline 0.008 -4"><span class='ocrx_word' id='word_1_334' title='bbox 2523 1749 2749 1806; x_wconf 82' lang='lat' dir='ltr'><strong>CAPUT</strong></span> <span class='ocrx_word' id='word_1_335' title='bbox 2777 1751 2904 1805; x_wconf 86' lang='lat' dir='ltr'><strong>CIH.</strong></span> 
     </span>
    </p>
   </div>
   <div class='ocr_carea' id='block_1_48' title="bbox 2251 1837 3185 1916">
    <p class='ocr_par' dir='ltr' id='par_1_48' title="bbox 2251 1837 3185 1916">
     <span class='ocr_line' id='line_1_48' title="bbox 2251 1837 3185 1916; baseline 0.006 -23"><span class='ocrx_word' id='word_1_336' title='bbox 2251 1837 2371 1893; x_wconf 87' lang='lat' dir='ltr'><strong>Vita</strong></span> <span class='ocrx_word' id='word_1_337' title='bbox 2401 1848 2448 1894; x_wconf 85' lang='lat' dir='ltr'><strong>et</strong></span> <span class='ocrx_word' id='word_1_338' title='bbox 2480 1840 2687 1895; x_wconf 76' lang='lat' dir='ltr'><strong>virtutes</strong></span> <span class='ocrx_word' id='word_1_339' title='bbox 2711 1844 2907 1897; x_wconf 80' lang='lat' dir='ltr'><strong>abbatis</strong></span> <span class='ocrx_word' id='word_1_340' title='bbox 2929 1844 3185 1916; x_wconf 85' lang='lat' dir='ltr'><strong>Stratigtt.</strong></span> 
     </span>
    </p>
   </div>
   <div class='ocr_carea' id='block_1_49' title="bbox 1993 1918 3511 2012">
    <p class='ocr_par' dir='ltr' id='par_1_49' title="bbox 1993 1918 3511 2012">
     <span class='ocr_line' id='line_1_49' title="bbox 1993 1918 3511 2012; baseline 0.012 -32"><span class='ocrx_word' id='word_1_341' title='bbox 1993 1929 2156 2000; x_wconf 77' lang='lat'><strong>892</strong></span> <span class='ocrx_word' id='word_1_342' title='bbox 2195 1918 2455 1985; x_wconf 81' lang='lat' dir='ltr'><strong>Dicebant</strong></span> <span class='ocrx_word' id='word_1_343' title='bbox 2488 1932 2555 1987; x_wconf 90' lang='lat' dir='ltr'><strong>de</strong></span> <span class='ocrx_word' id='word_1_344' title='bbox 2581 1934 2773 1989; x_wconf 88' lang='lat' dir='ltr'><strong>abbate</strong></span> <span class='ocrx_word' id='word_1_345' title='bbox 2794 1936 3065 2005; x_wconf 87' lang='lat' dir='ltr'><strong>Stratigio,</strong></span> <span class='ocrx_word' id='word_1_346' title='bbox 3098 1937 3255 1993; x_wconf 85' lang='lat' dir='ltr'><strong>Patre</strong></span> <span class='ocrx_word' id='word_1_347' title='bbox 3286 1939 3511 2012; x_wconf 78' lang='lat' dir='ltr'><strong>insignis</strong></span> 
     </span>
    </p>
   </div>
   <div class='ocr_carea' id='block_1_50' title="bbox 1924 2022 3513 2097">
    <p class='ocr_par' dir='ltr' id='par_1_50' title="bbox 1924 2022 3513 2097">
     <span class='ocr_line' id='line_1_50' title="bbox 1924 2022 3513 2097; baseline 0.011 -25"><span class='ocrx_word' id='word_1_348' title='bbox 1924 2022 2234 2076; x_wconf 88' lang='lat' dir='ltr'><strong>monasterii</strong></span> <span class='ocrx_word' id='word_1_349' title='bbox 2266 2025 2439 2079; x_wconf 90' lang='lat' dir='ltr'><strong>sancti</strong></span> <span class='ocrx_word' id='word_1_350' title='bbox 2472 2025 2643 2079; x_wconf 84' lang='lat' dir='ltr'><strong>Patris</strong></span> <span class='ocrx_word' id='word_1_351' title='bbox 2672 2029 2839 2081; x_wconf 88' lang='lat' dir='ltr'><strong>nostri</strong></span> <span class='ocrx_word' id='word_1_352' title='bbox 2862 2029 3173 2097; x_wconf 85' lang='lat' dir='ltr'><strong>Theodosii,</strong></span> <span class='ocrx_word' id='word_1_353' title='bbox 3199 2034 3513 2090; x_wconf 84' lang='lat' dir='ltr'><strong>monasterii</strong></span> 
     </span>
    </p>
   </div>
   <div class='ocr_carea' id='block_1_51' title="bbox 1923 2114 3507 2197">
    <p class='ocr_par' dir='ltr' id='par_1_51' title="bbox 1923 2114 3507 2197">
     <span class='ocr_line' id='line_1_51' title="bbox 1923 2114 3507 2197; baseline 0.006 -28"><span class='ocrx_word' id='word_1_354' title='bbox 1923 2114 2091 2184; x_wconf 83' lang='lat' dir='ltr'><strong>ipsius</strong></span> <span class='ocrx_word' id='word_1_355' title='bbox 2116 2115 2318 2183; x_wconf 84' lang='lat' dir='ltr'><strong>Patres,</strong></span> <span class='ocrx_word' id='word_1_356' title='bbox 2344 2118 2485 2188; x_wconf 88' lang='lat' dir='ltr'><strong>quod</strong></span> <span class='ocrx_word' id='word_1_357' title='bbox 2515 2126 2621 2173; x_wconf 88' lang='lat' dir='ltr'><strong>tres</strong></span> <span class='ocrx_word' id='word_1_358' title='bbox 2643 2119 2773 2174; x_wconf 88' lang='lat' dir='ltr'><strong>istas</strong></span> <span class='ocrx_word' id='word_1_359' title='bbox 2789 2122 3014 2176; x_wconf 84' lang='lat' dir='ltr'><strong>virtutes</strong></span> <span class='ocrx_word' id='word_1_360' title='bbox 3036 2123 3507 2197; x_wconf 87' lang='lat' dir='ltr'><strong>possederitsupra</strong></span> 
     </span>
    </p>
   </div>
   <div class='ocr_carea' id='block_1_52' title="bbox 1924 2208 3513 2287">
    <p class='ocr_par' dir='ltr' id='par_1_52' title="bbox 1924 2208 3513 2287">
     <span class='ocr_line' id='line_1_52' title="bbox 1924 2208 3513 2287; baseline 0.011 -29"><span class='ocrx_word' id='word_1_361' title='bbox 1924 2208 2098 2261; x_wconf 66' lang='lat' dir='ltr'><strong>astatis</strong></span> <span class='ocrx_word' id='word_1_362' title='bbox 2152 2217 2352 2264; x_wconf 75' lang='lat' dir='ltr'><strong>nostra:</strong></span> <span class='ocrx_word' id='word_1_363' title='bbox 2414 2209 2742 2277; x_wconf 81' lang='lat' dir='ltr'><strong>monachos,</strong></span> <span class='ocrx_word' id='word_1_364' title='bbox 2804 2212 3104 2282; x_wconf 82' lang='lat' dir='ltr'><strong>jejunium,</strong></span> <span class='ocrx_word' id='word_1_365' title='bbox 3149 2215 3398 2287; x_wconf 77' lang='lat' dir='ltr'><strong>vigilias,</strong></span> <span class='ocrx_word' id='word_1_366' title='bbox 3458 2224 3513 2275; x_wconf 84' lang='lat' dir='ltr'><strong>et</strong></span> 
     </span>
    </p>
   </div>
   <div class='ocr_carea' id='block_1_53' title="bbox 1924 2297 2238 2370">
    <p class='ocr_par' dir='ltr' id='par_1_53' title="bbox 1924 2297 2238 2370">
     <span class='ocr_line' id='line_1_53' title="bbox 1924 2297 2238 2370; baseline 0.013 -19"><span class='ocrx_word' id='word_1_367' title='bbox 1924 2297 2053 2369; x_wconf 89' lang='lat' dir='ltr'><strong>j&#39;uge</strong></span> <span class='ocrx_word' id='word_1_368' title='bbox 2083 2314 2238 2370; x_wconf 87' lang='lat' dir='ltr'><strong>opus.</strong></span> 
     </span>
    </p>
   </div>
   <div class='ocr_carea' id='block_1_54' title="bbox 2531 2372 2922 2430">
    <p class='ocr_par' dir='ltr' id='par_1_54' title="bbox 2531 2372 2922 2430">
     <span class='ocr_line' id='line_1_54' title="bbox 2531 2372 2922 2430; baseline 0.008 -3"><span class='ocrx_word' id='word_1_369' title='bbox 2531 2372 2758 2430; x_wconf 82' lang='lat' dir='ltr'><strong>CAPUT</strong></span> <span class='ocrx_word' id='word_1_370' title='bbox 2788 2374 2922 2429; x_wconf 71' lang='lat' dir='ltr'><strong>CIV.</strong></span> 
     </span>
    </p>
   </div>
   <div class='ocr_carea' id='block_1_55' title="bbox 2281 2461 3150 2539">
    <p class='ocr_par' dir='ltr' id='par_1_55' title="bbox 2281 2461 3150 2539">
     <span class='ocr_line' id='line_1_55' title="bbox 2281 2461 3150 2539; baseline 0.009 -23"><span class='ocrx_word' id='word_1_371' title='bbox 2281 2461 2399 2517; x_wconf 81' lang='lat' dir='ltr'><strong>Vita</strong></span> <span class='ocrx_word' id='word_1_372' title='bbox 2423 2464 2620 2520; x_wconf 79' lang='lat' dir='ltr'><strong>abbatis</strong></span> <span class='ocrx_word' id='word_1_373' title='bbox 2654 2466 2828 2521; x_wconf 86' lang='lat' dir='ltr'><strong>Nonni</strong></span> <span class='ocrx_word' id='word_1_374' title='bbox 2850 2471 3150 2539; x_wconf 78' lang='lat' dir='ltr'><strong>presbyteri.</strong></span> 
     </span>
    </p>
   </div>
   <div class='ocr_carea' id='block_1_56' title="bbox 1996 2554 3515 2623">
    <p class='ocr_par' dir='ltr' id='par_1_56' title="bbox 1996 2554 3515 2623">
     <span class='ocr_line' id='line_1_56' title="bbox 1996 2554 3515 2623; baseline 0.007 -12"><span class='ocrx_word' id='word_1_375' title='bbox 1996 2554 2245 2611; x_wconf 82' lang='lat' dir='ltr'><strong>Narravit</strong></span> <span class='ocrx_word' id='word_1_376' title='bbox 2292 2558 2448 2612; x_wconf 89' lang='lat' dir='ltr'><strong>nobis</strong></span> <span class='ocrx_word' id='word_1_377' title='bbox 2500 2560 2551 2613; x_wconf 90' lang='lat' dir='ltr'><strong>in</strong></span> <span class='ocrx_word' id='word_1_378' title='bbox 2600 2561 2849 2616; x_wconf 77' lang='lat' dir='ltr'><strong>cmnobio</strong></span> <span class='ocrx_word' id='word_1_379' title='bbox 2895 2564 3067 2618; x_wconf 88' lang='lat' dir='ltr'><strong>sancti</strong></span> <span class='ocrx_word' id='word_1_380' title='bbox 3118 2564 3296 2620; x_wconf 90' lang='lat' dir='ltr'><strong>Patris</strong></span> <span class='ocrx_word' id='word_1_381' title='bbox 3346 2566 3515 2623; x_wconf 91' lang='lat' dir='ltr'><strong>nostri</strong></span> 
     </span>
    </p>
   </div>
   <div class='ocr_carea' id='block_1_57' title="bbox 1925 2646 3515 2726">
    <p class='ocr_par' dir='ltr' id='par_1_57' title="bbox 1925 2646 3515 2726">
     <span class='ocr_line' id='line_1_57' title="bbox 1925 2646 3515 2726; baseline 0.008 -25"><span class='ocrx_word' id='word_1_382' title='bbox 1925 2646 2236 2714; x_wconf 83' lang='lat' dir='ltr'><strong>Theodosii,</strong></span> <span class='ocrx_word' id='word_1_383' title='bbox 2268 2648 2434 2703; x_wconf 88' lang='lat' dir='ltr'><strong>abbas</strong></span> <span class='ocrx_word' id='word_1_384' title='bbox 2463 2649 2819 2713; x_wconf 83' lang='lat' dir='ltr'><strong>Theodosius,</strong></span> <span class='ocrx_word' id='word_1_385' title='bbox 2847 2655 2934 2724; x_wconf 91' lang='lat' dir='ltr'><strong>qui</strong></span> <span class='ocrx_word' id='word_1_386' title='bbox 2966 2655 3062 2709; x_wconf 91' lang='lat' dir='ltr'><strong>fuit</strong></span> <span class='ocrx_word' id='word_1_387' title='bbox 3099 2656 3381 2726; x_wconf 88' lang='lat' dir='ltr'><strong>episcopus</strong></span> <span class='ocrx_word' id='word_1_388' title='bbox 3409 2656 3515 2715; x_wconf 82' lang='lat' dir='ltr'><strong>Ca-</strong></span> 
     </span>
    </p>
   </div>
   <div class='ocr_carea' id='block_1_58' title="bbox 1928 2738 3517 2818">
    <p class='ocr_par' dir='ltr' id='par_1_58' title="bbox 1928 2738 3517 2818">
     <span class='ocr_line' id='line_1_58' title="bbox 1928 2738 3517 2818; baseline 0.008 -26"><span class='ocrx_word' id='word_1_389' title='bbox 1928 2738 2224 2807; x_wconf 88' lang='lat' dir='ltr'><strong>pituliadis,</strong></span> <span class='ocrx_word' id='word_1_390' title='bbox 2256 2739 2325 2794; x_wconf 90' lang='lat' dir='ltr'><strong>de</strong></span> <span class='ocrx_word' id='word_1_391' title='bbox 2354 2742 2548 2796; x_wconf 88' lang='lat' dir='ltr'><strong>abbate</strong></span> <span class='ocrx_word' id='word_1_392' title='bbox 2596 2742 2785 2798; x_wconf 88' lang='lat' dir='ltr'><strong>Nonno</strong></span> <span class='ocrx_word' id='word_1_393' title='bbox 2817 2747 3150 2817; x_wconf 87' lang='lat' dir='ltr'><strong>presbytero,</strong></span> <span class='ocrx_word' id='word_1_394' title='bbox 3183 2750 3326 2818; x_wconf 90' lang='lat' dir='ltr'><strong>quod</strong></span> <span class='ocrx_word' id='word_1_395' title='bbox 3358 2757 3517 2805; x_wconf 85' lang='lat' dir='ltr'><strong>nocte</strong></span> 
     </span>
    </p>
   </div>
   <div class='ocr_carea' id='block_1_59' title="bbox 1924 2830 3513 2909">
    <p class='ocr_par' dir='ltr' id='par_1_59' title="bbox 1924 2830 3513 2909">
     <span class='ocr_line' id='line_1_59' title="bbox 1924 2830 3513 2909; baseline 0.009 -27"><span class='ocrx_word' id='word_1_396' title='bbox 1924 2830 2176 2899; x_wconf 88' lang='lat' dir='ltr'><strong>quadam,</strong></span> <span class='ocrx_word' id='word_1_397' title='bbox 2202 2840 2484 2901; x_wconf 91' lang='lat' dir='ltr'><strong>antequam</strong></span> <span class='ocrx_word' id='word_1_398' title='bbox 2510 2834 2745 2902; x_wconf 86' lang='lat' dir='ltr'><strong>pulsaret</strong></span> <span class='ocrx_word' id='word_1_399' title='bbox 2776 2846 3092 2892; x_wconf 90' lang='lat' dir='ltr'><strong>nocturnum</strong></span> <span class='ocrx_word' id='word_1_400' title='bbox 3120 2841 3349 2909; x_wconf 83' lang='lat' dir='ltr'><strong>signum,</strong></span> <span class='ocrx_word' id='word_1_401' title='bbox 3383 2842 3513 2896; x_wconf 88' lang='lat' dir='ltr'><strong>dum</strong></span> 
     </span>
    </p>
   </div>
   <div class='ocr_carea' id='block_1_60' title="bbox 1922 2920 3515 2999">
    <p class='ocr_par' dir='ltr' id='par_1_60' title="bbox 1922 2920 3515 2999">
     <span class='ocr_line' id='line_1_60' title="bbox 1922 2920 3515 2999; baseline 0.008 -24"><span class='ocrx_word' id='word_1_402' title='bbox 1922 2920 2127 2990; x_wconf 79' lang='lat' dir='ltr'><strong>iaceret</strong></span> <span class='ocrx_word' id='word_1_403' title='bbox 2159 2922 2271 2990; x_wconf 89' lang='lat' dir='ltr'><strong>ipse</strong></span> <span class='ocrx_word' id='word_1_404' title='bbox 2298 2924 2349 2976; x_wconf 92' lang='lat' dir='ltr'><strong>in</strong></span> <span class='ocrx_word' id='word_1_405' title='bbox 2380 2923 2575 2979; x_wconf 90' lang='lat' dir='ltr'><strong>lectulo</strong></span> <span class='ocrx_word' id='word_1_406' title='bbox 2595 2940 2713 2990; x_wconf 89' lang='lat' dir='ltr'><strong>suo,</strong></span> <span class='ocrx_word' id='word_1_407' title='bbox 2746 2927 2947 2981; x_wconf 86' lang='lat' dir='ltr'><strong>audivit</strong></span> <span class='ocrx_word' id='word_1_408' title='bbox 2973 2931 3256 2999; x_wconf 88' lang='lat' dir='ltr'><strong>quemdam</strong></span> <span class='ocrx_word' id='word_1_409' title='bbox 3287 2932 3391 2987; x_wconf 90' lang='lat' dir='ltr'><strong>leni</strong></span> <span class='ocrx_word' id='word_1_410' title='bbox 3422 2949 3515 2987; x_wconf 87' lang='lat' dir='ltr'><strong>vo—</strong></span> 
     </span>
    </p>
   </div>
   <div class='ocr_carea' id='block_1_61' title="bbox 1925 3012 3515 3095">
    <p class='ocr_par' dir='ltr' id='par_1_61' title="bbox 1925 3012 3515 3095">
     <span class='ocr_line' id='line_1_61' title="bbox 1925 3012 3515 3095; baseline 0.011 -31"><span class='ocrx_word' id='word_1_411' title='bbox 1925 3026 1992 3065; x_wconf 89' lang='lat' dir='ltr'><strong>ce</strong></span> <span class='ocrx_word' id='word_1_412' title='bbox 2038 3012 2338 3079; x_wconf 89' lang='lat' dir='ltr'><strong>dicentem,</strong></span> <span class='ocrx_word' id='word_1_413' title='bbox 2368 3014 2531 3085; x_wconf 86' lang='lat' dir='ltr'><strong>Kyrie</strong></span> <span class='ocrx_word' id='word_1_414' title='bbox 2578 3017 2804 3071; x_wconf 85' lang='lat' dir='ltr'><strong>eleison.</strong></span> <span class='ocrx_word' id='word_1_415' title='bbox 2854 3019 3091 3089; x_wconf 88' lang='lat' dir='ltr'><strong>Cumque</strong></span> <span class='ocrx_word' id='word_1_416' title='bbox 3134 3023 3515 3095; x_wconf 82' lang='lat' dir='ltr'><strong>quinquaginta</strong></span> 
     </span>
    </p>
   </div>
   <div class='ocr_carea' id='block_1_62' title="bbox 1927 3100 3517 3199">
    <p class='ocr_par' dir='ltr' id='par_1_62' title="bbox 1927 3100 3517 3199">
     <span class='ocr_line' id='line_1_62' title="bbox 1927 3100 3517 3199; baseline 0.012 -46"><span class='ocrx_word' id='word_1_417' title='bbox 1927 3100 2133 3156; x_wconf 89' lang='lat' dir='ltr'><strong>vicibus</strong></span> <span class='ocrx_word' id='word_1_418' title='bbox 2158 3103 2261 3157; x_wconf 89' lang='lat' dir='ltr'><strong>hoc</strong></span> <span class='ocrx_word' id='word_1_419' title='bbox 2289 3104 2380 3159; x_wconf 91' lang='lat' dir='ltr'><strong>ille</strong></span> <span class='ocrx_word' id='word_1_420' title='bbox 2411 3105 2678 3171; x_wconf 89' lang='lat' dir='ltr'><strong>iterasset,</strong></span> <span class='ocrx_word' id='word_1_421' title='bbox 2711 3108 2883 3164; x_wconf 89' lang='lat' dir='ltr'><strong>voluit</strong></span> <span class='ocrx_word' id='word_1_422' title='bbox 2906 3113 3021 3180; x_wconf 91' lang='lat' dir='ltr'><strong>ipse</strong></span> <span class='ocrx_word' id='word_1_423' title='bbox 3050 3114 3191 3169; x_wconf 88' lang='lat' dir='ltr'><strong>scire</strong></span> <span class='ocrx_word' id='word_1_424' title='bbox 3221 3118 3339 3185; x_wconf 90' lang='lat' dir='ltr'><strong>quis</strong></span> <span class='ocrx_word' id='word_1_425' title='bbox 3368 3126 3517 3199; x_wconf 66' lang='lat' dir='ltr'><strong>esset</strong></span> 
     </span>
    </p>
   </div>
   <div class='ocr_carea' id='block_1_63' title="bbox 239 3191 1827 3273">
    <p class='ocr_par' dir='ltr' id='par_1_63' title="bbox 239 3201 1825 3271">
     <span class='ocr_line' id='line_1_63' title="bbox 239 3201 1825 3271; baseline 0.001 -15"><span class='ocrx_word' id='word_1_426' title='bbox 239 3213 395 3267; x_wconf 86' lang='lat' dir='ltr'><strong>runt,</strong></span> <span class='ocrx_word' id='word_1_427' title='bbox 422 3218 547 3257; x_wconf 89' lang='lat' dir='ltr'><strong>cum</strong></span> <span class='ocrx_word' id='word_1_428' title='bbox 580 3202 711 3256; x_wconf 91' lang='lat' dir='ltr'><strong>nihil</strong></span> <span class='ocrx_word' id='word_1_429' title='bbox 739 3202 954 3256; x_wconf 91' lang='lat' dir='ltr'><strong>omnino</strong></span> <span class='ocrx_word' id='word_1_430' title='bbox 983 3213 1248 3271; x_wconf 87' lang='lat' dir='ltr'><strong>gustasset</strong></span> <span class='ocrx_word' id='word_1_431' title='bbox 1277 3202 1457 3256; x_wconf 88' lang='lat' dir='ltr'><strong>senior</strong></span> <span class='ocrx_word' id='word_1_432' title='bbox 1485 3204 1538 3256; x_wconf 92' lang='lat' dir='ltr'><strong>in</strong></span> <span class='ocrx_word' id='word_1_433' title='bbox 1573 3202 1672 3257; x_wconf 88' lang='lat' dir='ltr'><strong>via.</strong></span> <span class='ocrx_word' id='word_1_434' title='bbox 1694 3201 1825 3259; x_wconf 87' lang='lat' dir='ltr'><strong>Cum</strong></span> 
     </span>
    </p>
   </div>
   <div class='ocr_carea' id='block_1_64' title="bbox 1935 3191 3514 3273">
    <p class='ocr_par' dir='ltr' id='par_1_64' title="bbox 1935 3191 3514 3273">
     <span class='ocr_line' id='line_1_64' title="bbox 1935 3191 3514 3273; baseline 0.013 -29"><span class='ocrx_word' id='word_1_435' title='bbox 1935 3194 2019 3261; x_wconf 88' lang='lat' dir='ltr'><strong>qui</strong></span> <span class='ocrx_word' id='word_1_436' title='bbox 2069 3192 2172 3248; x_wconf 89' lang='lat' dir='ltr'><strong>hoc</strong></span> <span class='ocrx_word' id='word_1_437' title='bbox 2200 3194 2431 3251; x_wconf 90' lang='lat' dir='ltr'><strong>diccbat.</strong></span> <span class='ocrx_word' id='word_1_438' title='bbox 2467 3198 2535 3251; x_wconf 88' lang='lat' dir='ltr'><strong>Et</strong></span> <span class='ocrx_word' id='word_1_439' title='bbox 2580 3197 2867 3269; x_wconf 87' lang='lat' dir='ltr'><strong>aspiciens,</strong></span> <span class='ocrx_word' id='word_1_440' title='bbox 2901 3204 3092 3273; x_wconf 89' lang='lat' dir='ltr'><strong>inquit,</strong></span> <span class='ocrx_word' id='word_1_441' title='bbox 3126 3209 3177 3261; x_wconf 91' lang='lat' dir='ltr'><strong>in</strong></span> <span class='ocrx_word' id='word_1_442' title='bbox 3226 3191 3514 3265; x_wconf 82' lang='lat' dir='ltr'><strong>ecclesiam</strong></span> 
     </span>
    </p>
   </div>
   <div class='ocr_carea' id='block_1_65' title="bbox 242 3292 1828 3361">
    <p class='ocr_par' dir='ltr' id='par_1_65' title="bbox 242 3292 1828 3361">
     <span class='ocr_line' id='line_1_65' title="bbox 242 3292 1828 3361; baseline 0.001 -16"><span class='ocrx_word' id='word_1_443' title='bbox 242 3307 379 3346; x_wconf 86' lang='lat' dir='ltr'><strong>vero</strong></span> <span class='ocrx_word' id='word_1_444' title='bbox 426 3293 479 3345; x_wconf 92' lang='lat' dir='ltr'><strong>in</strong></span> <span class='ocrx_word' id='word_1_445' title='bbox 506 3301 689 3347; x_wconf 88' lang='lat' dir='ltr'><strong>sancta</strong></span> <span class='ocrx_word' id='word_1_446' title='bbox 722 3292 917 3346; x_wconf 88' lang='lat' dir='ltr'><strong>Christi</strong></span> <span class='ocrx_word' id='word_1_447' title='bbox 950 3293 1043 3348; x_wconf 88' lang='lat' dir='ltr'><strong>Dei</strong></span> <span class='ocrx_word' id='word_1_448' title='bbox 1077 3292 1243 3346; x_wconf 91' lang='lat' dir='ltr'><strong>nostri</strong></span> <span class='ocrx_word' id='word_1_449' title='bbox 1277 3292 1667 3347; x_wconf 88' lang='lat' dir='ltr'><strong>resurrectione</strong></span> <span class='ocrx_word' id='word_1_450' title='bbox 1707 3308 1828 3361; x_wconf 80' lang='lat' dir='ltr'><strong>per-</strong></span> 
     </span>
    </p>
   </div>
   <div class='ocr_carea' id='block_1_66' title="bbox 237 3382 1829 3454">
    <p class='ocr_par' dir='ltr' id='par_1_66' title="bbox 237 3382 1829 3454">
     <span class='ocr_line' id='line_1_66' title="bbox 237 3382 1829 3454; baseline 0.003 -17"><span class='ocrx_word' id='word_1_451' title='bbox 237 3382 483 3450; x_wconf 83' lang='lat' dir='ltr'><strong>cepisset</strong></span> <span class='ocrx_word' id='word_1_452' title='bbox 506 3384 806 3437; x_wconf 86' lang='lat' dir='ltr'><strong>veneranda</strong></span> <span class='ocrx_word' id='word_1_453' title='bbox 839 3382 1112 3454; x_wconf 78' lang='lat' dir='ltr'><strong>mysteria,</strong></span> <span class='ocrx_word' id='word_1_454' title='bbox 1145 3392 1270 3437; x_wconf 90' lang='lat' dir='ltr'><strong>tunc</strong></span> <span class='ocrx_word' id='word_1_455' title='bbox 1300 3382 1513 3437; x_wconf 88' lang='lat' dir='ltr'><strong>demum</strong></span> <span class='ocrx_word' id='word_1_456' title='bbox 1541 3386 1744 3453; x_wconf 87' lang='lat' dir='ltr'><strong>accepit</strong></span> <span class='ocrx_word' id='word_1_457' title='bbox 1774 3396 1829 3441; x_wconf 88' lang='lat' dir='ltr'><strong>et</strong></span> 
     </span>
    </p>
   </div>
   <div class='ocr_carea' id='block_1_67' title="bbox 234 3473 1827 3545">
    <p class='ocr_par' dir='ltr' id='par_1_67' title="bbox 234 3473 1827 3545">
     <span class='ocr_line' id='line_1_67' title="bbox 234 3473 1827 3545; baseline 0.003 -19"><span class='ocrx_word' id='word_1_458' title='bbox 234 3473 441 3528; x_wconf 85' lang='lat' dir='ltr'><strong>cibum.</strong></span> <span class='ocrx_word' id='word_1_459' title='bbox 468 3473 523 3528; x_wconf 89' lang='lat' dir='ltr'><strong>In</strong></span> <span class='ocrx_word' id='word_1_460' title='bbox 554 3475 657 3529; x_wconf 87' lang='lat' dir='ltr'><strong>hoc</strong></span> <span class='ocrx_word' id='word_1_461' title='bbox 686 3490 813 3545; x_wconf 90' lang='lat' dir='ltr'><strong>ergo</strong></span> <span class='ocrx_word' id='word_1_462' title='bbox 844 3486 953 3530; x_wconf 92' lang='lat' dir='ltr'><strong>toto</strong></span> <span class='ocrx_word' id='word_1_463' title='bbox 982 3475 1075 3529; x_wconf 88' lang='lat' dir='ltr'><strong>tali</strong></span> <span class='ocrx_word' id='word_1_464' title='bbox 1104 3484 1352 3544; x_wconf 86' lang='lat' dir='ltr'><strong>tantoque</strong></span> <span class='ocrx_word' id='word_1_465' title='bbox 1382 3476 1570 3530; x_wconf 86' lang='lat' dir='ltr'><strong>itinere</strong></span> <span class='ocrx_word' id='word_1_466' title='bbox 1592 3476 1694 3529; x_wconf 83' lang='lat' dir='ltr'><strong>nisi</strong></span> <span class='ocrx_word' id='word_1_467' title='bbox 1722 3485 1827 3530; x_wconf 67' lang='lat' dir='ltr'><strong>ter-</strong></span> 
     </span>
    </p>
   </div>
   <div class='ocr_carea' id='block_1_68' title="bbox 230 3568 1824 3634">
    <p class='ocr_par' dir='ltr' id='par_1_68' title="bbox 230 3568 1824 3634">
     <span class='ocr_line' id='line_1_68' title="bbox 230 3568 1824 3634; baseline 0.003 -14"><span class='ocrx_word' id='word_1_468' title='bbox 230 3568 305 3621; x_wconf 92' lang='lat' dir='ltr'><strong>tio</strong></span> <span class='ocrx_word' id='word_1_469' title='bbox 333 3583 444 3621; x_wconf 88' lang='lat' dir='ltr'><strong>non</strong></span> <span class='ocrx_word' id='word_1_470' title='bbox 473 3570 706 3623; x_wconf 89' lang='lat' dir='ltr'><strong>comedit</strong></span> <span class='ocrx_word' id='word_1_471' title='bbox 744 3569 1110 3634; x_wconf 79' lang='lat' dir='ltr'><strong>senex,semel</strong></span> <span class='ocrx_word' id='word_1_472' title='bbox 1134 3569 1184 3622; x_wconf 91' lang='lat' dir='ltr'><strong>in</strong></span> <span class='ocrx_word' id='word_1_473' title='bbox 1212 3569 1334 3623; x_wconf 88' lang='lat' dir='ltr'><strong>Sina</strong></span> <span class='ocrx_word' id='word_1_474' title='bbox 1361 3578 1562 3634; x_wconf 87' lang='lat' dir='ltr'><strong>monte,</strong></span> <span class='ocrx_word' id='word_1_475' title='bbox 1586 3570 1748 3625; x_wconf 85' lang='lat' dir='ltr'><strong>semel</strong></span> <span class='ocrx_word' id='word_1_476' title='bbox 1774 3572 1824 3624; x_wconf 91' lang='lat' dir='ltr'><strong>in</strong></span> 
     </span>
    </p>
   </div>
   <div class='ocr_carea' id='block_1_69' title="bbox 233 3660 1404 3728">
    <p class='ocr_par' dir='ltr' id='par_1_69' title="bbox 233 3660 1404 3728">
     <span class='ocr_line' id='line_1_69' title="bbox 233 3660 1404 3728; baseline -0.001 -13"><span class='ocrx_word' id='word_1_477' title='bbox 233 3660 579 3728; x_wconf 78' lang='lat' dir='ltr'><strong>Alexandria,</strong></span> <span class='ocrx_word' id='word_1_478' title='bbox 606 3672 658 3718; x_wconf 86' lang='lat' dir='ltr'><strong>et</strong></span> <span class='ocrx_word' id='word_1_479' title='bbox 685 3664 851 3718; x_wconf 87' lang='lat' dir='ltr'><strong>semel</strong></span> <span class='ocrx_word' id='word_1_480' title='bbox 881 3662 934 3716; x_wconf 90' lang='lat' dir='ltr'><strong>in</strong></span> <span class='ocrx_word' id='word_1_481' title='bbox 964 3673 1144 3715; x_wconf 87' lang='lat' dir='ltr'><strong>sancta</strong></span> <span class='ocrx_word' id='word_1_482' title='bbox 1171 3663 1404 3718; x_wconf 83' lang='lat' dir='ltr'><strong>civitate.</strong></span> 
     </span>
    </p>
   </div>
   <div class='ocr_carea' id='block_1_70' title="bbox 867 3752 1203 3809">
    <p class='ocr_par' dir='ltr' id='par_1_70' title="bbox 867 3752 1203 3809">
     <span class='ocr_line' id='line_1_70' title="bbox 867 3752 1203 3809; baseline -0.006 -2"><span class='ocrx_word' id='word_1_483' title='bbox 867 3752 1093 3809; x_wconf 82' lang='lat' dir='ltr'><strong>CAPUT</strong></span> <span class='ocrx_word' id='word_1_484' title='bbox 1122 3752 1203 3807; x_wconf 87' lang='lat' dir='ltr'><strong>Cl.</strong></span> 
     </span>
    </p>
   </div>
   <div class='ocr_carea' id='block_1_71' title="bbox 613 3843 1448 3901">
    <p class='ocr_par' dir='ltr' id='par_1_71' title="bbox 613 3843 1448 3901">
     <span class='ocr_line' id='line_1_71' title="bbox 613 3843 1448 3901; baseline -0.002 0"><span class='ocrx_word' id='word_1_485' title='bbox 613 3844 733 3901; x_wconf 78' lang='lat' dir='ltr'><strong>Vita</strong></span> <span class='ocrx_word' id='word_1_486' title='bbox 757 3843 922 3899; x_wconf 76' lang='grc' dir='ltr'><strong>Ραναί</strong></span> <span class='ocrx_word' id='word_1_487' title='bbox 948 3848 1181 3900; x_wconf 73' lang='lat' dir='ltr'><strong>monachi</strong></span> <span class='ocrx_word' id='word_1_488' title='bbox 1210 3848 1448 3901; x_wconf 75' lang='lat' dir='ltr'><strong>Romani.</strong></span> 
     </span>
    </p>
   </div>
   <div class='ocr_carea' id='block_1_72' title="bbox 304 3935 1829 4007">
    <p class='ocr_par' dir='ltr' id='par_1_72' title="bbox 304 3935 1829 4007">
     <span class='ocr_line' id='line_1_72' title="bbox 304 3935 1829 4007; baseline 0.001 -17"><span class='ocrx_word' id='word_1_489' title='bbox 304 3935 674 3990; x_wconf 85' lang='lat' dir='ltr'><strong>Narraverunt</strong></span> <span class='ocrx_word' id='word_1_490' title='bbox 714 3938 875 3992; x_wconf 89' lang='lat' dir='ltr'><strong>etiam</strong></span> <span class='ocrx_word' id='word_1_491' title='bbox 906 3938 1062 3993; x_wconf 90' lang='lat' dir='ltr'><strong>nobis</strong></span> <span class='ocrx_word' id='word_1_492' title='bbox 1090 3939 1154 3991; x_wconf 90' lang='lat' dir='ltr'><strong>de</strong></span> <span class='ocrx_word' id='word_1_493' title='bbox 1185 3940 1287 3992; x_wconf 85' lang='lat' dir='ltr'><strong>alio</strong></span> <span class='ocrx_word' id='word_1_494' title='bbox 1315 3954 1443 3993; x_wconf 84' lang='lat' dir='ltr'><strong>sene</strong></span> <span class='ocrx_word' id='word_1_495' title='bbox 1476 3938 1659 3993; x_wconf 69' lang='lat' dir='ltr'><strong>Patres</strong></span> <span class='ocrx_word' id='word_1_496' title='bbox 1685 3936 1829 4007; x_wconf 59' lang='lat' dir='ltr'><strong>ejus.</strong></span> 
     </span>
    </p>
   </div>
   <div class='ocr_carea' id='block_1_73' title="bbox 234 4030 1824 4099">
    <p class='ocr_par' dir='ltr' id='par_1_73' title="bbox 234 4030 1824 4099">
     <span class='ocr_line' id='line_1_73' title="bbox 234 4030 1824 4099; baseline -0.001 -15"><span class='ocrx_word' id='word_1_497' title='bbox 234 4031 364 4084; x_wconf 87' lang='lat' dir='ltr'><strong>dem</strong></span> <span class='ocrx_word' id='word_1_498' title='bbox 415 4030 760 4094; x_wconf 87' lang='lat' dir='ltr'><strong>monasterii,</strong></span> <span class='ocrx_word' id='word_1_499' title='bbox 790 4031 1029 4085; x_wconf 89' lang='lat' dir='ltr'><strong>dicentes</strong></span> <span class='ocrx_word' id='word_1_500' title='bbox 1064 4048 1076 4084; x_wconf 90' lang='lat'><strong>:</strong></span> <span class='ocrx_word' id='word_1_501' title='bbox 1112 4031 1237 4083; x_wconf 79' lang='lat' dir='ltr'><strong>Erat</strong></span> <span class='ocrx_word' id='word_1_502' title='bbox 1268 4030 1355 4091; x_wconf 81' lang='lat' dir='ltr'><strong>hic</strong></span> <span class='ocrx_word' id='word_1_503' title='bbox 1398 4047 1559 4084; x_wconf 88' lang='lat' dir='ltr'><strong>senex</strong></span> <span class='ocrx_word' id='word_1_504' title='bbox 1588 4030 1824 4099; x_wconf 84' lang='lat' dir='ltr'><strong>quidam,</strong></span> 
     </span>
    </p>
   </div>
   <div class='ocr_carea' id='block_1_74' title="bbox 231 4120 1830 4191">
    <p class='ocr_par' dir='ltr' id='par_1_74' title="bbox 231 4120 1830 4191">
     <span class='ocr_line' id='line_1_74' title="bbox 231 4120 1830 4191; baseline -0.002 -16"><span class='ocrx_word' id='word_1_505' title='bbox 231 4123 326 4190; x_wconf 81' lang='lat' dir='ltr'><strong>qui</strong></span> <span class='ocrx_word' id='word_1_506' title='bbox 365 4131 487 4176; x_wconf 83' lang='lat' dir='ltr'><strong>ante</strong></span> <span class='ocrx_word' id='word_1_507' title='bbox 518 4120 784 4175; x_wconf 87' lang='lat' dir='ltr'><strong>modicum</strong></span> <span class='ocrx_word' id='word_1_508' title='bbox 817 4130 1025 4191; x_wconf 89' lang='lat' dir='ltr'><strong>tempus</strong></span> <span class='ocrx_word' id='word_1_509' title='bbox 1054 4121 1336 4174; x_wconf 81' lang='lat' dir='ltr'><strong>defunctus</strong></span> <span class='ocrx_word' id='word_1_510' title='bbox 1362 4130 1472 4184; x_wconf 86' lang='lat' dir='ltr'><strong>est,</strong></span> <span class='ocrx_word' id='word_1_511' title='bbox 1509 4120 1711 4172; x_wconf 89' lang='lat' dir='ltr'><strong>Pardus</strong></span> <span class='ocrx_word' id='word_1_512' title='bbox 1734 4136 1830 4172; x_wconf 85' lang='lat' dir='ltr'><strong>tto-</strong></span> 
     </span>
    </p>
   </div>
   <div class='ocr_carea' id='block_1_75' title="bbox 247 4211 1831 4285">
    <p class='ocr_par' dir='ltr' id='par_1_75' title="bbox 247 4211 1831 4285">
     <span class='ocr_line' id='line_1_75' title="bbox 247 4211 1831 4285; baseline -0.004 -16"><span class='ocrx_word' id='word_1_513' title='bbox 247 4216 424 4281; x_wconf 88' lang='lat' dir='ltr'><strong>miue,</strong></span> <span class='ocrx_word' id='word_1_514' title='bbox 449 4229 647 4285; x_wconf 87' lang='lat' dir='ltr'><strong>genere</strong></span> <span class='ocrx_word' id='word_1_515' title='bbox 674 4213 969 4268; x_wconf 80' lang='lat' dir='ltr'><strong>Romanus.</strong></span> <span class='ocrx_word' id='word_1_516' title='bbox 998 4213 1092 4267; x_wconf 87' lang='lat' dir='ltr'><strong>Hic</strong></span> <span class='ocrx_word' id='word_1_517' title='bbox 1119 4213 1241 4266; x_wconf 92' lang='lat' dir='ltr'><strong>dum</strong></span> <span class='ocrx_word' id='word_1_518' title='bbox 1274 4223 1412 4266; x_wconf 78' lang='lat' dir='ltr'><strong>esset</strong></span> <span class='ocrx_word' id='word_1_519' title='bbox 1439 4211 1640 4281; x_wconf 89' lang='lat' dir='ltr'><strong>junior,</strong></span> <span class='ocrx_word' id='word_1_520' title='bbox 1670 4212 1831 4264; x_wconf 88' lang='lat' dir='ltr'><strong>mulio</strong></span> 
     </span>
    </p>
   </div>
   <div class='ocr_carea' id='block_1_76' title="bbox 246 4303 1828 4378">
    <p class='ocr_par' dir='ltr' id='par_1_76' title="bbox 246 4303 1828 4378">
     <span class='ocr_line' id='line_1_76' title="bbox 246 4303 1828 4378; baseline -0.005 -14"><span class='ocrx_word' id='word_1_521' title='bbox 246 4309 452 4365; x_wconf 88' lang='lat' dir='ltr'><strong>fuerat.</strong></span> <span class='ocrx_word' id='word_1_522' title='bbox 491 4308 584 4363; x_wconf 92' lang='lat' dir='ltr'><strong>Die</strong></span> <span class='ocrx_word' id='word_1_523' title='bbox 611 4309 772 4378; x_wconf 89' lang='lat' dir='ltr'><strong>igitur</strong></span> <span class='ocrx_word' id='word_1_524' title='bbox 799 4308 1025 4377; x_wconf 88' lang='lat' dir='ltr'><strong>quadam</strong></span> <span class='ocrx_word' id='word_1_525' title='bbox 1067 4306 1197 4359; x_wconf 84' lang='lat' dir='ltr'><strong>abiit</strong></span> <span class='ocrx_word' id='word_1_526' title='bbox 1241 4304 1456 4359; x_wconf 88' lang='lat' dir='ltr'><strong>.lericho</strong></span> <span class='ocrx_word' id='word_1_527' title='bbox 1485 4318 1603 4358; x_wconf 90' lang='lat' dir='ltr'><strong>cum</strong></span> <span class='ocrx_word' id='word_1_528' title='bbox 1652 4303 1828 4356; x_wconf 84' lang='lat' dir='ltr'><strong>mulis.</strong></span> 
     </span>
    </p>
   </div>
   <div class='ocr_carea' id='block_1_77' title="bbox 245 4395 1832 4462">
    <p class='ocr_par' dir='ltr' id='par_1_77' title="bbox 245 4395 1832 4462">
     <span class='ocr_line' id='line_1_77' title="bbox 245 4395 1832 4462; baseline -0.004 -8"><span class='ocrx_word' id='word_1_529' title='bbox 245 4401 319 4454; x_wconf 83' lang='lat' dir='ltr'><strong>Et</strong></span> <span class='ocrx_word' id='word_1_530' title='bbox 350 4415 473 4453; x_wconf 87' lang='lat' dir='ltr'><strong>cum</strong></span> <span class='ocrx_word' id='word_1_531' title='bbox 517 4414 659 4454; x_wconf 78' lang='lat' dir='ltr'><strong>esset</strong></span> <span class='ocrx_word' id='word_1_532' title='bbox 705 4401 754 4453; x_wconf 90' lang='lat' dir='ltr'><strong>in</strong></span> <span class='ocrx_word' id='word_1_533' title='bbox 783 4398 1139 4462; x_wconf 84' lang='lat' dir='ltr'><strong>xenodochio,</strong></span> <span class='ocrx_word' id='word_1_534' title='bbox 1174 4398 1420 4451; x_wconf 81' lang='lat' dir='ltr'><strong>inventus</strong></span> <span class='ocrx_word' id='word_1_535' title='bbox 1451 4405 1533 4449; x_wconf 87' lang='lat' dir='ltr'><strong>est</strong></span> <span class='ocrx_word' id='word_1_536' title='bbox 1562 4395 1670 4448; x_wconf 86' lang='lat' dir='ltr'><strong>illic</strong></span> <span class='ocrx_word' id='word_1_537' title='bbox 1704 4411 1832 4461; x_wconf 85' lang='lat' dir='ltr'><strong>puer</strong></span> 
     </span>
    </p>
   </div>
   <div class='ocr_carea' id='block_1_78' title="bbox 239 4484 1831 4560">
    <p class='ocr_par' dir='ltr' id='par_1_78' title="bbox 239 4484 1831 4560">
     <span class='ocr_line' id='line_1_78' title="bbox 239 4484 1831 4560; baseline -0.003 -16"><span class='ocrx_word' id='word_1_538' title='bbox 239 4492 521 4560; x_wconf 84' lang='lat' dir='ltr'><strong>parvulus,</strong></span> <span class='ocrx_word' id='word_1_539' title='bbox 552 4507 725 4558; x_wconf 87' lang='lat' dir='ltr'><strong>quem,</strong></span> <span class='ocrx_word' id='word_1_540' title='bbox 760 4500 952 4560; x_wconf 86' lang='lat' dir='ltr'><strong>agente</strong></span> <span class='ocrx_word' id='word_1_541' title='bbox 980 4489 1215 4553; x_wconf 86' lang='lat' dir='ltr'><strong>diabolo,</strong></span> <span class='ocrx_word' id='word_1_542' title='bbox 1242 4484 1415 4540; x_wconf 82' lang='lat' dir='ltr'><strong>nntius</strong></span> <span class='ocrx_word' id='word_1_543' title='bbox 1443 4488 1590 4540; x_wconf 89' lang='lat' dir='ltr'><strong>calce</strong></span> <span class='ocrx_word' id='word_1_544' title='bbox 1617 4501 1831 4553; x_wconf 87' lang='lat' dir='ltr'><strong>percus-</strong></span> 
     </span>
    </p>
   </div>
   <div class='ocr_carea' id='block_1_79' title="bbox 1936 3285 3517 3365">
    <p class='ocr_par' dir='ltr' id='par_1_79' title="bbox 1936 3285 3517 3365">
     <span class='ocr_line' id='line_1_79' title="bbox 1936 3285 3517 3365; baseline 0.013 -30"><span class='ocrx_word' id='word_1_545' title='bbox 1936 3300 2030 3351; x_wconf 89' lang='lat' dir='ltr'><strong>per</strong></span> <span class='ocrx_word' id='word_1_546' title='bbox 2052 3285 2259 3340; x_wconf 74' lang='lat' dir='ltr'><strong>cellula:</strong></span> <span class='ocrx_word' id='word_1_547' title='bbox 2287 3302 2421 3343; x_wconf 79' lang='lat' dir='ltr'><strong>meae</strong></span> <span class='ocrx_word' id='word_1_548' title='bbox 2453 3288 2760 3358; x_wconf 83' lang='lat' dir='ltr'><strong>fenestram,</strong></span> <span class='ocrx_word' id='word_1_549' title='bbox 2795 3293 2899 3346; x_wconf 81' lang='lat' dir='ltr'><strong>vidi</strong></span> <span class='ocrx_word' id='word_1_550' title='bbox 2943 3309 3127 3349; x_wconf 90' lang='lat' dir='ltr'><strong>senem</strong></span> <span class='ocrx_word' id='word_1_551' title='bbox 3163 3300 3517 3365; x_wconf 86' lang='lat' dir='ltr'><strong>procumben-</strong></span> 
     </span>
    </p>
   </div>
   <div class='ocr_carea' id='block_1_80' title="bbox 1934 3380 3519 3462">
    <p class='ocr_par' dir='ltr' id='par_1_80' title="bbox 1934 3380 3519 3462">
     <span class='ocr_line' id='line_1_80' title="bbox 1934 3380 3519 3462; baseline 0.013 -32"><span class='ocrx_word' id='word_1_552' title='bbox 1934 3386 2039 3431; x_wconf 87' lang='lat' dir='ltr'><strong>tem</strong></span> <span class='ocrx_word' id='word_1_553' title='bbox 2066 3380 2288 3446; x_wconf 80' lang='lat' dir='ltr'><strong>genibus</strong></span> <span class='ocrx_word' id='word_1_554' title='bbox 2316 3380 2449 3447; x_wconf 90' lang='lat' dir='ltr'><strong>suis,</strong></span> <span class='ocrx_word' id='word_1_555' title='bbox 2482 3391 2538 3436; x_wconf 88' lang='lat' dir='ltr'><strong>et</strong></span> <span class='ocrx_word' id='word_1_556' title='bbox 2580 3384 2787 3437; x_wconf 86' lang='lat' dir='ltr'><strong>stellam</strong></span> <span class='ocrx_word' id='word_1_557' title='bbox 2820 3385 3208 3445; x_wconf 89' lang='lat' dir='ltr'><strong>lucidissimam</strong></span> <span class='ocrx_word' id='word_1_558' title='bbox 3238 3405 3402 3462; x_wconf 90' lang='lat' dir='ltr'><strong>super</strong></span> <span class='ocrx_word' id='word_1_559' title='bbox 3427 3409 3519 3449; x_wconf 89' lang='lat' dir='ltr'><strong>ca-</strong></span> 
     </span>
    </p>
   </div>
   <div class='ocr_carea' id='block_1_81' title="bbox 1933 3470 3255 3547">
    <p class='ocr_par' dir='ltr' id='par_1_81' title="bbox 1933 3470 3255 3547">
     <span class='ocr_line' id='line_1_81' title="bbox 1933 3470 3255 3547; baseline 0.012 -26"><span class='ocrx_word' id='word_1_560' title='bbox 1933 3482 2019 3538; x_wconf 88' lang='lat' dir='ltr'><strong>put</strong></span> <span class='ocrx_word' id='word_1_561' title='bbox 2045 3470 2160 3539; x_wconf 89' lang='lat' dir='ltr'><strong>ejus</strong></span> <span class='ocrx_word' id='word_1_562' title='bbox 2191 3474 2558 3529; x_wconf 88' lang='lat' dir='ltr'><strong>ostendentem</strong></span> <span class='ocrx_word' id='word_1_563' title='bbox 2594 3476 2721 3530; x_wconf 88' lang='lat' dir='ltr'><strong>mihi</strong></span> <span class='ocrx_word' id='word_1_564' title='bbox 2755 3478 2873 3547; x_wconf 86' lang='lat' dir='ltr'><strong>quis</strong></span> <span class='ocrx_word' id='word_1_565' title='bbox 2900 3488 3043 3534; x_wconf 85' lang='lat' dir='ltr'><strong>esset</strong></span> <span class='ocrx_word' id='word_1_566' title='bbox 3070 3495 3255 3537; x_wconf 83' lang='lat' dir='ltr'><strong>senex.</strong></span> 
     </span>
    </p>
   </div>
   <div class='ocr_carea' id='block_1_82' title="bbox 2006 3563 3516 3640">
    <p class='ocr_par' dir='ltr' id='par_1_82' title="bbox 2006 3563 3516 3640">
     <span class='ocr_line' id='line_1_82' title="bbox 2006 3563 3516 3640; baseline 0.013 -27"><span class='ocrx_word' id='word_1_567' title='bbox 2006 3563 2151 3617; x_wconf 73' lang='lat' dir='ltr'><strong>Alius</strong></span> <span class='ocrx_word' id='word_1_568' title='bbox 2174 3575 2355 3621; x_wconf 89' lang='lat' dir='ltr'><strong>autem</strong></span> <span class='ocrx_word' id='word_1_569' title='bbox 2378 3565 2594 3635; x_wconf 87' lang='lat' dir='ltr'><strong>quidam</strong></span> <span class='ocrx_word' id='word_1_570' title='bbox 2621 3567 2687 3622; x_wconf 89' lang='lat' dir='ltr'><strong>de</strong></span> <span class='ocrx_word' id='word_1_571' title='bbox 2709 3570 2926 3624; x_wconf 81' lang='lat' dir='ltr'><strong>senibus</strong></span> <span class='ocrx_word' id='word_1_572' title='bbox 2949 3571 3116 3640; x_wconf 90' lang='lat' dir='ltr'><strong>ipsius</strong></span> <span class='ocrx_word' id='word_1_573' title='bbox 3137 3573 3368 3629; x_wconf 69' lang='lat' dir='ltr'><strong>coenobii</strong></span> <span class='ocrx_word' id='word_1_574' title='bbox 3390 3592 3516 3632; x_wconf 89' lang='lat' dir='ltr'><strong>nar-</strong></span> 
     </span>
    </p>
   </div>
   <div class='ocr_carea' id='block_1_83' title="bbox 1933 3656 3519 3724">
    <p class='ocr_par' dir='ltr' id='par_1_83' title="bbox 1933 3656 3519 3724">
     <span class='ocr_line' id='line_1_83' title="bbox 1933 3656 3519 3724; baseline 0.009 -16"><span class='ocrx_word' id='word_1_575' title='bbox 1933 3656 2065 3708; x_wconf 87' lang='lat' dir='ltr'><strong>ravit</strong></span> <span class='ocrx_word' id='word_1_576' title='bbox 2095 3656 2249 3709; x_wconf 86' lang='lat' dir='ltr'><strong>nobis</strong></span> <span class='ocrx_word' id='word_1_577' title='bbox 2299 3656 2365 3711; x_wconf 91' lang='lat' dir='ltr'><strong>de</strong></span> <span class='ocrx_word' id='word_1_578' title='bbox 2388 3657 2576 3711; x_wconf 85' lang='lat' dir='ltr'><strong>eodem</strong></span> <span class='ocrx_word' id='word_1_579' title='bbox 2607 3659 2799 3714; x_wconf 89' lang='lat' dir='ltr'><strong>abbate</strong></span> <span class='ocrx_word' id='word_1_580' title='bbox 2847 3661 3051 3724; x_wconf 80' lang='lat' dir='ltr'><strong>Nonne,</strong></span> <span class='ocrx_word' id='word_1_581' title='bbox 3084 3664 3269 3719; x_wconf 85' lang='lat' dir='ltr'><strong>dicens</strong></span> <span class='ocrx_word' id='word_1_582' title='bbox 3303 3683 3314 3718; x_wconf 93' lang='lat'>:</span> <span class='ocrx_word' id='word_1_583' title='bbox 3349 3666 3519 3724; x_wconf 79' lang='lat' dir='ltr'><strong>Nocte</strong></span> 
     </span>
    </p>
   </div>
   <div class='ocr_carea' id='block_1_84' title="bbox 1934 3748 3520 3825">
    <p class='ocr_par' dir='ltr' id='par_1_84' title="bbox 1934 3748 3520 3825">
     <span class='ocr_line' id='line_1_84' title="bbox 1934 3748 3520 3825; baseline 0.009 -27"><span class='ocrx_word' id='word_1_584' title='bbox 1934 3748 2162 3815; x_wconf 88' lang='lat' dir='ltr'><strong>quadam</strong></span> <span class='ocrx_word' id='word_1_585' title='bbox 2194 3752 2502 3819; x_wconf 86' lang='lat' dir='ltr'><strong>priusquam</strong></span> <span class='ocrx_word' id='word_1_586' title='bbox 2528 3752 2763 3821; x_wconf 88' lang='lat' dir='ltr'><strong>pulsaret</strong></span> <span class='ocrx_word' id='word_1_587' title='bbox 2792 3753 3023 3822; x_wconf 85' lang='lat' dir='ltr'><strong>signum,</strong></span> <span class='ocrx_word' id='word_1_588' title='bbox 3049 3770 3295 3825; x_wconf 85' lang='lat' dir='ltr'><strong>egressus</strong></span> <span class='ocrx_word' id='word_1_589' title='bbox 3316 3758 3384 3814; x_wconf 87' lang='lat' dir='ltr'><strong>de</strong></span> <span class='ocrx_word' id='word_1_590' title='bbox 3410 3758 3520 3816; x_wconf 87' lang='lat' dir='ltr'><strong>cel-</strong></span> 
     </span>
    </p>
   </div>
   <div class='ocr_carea' id='block_1_85' title="bbox 1936 3841 3521 3916">
    <p class='ocr_par' dir='ltr' id='par_1_85' title="bbox 1936 3841 3521 3916">
     <span class='ocr_line' id='line_1_85' title="bbox 1936 3841 3521 3916; baseline 0.009 -23"><span class='ocrx_word' id='word_1_591' title='bbox 1936 3841 2038 3894; x_wconf 89' lang='lat' dir='ltr'><strong>lnla</strong></span> <span class='ocrx_word' id='word_1_592' title='bbox 2071 3857 2208 3907; x_wconf 83' lang='lat' dir='ltr'><strong>mea,</strong></span> <span class='ocrx_word' id='word_1_593' title='bbox 2241 3843 2383 3896; x_wconf 89' lang='lat' dir='ltr'><strong>ibam</strong></span> <span class='ocrx_word' id='word_1_594' title='bbox 2412 3843 2477 3896; x_wconf 83' lang='lat' dir='ltr'><strong>ad</strong></span> <span class='ocrx_word' id='word_1_595' title='bbox 2507 3845 2808 3899; x_wconf 88' lang='lat' dir='ltr'><strong>ecclesiam.</strong></span> <span class='ocrx_word' id='word_1_596' title='bbox 2841 3846 2905 3899; x_wconf 83' lang='lat' dir='ltr'><strong>Et</strong></span> <span class='ocrx_word' id='word_1_597' title='bbox 2953 3848 3155 3916; x_wconf 91' lang='lat' dir='ltr'><strong>aspicio</strong></span> <span class='ocrx_word' id='word_1_598' title='bbox 3180 3863 3365 3904; x_wconf 89' lang='lat' dir='ltr'><strong>senem</strong></span> <span class='ocrx_word' id='word_1_599' title='bbox 3396 3861 3521 3907; x_wconf 81' lang='lat' dir='ltr'><strong>ante</strong></span> 
     </span>
    </p>
   </div>
   <div class='ocr_carea' id='block_1_86' title="bbox 1935 3932 3521 3999">
    <p class='ocr_par' dir='ltr' id='par_1_86' title="bbox 1935 3932 3521 3999">
     <span class='ocr_line' id='line_1_86' title="bbox 1935 3932 3521 3999; baseline 0.008 -13"><span class='ocrx_word' id='word_1_600' title='bbox 1935 3932 2219 3986; x_wconf 88' lang='lat' dir='ltr'><strong>ecclesiam</strong></span> <span class='ocrx_word' id='word_1_601' title='bbox 2269 3942 2520 3999; x_wconf 87' lang='lat' dir='ltr'><strong>stantem,</strong></span> <span class='ocrx_word' id='word_1_602' title='bbox 2554 3946 2607 3989; x_wconf 91' lang='lat' dir='ltr'><strong>et</strong></span> <span class='ocrx_word' id='word_1_603' title='bbox 2653 3938 2891 3991; x_wconf 81' lang='lat' dir='ltr'><strong>extensis</strong></span> <span class='ocrx_word' id='word_1_604' title='bbox 2935 3938 2986 3991; x_wconf 91' lang='lat' dir='ltr'><strong>in</strong></span> <span class='ocrx_word' id='word_1_605' title='bbox 3028 3938 3221 3994; x_wconf 75' lang='lat' dir='ltr'><strong>cmlum</strong></span> <span class='ocrx_word' id='word_1_606' title='bbox 3271 3943 3521 3998; x_wconf 83' lang='lat' dir='ltr'><strong>manibus</strong></span> 
     </span>
    </p>
   </div>
   <div class='ocr_carea' id='block_1_87' title="bbox 1936 4024 3522 4104">
    <p class='ocr_par' dir='ltr' id='par_1_87' title="bbox 1936 4024 3522 4104">
     <span class='ocr_line' id='line_1_87' title="bbox 1936 4024 3522 4104; baseline 0.008 -27"><span class='ocrx_word' id='word_1_607' title='bbox 1936 4030 2180 4077; x_wconf 81' lang='lat' dir='ltr'><strong>Orantem</strong></span> <span class='ocrx_word' id='word_1_608' title='bbox 2218 4040 2229 4075; x_wconf 93' lang='lat'><strong>:</strong></span> <span class='ocrx_word' id='word_1_609' title='bbox 2264 4024 2512 4078; x_wconf 81' lang='lat' dir='ltr'><strong>lttcebant</strong></span> <span class='ocrx_word' id='word_1_610' title='bbox 2555 4033 2733 4079; x_wconf 90' lang='lat' dir='ltr'><strong>autem</strong></span> <span class='ocrx_word' id='word_1_611' title='bbox 2764 4041 2951 4082; x_wconf 86' lang='lat' dir='ltr'><strong>manus</strong></span> <span class='ocrx_word' id='word_1_612' title='bbox 2979 4030 3097 4098; x_wconf 91' lang='lat' dir='ltr'><strong>ejus</strong></span> <span class='ocrx_word' id='word_1_613' title='bbox 3127 4032 3278 4100; x_wconf 87' lang='lat' dir='ltr'><strong>quasi</strong></span> <span class='ocrx_word' id='word_1_614' title='bbox 3320 4034 3522 4104; x_wconf 85' lang='lat' dir='ltr'><strong>lampa-</strong></span> 
     </span>
    </p>
   </div>
   <div class='ocr_carea' id='block_1_88' title="bbox 1936 4115 3197 4187">
    <p class='ocr_par' dir='ltr' id='par_1_88' title="bbox 1936 4115 3197 4187">
     <span class='ocr_line' id='line_1_88' title="bbox 1936 4115 3197 4187; baseline 0.007 -18"><span class='ocrx_word' id='word_1_615' title='bbox 1936 4115 2031 4169; x_wconf 89' lang='lat' dir='ltr'><strong>des</strong></span> <span class='ocrx_word' id='word_1_616' title='bbox 2056 4115 2209 4183; x_wconf 85' lang='lat' dir='ltr'><strong>ignis.</strong></span> <span class='ocrx_word' id='word_1_617' title='bbox 2239 4115 2415 4182; x_wconf 86' lang='lat' dir='ltr'><strong>Quare</strong></span> <span class='ocrx_word' id='word_1_618' title='bbox 2445 4125 2589 4172; x_wconf 90' lang='lat' dir='ltr'><strong>metu</strong></span> <span class='ocrx_word' id='word_1_619' title='bbox 2617 4121 2932 4187; x_wconf 87' lang='lat' dir='ltr'><strong>perterritus</strong></span> <span class='ocrx_word' id='word_1_620' title='bbox 2959 4124 3197 4179; x_wconf 59' lang='lat' dir='ltr'><strong>recessi;</strong></span> 
     </span>
    </p>
   </div>
   <div class='ocr_carea' id='block_1_89' title="bbox 2539 4209 3252 4287">
    <p class='ocr_par' dir='ltr' id='par_1_89' title="bbox 2539 4209 3252 4287">
     <span class='ocr_line' id='line_1_89' title="bbox 2539 4209 3252 4287; baseline 0.015 -26"><span class='ocrx_word' id='word_1_621' title='bbox 2539 4209 2765 4265; x_wconf 80' lang='lat' dir='ltr'><strong>CAPUT</strong></span> <span class='ocrx_word' id='word_1_622' title='bbox 2803 4209 2915 4267; x_wconf 87' lang='lat' dir='ltr'><strong>cv.</strong></span> <span class='ocrx_word' id='word_1_623' title='bbox 3249 4285 3252 4287; x_wconf 9' lang='grc' dir='ltr'><strong>Α</strong></span> 
     </span>
    </p>
   </div>
   <div class='ocr_carea' id='block_1_90' title="bbox 2056 4300 3411 4378">
    <p class='ocr_par' dir='ltr' id='par_1_90' title="bbox 2056 4300 3411 4378">
     <span class='ocr_line' id='line_1_90' title="bbox 2056 4300 3411 4378; baseline 0.009 -25"><span class='ocrx_word' id='word_1_624' title='bbox 2056 4300 2173 4354; x_wconf 81' lang='lat' dir='ltr'><strong>Vita</strong></span> <span class='ocrx_word' id='word_1_625' title='bbox 2199 4302 2362 4354; x_wconf 84' lang='lat' dir='ltr'><strong>sancti</strong></span> <span class='ocrx_word' id='word_1_626' title='bbox 2393 4304 2525 4356; x_wconf 75' lang='lat' dir='ltr'><strong>senis</strong></span> <span class='ocrx_word' id='word_1_627' title='bbox 2551 4302 2928 4374; x_wconf 78' lang='lat' dir='ltr'><strong>Christophori,</strong></span> <span class='ocrx_word' id='word_1_628' title='bbox 2961 4324 3141 4378; x_wconf 80' lang='lat' dir='ltr'><strong>genere</strong></span> <span class='ocrx_word' id='word_1_629' title='bbox 3171 4309 3411 4365; x_wconf 84' lang='lat' dir='ltr'><strong>Romani.</strong></span> 
     </span>
    </p>
   </div>
   <div class='ocr_carea' id='block_1_91' title="bbox 2011 4394 3525 4465">
    <p class='ocr_par' dir='ltr' id='par_1_91' title="bbox 2011 4394 3525 4465">
     <span class='ocr_line' id='line_1_91' title="bbox 2011 4394 3525 4465; baseline 0.008 -17"><span class='ocrx_word' id='word_1_630' title='bbox 2011 4394 2141 4448; x_wconf 88' lang='lat' dir='ltr'><strong>Cum</strong></span> <span class='ocrx_word' id='word_1_631' title='bbox 2174 4394 2224 4446; x_wconf 89' lang='lat' dir='ltr'><strong>in</strong></span> <span class='ocrx_word' id='word_1_632' title='bbox 2256 4394 2576 4449; x_wconf 86' lang='lat' dir='ltr'><strong>Alexandria</strong></span> <span class='ocrx_word' id='word_1_633' title='bbox 2608 4412 2872 4465; x_wconf 86' lang='lat' dir='ltr'><strong>essemus,</strong></span> <span class='ocrx_word' id='word_1_634' title='bbox 2904 4401 3233 4456; x_wconf 88' lang='lat' dir='ltr'><strong>accessimus</strong></span> <span class='ocrx_word' id='word_1_635' title='bbox 3260 4404 3324 4457; x_wconf 89' lang='lat' dir='ltr'><strong>ad</strong></span> <span class='ocrx_word' id='word_1_636' title='bbox 3352 4405 3525 4461; x_wconf 84' lang='lat' dir='ltr'><strong>abba-</strong></span> 
     </span>
    </p>
   </div>
   <div class='ocr_carea' id='block_1_92' title="bbox 1941 4483 3527 4567">
    <p class='ocr_par' dir='ltr' id='par_1_92' title="bbox 1941 4483 3527 4567">
     <span class='ocr_line' id='line_1_92' title="bbox 1941 4483 3527 4567; baseline 0.012 -32"><span class='ocrx_word' id='word_1_637' title='bbox 1941 4492 2048 4537; x_wconf 89' lang='lat' dir='ltr'><strong>tem</strong></span> <span class='ocrx_word' id='word_1_638' title='bbox 2092 4483 2428 4537; x_wconf 87' lang='lat' dir='ltr'><strong>Theodorttm</strong></span> <span class='ocrx_word' id='word_1_639' title='bbox 2456 4526 2467 4542; x_wconf 88' lang='lat'>.</span> <span class='ocrx_word' id='word_1_640' title='bbox 2498 4486 2585 4553; x_wconf 88' lang='lat' dir='ltr'><strong>qui</strong></span> <span class='ocrx_word' id='word_1_641' title='bbox 2630 4498 2738 4541; x_wconf 83' lang='lat' dir='ltr'><strong>erat</strong></span> <span class='ocrx_word' id='word_1_642' title='bbox 2789 4489 2841 4543; x_wconf 91' lang='lat' dir='ltr'><strong>in</strong></span> <span class='ocrx_word' id='word_1_643' title='bbox 2884 4500 3065 4545; x_wconf 87' lang='lat' dir='ltr'><strong>sancta</strong></span> <span class='ocrx_word' id='word_1_644' title='bbox 3112 4491 3308 4560; x_wconf 86' lang='lat' dir='ltr'><strong>Sophia</strong></span> <span class='ocrx_word' id='word_1_645' title='bbox 3360 4511 3527 4567; x_wconf 81' lang='lat' dir='ltr'><strong>prope</strong></span> 
     </span>
    </p>
   </div>
   <div class='ocr_carea' id='block_1_93' title="bbox 241 4575 3527 4660">
    <p class='ocr_par' dir='ltr' id='par_1_93' title="bbox 241 4575 3527 4660">
     <span class='ocr_line' id='line_1_93' title="bbox 241 4575 3527 4660; baseline 0.002 -25"><span class='ocrx_word' id='word_1_646' title='bbox 241 4585 317 4635; x_wconf 87' lang='lat' dir='ltr'><strong>sit</strong></span> <span class='ocrx_word' id='word_1_647' title='bbox 349 4592 403 4636; x_wconf 91' lang='lat' dir='ltr'><strong>et</strong></span> <span class='ocrx_word' id='word_1_648' title='bbox 430 4581 648 4645; x_wconf 72' lang='lat' dir='ltr'><strong>cecidit,</strong></span> <span class='ocrx_word' id='word_1_649' title='bbox 681 4583 958 4651; x_wconf 86' lang='lat' dir='ltr'><strong>ignorante</strong></span> <span class='ocrx_word' id='word_1_650' title='bbox 1000 4581 1101 4634; x_wconf 88' lang='lat' dir='ltr'><strong>hoc</strong></span> <span class='ocrx_word' id='word_1_651' title='bbox 1146 4581 1335 4633; x_wconf 87' lang='lat' dir='ltr'><strong>abbate</strong></span> <span class='ocrx_word' id='word_1_652' title='bbox 1368 4578 1557 4632; x_wconf 79' lang='lat' dir='ltr'><strong>Pardo.</strong></span> <span class='ocrx_word' id='word_1_653' title='bbox 1591 4577 1834 4630; x_wconf 84' lang='lat' dir='ltr'><strong>Amictns</strong></span> <span class='ocrx_word' id='word_1_654' title='bbox 1866 4583 1912 4641; x_wconf 81' lang='grc' dir='ltr'><strong>ι)</strong></span> <span class='ocrx_word' id='word_1_655' title='bbox 1943 4575 2193 4628; x_wconf 88' lang='lat' dir='ltr'><strong>Pharum.</strong></span> <span class='ocrx_word' id='word_1_656' title='bbox 2229 4576 2292 4628; x_wconf 88' lang='lat' dir='ltr'><strong>Et</strong></span> <span class='ocrx_word' id='word_1_657' title='bbox 2340 4579 2574 4631; x_wconf 79' lang='lat' dir='ltr'><strong>narravit</strong></span> <span class='ocrx_word' id='word_1_658' title='bbox 2624 4581 2775 4635; x_wconf 87' lang='lat' dir='ltr'><strong>nobis</strong></span> <span class='ocrx_word' id='word_1_659' title='bbox 2823 4597 3019 4650; x_wconf 88' lang='lat' dir='ltr'><strong>senex,</strong></span> <span class='ocrx_word' id='word_1_660' title='bbox 3052 4586 3235 4641; x_wconf 88' lang='lat' dir='ltr'><strong>dicens</strong></span> <span class='ocrx_word' id='word_1_661' title='bbox 3282 4604 3298 4643; x_wconf 88' lang='lat'><strong>:</strong></span> <span class='ocrx_word' id='word_1_662' title='bbox 3333 4590 3442 4660; x_wconf 84' lang='lat' dir='ltr'><strong>Ego</strong></span> <span class='ocrx_word' id='word_1_663' title='bbox 3473 4593 3527 4646; x_wconf 86' lang='lat' dir='ltr'><strong>in</strong></span> 
     </span>
    </p>
   </div>
   <div class='ocr_carea' id='block_1_94' title="bbox 238 4671 1838 4741">
    <p class='ocr_par' dir='ltr' id='par_1_94' title="bbox 238 4671 1838 4741">
     <span class='ocr_line' id='line_1_94' title="bbox 238 4671 1838 4741; baseline -0.004 -14"><span class='ocrx_word' id='word_1_664' title='bbox 238 4689 379 4729; x_wconf 80' lang='lat' dir='ltr'><strong>vero</strong></span> <span class='ocrx_word' id='word_1_665' title='bbox 406 4690 566 4741; x_wconf 83' lang='lat' dir='ltr'><strong>super</strong></span> <span class='ocrx_word' id='word_1_666' title='bbox 591 4676 691 4729; x_wconf 88' lang='lat' dir='ltr'><strong>hoc</strong></span> <span class='ocrx_word' id='word_1_667' title='bbox 721 4674 940 4727; x_wconf 87' lang='lat' dir='ltr'><strong>multum</strong></span> <span class='ocrx_word' id='word_1_668' title='bbox 968 4673 1133 4726; x_wconf 89' lang='lat' dir='ltr'><strong>abbas</strong></span> <span class='ocrx_word' id='word_1_669' title='bbox 1164 4673 1381 4735; x_wconf 76' lang='lat' dir='ltr'><strong>Pardus,</strong></span> <span class='ocrx_word' id='word_1_670' title='bbox 1411 4671 1540 4724; x_wconf 68' lang='lat' dir='ltr'><strong>abiit</strong></span> <span class='ocrx_word' id='word_1_671' title='bbox 1570 4671 1621 4723; x_wconf 92' lang='lat' dir='ltr'><strong>in</strong></span> <span class='ocrx_word' id='word_1_672' title='bbox 1665 4673 1838 4722; x_wconf 83' lang='lat' dir='ltr'><strong>Arno-</strong></span> 
     </span>
    </p>
   </div>
   <div class='ocr_carea' id='block_1_95' title="bbox 240 4762 1838 4835">
    <p class='ocr_par' dir='ltr' id='par_1_95' title="bbox 240 4762 1838 4835">
     <span class='ocr_line' id='line_1_95' title="bbox 240 4762 1838 4835; baseline -0.006 -14"><span class='ocrx_word' id='word_1_673' title='bbox 240 4784 394 4835; x_wconf 87' lang='lat' dir='ltr'><strong>nem,</strong></span> <span class='ocrx_word' id='word_1_674' title='bbox 426 4776 478 4821; x_wconf 88' lang='lat' dir='ltr'><strong>et</strong></span> <span class='ocrx_word' id='word_1_675' title='bbox 506 4767 727 4821; x_wconf 77' lang='lat' dir='ltr'><strong>eﬁ&#39;ectus</strong></span> <span class='ocrx_word' id='word_1_676' title='bbox 761 4774 844 4818; x_wconf 48' lang='lat' dir='ltr'><strong>est</strong></span> <span class='ocrx_word' id='word_1_677' title='bbox 890 4762 1235 4829; x_wconf 80' lang='lat' dir='ltr'><strong>anachoreta,</strong></span> <span class='ocrx_word' id='word_1_678' title='bbox 1271 4764 1457 4832; x_wconf 86' lang='lat' dir='ltr'><strong>lugens</strong></span> <span class='ocrx_word' id='word_1_679' title='bbox 1488 4776 1719 4829; x_wconf 69' lang='lat' dir='ltr'><strong>semper,</strong></span> <span class='ocrx_word' id='word_1_680' title='bbox 1752 4763 1838 4812; x_wconf 80' lang='lat' dir='ltr'><strong>tli-</strong></span> 
     </span>
    </p>
   </div>
   <div class='ocr_carea' id='block_1_96' title="bbox 242 4850 1839 4928">
    <p class='ocr_par' dir='ltr' id='par_1_96' title="bbox 242 4850 1839 4928">
     <span class='ocr_line' id='line_1_96' title="bbox 242 4850 1839 4928; baseline -0.008 -12"><span class='ocrx_word' id='word_1_681' title='bbox 242 4874 422 4916; x_wconf 85' lang='lat' dir='ltr'><strong>cens:</strong></span> <span class='ocrx_word' id='word_1_682' title='bbox 457 4860 565 4928; x_wconf 87' lang='lat' dir='ltr'><strong>Ego</strong></span> <span class='ocrx_word' id='word_1_683' title='bbox 617 4859 713 4911; x_wconf 89' lang='lat' dir='ltr'><strong>feci</strong></span> <span class='ocrx_word' id='word_1_684' title='bbox 751 4856 1115 4922; x_wconf 88' lang='lat' dir='ltr'><strong>homicidium,</strong></span> <span class='ocrx_word' id='word_1_685' title='bbox 1146 4866 1198 4908; x_wconf 89' lang='lat' dir='ltr'><strong>et</strong></span> <span class='ocrx_word' id='word_1_686' title='bbox 1226 4865 1282 4907; x_wconf 91' lang='lat' dir='ltr'><strong>ut</strong></span> <span class='ocrx_word' id='word_1_687' title='bbox 1314 4852 1575 4906; x_wconf 84' lang='lat' dir='ltr'><strong>homicida</strong></span> <span class='ocrx_word' id='word_1_688' title='bbox 1606 4853 1655 4905; x_wconf 91' lang='lat' dir='ltr'><strong>in</strong></span> <span class='ocrx_word' id='word_1_689' title='bbox 1695 4850 1839 4920; x_wconf 85' lang='lat' dir='ltr'><strong>judi-</strong></span> 
     </span>
    </p>
   </div>
   <div class='ocr_carea' id='block_1_97' title="bbox 244 4945 1837 5012">
    <p class='ocr_par' dir='ltr' id='par_1_97' title="bbox 244 4945 1837 5012">
     <span class='ocr_line' id='line_1_97' title="bbox 244 4945 1837 5012; baseline -0.008 -5"><span class='ocrx_word' id='word_1_690' title='bbox 244 4954 335 5007; x_wconf 87' lang='lat' dir='ltr'><strong>cio</strong></span> <span class='ocrx_word' id='word_1_691' title='bbox 362 4953 646 5005; x_wconf 89' lang='lat' dir='ltr'><strong>damnatus</strong></span> <span class='ocrx_word' id='word_1_692' title='bbox 677 4964 815 5003; x_wconf 86' lang='lat' dir='ltr'><strong>sum.</strong></span> <span class='ocrx_word' id='word_1_693' title='bbox 856 4949 981 5001; x_wconf 79' lang='lat' dir='ltr'><strong>Erat</strong></span> <span class='ocrx_word' id='word_1_694' title='bbox 1008 4956 1183 5001; x_wconf 88' lang='lat' dir='ltr'><strong>autem</strong></span> <span class='ocrx_word' id='word_1_695' title='bbox 1213 4945 1323 4998; x_wconf 88' lang='lat' dir='ltr'><strong>illic</strong></span> <span class='ocrx_word' id='word_1_696' title='bbox 1351 4956 1514 5012; x_wconf 83' lang='lat' dir='ltr'><strong>pmpe</strong></span> <span class='ocrx_word' id='word_1_697' title='bbox 1545 4949 1837 4995; x_wconf 90' lang='lat' dir='ltr'><strong>torrentem</strong></span> 
     </span>
    </p>
   </div>
   <div class='ocr_carea' id='block_1_98' title="bbox 246 5032 1838 5111">
    <p class='ocr_par' dir='ltr' id='par_1_98' title="bbox 246 5032 1838 5111">
     <span class='ocr_line' id='line_1_98' title="bbox 246 5032 1838 5111; baseline -0.008 -13"><span class='ocrx_word' id='word_1_698' title='bbox 246 5044 359 5098; x_wconf 87' lang='lat' dir='ltr'><strong>leo.</strong></span> <span class='ocrx_word' id='word_1_699' title='bbox 396 5043 701 5111; x_wconf 83' lang='lat' dir='ltr'><strong>Diebusque</strong></span> <span class='ocrx_word' id='word_1_700' title='bbox 732 5040 955 5111; x_wconf 82' lang='lat' dir='ltr'><strong>singulis</strong></span> <span class='ocrx_word' id='word_1_701' title='bbox 1005 5039 1115 5092; x_wconf 88' lang='lat' dir='ltr'><strong>ibat</strong></span> <span class='ocrx_word' id='word_1_702' title='bbox 1144 5037 1307 5090; x_wconf 88' lang='lat' dir='ltr'><strong>abbas</strong></span> <span class='ocrx_word' id='word_1_703' title='bbox 1334 5034 1538 5089; x_wconf 89' lang='lat' dir='ltr'><strong>Pardus</strong></span> <span class='ocrx_word' id='word_1_704' title='bbox 1568 5033 1633 5087; x_wconf 91' lang='lat' dir='ltr'><strong>ad</strong></span> <span class='ocrx_word' id='word_1_705' title='bbox 1664 5032 1838 5086; x_wconf 86' lang='lat' dir='ltr'><strong>cubile</strong></span> 
     </span>
    </p>
   </div>
   <div class='ocr_carea' id='block_1_99' title="bbox 245 5130 1841 5202">
    <p class='ocr_par' dir='ltr' id='par_1_99' title="bbox 245 5130 1841 5202">
     <span class='ocr_line' id='line_1_99' title="bbox 245 5130 1841 5202; baseline -0.008 -13"><span class='ocrx_word' id='word_1_706' title='bbox 245 5134 451 5199; x_wconf 82' lang='lat' dir='ltr'><strong>leonis,</strong></span> <span class='ocrx_word' id='word_1_707' title='bbox 479 5135 761 5189; x_wconf 88' lang='lat' dir='ltr'><strong>stimulans</strong></span> <span class='ocrx_word' id='word_1_708' title='bbox 788 5145 843 5188; x_wconf 89' lang='lat' dir='ltr'><strong>et</strong></span> <span class='ocrx_word' id='word_1_709' title='bbox 866 5145 1160 5202; x_wconf 85' lang='lat' dir='ltr'><strong>provocans</strong></span> <span class='ocrx_word' id='word_1_710' title='bbox 1191 5130 1420 5191; x_wconf 89' lang='lat' dir='ltr'><strong>leonem,</strong></span> <span class='ocrx_word' id='word_1_711' title='bbox 1446 5136 1502 5180; x_wconf 94' lang='lat' dir='ltr'><strong>ut</strong></span> <span class='ocrx_word' id='word_1_712' title='bbox 1525 5134 1841 5193; x_wconf 84' lang='lat' dir='ltr'><strong>exsurgeret</strong></span> 
     </span>
    </p>
   </div>
   <div class='ocr_carea' id='block_1_100' title="bbox 248 5218 1841 5291">
    <p class='ocr_par' dir='ltr' id='par_1_100' title="bbox 248 5218 1841 5291">
     <span class='ocr_line' id='line_1_100' title="bbox 248 5218 1841 5291; baseline -0.008 -9"><span class='ocrx_word' id='word_1_713' title='bbox 248 5237 312 5282; x_wconf 88' lang='lat' dir='ltr'><strong>et</strong></span> <span class='ocrx_word' id='word_1_714' title='bbox 340 5227 621 5282; x_wconf 86' lang='lat' dir='ltr'><strong>devoraret</strong></span> <span class='ocrx_word' id='word_1_715' title='bbox 649 5242 807 5291; x_wconf 87' lang='lat' dir='ltr'><strong>eum;</strong></span> <span class='ocrx_word' id='word_1_716' title='bbox 838 5226 922 5279; x_wconf 80' lang='lat' dir='ltr'><strong>leo</strong></span> <span class='ocrx_word' id='word_1_717' title='bbox 952 5232 1129 5278; x_wconf 89' lang='lat' dir='ltr'><strong>autem</strong></span> <span class='ocrx_word' id='word_1_718' title='bbox 1160 5222 1291 5275; x_wconf 91' lang='lat' dir='ltr'><strong>nihil</strong></span> <span class='ocrx_word' id='word_1_719' title='bbox 1322 5222 1538 5273; x_wconf 88' lang='lat' dir='ltr'><strong>omnino</strong></span> <span class='ocrx_word' id='word_1_720' title='bbox 1569 5219 1716 5272; x_wconf 89' lang='lat' dir='ltr'><strong>illum</strong></span> <span class='ocrx_word' id='word_1_721' title='bbox 1750 5218 1841 5271; x_wconf 74' lang='lat' dir='ltr'><strong>lte-</strong></span> 
     </span>
    </p>
   </div>
   <div class='ocr_carea' id='block_1_101' title="bbox 244 5298 1844 5383">
    <p class='ocr_par' dir='ltr' id='par_1_101' title="bbox 244 5298 1844 5383">
     <span class='ocr_line' id='line_1_101' title="bbox 244 5298 1844 5383; baseline -0.007 -11"><span class='ocrx_word' id='word_1_722' title='bbox 244 5318 443 5373; x_wconf 87' lang='lat' dir='ltr'><strong>&#39;debat.</strong></span> <span class='ocrx_word' id='word_1_723' title='bbox 480 5298 675 5371; x_wconf 69' lang='lat' dir='ltr'><strong>Videtis</strong></span> <span class='ocrx_word' id='word_1_724' title='bbox 702 5327 876 5371; x_wconf 88' lang='lat' dir='ltr'><strong>autem</strong></span> <span class='ocrx_word' id='word_1_725' title='bbox 908 5330 1096 5382; x_wconf 87' lang='lat' dir='ltr'><strong>senex,</strong></span> <span class='ocrx_word' id='word_1_726' title='bbox 1122 5314 1241 5383; x_wconf 88' lang='lat' dir='ltr'><strong>quia</strong></span> <span class='ocrx_word' id='word_1_727' title='bbox 1275 5312 1407 5365; x_wconf 90' lang='lat' dir='ltr'><strong>nihil</strong></span> <span class='ocrx_word' id='word_1_728' title='bbox 1442 5313 1740 5378; x_wconf 84' lang='lat' dir='ltr'><strong>proliceret,</strong></span> <span class='ocrx_word' id='word_1_729' title='bbox 1768 5309 1844 5362; x_wconf 89' lang='lat' dir='ltr'><strong>ait</strong></span> 
     </span>
    </p>
   </div>
   <div class='ocr_carea' id='block_1_102' title="bbox 248 5401 1842 5480">
    <p class='ocr_par' dir='ltr' id='par_1_102' title="bbox 248 5401 1842 5480">
     <span class='ocr_line' id='line_1_102' title="bbox 248 5401 1842 5480; baseline -0.006 -15"><span class='ocrx_word' id='word_1_730' title='bbox 248 5409 313 5465; x_wconf 81' lang='lat' dir='ltr'><strong>in</strong></span> <span class='ocrx_word' id='word_1_731' title='bbox 342 5410 522 5480; x_wconf 86' lang='lat' dir='ltr'><strong>seipso</strong></span> <span class='ocrx_word' id='word_1_732' title='bbox 550 5428 564 5462; x_wconf 88' lang='lat'><strong>:</strong></span> <span class='ocrx_word' id='word_1_733' title='bbox 597 5410 867 5463; x_wconf 89' lang='lat' dir='ltr'><strong>Dormiam</strong></span> <span class='ocrx_word' id='word_1_734' title='bbox 915 5410 966 5461; x_wconf 90' lang='lat' dir='ltr'><strong>in</strong></span> <span class='ocrx_word' id='word_1_735' title='bbox 996 5408 1108 5469; x_wconf 86' lang='lat' dir='ltr'><strong>via,</strong></span> <span class='ocrx_word' id='word_1_736' title='bbox 1141 5421 1234 5474; x_wconf 92' lang='lat' dir='ltr'><strong>per</strong></span> <span class='ocrx_word' id='word_1_737' title='bbox 1263 5419 1420 5473; x_wconf 89' lang='lat' dir='ltr'><strong>quam</strong></span> <span class='ocrx_word' id='word_1_738' title='bbox 1454 5405 1536 5457; x_wconf 90' lang='lat' dir='ltr'><strong>leo</strong></span> <span class='ocrx_word' id='word_1_739' title='bbox 1579 5402 1747 5473; x_wconf 85' lang='lat' dir='ltr'><strong>pergit</strong></span> <span class='ocrx_word' id='word_1_740' title='bbox 1777 5401 1842 5456; x_wconf 88' lang='lat' dir='ltr'><strong>ad</strong></span> 
     </span>
    </p>
   </div>
   <div class='ocr_carea' id='block_1_103' title="bbox 245 5496 1839 5564">
    <p class='ocr_par' dir='ltr' id='par_1_103' title="bbox 245 5496 1839 5564">
     <span class='ocr_line' id='line_1_103' title="bbox 245 5496 1839 5564; baseline -0.004 -7"><span class='ocrx_word' id='word_1_741' title='bbox 245 5502 515 5564; x_wconf 68' lang='lat' dir='ltr'><strong>fluvium;</strong></span> <span class='ocrx_word' id='word_1_742' title='bbox 550 5518 672 5556; x_wconf 88' lang='lat' dir='ltr'><strong>nam</strong></span> <span class='ocrx_word' id='word_1_743' title='bbox 698 5518 819 5557; x_wconf 90' lang='lat' dir='ltr'><strong>cum</strong></span> <span class='ocrx_word' id='word_1_744' title='bbox 852 5500 1095 5555; x_wconf 84' lang='lat' dir='ltr'><strong>transibit</strong></span> <span class='ocrx_word' id='word_1_745' title='bbox 1121 5510 1176 5553; x_wconf 91' lang='lat' dir='ltr'><strong>ut</strong></span> <span class='ocrx_word' id='word_1_746' title='bbox 1200 5508 1285 5553; x_wconf 92' lang='lat' dir='ltr'><strong>eat</strong></span> <span class='ocrx_word' id='word_1_747' title='bbox 1315 5499 1377 5551; x_wconf 87' lang='lat' dir='ltr'><strong>ad</strong></span> <span class='ocrx_word' id='word_1_748' title='bbox 1410 5497 1714 5558; x_wconf 86' lang='lat' dir='ltr'><strong>bibendum.</strong></span> <span class='ocrx_word' id='word_1_749' title='bbox 1741 5496 1839 5551; x_wconf 89' lang='lat' dir='ltr'><strong>de-</strong></span> 
     </span>
    </p>
   </div>
   <div class='ocr_carea' id='block_1_104' title="bbox 250 5580 1841 5660">
    <p class='ocr_par' dir='ltr' id='par_1_104' title="bbox 250 5580 1841 5660">
     <span class='ocr_line' id='line_1_104' title="bbox 250 5580 1841 5660; baseline -0.006 -13"><span class='ocrx_word' id='word_1_750' title='bbox 250 5592 470 5647; x_wconf 81' lang='lat' dir='ltr'><strong>vorabit</strong></span> <span class='ocrx_word' id='word_1_751' title='bbox 492 5606 598 5648; x_wconf 89' lang='lat' dir='ltr'><strong>me.</strong></span> <span class='ocrx_word' id='word_1_752' title='bbox 628 5593 760 5646; x_wconf 90' lang='lat' dir='ltr'><strong>Cum</strong></span> <span class='ocrx_word' id='word_1_753' title='bbox 790 5608 917 5660; x_wconf 83' lang='lat' dir='ltr'><strong>ergo</strong></span> <span class='ocrx_word' id='word_1_754' title='bbox 941 5592 1165 5659; x_wconf 87' lang='lat' dir='ltr'><strong>jaceret,</strong></span> <span class='ocrx_word' id='word_1_755' title='bbox 1200 5580 1327 5644; x_wconf 87' lang='lat' dir='ltr'><strong>ecce</strong></span> <span class='ocrx_word' id='word_1_756' title='bbox 1375 5589 1459 5642; x_wconf 85' lang='lat' dir='ltr'><strong>leo</strong></span> <span class='ocrx_word' id='word_1_757' title='bbox 1488 5597 1607 5656; x_wconf 88' lang='lat' dir='ltr'><strong>post</strong></span> <span class='ocrx_word' id='word_1_758' title='bbox 1649 5588 1841 5655; x_wconf 88' lang='lat' dir='ltr'><strong>paulu-</strong></span> 
     </span>
    </p>
   </div>
   <div class='ocr_carea' id='block_1_105' title="bbox 258 5682 1843 5753">
    <p class='ocr_par' dir='ltr' id='par_1_105' title="bbox 258 5682 1843 5753">
     <span class='ocr_line' id='line_1_105' title="bbox 258 5682 1843 5753; baseline -0.006 -13"><span class='ocrx_word' id='word_1_759' title='bbox 258 5686 374 5740; x_wconf 77' lang='lat' dir='ltr'><strong>lum</strong></span> <span class='ocrx_word' id='word_1_760' title='bbox 406 5686 575 5746; x_wconf 87' lang='lat' dir='ltr'><strong>venit,</strong></span> <span class='ocrx_word' id='word_1_761' title='bbox 603 5694 657 5739; x_wconf 90' lang='lat' dir='ltr'><strong>et</strong></span> <span class='ocrx_word' id='word_1_762' title='bbox 687 5685 841 5753; x_wconf 86' lang='lat' dir='ltr'><strong>quasi</strong></span> <span class='ocrx_word' id='word_1_763' title='bbox 874 5686 1077 5738; x_wconf 88' lang='lat' dir='ltr'><strong>ratione</strong></span> <span class='ocrx_word' id='word_1_764' title='bbox 1107 5682 1359 5747; x_wconf 70' lang='lat' dir='ltr'><strong>prmditus</strong></span> <span class='ocrx_word' id='word_1_765' title='bbox 1388 5689 1554 5739; x_wconf 86' lang='lat' dir='ltr'><strong>esset.</strong></span> <span class='ocrx_word' id='word_1_766' title='bbox 1585 5694 1704 5732; x_wconf 90' lang='lat' dir='ltr'><strong>cum</strong></span> <span class='ocrx_word' id='word_1_767' title='bbox 1728 5693 1843 5730; x_wconf 87' lang='lat' dir='ltr'><strong>om-</strong></span> 
     </span>
    </p>
   </div>
   <div class='ocr_carea' id='block_1_106' title="bbox 256 5769 1843 5849">
    <p class='ocr_par' dir='ltr' id='par_1_106' title="bbox 256 5769 1843 5849">
     <span class='ocr_line' id='line_1_106' title="bbox 256 5769 1843 5849; baseline -0.004 -16"><span class='ocrx_word' id='word_1_768' title='bbox 256 5778 320 5833; x_wconf 81' lang='lat' dir='ltr'><strong>ni</strong></span> <span class='ocrx_word' id='word_1_769' title='bbox 348 5780 526 5849; x_wconf 87' lang='lat' dir='ltr'><strong>quiete</strong></span> <span class='ocrx_word' id='word_1_770' title='bbox 557 5778 840 5832; x_wconf 82' lang='lat' dir='ltr'><strong>transilivit</strong></span> <span class='ocrx_word' id='word_1_771' title='bbox 865 5790 1072 5841; x_wconf 84' lang='lat' dir='ltr'><strong>senem,</strong></span> <span class='ocrx_word' id='word_1_772' title='bbox 1100 5788 1272 5844; x_wconf 82' lang='lat' dir='ltr'><strong>neque</strong></span> <span class='ocrx_word' id='word_1_773' title='bbox 1300 5773 1518 5828; x_wconf 90' lang='lat' dir='ltr'><strong>omnino</strong></span> <span class='ocrx_word' id='word_1_774' title='bbox 1549 5772 1698 5827; x_wconf 90' lang='lat' dir='ltr'><strong>illum</strong></span> <span class='ocrx_word' id='word_1_775' title='bbox 1724 5769 1843 5826; x_wconf 87' lang='lat' dir='ltr'><strong>teti-</strong></span> 
     </span>
    </p>
   </div>
   <div class='ocr_carea' id='block_1_107' title="bbox 551 5888 1146 5953">
    <p class='ocr_par' dir='ltr' id='par_1_107' title="bbox 551 5888 1146 5953">
     <span class='ocr_line' id='line_1_107' title="bbox 551 5888 1146 5953; baseline -0.012 0"><span class='ocrx_word' id='word_1_776' title='bbox 551 5892 821 5953; x_wconf 76' lang='lat' dir='ltr'><strong>l’nnOL.</strong></span> <span class='ocrx_word' id='word_1_777' title='bbox 871 5888 1146 5949; x_wconf 71' lang='lat' dir='ltr'><strong>LXXIV.</strong></span> 
     </span>
    </p>
   </div>
   <div class='ocr_carea' id='block_1_108' title="bbox 1948 4670 3531 4749">
    <p class='ocr_par' dir='ltr' id='par_1_108' title="bbox 1948 4670 3531 4749">
     <span class='ocr_line' id='line_1_108' title="bbox 1948 4670 3531 4749; baseline 0.011 -27"><span class='ocrx_word' id='word_1_778' title='bbox 1948 4670 2196 4722; x_wconf 72' lang='lat' dir='ltr'><strong>C(Bttobiu</strong></span> <span class='ocrx_word' id='word_1_779' title='bbox 2228 4672 2394 4723; x_wconf 84' lang='lat' dir='ltr'><strong>sancti</strong></span> <span class='ocrx_word' id='word_1_780' title='bbox 2430 4676 2593 4737; x_wconf 78' lang='lat' dir='ltr'><strong>patris</strong></span> <span class='ocrx_word' id='word_1_781' title='bbox 2641 4676 2808 4729; x_wconf 80' lang='lat' dir='ltr'><strong>nostri</strong></span> <span class='ocrx_word' id='word_1_782' title='bbox 2840 4677 3146 4742; x_wconf 81' lang='lat' dir='ltr'><strong>Theodosii,</strong></span> <span class='ocrx_word' id='word_1_783' title='bbox 3179 4682 3318 4749; x_wconf 89' lang='lat' dir='ltr'><strong>quod</strong></span> <span class='ocrx_word' id='word_1_784' title='bbox 3351 4694 3430 4736; x_wconf 90' lang='lat' dir='ltr'><strong>est</strong></span> <span class='ocrx_word' id='word_1_785' title='bbox 3478 4685 3531 4740; x_wconf 88' lang='lat' dir='ltr'><strong>in</strong></span> 
     </span>
    </p>
   </div>
   <div class='ocr_carea' id='block_1_109' title="bbox 1945 4762 3531 4836">
    <p class='ocr_par' dir='ltr' id='par_1_109' title="bbox 1945 4762 3531 4836">
     <span class='ocr_line' id='line_1_109' title="bbox 1945 4762 3531 4836; baseline 0.011 -23"><span class='ocrx_word' id='word_1_786' title='bbox 1945 4775 2127 4814; x_wconf 84' lang='lat' dir='ltr'><strong>eremo</strong></span> <span class='ocrx_word' id='word_1_787' title='bbox 2158 4774 2354 4815; x_wconf 71' lang='lat' dir='ltr'><strong>saneta:</strong></span> <span class='ocrx_word' id='word_1_788' title='bbox 2382 4762 2575 4816; x_wconf 84' lang='lat' dir='ltr'><strong>Christi</strong></span> <span class='ocrx_word' id='word_1_789' title='bbox 2611 4765 2700 4819; x_wconf 89' lang='lat' dir='ltr'><strong>Dei</strong></span> <span class='ocrx_word' id='word_1_790' title='bbox 2728 4768 2895 4821; x_wconf 88' lang='lat' dir='ltr'><strong>nostri</strong></span> <span class='ocrx_word' id='word_1_791' title='bbox 2922 4769 3180 4836; x_wconf 77' lang='lat' dir='ltr'><strong>civitatis,</strong></span> <span class='ocrx_word' id='word_1_792' title='bbox 3222 4773 3420 4827; x_wconf 66' lang='lat' dir='ltr'><strong>sasculo</strong></span> <span class='ocrx_word' id='word_1_793' title='bbox 3446 4790 3531 4829; x_wconf 87' lang='lat' dir='ltr'><strong>rc-</strong></span> 
     </span>
    </p>
   </div>
   <div class='ocr_carea' id='block_1_110' title="bbox 1946 4849 3532 4928">
    <p class='ocr_par' dir='ltr' id='par_1_110' title="bbox 1946 4849 3532 4928">
     <span class='ocr_line' id='line_1_110' title="bbox 1946 4849 3532 4928; baseline 0.011 -26"><span class='ocrx_word' id='word_1_794' title='bbox 1946 4849 2217 4912; x_wconf 85' lang='lat' dir='ltr'><strong>nuntiavi;</strong></span> <span class='ocrx_word' id='word_1_795' title='bbox 2260 4850 2541 4921; x_wconf 85' lang='lat' dir='ltr'><strong>iuvenique</strong></span> <span class='ocrx_word' id='word_1_796' title='bbox 2570 4854 2675 4909; x_wconf 91' lang='lat' dir='ltr'><strong>illic</strong></span> <span class='ocrx_word' id='word_1_797' title='bbox 2722 4869 2905 4911; x_wconf 87' lang='lat' dir='ltr'><strong>senem</strong></span> <span class='ocrx_word' id='word_1_798' title='bbox 2938 4875 3185 4927; x_wconf 88' lang='lat' dir='ltr'><strong>magnum</strong></span> <span class='ocrx_word' id='word_1_799' title='bbox 3217 4862 3403 4928; x_wconf 88' lang='lat' dir='ltr'><strong>valde,</strong></span> <span class='ocrx_word' id='word_1_800' title='bbox 3434 4882 3532 4919; x_wconf 90' lang='lat' dir='ltr'><strong>no-</strong></span> 
     </span>
    </p>
   </div>
   <div class='ocr_carea' id='block_1_111' title="bbox 1947 4938 3543 5025">
    <p class='ocr_par' dir='ltr' id='par_1_111' title="bbox 1947 4938 3543 5025">
     <span class='ocr_line' id='line_1_111' title="bbox 1947 4938 3543 5025; baseline 0.013 -34"><span class='ocrx_word' id='word_1_801' title='bbox 1947 4938 2091 4992; x_wconf 90' lang='lat' dir='ltr'><strong>mine</strong></span> <span class='ocrx_word' id='word_1_802' title='bbox 2129 4938 2599 5008; x_wconf 86' lang='lat' dir='ltr'><strong>Cltristophorum,</strong></span> <span class='ocrx_word' id='word_1_803' title='bbox 2632 4944 2927 4999; x_wconf 79' lang='lat' dir='ltr'><strong>Romanum</strong></span> <span class='ocrx_word' id='word_1_804' title='bbox 2972 4963 3189 5017; x_wconf 90' lang='lat' dir='ltr'><strong>genere.</strong></span> <span class='ocrx_word' id='word_1_805' title='bbox 3226 4952 3321 5006; x_wconf 91' lang='lat' dir='ltr'><strong>Die</strong></span> <span class='ocrx_word' id='word_1_806' title='bbox 3371 4954 3543 5025; x_wconf 71' lang='lat' dir='ltr'><strong>igitur</strong></span> 
     </span>
    </p>
   </div>
   <div class='ocr_carea' id='block_1_112' title="bbox 1945 5030 3533 5115">
    <p class='ocr_par' dir='ltr' id='par_1_112' title="bbox 1945 5030 3533 5115">
     <span class='ocr_line' id='line_1_112' title="bbox 1945 5030 3533 5115; baseline 0.013 -34"><span class='ocrx_word' id='word_1_807' title='bbox 1945 5030 2173 5098; x_wconf 86' lang='lat' dir='ltr'><strong>quadam</strong></span> <span class='ocrx_word' id='word_1_808' title='bbox 2207 5042 2508 5101; x_wconf 87' lang='lat' dir='ltr'><strong>prostratus</strong></span> <span class='ocrx_word' id='word_1_809' title='bbox 2537 5046 2659 5090; x_wconf 90' lang='lat' dir='ltr'><strong>ante</strong></span> <span class='ocrx_word' id='word_1_810' title='bbox 2688 5036 2858 5101; x_wconf 91' lang='lat' dir='ltr'><strong>illum,</strong></span> <span class='ocrx_word' id='word_1_811' title='bbox 2888 5039 2995 5092; x_wconf 88' lang='lat' dir='ltr'><strong>dixi</strong></span> <span class='ocrx_word' id='word_1_812' title='bbox 3024 5039 3164 5096; x_wconf 85' lang='lat' dir='ltr'><strong>:Fac</strong></span> <span class='ocrx_word' id='word_1_813' title='bbox 3190 5042 3533 5115; x_wconf 87' lang='lat' dir='ltr'><strong>charitatem,</strong></span> 
     </span>
    </p>
   </div>
   <div class='ocr_carea' id='block_1_113' title="bbox 1947 5125 3531 5204">
    <p class='ocr_par' dir='ltr' id='par_1_113' title="bbox 1947 5125 3531 5204">
     <span class='ocr_line' id='line_1_113' title="bbox 1947 5125 3531 5204; baseline 0.011 -30"><span class='ocrx_word' id='word_1_814' title='bbox 1947 5133 2121 5193; x_wconf 88' lang='lat' dir='ltr'><strong>pater,</strong></span> <span class='ocrx_word' id='word_1_815' title='bbox 2152 5132 2209 5178; x_wconf 88' lang='lat' dir='ltr'><strong>et</strong></span> <span class='ocrx_word' id='word_1_816' title='bbox 2237 5125 2322 5179; x_wconf 91' lang='lat' dir='ltr'><strong>dic</strong></span> <span class='ocrx_word' id='word_1_817' title='bbox 2350 5125 2480 5178; x_wconf 92' lang='lat' dir='ltr'><strong>mihi</strong></span> <span class='ocrx_word' id='word_1_818' title='bbox 2522 5127 2647 5196; x_wconf 89' lang='lat' dir='ltr'><strong>quid</strong></span> <span class='ocrx_word' id='word_1_819' title='bbox 2678 5128 2727 5180; x_wconf 92' lang='lat' dir='ltr'><strong>in</strong></span> <span class='ocrx_word' id='word_1_820' title='bbox 2754 5127 3033 5196; x_wconf 86' lang='lat' dir='ltr'><strong>juventute</strong></span> <span class='ocrx_word' id='word_1_821' title='bbox 3062 5142 3148 5188; x_wconf 88' lang='lat' dir='ltr'><strong>tua</strong></span> <span class='ocrx_word' id='word_1_822' title='bbox 3194 5137 3531 5204; x_wconf 84' lang='lat' dir='ltr'><strong>Operabaris.</strong></span> 
     </span>
    </p>
   </div>
   <div class='ocr_carea' id='block_1_114' title="bbox 1949 5219 3532 5298">
    <p class='ocr_par' dir='ltr' id='par_1_114' title="bbox 1949 5219 3532 5298">
     <span class='ocr_line' id='line_1_114' title="bbox 1949 5219 3532 5298; baseline 0.008 -27"><span class='ocrx_word' id='word_1_823' title='bbox 1949 5219 2188 5288; x_wconf 84' lang='lat' dir='ltr'><strong>Cumque</strong></span> <span class='ocrx_word' id='word_1_824' title='bbox 2220 5219 2440 5273; x_wconf 87' lang='lat' dir='ltr'><strong>multum</strong></span> <span class='ocrx_word' id='word_1_825' title='bbox 2473 5235 2499 5272; x_wconf 90' lang='lat' dir='ltr'><strong>a</strong></span> <span class='ocrx_word' id='word_1_826' title='bbox 2530 5235 2616 5274; x_wconf 90' lang='lat' dir='ltr'><strong>me</strong></span> <span class='ocrx_word' id='word_1_827' title='bbox 2646 5234 2860 5290; x_wconf 90' lang='lat' dir='ltr'><strong>rogatus</strong></span> <span class='ocrx_word' id='word_1_828' title='bbox 2898 5224 3085 5280; x_wconf 88' lang='lat' dir='ltr'><strong>fuisset</strong></span> <span class='ocrx_word' id='word_1_829' title='bbox 3125 5230 3286 5281; x_wconf 79' lang='lat' dir='ltr'><strong>senex</strong></span> <span class='ocrx_word' id='word_1_830' title='bbox 3308 5270 3325 5295; x_wconf 94' lang='lat'><strong>,</strong></span> <span class='ocrx_word' id='word_1_831' title='bbox 3355 5230 3532 5298; x_wconf 85' lang='lat' dir='ltr'><strong>agnito</strong></span> 
     </span>
    </p>
   </div>
   <div class='ocr_carea' id='block_1_115' title="bbox 1947 5311 3532 5387">
    <p class='ocr_par' dir='ltr' id='par_1_115' title="bbox 1947 5311 3532 5387">
     <span class='ocr_line' id='line_1_115' title="bbox 1947 5311 3532 5387; baseline 0.011 -28"><span class='ocrx_word' id='word_1_832' title='bbox 1947 5311 2088 5378; x_wconf 88' lang='lat' dir='ltr'><strong>quod</strong></span> <span class='ocrx_word' id='word_1_833' title='bbox 2121 5318 2336 5380; x_wconf 87' lang='lat' dir='ltr'><strong>propter</strong></span> <span class='ocrx_word' id='word_1_834' title='bbox 2366 5311 2646 5364; x_wconf 88' lang='lat' dir='ltr'><strong>utilitatem</strong></span> <span class='ocrx_word' id='word_1_835' title='bbox 2675 5312 2866 5367; x_wconf 72' lang='lat' dir='ltr'><strong>anima:</strong></span> <span class='ocrx_word' id='word_1_836' title='bbox 2889 5315 3040 5370; x_wconf 91' lang='lat' dir='ltr'><strong>illum</strong></span> <span class='ocrx_word' id='word_1_837' title='bbox 3062 5333 3356 5387; x_wconf 89' lang='lat' dir='ltr'><strong>rogassem,</strong></span> <span class='ocrx_word' id='word_1_838' title='bbox 3377 5335 3532 5376; x_wconf 83' lang='lat' dir='ltr'><strong>enar-</strong></span> 
     </span>
    </p>
   </div>
   <div class='ocr_carea' id='block_1_116' title="bbox 1952 5403 3529 5480">
    <p class='ocr_par' dir='ltr' id='par_1_116' title="bbox 1952 5403 3529 5480">
     <span class='ocr_line' id='line_1_116' title="bbox 1952 5403 3529 5480; baseline 0.009 -25"><span class='ocrx_word' id='word_1_839' title='bbox 1952 5403 2092 5455; x_wconf 88' lang='lat' dir='ltr'><strong>ravit</strong></span> <span class='ocrx_word' id='word_1_840' title='bbox 2121 5403 2274 5468; x_wconf 89' lang='lat' dir='ltr'><strong>mihi,</strong></span> <span class='ocrx_word' id='word_1_841' title='bbox 2302 5404 2488 5458; x_wconf 83' lang='lat' dir='ltr'><strong>dicens</strong></span> <span class='ocrx_word' id='word_1_842' title='bbox 2521 5422 2533 5456; x_wconf 91' lang='lat'><strong>:</strong></span> <span class='ocrx_word' id='word_1_843' title='bbox 2567 5405 2789 5465; x_wconf 88' lang='lat' dir='ltr'><strong>Ouando</strong></span> <span class='ocrx_word' id='word_1_844' title='bbox 2819 5410 3019 5464; x_wconf 69' lang='lat' dir='ltr'><strong>smculo</strong></span> <span class='ocrx_word' id='word_1_845' title='bbox 3065 5412 3393 5479; x_wconf 86' lang='lat' dir='ltr'><strong>renuntiavi,</strong></span> <span class='ocrx_word' id='word_1_846' title='bbox 3419 5413 3493 5469; x_wconf 81' lang='lat' dir='ltr'><strong>ﬁli</strong></span> <span class='ocrx_word' id='word_1_847' title='bbox 3514 5454 3529 5480; x_wconf 88' lang='lat'><strong>,</strong></span> 
     </span>
    </p>
   </div>
   <div class='ocr_carea' id='block_1_117' title="bbox 1951 5495 3528 5571">
    <p class='ocr_par' dir='ltr' id='par_1_117' title="bbox 1951 5495 3528 5571">
     <span class='ocr_line' id='line_1_117' title="bbox 1951 5495 3528 5571; baseline 0.006 -22"><span class='ocrx_word' id='word_1_848' title='bbox 1951 5510 2200 5564; x_wconf 86' lang='lat' dir='ltr'><strong>magnum</strong></span> <span class='ocrx_word' id='word_1_849' title='bbox 2232 5495 2389 5549; x_wconf 86' lang='lat' dir='ltr'><strong>habui</strong></span> <span class='ocrx_word' id='word_1_850' title='bbox 2422 5495 2707 5562; x_wconf 85' lang='lat' dir='ltr'><strong>fervorem,</strong></span> <span class='ocrx_word' id='word_1_851' title='bbox 2734 5512 3105 5571; x_wconf 89' lang='lat' dir='ltr'><strong>summamque</strong></span> <span class='ocrx_word' id='word_1_852' title='bbox 3132 5503 3391 5558; x_wconf 90' lang='lat' dir='ltr'><strong>desiderii</strong></span> <span class='ocrx_word' id='word_1_853' title='bbox 3420 5504 3528 5559; x_wconf 79' lang='lat' dir='ltr'><strong>ala—</strong></span> 
     </span>
    </p>
   </div>
   <div class='ocr_carea' id='block_1_118' title="bbox 1950 5585 3539 5664">
    <p class='ocr_par' dir='ltr' id='par_1_118' title="bbox 1950 5585 3539 5664">
     <span class='ocr_line' id='line_1_118' title="bbox 1950 5585 3539 5664; baseline 0.005 -25"><span class='ocrx_word' id='word_1_854' title='bbox 1950 5586 2191 5639; x_wconf 85' lang='lat' dir='ltr'><strong>eritatem</strong></span> <span class='ocrx_word' id='word_1_855' title='bbox 2208 5585 2272 5638; x_wconf 90' lang='lat' dir='ltr'><strong>ad</strong></span> <span class='ocrx_word' id='word_1_856' title='bbox 2298 5587 2645 5641; x_wconf 90' lang='lat' dir='ltr'><strong>monasticam</strong></span> <span class='ocrx_word' id='word_1_857' title='bbox 2669 5591 2853 5657; x_wconf 87' lang='lat' dir='ltr'><strong>vitam;</strong></span> <span class='ocrx_word' id='word_1_858' title='bbox 2872 5606 2935 5645; x_wconf 91' lang='lat' dir='ltr'><strong>ac</strong></span> <span class='ocrx_word' id='word_1_859' title='bbox 2953 5592 3140 5647; x_wconf 89' lang='lat' dir='ltr'><strong>diebus</strong></span> <span class='ocrx_word' id='word_1_860' title='bbox 3153 5595 3362 5664; x_wconf 77' lang='lat' dir='ltr'><strong>quidem</strong></span> <span class='ocrx_word' id='word_1_861' title='bbox 3380 5606 3539 5647; x_wconf 81' lang='lat' dir='ltr'><strong>exer-</strong></span> 
     </span>
    </p>
   </div>
   <div class='ocr_carea' id='block_1_119' title="bbox 1951 5679 3536 5756">
    <p class='ocr_par' dir='ltr' id='par_1_119' title="bbox 1951 5679 3536 5756">
     <span class='ocr_line' id='line_1_119' title="bbox 1951 5679 3536 5756; baseline 0.003 -22"><span class='ocrx_word' id='word_1_862' title='bbox 1951 5680 2114 5734; x_wconf 87' lang='lat' dir='ltr'><strong>cebar</strong></span> <span class='ocrx_word' id='word_1_863' title='bbox 2145 5681 2195 5731; x_wconf 90' lang='lat' dir='ltr'><strong>in</strong></span> <span class='ocrx_word' id='word_1_864' title='bbox 2228 5679 2454 5748; x_wconf 87' lang='lat' dir='ltr'><strong>regulari</strong></span> <span class='ocrx_word' id='word_1_865' title='bbox 2488 5682 3067 5749; x_wconf 86' lang='lat' dir='ltr'><strong>psalmodia,noctibus</strong></span> <span class='ocrx_word' id='word_1_866' title='bbox 3094 5701 3226 5742; x_wconf 90' lang='lat' dir='ltr'><strong>vero</strong></span> <span class='ocrx_word' id='word_1_867' title='bbox 3247 5683 3536 5756; x_wconf 86' lang='lat' dir='ltr'><strong>pergebam</strong></span> 
     </span>
    </p>
   </div>
   <div class='ocr_carea' id='block_1_120' title="bbox 1957 5769 3536 5843">
    <p class='ocr_par' dir='ltr' id='par_1_120' title="bbox 1957 5769 3536 5843">
     <span class='ocr_line' id='line_1_120' title="bbox 1957 5769 3536 5843; baseline 0.001 -17"><span class='ocrx_word' id='word_1_868' title='bbox 1957 5771 2011 5826; x_wconf 92' lang='lat' dir='ltr'><strong>in</strong></span> <span class='ocrx_word' id='word_1_869' title='bbox 2040 5770 2372 5841; x_wconf 87' lang='lat' dir='ltr'><strong>speluncam,</strong></span> <span class='ocrx_word' id='word_1_870' title='bbox 2407 5769 2459 5825; x_wconf 91' lang='lat' dir='ltr'><strong>in</strong></span> <span class='ocrx_word' id='word_1_871' title='bbox 2488 5787 2594 5843; x_wconf 88' lang='lat' dir='ltr'><strong>qua</strong></span> <span class='ocrx_word' id='word_1_872' title='bbox 2621 5781 2675 5830; x_wconf 90' lang='lat' dir='ltr'><strong>et</strong></span> <span class='ocrx_word' id='word_1_873' title='bbox 2700 5782 2918 5831; x_wconf 84' lang='lat' dir='ltr'><strong>sanctus</strong></span> <span class='ocrx_word' id='word_1_874' title='bbox 2944 5774 3300 5841; x_wconf 84' lang='lat' dir='ltr'><strong>Theodosius,</strong></span> <span class='ocrx_word' id='word_1_875' title='bbox 3330 5781 3386 5829; x_wconf 88' lang='lat' dir='ltr'><strong>et</strong></span> <span class='ocrx_word' id='word_1_876' title='bbox 3404 5785 3536 5828; x_wconf 60' lang='lat' dir='ltr'><strong>san.</strong></span> 
     </span>
    </p>
   </div>
   <div class='ocr_carea' id='block_1_121' title="bbox 3110 5887 3149 5944">
    <p class='ocr_par' dir='ltr' id='par_1_121' title="bbox 3110 5887 3149 5944">
     <span class='ocr_line' id='line_1_121' title="bbox 3110 5887 3149 5944; baseline 0 0"><span class='ocrx_word' id='word_1_877' title='bbox 3110 5887 3149 5944; x_wconf 85' lang='lat'><strong>6</strong></span> 
     </span>
    </p>
   </div>
  </div>
