4052 6362
559 306 658 363 131

556 422 629 487 eti
651 421 837 476 Patres
852 417 1044 489 reliqui
1071 429 1226 471 orare
1256 418 1676 473 consueverant;
1703 406 2138 476 descendensque
2165 410 2213 469 Α

558 514 616 572 in
644 512 987 584 speluncam,
1017 507 1222 565 centies
1271 504 1550 559 flectebam
1578 516 1773 571 genua,
1802 508 1856 553 et
1906 498 2150 569 procide—

559 605 685 665 bam
731 606 844 660 Deo
897 617 996 672 per
1043 600 1239 671 gradus
1280 598 1544 667 singulos;
1578 607 1701 648 sunt
1742 603 1921 647 autem
1971 605 2150 645 nume.

557 712 622 755 r0
645 698 834 754 decem
860 704 916 750 et
940 702 1082 759 octo.
1116 692 1354 755 Cumque
1382 704 1474 757 per
1500 701 1684 740 omnes
1706 685 1901 754 gradus
1923 684 2149 736 descen-

558 790 786 853 dissem.
831 787 1207 858 permanebam
1254 783 1393 847 illic,
1423 780 1595 834 donec
1631 776 1868 845 pulsaret
1913 776 2145 842 signum.

559 887 710 943 Tunc
754 886 896 941 ibam
926 882 993 938 ad
1022 879 1263 954 synaxim
1312 892 1430 930 cum
1480 872 1747 927 Patribus.
1778 872 1911 924 Cum
1966 877 2145 922 autem

561 994 698 1048 opus
727 977 869 1033 istud
902 975 1146 1030 undecim
1195 969 1349 1024 anuis
1379 968 1580 1036 absque
1630 964 2025 1019 intermissione
2073 960 2149 1013 fe-

559 1069 786 1135 eissetn,
813 1080 933 1119 cum
955 1061 1174 1133 jejuniis
1202 1059 1405 1120 multis,
1440 1066 1493 1109 et
1522 1056 1870 1114 continentia,
1905 1062 1958 1106 et
1991 1050 2146 1105 nudi-

564 1168 676 1212 tate
702 1171 876 1211 rerum
904 1154 1163 1213 omnium,
1196 1162 1247 1203 et
1291 1147 1618 1207 obedientia,
1646 1155 1701 1199 et
1750 1145 1930 1196 labore
1957 1157 2149 1211 corpo~

562 1246 685 1312 tali,
716 1245 835 1301 veni
868 1253 1025 1299 nocte
1054 1241 1280 1310 quadam
1333 1238 1626 1291 secundum
1676 1236 2145 1300 consuetudinem,

563 1347 621 1391 ut
665 1338 717 1389 itt
764 1335 1072 1405 speluncam
1119 1330 1529 1385 descenderem.
1563 1328 1800 1392 Cumth
1841 1325 2148 1393 iﬂlpit‘ssettl

564 1428 937 1483 inclinationes
969 1423 1211 1494 corporis
1232 1436 1325 1490 per
1352 1419 1591 1489 singulos
1618 1418 1835 1487 gradus,
1858 1425 2148 1469 venturus-

568 1537 672 1592 que
702 1535 875 1574 essent
902 1520 955 1571 in
978 1517 1247 1587 spelunca:
1273 1514 1662 1582 pavimentum,
1690 1509 1858 1564 factus
1889 1509 1940 1563 in
1969 1518 2149 1563 exsta-

561 1617 628 1677 si,
663 1614 819 1668 video
851 1619 1020 1667 totum
1070 1606 1339 1676 spelunca:
1376 1602 1734 1669 pavimentum
1768 1599 2004 1654 candelis
2036 1597 2150 1665 ple-

560 1724 707 1774 num,
741 1722 806 1761 ex
852 1705 1053 1773 quibus
1096 1701 1219 1754 aliae
1249 1697 1476 1777 quidem.
1517 1708 1763 1749 accensa:
1808 1703 1995 1753 erant.
2030 1691 2147 1744 alite

564 1813 697 1854 non.
730 1796 948 1864 Aspicio
973 1802 1152 1847 autem
1184 1798 1237 1843 et
1262 1788 1397 1841 duos
1432 1788 1574 1839 viros
1600 1783 1881 1852 chlamyde
1913 1782 2148 1843 indutos,

559 1888 897 1958 candidoque
938 1884 1121 1939 habitu
1170 1881 1424 1943 amictus,
1455 1876 1670 1931 easdem
1715 1874 1965 1929 candelas
2011 1888 2146 1941 pra--

563 1989 837 2053 parantes.
866 1979 976 2048 Ego
1014 1986 1189 2030 autem
1220 1974 1325 2027 dixi
1358 1972 1465 2026 illis
1498 1989 1509 2024 :
1544 1978 1600 2021 ut
1630 1968 1757 2039 quid
1783 1964 2033 2037 posuistis
2064 1965 2150 2018 hic

560 2072 813 2128 candelas
862 2071 1012 2134 istas,
1045 2082 1143 2121 nec
1194 2063 1503 2134 permittitis
1558 2078 1653 2114 nos
1703 2058 2054 2121 descendere,
2097 2066 2150 2111 et

561 2164 759 2220 orare?
807 2160 906 2229 Qui
958 2157 1344 2228 respondentes
1394 2153 1646 2208 dixerunt
1697 2148 1879 2204 mihi:
1934 2148 2147 2203 Patrum

565 2255 803 2312 candela:
836 2262 979 2308 sunt.
1014 2251 1127 2305 Dixi
1155 2258 1337 2302 autent
1370 2246 1435 2300 ad
1470 2260 1564 2301 eos
1597 2260 1806 2299 rursum
1844 2260 1857 2295 :
1889 2242 1997 2297 Cur
2032 2241 2150 2295 alia:

560 2363 626 2402 ex
661 2347 770 2402 illis
797 2343 1008 2409 ardent,
1038 2343 1156 2396 alia:
1183 2339 1328 2394 ttott?
1360 2335 1772 2407 Responderunt
1797 2351 1810 2387 :
1840 2333 1939 2398 Qui
1971 2333 2155 2386 volunt

560 2439 816 2497 candelas
844 2452 970 2492 suas
1000 2434 1386 2498 accenderunt,
1416 2439 1469 2486 et
1489 2429 1581 2499 qui
1606 2428 1813 2491 nolunt,
1843 2441 1947 2479 non
1970 2438 2151 2478 accen-

563 2533 785 2590 derunt.
800 2530 898 2586 Aio
910 2529 975 2583 ad
991 2528 1109 2583 illos
1124 2528 1316 2581 iterum
1337 2541 1349 2578 :
1370 2523 1549 2576 Facite
1566 2518 1879 2575 charitatem
1897 2534 1910 2583 ;
1930 2516 2150 2572 candela

564 2641 686 2682 mea
720 2624 899 2692 ardet,
930 2637 996 2676 an
1029 2635 1136 2674 non
1167 2617 1353 2673 ardet?
1382 2615 1462 2669 llli
1489 2624 1666 2669 autem
1698 2612 1950 2665 dixerunt
1982 2626 1995 2661 :
2026 2608 2153 2672 Ora,

562 2728 622 2776 et
635 2714 1155 2775 accendimusillam.
1170 2708 1569 2766 Tuncdicoillis
1584 2723 1596 2760 :
1613 2704 1801 2762 Adhuc
1822 2719 1937 2756 oro.
1958 2700 2153 2771 thuid

562 2826 730 2882 usque
752 2809 910 2866 modo
926 2805 1187 2861 faciebam
1203 2803 1225 2857 *ἓ
1242 2803 1417 2870 Atque
1430 2800 1482 2855 in
1502 2798 1602 2853 hoc
1616 2799 1779 2852 verbo
1796 2796 1861 2848 ad
1882 2808 1967 2848 me
1982 2794 2153 2860 ipsum

556 2915 812 2960 reversus
842 2913 983 2964 sum,
1013 2907 1413 2964 conversusque
1443 2892 1576 2946 ultra
1595 2889 1705 2959 jam
1732 2888 1997 2941 neminem
2021 2883 2153 2937 vidi.

563 2992 713 3048 Tunc
742 2990 858 3046 dixi
908 2988 962 3043 in
993 2986 1200 3057 meipso
1230 3003 1242 3037 :
1277 2981 1664 3052 Christophore
1686 3022 1700 3046 ,
1731 2978 1921 3048 majori
1975 2975 2157 3029 labore

562 3099 697 3155 opus
726 3091 829 3139 est.
862 3081 929 3137 Et
958 3095 1114 3136 mane
1159 3079 1320 3142 facto,
1353 3076 1554 3132 recessi
1600 3074 1666 3128 de
1715 3072 2065 3135 monasterio,
2101 3083 2151 3123 et

2186 1777 2225 1835 ί)
2254 1756 2429 1808 venio.
2455 1756 2533 1807 Ad
2575 1771 2732 1825 quem
2762 1773 2862 1826 ego
2895 1774 2908 1808 :
2940 1758 3067 1823 Cur,
3097 1774 3193 1812 oro
3218 1761 3307 1813 te?
3352 1762 3439 1814 Ait
3486 1763 3612 1816 tuibi

1698 292 1788 347 DE
1833 290 2009 346 VITIS
2050 287 2332 346 PATRUM
2370 289 2576 347 LIBER
2614 290 2684 347 Χ,
3712 297 3801 358 υς

2840 405 3067 463 CAPUT
3108 407 3241 465 CVI.

2253 498 2454 553 Relatio
2506 497 2702 553 abbatis
2759 498 3013 582 Theodori
3063 501 3126 554 de
3174 501 3423 555 monacho
3478 503 3614 574 Syro
3668 502 3804 562 Seue-

2951 588 3119 627 rtuno.

2321 660 2567 715 Narravit
2598 660 2789 716 iterum
2813 663 2967 715 nobis
3000 662 3137 717 idem
3167 662 3332 718 abbas
3378 662 3703 731 Theodorus,
3738 666 3805 721 di-

2249 767 2377 807 cens
2412 771 2423 804 :
2458 752 2859 807 Xenodochium
2881 763 2958 806 est
2987 752 3071 807 hic
3096 769 3257 822 prope
3281 754 3529 820 Pharum,
3555 754 3687 809 inter
3702 770 3805 811 san-

2248 853 2388 897 ctam
2421 843 2675 910 Sophiam
2717 852 2769 896 et
2800 853 3041 896 sanctum
3077 842 3329 898 Faustum
3364 861 3379 898 :
3412 845 3499 914 qui
3532 856 3699 901 autem
3744 847 3804 900 illi

2251 942 2502 1004 praserat,
2531 936 2616 988 die
2646 938 2873 1003 quadam
2902 936 3071 990 oravit
3111 952 3194 990 me
3230 951 3283 989 ut
3335 938 3464 991 iretn
3506 938 3556 991 iu
3600 939 3807 993 xenodo-

2251 1024 2453 1086 cltittm,
2484 1033 2535 1077 et
2580 1024 2649 1077 ibi
2691 1040 2931 1079 morarer
2976 1025 3153 1094 paucis
3183 1027 3388 1081 diebus.
3440 1028 3634 1082 Abiens
3672 1028 3807 1098 igitur

2251 1115 2432 1170 iuveni
2457 1117 2562 1169 illic
2596 1118 2911 1172 monachum
2942 1121 3224 1187 quemdam
3249 1121 3478 1189 hospitio
3497 1133 3805 1191 susceptum,

2251 1208 2445 1275 Syrum
2492 1223 2711 1278 genere,
2758 1209 2887 1263 nihil
2938 1210 3219 1265 habentem
3272 1223 3464 1279 praeter
3500 1213 3809 1273 ciliciumet

2253 1301 2492 1368 pallium,
2516 1311 2570 1354 et
2592 1316 2754 1368 panes
2780 1316 2993 1367 paucos.
3020 1301 3203 1356 Stabat
3224 1315 3403 1356 autem
3425 1305 3474 1357 in
3499 1319 3604 1356 uno
3620 1306 3809 1372 angulo,

2256 1406 2470 1460 semper
2493 1392 2584 1445 die
2613 1404 2877 1459 noctuque
2912 1394 3163 1461 psallens,
3191 1403 3244 1446 et
3271 1398 3464 1447 neruiui
3488 1396 3810 1463 laquetts.\'e-

2254 1486 2436 1539 niente
2470 1500 2599 1538 vero
2627 1486 2715 1538 die
2745 1496 2932 1538 sancta
2966 1485 3263 1551 Dontiuica,
3293 1489 3397 1540 abii
3443 1490 3509 1541 ad
3543 1490 3707 1554 illum,
3742 1489 3812 1544 di-

2253 1591 2379 1629 cens
2410 1594 2422 1628 :
2452 1575 2609 1641 Veni,
2644 1575 2828 1644 frater,
2859 1577 2923 1629 ad
2952 1587 3189 1631 sanctam
3212 1580 3487 1647 Sophiam,
3521 1590 3578 1634 ut
3602 1596 3812 1636 conrotu-

2254 1667 2402 1720 nices
2432 1668 2631 1720 sanctis
2664 1667 3090 1736 venerandisque
3128 1671 3421 1739 mySteriis.
3445 1672 3547 1739 Qui
3575 1674 3646 1725 ait
3675 1689 3688 1724 :
3715 1672 3812 1731 Non

3650 1780 3663 1814 :
3700 1764 3812 1831 Quia

2256 1846 2584 1903 Severianus
2615 1863 2755 1913 sum,
2785 1860 2839 1902 et
2867 1864 2971 1902 non
3016 1853 3356 1905 communico
3406 1853 3680 1907 Ecclesim.
3725 1856 3812 1908 Au-

2253 1940 2405 1993 diens
2436 1954 2557 2009 ego,
2582 1954 2705 2008 quia
2736 1957 2839 1993 non
2871 1943 3289 1999 communicaret
3318 1955 3520 1999 sanctit-
3541 1956 3594 2000 et
3620 1956 3811 2015 apstu-

2253 2031 2369 2085 lica:
2398 2031 2673 2095 Ecclesiae,
2706 2032 2970 2101 simulque
3001 2034 3189 2088 videns
3233 2036 3373 2089 illius
3416 2040 3670 2106 optimam
3708 2054 3814 2091 cou-

2255 2123 2635 2185 versationem,
2665 2124 2933 2193 vitamque
2964 2125 3248 2181 virtutibus
3271 2130 3503 2196 plenam,
3530 2130 3634 2182 abii
3655 2130 3812 2200 lugetis

2264 2211 2317 2265 itt
2349 2212 2594 2267 cellulam
2619 2226 2812 2278 meam,
2829 2222 2884 2265 et
2903 2213 3080 2268 clausa
3094 2217 3275 2284 janua,
3305 2220 3567 2286 prostravi
3585 2219 3813 2287 mcipsum

2256 2305 2308 2359 itt
2352 2305 2541 2359 faciem
2580 2319 2760 2358 coram
2800 2304 3026 2359 Domino
3068 2323 3163 2376 per
3192 2309 3305 2363 dies
3356 2320 3485 2374 tres,
3527 2324 3582 2365 et
3626 2313 3813 2365 orabam

2256 2398 2405 2452 illum
2430 2413 2548 2451 cum
2590 2397 2839 2467 lacrytnis
2871 2400 3075 2465 tnultis,
3108 2400 3328 2455 dicens:
3361 2401 3814 2456 DominaturChri-

2256 2499 2339 2543 ste
2372 2489 2507 2543 Deus
2536 2497 2737 2551 noster,
2761 2489 2850 2557 qui
2874 2500 3089 2558 propter
3108 2492 3427 2547 ineffabilem
3452 2506 3596 2548 tuam
3621 2498 3815 2548 immen-

2258 2596 2481 2651 samque
2528 2583 2864 2636 clementiam
2906 2584 3173 2639 inclinasti
3216 2588 3405 2651 caelos,
3438 2597 3492 2642 et
3524 2588 3815 2643 descendisti

2262 2684 2480 2742 propter
2507 2676 2735 2729 salutem
2768 2687 3025 2744 nostram,
3051 2679 3139 2747 qui
3164 2679 3469 2735 incarnatus
3494 2699 3553 2737 es
3570 2697 3632 2736 ex
3661 2690 3815 2735 sancta

2260 2766 2486 2821 Domina
2518 2778 2696 2821 nostra
2747 2769 2839 2822 Dei
2878 2769 3137 2837 genitrice
3168 2786 3482 2841 semperque
3512 2774 3708 2842 virgine
3730 2772 3817 2825 Ma-

2260 2859 2363 2923 ria,
2409 2861 2589 2912 revela
2629 2859 2756 2913 mihi
2798 2861 2885 2927 qui
2916 2860 3022 2913 sint
3051 2864 3139 2930 qui
3168 2850 3303 2915 bene
3332 2874 3385 2917 et
3410 2872 3559 2918 recte
3584 2863 3815 2921 credunt;

2260 2966 2431 3008 nosne
2459 2954 2548 3022 qui
2579 2963 2777 3008 sancta:
2806 2953 3061 3010 Ecclesiae
3087 2955 3381 3024 jungitnur,
3412 2973 3478 3011 an
3526 2960 3614 3026 qui
3646 2957 3819 3012 Severo

2262 3045 2626 3099 eottseutiuttt.
2658 3046 2748 3099 Die
2775 3059 2903 3099 vero
2933 3049 3085 3101 tertia
3119 3048 3261 3101 venit
3305 3050 3434 3102 mihi
3471 3065 3571 3102 vox
3605 3048 3816 3103 invisibi-

565 3138 835 3246 pi'ofectus
868 3189 985 3229 sum
1014 3171 1081 3227 ad
1105 3181 1343 3227 montem
1376 3169 1527 3232 Sina,
1555 3167 1683 3219 nihil
1716 3165 1889 3220 ferens
1917 3177 2149 3225 mecum,

2267 3138 2411 3207 liter,
2440 3139 2626 3193 dicens
2658 3154 2673 3192 :
2702 3138 2874 3204 Vade,
2908 3139 3207 3202 Theodore,
3238 3139 3440 3210 inspice
3472 3143 3628 3197 fidem
3658 3141 3816 3210 ipsius.

567 3264 670 3321 nisi
709 3278 815 3334 quo
845 3262 1106 3318 induebar
1135 3269 1362 3313 tantum.
1396 3258 1638 3325 Cumque
1668 3256 1775 3309 illic
1801 3254 2028 3326 egissem
2058 3268 2154 3304 au-

569 3369 669 3409 nos
710 3353 1119 3423 quinquaginta,
1158 3350 1303 3404 venit
1333 3349 1462 3401 mihi
1492 3362 1617 3407 vox,
1648 3347 1833 3399 dicens
1867 3362 1881 3397 :
1913 3343 2150 3397 Christo-

567 3447 760 3518 phore,
807 3443 1214 3511 ChristOphore,
1247 3442 1360 3495 redi
1411 3441 1461 3492 in
1513 3438 1821 3493 coenobium
1876 3449 2018 3489 tuum
2067 3436 2152 3488 ubi

570 3538 729 3597 etiam
763 3539 898 3593 bene
927 3535 1169 3598 certasti,
1202 3542 1258 3587 ut
1288 3534 1395 3586 illic
1426 3531 1814 3586 consutnmcris
1844 3546 1962 3584 cum
1984 3528 2154 3581 l’atri-

569 3633 674 3690 bus
713 3632 836 3686 tuis.
873 3630 941 3685 Et
972 3629 1182 3684 ιιιοιίἰειι
1216 3638 1457 3695 tempore
1504 3635 1849 3694 posteaquam
1883 3622 2011 3676 mihi
2058 3623 2155 3675 ista

571 3725 800 3790 dixerat,
832 3733 1016 3777 sancta
1044 3721 1185 3775 illius
1215 3720 1391 3773 anima
1426 3719 1477 3770 in
1501 3731 1631 3785 pace
1660 3715 1938 3785 requievit.

638 3817 867 3871 Rursum
894 3815 1164 3870 enarravit
1190 3810 1341 3866 nobis
1366 3809 1506 3863 ident
1532 3810 1847 3861 Theodorus
1875 3807 1940 3860 de
1962 3806 2151 3860 eodem

569 3909 762 3966 abbate
805 3905 1215 3975 Clll'i‘lophmo.
1275 3904 1513 3969 Dicebat,
1561 3903 1767 3971 inquit,
1817 3914 1979 3953 senex
2013 3914 2027 3952 :
2066 3897 2156 3951 Die

573 4002 803 4071 quadam
834 3997 1054 4053 ascendi.
1080 3998 1131 4051 in
1174 4004 1413 4050 sauctarn
1455 3994 1749 4057 civitatem,
1788 4001 1846 4045 ιιι
1874 3991 2154 4043 adoraretu

570 4099 810 4147 sanctam
836 4105 1073 4144 crucem.
1104 4089 1167 4143 Et
1198 4103 1316 4141 cum
1352 4086 1691 4150 adoraSSem,
1720 4083 1898 4152 etjam
1930 4083 2153 4141 exirem,

570 4182 774 4251 aSpicio
807 4181 1022 4234 fratrem
1071 4180 1354 4247 quemdam
1404 4179 1457 4232 in
1510 4177 1692 4230 limine
1737 4174 1855 4228 atrii
1909 4176 2156 4241 pretiosa:

569 4273 788 4339 crucis,
838 4287 1009 4342 neque
1054 4271 1376 4336 intrantem,
1428 4284 1598 4337 neque
1646 4277 1950 4321 exeuntem.
2000 4264 2159 4329 Astii-

571 4366 657 4420 cio
706 4366 831 4419 item
864 4373 919 4418 et
946 4364 1079 4416 duos
1109 4377 1303 4417 eorvos
1351 4362 1688 4429 impudenter
1728 4371 1850 4413 aute
1891 4358 2036 4412 illius
2080 4358 2154 4410 fa.

570 4461 708 4517 ciem
748 4460 1019 4523 volantes,
1067 4469 1117 4511 ct
1167 4456 1265 4511 alis
1315 4459 1426 4511 suis
1469 4456 1653 4510 oculos
1693 4454 1812 4523 ejus
1856 4456 2158 4520 importune

2261 3232 2317 3285 lu
2348 3233 2637 3286 crastinum
2670 3230 2827 3299 igitur
2858 3231 3143 3301 profectus,
3173 3233 3285 3287 sedi
3312 3246 3434 3288 ante
3459 3234 3625 3299 illum,
3649 3247 3816 3300 exste-

2259 3337 2409 3380 ctans
2438 3326 2621 3380 videre
2650 3326 2874 3394 aliquid,
2922 3327 3069 3394 juxta
3098 3323 3251 3395 'quod
3284 3327 3409 3380 mihi
3443 3343 3542 3379 vox
3576 3328 3766 3381 dixerat
3800 3339 3815 3375 ε

2258 3425 2313 3470 et
2340 3433 2461 3470 cum
2486 3417 2801 3470 mansissent
2827 3417 3020 3471 sedens
3040 3417 3192 3485 quasi
3219 3432 3321 3470 una
3349 3418 3498 3485 hora,
3526 3430 3579 3471 ct
3607 3418 3815 3473 intuerer

2259 3508 2313 3561 iu
2348 3510 2518 3577 ipsum
2544 3518 2794 3571 stantem,
2818 3518 2869 3561 et
2902 3522 3031 3562 voce
3057 3506 3189 3576 Syra
3216 3508 3550 3575 psallentem,
3583 3506 3683 3561 vidi
3708 3516 3818 3559 teste

2260 3601 2392 3665 Deo,
2424 3603 2540 3668 ﬁlii,
2564 3601 2863 3654 columbam
2893 3614 3054 3667 super
3078 3608 3237 3667 caput
3265 3600 3381 3669 ejus
3420 3608 3644 3654 stantem
3668 3598 3818 3665 fuligi-

2266 3711 2472 3759 nosam,
2520 3694 2682 3749 veluti
2710 3708 2777 3748 ex
2809 3693 3037 3762 coquina
3078 3694 3405 3761 venientem,
3451 3695 3739 3763 squalidam
3770 3706 3819 3742 ac

2259 3787 2500 3842 fetidum.
2525 3788 2674 3840 Tunc
2704 3787 2890 3854 agnovi
2914 3802 3053 3851 eam,
3086 3802 3204 3856 quae
3233 3787 3359 3841 tttilti
3392 3796 3723 3857 apparuerat,
3749 3799 3820 3839 ca-

2258 3880 2537 3951 liginosam
2571 3878 2899 3947 fetidamque
2928 3880 3253 3946 columbam,
3302 3881 3469 3948 ipsius
3511 3895 3634 3935 esse
3665 3880 3821 3937 fidem.

2262 3974 2385 4027 llmc
2414 3981 2589 4025 autem
2622 3969 2777 4024 nobis
2809 3971 3119 4024 narravitiu
3151 3972 3371 4026 veritate
3398 3986 3517 4024 cum
3546 3974 3722 4024 multis
3758 3970 3821 4021 la-

2262 4064 2460 4137 crytnis
2483 4074 2536 4119 et
2560 4063 2878 4134 singultibus
2906 4076 3088 4117 sancta
3131 4065 3297 4132 ipsius
3329 4064 3523 4117 anima.

2840 4182 3066 4236 CAPUT
3107 4180 3267 4235 CVII.

2722 4272 2841 4326 Vita
2882 4274 3077 4326 abbatis
3115 4272 3388 4327 Gerasimi.

2339 4368 2452 4423 Uno
2482 4367 2592 4423 fere
2624 4366 2871 4421 milliario
2901 4367 3060 4420 distat
3100 4382 3129 4421 a
3174 4366 3408 4422 Jordane
3440 4364 3819 4427 monasterium,

2273 4459 2416 4528 quod
2445 4459 2655 4513 abbatis
2686 4458 2945 4513 Get'asimi
2977 4458 3187 4511 dicitur.
3223 4458 3279 4511 In
3325 4457 3428 4512 hoc
3465 4455 3818 4511 monasterium

571 4553 914 4620 impetentes,
950 4566 1048 4604 nec
1081 4552 1227 4604 illum
1261 4551 1463 4604 intrare
1494 4551 1885 4617 permittentes.
1921 4543 2153 4600 Intellexi

2270 4552 2673 4607 advenientibus
2706 4551 2858 4604 nobis
2890 4560 3237 4603 narravcrunt
3259 4550 3348 4618 qui
3380 4550 3485 4603 illic
3509 4549 3821 4602 morabantur

571 4659 703 4701 vero
728 4658 824 4698 eos
854 4645 1122 4696 daemones
1153 4656 1294 4705 esse,
1326 4649 1381 4695 et
1405 4641 1513 4694 dixi
1546 4641 1616 4693 illi
1651 4658 1661 4692 :
1700 4640 1814 4703 Dic,
1853 4640 2039 4702 frater,
2068 4653 2164 4693 cur

573 4747 683 4792 stas
705 4738 755 4791 in
778 4736 952 4792 medio
971 4737 1172 4805 januar,
1199 4749 1295 4787 nec
1316 4734 1512 4787 intras?
1540 4734 1637 4799 Qui
1660 4735 1732 4786 ait
1759 4734 1921 4786 mihi:
1948 4734 2163 4802 Ignosce

574 4831 729 4896 mihi,
774 4831 930 4885 Pater
975 4831 1069 4892 ttti,
1100 4830 1446 4896 cogitationes
1490 4829 1690 4892 habeo,
1721 4842 1785 4881 ex
1819 4827 2010 4895 quibus
2058 4842 2159 4879 una

576 4924 707 4977 tnihi
740 4922 869 4975 dicit
901 4940 913 4973 :
947 4921 1253 4990 Ingredere,
1286 4929 1341 4974 et
1380 4920 1542 4972 adora
1585 4920 1871 4988 pretiosam
1922 4933 2157 4972 crucem.

574 5014 690 5067 Alia
742 5012 871 5066 dicit
904 5030 916 5064 :
951 5012 1089 5077 Non,
1120 5012 1213 5065 sed
1246 5012 1398 5079 vade,
1433 5020 1486 5064 et
1533 5011 1616 5065 fac
1660 5026 1980 5078 responsum
2013 5009 2153 5081 (‘24),

575 5115 630 5159 et
656 5104 754 5157 alia
780 5105 892 5157 vice
923 5103 1190 5159 adorabis.
1228 5104 1338 5172 Ego
1370 5113 1547 5158 autem
1579 5105 1847 5168 utaudivi,
1878 5105 2021 5158 tenui
2054 5121 2161 5158 ma-

578 5216 702 5254 num
733 5200 921 5269 ipsius,
960 5210 1012 5252 et
1046 5200 1317 5254 introduxi
1343 5202 1505 5271 893
1534 5201 1586 5254 in
1620 5202 1908 5270 templum;
1942 5212 1991 5254 et
2018 5214 2149 5257 cono

552 5280 553 5283 ¹
579 5291 726 5347 tinuo
757 5292 1002 5361 fugerunt
1023 5292 1189 5345 corvi.
1214 5290 1455 5361 Cumque
1478 5292 1722 5347 fecissem
1752 5292 1900 5345 illum
1931 5294 2158 5347 adorare

575 5391 821 5438 sanctam
851 5400 1088 5448 crucem,
1122 5392 1178 5439 et
1205 5395 1443 5439 sanctam
1489 5384 1691 5438 Christi
1725 5385 2157 5438 Domini-resur-

580 5475 869 5529 rectionem
892 5514 907 5539 ,
939 5474 1116 5527 dimisi
1146 5489 1268 5528 eum
1318 5474 1369 5527 in
1401 5489 1553 5544 pace.
1584 5473 1707 5528 Haec
1750 5482 1926 5529 autem
1948 5516 1963 5540 ,
1990 5473 2164 5544 inquit

580 5562 913 5629 Theodorus,
948 5566 1074 5619 mihi
1098 5579 1263 5620 senex
1291 5566 1581 5632 enarravit,
1600 5565 1720 5635 quia
1746 5566 1877 5620 vidit
1905 5580 1992 5623 me
2019 5567 2162 5621 mul-

581 5664 692 5711 tum
742 5659 795 5712 in
846 5659 1163 5714 ministeriis
1212 5659 1526 5725 distentum,
1575 5670 1630 5716 et
1678 5660 1940 5717 orationis
1993 5661 2162 5733 negli-

581 5760 808 5802 ventem.

2265 4662 2423 4702 senes
2445 4646 2510 4700 de
2532 4646 2719 4699 abbate
2738 4643 3036 4711 Gerasimo,
3058 4644 3196 4711 quod
3216 4644 3300 4697 die
3318 4643 3542 4709 quadam
3568 4640 3820 4696 ambulans

2265 4754 2424 4806 super
2453 4738 2703 4792 Jordanis
2733 4740 2923 4801 ripam,
2966 4737 3178 4789 obvium
3226 4736 3408 4788 habuit
3453 4735 3657 4787 leonem
3688 4729 3820 4782 valde

2273 4833 2593 4902 rugientem,
2626 4842 2884 4897 suspenso
2914 4829 3065 4896 pede,
3086 4832 3168 4882 cui
3200 4829 3387 4881 infixus
3418 4836 3533 4880 erat
3554 4843 3615 4880 ex
3640 4826 3821 4877 calamo

2266 4923 2505 4987 aculeus,
2536 4921 2670 4975 adeo
2695 4930 2749 4973 ut
2772 4935 2838 4973 ex
2866 4918 2965 4973 hoc
2988 4934 3078 4989 pes
3098 4921 3209 4987 ipse
3238 4919 3597 4982 iuttnuuisset,
3619 4924 3671 4969 et
3690 4912 3820 4966 sanie

2272 5015 2463 5084 plenus
2494 5013 2714 5067 effectus
2743 5020 2905 5067 esset.
2937 5011 3069 5065 Cum
3095 5011 3253 5081 igitur
3279 5012 3497 5065 vidisset
3527 5011 3607 5065 leo
3636 5022 3816 5068 senem,

2267 5106 2581 5161 ostendebat
2626 5106 2695 5157 illi
2742 5107 3073 5159 vulneratum
3118 5120 3182 5158 ex
3225 5104 3385 5157 infixo
3416 5102 3597 5158 aculeo
3626 5098 3837 5168 pedem,

2271 5200 2406 5252 flens
2444 5196 2838 5266 quodammodo
2888 5206 2942 5250 et
2980 5196 3268 5251 obsecrans
3298 5207 3351 5248 ut
3378 5196 3448 5247 illi
3481 5209 3658 5248 curam
3686 5188 3818 5243 adhi-

2267 5293 2438 5347 beret.
2468 5292 2598 5343 Cum
2622 5305 2749 5359 ergo
2778 5290 2995 5344 vidisset
3024 5305 3149 5343 eum
3195 5303 3361 5343 senex
3395 5288 3483 5342 tali
3528 5284 3816 5342 necessitate

2267 5400 2297 5438 c
2335 5384 3331 5452 nstrictum,sedensapprehenditejus
3353 5378 3818 5452 pedem,aperienl-
3876 5416 3881 5419 -

2266 5493 2368 5545 que
2397 5479 2586 5530 vulnus
2614 5475 2797 5531 eduxit
2824 5477 3064 5532 aculeum
3088 5476 3328 5543 infixum,
3374 5491 3495 5533 cum
3536 5484 3715 5543 magna
3736 5482 3816 5537 pu«

2268 5571 2490 5625 tredinis
2535 5572 2707 5640 copia,
2763 5571 3153 5641 diligenterque
3197 5571 3489 5640 depurgate
3520 5565 3816 5626 vulnere,e‘

2270 5677 2445 5731 panno
2471 5663 2707 5731 alligato,
2731 5663 2931 5718 dimisit
2963 5681 3105 5720 eum.
3134 5664 3240 5720 Leo
3265 5674 3444 5719 autem
3465 5678 3587 5718 cum
3609 5674 3667 5715 se
3684 5667 3817 5711 cura-

2268 5762 2379 5811 tum
2410 5754 2649 5823 vidisset,
2677 5756 2844 5813 noluit
2873 5773 3054 5816 senem
3095 5758 3365 5827 deserere,
3413 5757 3508 5815 sed
3548 5764 3596 5815 ut
3644 5752 3817 5810 citam
