4052 6362
258 375 373 434 1⁸73

1508 372 1795 429 PRATUM
1835 370 2263 429 SI’IRITUALE.

3442 379 3543 436 ιη

251 488 573 557 discipulus,
603 499 918 556 quocunque
950 494 1213 555 pergeret,
1243 483 1552 553 magistrum
1585 484 1848 553 sequeba-
1876 493 1921 548 Α
1949 480 2061 549 gitu
2106 480 2376 547 utebatur,
2407 488 2463 536 et
2491 482 2723 538 lamenta
2760 481 3066 553 adjiciebat,
3119 489 3411 547 ostendens
3466 507 3540 549 ex

251 588 370 648 tur,
414 580 484 634 ita
518 588 575 632 ut
604 578 956 632 admiraretur
986 592 1150 631 senex
1181 586 1379 629 tantam
1411 575 1537 631 fera:
1567 575 1850 645 gratitudi-

255 685 408 725 nem.
438 669 599 738 Igitur
620 683 683 722 ex
705 676 832 722 tunc
853 682 1013 721 senex
1038 667 1306 721 nutriebat
1321 683 1464 733 eum,
1492 668 1707 722 mittens
1723 676 1850 722 ante

256 764 414 819 illum
447 776 639 831 panem
673 773 727 815 et
755 760 929 814 infusa
960 761 1245 829 legumina.

336 855 581 909 Habebat
609 863 787 908 autem
816 855 986 921 ipsum
1019 856 1396 907 monasterium
1428 855 1636 907 asinum
1664 869 1847 917 unum,

255 943 326 998 ad
360 945 633 999 ferendam
658 960 850 1013 aquam
885 960 978 1012 pro
1016 946 1336 998 necessitate
1373 946 1592 998 fratrum
1640 945 1705 999 de
1731 943 1853 999 Jor-

259 1032 429 1090 dane.
463 1034 919 1089 Consuetudinem
947 1044 1122 1088 au:em
1147 1036 1343 1089 fecerat
1369 1051 1557 1099 senex,
1588 1046 1643 1089 nt
1667 1052 1849 1090 curam

258 1124 518 1195 pascendi
550 1125 686 1178 asini
728 1125 812 1179 leo
840 1125 1081 1178 haberet.
1119 1124 1299 1192 Itaque
1342 1127 1527 1181 abiens
1581 1141 1701 1181 cmn
1762 1128 1851 1180 illo

252 1217 410 1287 juxta
452 1215 700 1271 Jordanis
729 1217 893 1282 ripas,
918 1227 1221 1284 pascentem
1245 1217 1585 1274 observabat.
1610 1218 1848 1284 Quadam

253 1320 439 1366 autem
466 1312 551 1367 die
582 1311 706 1365 dum
738 1320 1041 1379 pascerctur
1069 1314 1274 1376 asinus,
1310 1315 1393 1367 leo
1425 1328 1484 1367 se
1509 1315 1576 1367 ab
1609 1313 1700 1366 illo
1729 1312 1848 1365 Ion-

257 1407 510 1477 giuscule
539 1405 759 1470 avertit;
791 1421 911 1459 cum
939 1421 1063 1460 ecce
1084 1407 1401 1460 camelarius
1429 1422 1494 1459 ex
1531 1404 1726 1459 Arabia
1757 1419 1850 1458 ve-

256 1500 442 1561 niens,
477 1500 754 1553 inventum
779 1499 986 1551 asinum
1011 1501 1236 1567 accepit,
1260 1509 1312 1552 et
1343 1514 1519 1553 secum
1545 1498 1715 1551 duxit.
1745 1496 1851 1549 Leo

256 1607 411 1656 vero,
445 1591 643 1646 amisso
671 1592 845 1661 asino,
878 1591 1033 1646 rediit
1062 1592 1114 1645 in
1147 1593 1527 1645 monasterium
1555 1591 1721 1644 tristis
1743 1590 1850 1641 val-

251 1683 344 1748 de,
378 1683 667 1752 etdejecta
700 1681 833 1739 facie
880 1700 942 1739 ac
981 1684 1211 1748 cervice,
1258 1683 1323 1737 ad
1372 1684 1619 1737 abbatem
1672 1696 1847 1735 suum.

254 1775 446 1829 Ahbas
475 1777 636 1845 igitur
660 1776 970 1831 Gerasimus
1001 1779 1204 1845 putavit
1232 1777 1372 1845 quod
1410 1777 1623 1829 asinum
1670 1789 1853 1829 come-

256 1866 433 1919 disset
458 1866 567 1932 leo,
596 1877 649 1920 et
678 1868 753 1920 ait
786 1868 862 1921 illi
889 1886 901 1921 :
935 1868 1029 1921 Ubi
1062 1879 1141 1922 est
1170 1868 1389 1922 asinus?
1418 1865 1510 1919 ille
1540 1880 1667 1919 vero
1697 1865 1847 1933 quasi
1884 1876 1927 1935 Β

256 1957 431 2011 homo
455 1957 627 2010 stabat
661 1967 863 2022 tacens,
896 1969 950 2012 et
980 1960 1230 2012 deorsum
1272 1957 1558 2024 aspiciens.
1614 1954 1753 2009 Dicit
1801 1955 1848 2007 ei

255 2063 427 2104 senex
461 2066 476 2105 :
504 2051 795 2105 Comedisti
826 2067 982 2114 eum;
1030 2051 1342 2105 benedictus
1376 2049 1653 2103 Dominus.
1682 2046 1850 2114 Quid-

252 2140 384 2215 quid
423 2139 650 2195 faciebat
676 2141 876 2206 asinus,
905 2142 1101 2195 amodo
1132 2142 1294 2195 facies
1324 2151 1398 2193 tu.
1454 2140 1531 2193 Ex
1581 2151 1705 2192 tunc
1749 2138 1851 2207 igi-

255 2243 346 2289 tur
381 2234 493 2299 leo,
533 2234 752 2303 jubentc
782 2250 932 2298 sene,
963 2234 1206 2303 portabat
1236 2232 1559 2287 cantbelium
1609 2230 1725 2302 (25)
1756 2244 1849 2284 ea—

257 2328 501 2397 pientem
524 2329 810 2397 amphoras
831 2340 1081 2398 quatuor,
1111 2326 1418 2395 ferebatque
1446 2339 1638 2395 aquam
1661 2323 1713 2377 in
1739 2336 1848 2377 mo-

253 2419 577 2474 nasterium.

326 2511 433 2565 Die
460 2525 589 2566 vero
615 2510 843 2579 quadam
867 2510 1011 2565 venit
1039 2510 1193 2564 miles
1213 2508 1425 2577 quidam
1454 2507 1519 2561 ad
1542 2521 1724 2560 senem
1759 2508 1850 2561 be-

252 2601 583 2656 nedictionis
608 2605 799 2673 gratia.
830 2602 932 2668 Qui
960 2618 1079 2655 cum
1110 2601 1315 2656 videret
1352 2602 1558 2656 leonem
1611 2600 1851 2669 bajulau-

254 2704 365 2748 tem
398 2709 616 2762 aquam,
645 2695 1027 2763 didicissetque
1049 2708 1288 2759 causam,
1328 2694 1580 2747 misertus
1602 2703 1684 2748 est
1710 2692 1848 2761 ejus,

255 2783 650 2854 proferensque
680 2785 782 2839 tria
826 2786 1141 2839 nomismata
1172 2786 1319 2839 dedit
1343 2785 1580 2851 senibus,
1610 2794 1666 2838 ut
1706 2798 1851 2838 eme-

255 2885 381 2931 rent
410 2876 619 2930 asinum
645 2876 715 2929 ad
745 2877 911 2946 ipsius
960 2891 1111 2946 aquae
1159 2876 1537 2942 ministerium,
1570 2886 1620 2930 et
1652 2876 1849 2930 libera-

258 2975 385 3020 rent
415 2981 481 3021 ea
511 2968 829 3022 necessitate
870 2969 1101 3023 leonem.
1153 2967 1307 3023 Brevi
1350 2976 1526 3023 autem
1578 2977 1847 3023 transacto

254 3061 526 3129 tempore,
558 3070 836 3130 postquam
867 3062 1122 3115 liberatus
1163 3076 1192 3115 a
1236 3062 1414 3116 labore
1444 3062 1635 3122 fuerat,
1670 3076 1849 3115 came-

262 3152 435 3207 larius
462 3153 574 3219 ille,
605 3152 694 3222 qui
725 3151 890 3224 891‘.
910 3158 1117 3207 asinum
1146 3154 1458 3219 abstulerat,
1490 3152 1734 3207 veniebat
1764 3152 1845 3207 fe-

1961 584 2112 639 voce,
2145 571 2300 640 facie,
2332 580 2388 627 et
2418 572 2588 627 oculis
2628 588 2940 643 maerorem,
2984 592 3141 647 quem
3171 579 3405 638 habebat
3430 598 3542 640 non

1954 664 2141 719 videns
2154 679 2361 720 senem.
2384 666 2707 722 Tuncaitilli
2728 668 2894 724 abbas
2916 669 3202 727 Sabbatius
3225 688 3242 726 :
3272 673 3404 730 Veni
3425 690 3541 732 me-

1952 769 2098 818 cum,
2129 770 2195 809 ex
2226 771 2331 825 quo
2361 771 2466 811 non
2506 758 2683 812 credis
2715 759 2886 826 nobis,
2917 768 2972 814 et
2999 763 3277 819 ostendam
3327 766 3421 821 tibi
3452 768 3542 822 ubi

1956 848 2160 914 positus
2188 858 2270 902 est
2294 863 2458 902 senex
2492 858 2693 904 noster.
2727 851 3061 921 Sumensque
3084 870 3228 921 eum,
3267 857 3425 913 duxit
3453 860 3545 916 ubi

1956 938 2105 992 illum
2150 941 2490 1009 sepelierant.
2537 943 2777 997 Distabat
2821 956 2997 1000 autem
3036 950 3105 1002 ab
3133 952 3363 1007 ecclesia
3391 954 3545 1023 quasi

1957 1030 2206 1098 passibus
2227 1032 2482 1101 quinque.
2506 1034 2570 1086 Et
2599 1042 2747 1089 stans
2776 1035 2939 1092 abbas
2963 1038 3248 1096 Sabbatius
3277 1059 3433 1110 supra
3459 1060 3548 1100 sco

1956 1124 2200 1190 pulcrum
2230 1121 2437 1177 abbatis
2468 1122 2751 1192 Gerasimi,
2782 1128 2915 1182 dixit
2941 1129 3079 1185 leoni
3116 1148 3129 1185 :
3164 1133 3299 1189 Ecce
3345 1136 3432 1189 hic
3456 1150 3546 1192 se-

1957 1229 2061 1267 nex
2094 1227 2276 1268 uuSter
2302 1216 2541 1283 sepultus
2567 1227 2668 1271 est.
2696 1218 2760 1272 Et
2777 1219 3236 1290 inclinavitgenua
3257 1240 3354 1281 sua
3375 1228 3543 1282 abbas

1956 1301 2242 1357 Sabbatius
2292 1318 2452 1372 supra
2493 1308 2796 1375 sepulcrum
2846 1314 3008 1365 senis.
3041 1312 3174 1368 Cum
3203 1331 3333 1387 ergo
3369 1319 3419 1373 id
3458 1321 3544 1376 leo

1956 1393 2216 1458 audisset,
2247 1404 2300 1448 et
2322 1394 2542 1450 vidisset
2568 1407 2889 1466 prostratum
2910 1418 3069 1472 super
3094 1407 3353 1462 tumulum
3378 1409 3543 1465 abba.

1946 1474 2066 1539 item
2090 1487 2424 1553 Sabbatium,
2452 1498 2504 1543 et
2529 1489 2768 1557 ﬂentem,
2790 1501 2913 1546 tunc
2940 1504 2995 1549 et
3017 1496 3131 1563 ipse
3157 1502 3539 1570 preatravitse,

1960 1578 2268 1644 percutiens
2298 1579 2348 1631 in
2379 1589 2576 1634 terram
2601 1591 2758 1649 caput
2785 1598 2940 1637 suum
2975 1590 3340 1657 vehementer,
3368 1602 3423 1647 et
3444 1609 3541 1649 ru-

1958 1669 2140 1738 giens;
2173 1682 2334 1739 atque
2364 1673 2436 1724 ita
2463 1675 2717 1729 continuo
2744 1675 3030 1734 defunctus
3058 1690 3143 1734 est
3169 1696 3332 1752 super
3359 1687 3545 1755 sepul-

1958 1774 2111 1815 erum
2140 1776 2284 1818 senis

2036 1852 2150 1907 Hoc
2173 1866 2351 1910 autem
2377 1865 2543 1913 totum
2575 1861 2771 1915 factum
2799 1873 2903 1929 est,
2936 1879 3039 1919 non
3056 1866 3178 1934 quia
3202 1869 3434 1925 animam
3456 1886 3541 1927 ra-

1956 1938 2212 2000 tionalem
2244 1946 2496 2004 habuisse
2522 1950 2607 2006 leo
2640 1952 2900 2020 putandus
2940 1955 3031 2021 sit,
3077 1955 3172 2012 sed
3218 1960 3361 2027 quod
3400 1960 3543 2016 Deus

1951 2038 2184 2093 voluerit
2210 2040 2574 2110 glorificantes
2595 2058 2655 2099 se
2682 2045 2999 2115 glorificare,
3033 2064 3139 2104 nun
3162 2050 3336 2106 solum
3363 2053 3415 2108 in
3432 2054 3541 2111 vita

1956 2131 2081 2197 hac,
2106 2133 2198 2188 sed
2231 2134 2391 2188 etiam
2417 2148 2535 2205 post
2560 2148 2807 2203 mortem,
2837 2149 2890 2194 et
2910 2151 3211 2198 monstrare
3241 2144 3395 2200 nobis
3414 2161 3543 2215 qua-

1956 2222 2061 2277 hm
2106 2226 2279 2294 primo
2321 2225 2523 2283 homini
2574 2229 2854 2284 habuerint
2897 2231 3283 2302 subjectionem
3330 2237 3540 2306 bestiae,

1955 2315 2272 2385 priusquam
2303 2318 2617 2375 inubediens
2653 2331 2796 2375 esset
2836 2323 3107 2392 mandato,
3147 2334 3205 2381 et
3254 2335 3540 2400 antequam

1953 2408 2228 2466 excideret
2257 2425 2289 2467 e
2316 2412 2566 2481 paradiso
2596 2414 2930 2470 deliciarum.

2523 2521 2752 2581 CAPUT
2793 2526 2973 2582 CVIII.

1960 2611 2077 2665 Vita
2125 2614 2406 2685 presbyteri
2450 2618 2661 2690 virginis
2684 2659 2712 2702 ,.
2751 2623 2961 2702 ejusque
3007 2623 3183 2676 uxoris
3220 2623 3395 2679 itidem
3430 2627 3539 2681 vir-

2660 2708 2813 2760 gtms.

2021 2776 2154 2831 Cum
2196 2778 2249 2832 in
2298 2780 2516 2835 Samum
2556 2783 2781 2836 insulam
2816 2785 3169 2851 venissemus,
3199 2788 3431 2844 vidimus
3483 2790 3538 2845 ia

1951 2869 2218 2936 coenobio,
2249 2872 2390 2939 quod
2420 2871 2707 2927 Charixeni
2735 2875 3049 2943 appellatur,
3089 2877 3335 2933 abbatem
3364 2878 3536 2934 lsido-

1951 2974 2068 3013 rum
2098 2960 2265 3029 ipsius
2288 2965 2594 3017 monasterii
2617 2968 2980 3033 prmpositum,
3004 2968 3174 3023 virum
3201 2969 3415 3025 eximite
3428 2971 3537 3025 vir-

1950 3050 2097 3115 tutis,
2132 3059 2183 3105 et
2208 3065 2412 3121 magna:
2434 3050 2501 3107 ad
2531 3068 2718 3108 onmes
2741 3054 3038 3123 charitatis,
3087 3057 3539 3129 simplicitateque

1950 3150 2004 3195 et
2054 3142 2354 3199 humilitate
2408 3146 2646 3201 maxime
2693 3156 2939 3202 ornatum
2971 3167 2982 3200 :
3018 3165 3174 3218 quem
3210 3150 3373 3206 etiam
3419 3163 3538 3218 post

255 3256 386 3298 rens
415 3243 672 3306 triticum,
712 3256 769 3297 ut
800 3244 1131 3299 venundaret
1159 3243 1285 3298 illud
1317 3244 1369 3297 in
1401 3253 1581 3297 sancta
1610 3243 1847 3308 civitate,
1878 3242 1924 3306 C
1957 3236 2345 3305 aliquantulum
2380 3239 2638 3307 temporis
2666 3240 2975 3309 episcopum
3007 3241 3058 3295 in
3087 3243 3275 3298 eadem
3318 3245 3537 3315 regione

256 3332 469 3389 habens
486 3344 539 3389 et
559 3334 765 3389 asinum
784 3350 985 3391 secum.
1008 3337 1068 3389 Et
1091 3350 1212 3388 cum
1232 3336 1511 3388 transisset
1532 3333 1844 3397 Jordanem,

252 3426 456 3481 accidit
479 3436 535 3480 ut
551 3438 857 3482 occurreret
880 3428 1055 3492 Iconi;
1088 3441 1194 3496 quo
1210 3428 1345 3494 viso,
1366 3425 1566 3480 dimisit
1586 3427 1843 3494 camelos,

257 3528 311 3571 et
336 3518 500 3588 fugit.
538 3519 647 3573 Leo
674 3530 873 3585 autem,
899 3520 1114 3589 cognito
1141 3519 1315 3586 asino,
1342 3520 1576 3574 cucurrit
1605 3518 1670 3571 ad
1699 3531 1844 3583 eum,

255 3617 309 3662 et
349 3620 469 3672 ure,
515 3617 573 3662 ut
624 3610 848 3676 solebat,
898 3611 1012 3678 ejus
1056 3610 1342 3677 capistrum
1378 3609 1655 3675 mordens,
1688 3609 1849 3662 traxit

252 3717 380 3758 eum
404 3717 522 3755 cum
554 3705 721 3757 tribus
741 3705 981 3771 camelis,
1014 3712 1067 3757 et
1087 3704 1324 3772 gaudens
1348 3704 1506 3757 simul
1531 3711 1584 3757 et
1606 3702 1843 3772 rugiens,

249 3792 406 3862 quod
442 3794 704 3861 perditum
737 3795 959 3848 asellum
988 3796 1297 3862 reperisset,
1343 3793 1491 3847 venit
1528 3792 1593 3846 ad
1639 3808 1844 3846 senem.

270 3885 452 3941 Senex
479 3901 628 3953 vero,
659 3886 746 3955 qui
782 3887 926 3954 prius
954 3885 1172 3954 putabat
1200 3884 1342 3954 quod
1371 3885 1577 3937 asinum
1619 3884 1705 3938 leo
1756 3898 1848 3937 co-

257 3977 537 4041 medisset,
567 3988 689 4031 tunc
713 3992 844 4031 vero
866 3977 1048 4031 didicit
1068 3979 1189 4045 quia
1217 3976 1437 4031 insidias
1462 3991 1646 4044 passus
1665 3976 1850 4032 fuisset

254 4071 363 4125 leo.
398 4069 657 4139 hnposuit
685 4080 862 4124 autem
895 4085 1087 4124 nomen
1112 4069 1251 4124 leoni
1275 4068 1583 4124 Jordanem.
1611 4066 1727 4137 Egit
1752 4068 1850 4122 ita-

257 4176 364 4229 que
390 4162 473 4214 leo
504 4161 556 4215 in
584 4161 908 4216 monasterio
934 4176 1056 4216 cum
1090 4162 1341 4216 fratribus
1369 4161 1487 4231 plus
1509 4175 1665 4231 quam
1689 4166 1845 4231 quin-

258 4266 367 4321 que
396 4266 585 4317 annos,
622 4266 889 4319 nunquam
923 4251 1180 4307 recedens
1208 4267 1235 4304 a
1267 4266 1417 4307 sene.

326 4343 465 4397 Cum
496 4355 671 4397 autem
721 4341 1002 4412 migrasset
1031 4343 1099 4397 ad
1125 4344 1406 4398 Dominmu
1436 4343 1601 4398 abbas
1631 4343 1849 4400 Gerasi-

259 4450 401 4499 mus,
424 4448 479 4490 et
497 4452 525 4489 a
556 4435 801 4491 Patrihus
822 4436 1062 4504 sepultus
1083 4445 1246 4499 esset,
1277 4452 1371 4505 per
1392 4437 1845 4505 dispensationem

259 4528 358 4583 Dei
394 4530 479 4583 leo
525 4542 650 4585 tunc
698 4531 749 4584 in
788 4531 1117 4585 monasterio
1155 4532 1398 4584 inventus
1438 4546 1543 4585 non
1577 4540 1679 4585 est.
1723 4531 1849 4585 Post

1948 3328 2295 3382 cpnstitutum
2326 3330 2544 3383 scimus.
2576 3330 2673 3386 Hic
2694 3333 2959 3387 enarravit
2988 3333 3165 3403 nobis,
3193 3336 3377 3389 dicens
3408 3353 3423 3389 :

2026 3421 2119 3472 Est
2151 3422 2200 3472 iu
2230 3431 2420 3474 octavo
2444 3420 2599 3491 hujus
2628 3423 2858 3477 civitatis
2884 3424 3135 3481 milliario
3158 3427 3302 3481 vicus
3331 3425 3537 3483 habens

1949 3515 2109 3567 etiam
2132 3514 2416 3568 ecclesiam
2447 3531 2460 3567 :
2487 3515 2537 3567 in
2571 3514 2669 3569 hac
2700 3517 2979 3585 presbyter
3004 3517 3218 3587 quidam
3260 3517 3355 3573 fuit
3379 3520 3535 3576 valde

1951 3606 2230 3671 mirabilis,
2261 3622 2419 3675 quem
2450 3618 2694 3673 parentes
2722 3609 2946 3663 invitum
2975 3620 3028 3665 et
3056 3612 3378 3666 renitentem
3406 3627 3534 3666 uxo-

1952 3712 2064 3751 rem
2097 3699 2338 3766 accipere
2359 3701 2749 3767 compulerunt.
2779 3701 2973 3755 Verum
3001 3701 3091 3757 ille
3112 3717 3216 3757 non
3240 3704 3408 3758 solum
3436 3718 3532 3758 vo-

1950 3788 2165 3855 luptatis
2216 3790 2464 3843 tllecehra
2510 3803 2695 3859 captus
2738 3807 2843 3844 non
2885 3802 2987 3859 est,
3041 3799 3282 3861 quamvis
3315 3793 3533 3863 juvenis

1950 3883 2223 3943 existeret,
2258 3892 2311 3935 et
2340 3881 2588 3949 legitima:
2616 3884 2928 3949 conjunctus
2961 3883 3132 3946 uxori,
3156 3886 3249 3939 sed
3276 3896 3331 3940 et
3360 3887 3531 3955 ipsam

1952 3970 2155 4023 induxit
2184 3982 2327 4025 casm
2353 3985 2533 4024 secum
2562 3985 2625 4025 ac
2656 3972 2846 4040 pudice
2873 3973 3073 4027 vivere.
3109 3975 3413 4032 Didicerunt
3434 3978 3531 4046 igi-

1953 4072 2037 4117 tur
2087 4065 2245 4117 ambo
2304 4065 2635 4134 psalterium,
2687 4068 2950 4137 amboque
2998 4070 3155 4124 simul
3206 4073 3257 4125 in
3305 4072 3532 4128 ecclesia

1953 4153 2272 4222 psallebant,
2304 4167 2583 4211 servantes
2612 4172 2670 4212 se
2700 4158 2845 4227 ipsos
2878 4160 3112 4229 virgines
3163 4176 3329 4233 usque
3371 4164 3424 4219 in
3470 4164 3532 4218 fi-

1953 4260 2094 4299 nem.
2120 4246 2216 4300 Hic
2243 4247 2422 4316 itaque
2449 4249 2729 4319 presbyter
2757 4251 2844 4305 die
2865 4252 3090 4319 quadam
3116 4252 3243 4307 falsa
3264 4254 3532 4312 calumnia

1950 4342 2087 4409 apud
2118 4343 2424 4411 episcopum
2450 4352 2726 4397 accusatus
2754 4353 2854 4398 est.
2881 4346 3047 4412 Quem
3071 4347 3353 4415 episcopus
3380 4346 3533 4417 igno-

1950 4448 2076 4489 rans
2105 4435 2405 4488 institutum
2434 4435 2572 4504 ejus,
2606 4436 2884 4490 accersivit
2920 4451 2985 4490 ex
3016 4440 3154 4502 vico,
3196 4447 3251 4491 et
3291 4438 3435 4492 misit
3480 4440 3533 4497 in

1953 4538 2248 4590 carcerem,
2281 4525 2333 4578 in
2364 4540 2520 4595 quem
2549 4527 2791 4580 solebant
2817 4536 3100 4595 peccantes
3129 4529 3309 4582 clerici
3334 4528 3534 4586 includi

259 4621 530 4675 modicum
546 4637 673 4675 vero
697 4622 837 4675 venit
866 4622 949 4675 leo
975 4623 1027 4675 in
1054 4623 1460 4688 monasterium,
1493 4631 1545 4675 et
1575 4620 1845 4687 quterehat
1875 4612 1923 4673 D
1949 4624 2005 4669 et
2027 4616 2300 4668 custodiri.

260 4727 444 4768 senem
493 4730 671 4769 suum.
715 4715 893 4769 Abbas
922 4724 1097 4767 autem
1128 4714 1409 4768 Sabbatins
1458 4714 1613 4778 Cilix,
1660 4715 1746 4783 qui
1788 4722 1845 4768 et

259 4805 549 4874 discipulus
580 4805 752 4861 fuerat
782 4807 989 4861 abbatis
1009 4805 1295 4871 Gerasimi,
1322 4807 1435 4859 viso
1465 4805 1573 4870 illo,
1603 4806 1737 4859 dixit
1756 4806 1838 4859 ei:

261 4894 518 4960 Jordane,
559 4911 723 4951 senex
757 4908 937 4951 noster
967 4897 1168 4950 dimisit
1193 4912 1290 4951 nos
1319 4898 1604 4963 orphanos,
1641 4907 1694 4951 ct
1736 4898 1841 4950 mi-

258 4990 432 5056 gravit
460 4989 526 5043 ad
558 4990 871 5055 Dominum;
905 4990 998 5045 sed
1031 4990 1238 5059 accipe,
1270 4998 1324 5043 et
1343 4991 1589 5045 comede.
1615 4990 1724 5045 Leo
1749 5005 1845 5043 au-

265 5089 367 5133 tem
395 5080 678 5135 comedere
705 5081 938 5143 nolebat,
982 5081 1075 5134 sed
1100 5080 1296 5150 jugiter
1318 5080 1423 5134 huc
1452 5091 1609 5149 atque
1640 5079 1760 5134 illuc
1782 5094 1842 5135 se

260 5183 473 5227 vertens
490 5173 969 5243 circumspiciebat,
990 5189 1234 5243 quaerens
1251 5173 1429 5227 videre
1455 5187 1637 5227 senem
1661 5187 1840 5237 suum,

260 5277 325 5317 ac
346 5266 518 5332 rugitu
550 5280 744 5336 magno
772 5266 937 5333 ipsius
964 5265 1258 5319 absentiam
1288 5279 1345 5319 se
1373 5265 1510 5319 ferre
1550 5280 1654 5318 non
1687 5279 1845 5333 posse

262 5353 587 5424 significans.
619 5357 799 5411 Abbas
820 5366 999 5411 autem
1028 5356 1335 5423 Sabbatins,
1378 5367 1432 5411 et
1462 5371 1622 5412 senes
1654 5358 1843 5426 reliqui

263 5443 517 5500 fricantes
547 5447 662 5517 ejus
687 5449 974 5515 cervicem,
1023 5448 1270 5502 dicebant
1292 5449 1340 5502 ei
1369 5467 1380 5501 :
1411 5449 1651 5518 Migravit
1675 5464 1842 5503 senex

263 5536 328 5589 ad
353 5536 651 5603 Dominum,
678 5549 731 5593 et
748 5539 946 5591 dimisit
970 5553 1086 5594 nos.
1108 5539 1213 5593 Sed
1237 5539 1336 5591 ista
1358 5539 1599 5592 dicentes
1624 5555 1726 5591 non
1754 5554 1846 5607 po-

265 5635 439 5683 terant
484 5637 661 5683 tamen
710 5630 850 5683 illius
899 5645 1059 5685 voces
1110 5640 1164 5685 et
1192 5630 1425 5697 ejulatus
1452 5630 1715 5699 mitigare,
1748 5630 1841 5683 sed

262 5729 460 5786 quanto
487 5720 717 5791 amplius
745 5720 919 5790 ipsum
947 5722 1125 5777 verbis
1156 5721 1337 5777 fovere
1366 5735 1428 5776 ac
1455 5722 1614 5775 Solari
1642 5737 1700 5776 sc
1728 5723 1843 5775 exi-

263 5810 569 5879 stimabant,
614 5820 759 5867 tanto
789 5812 905 5881 ipse
932 5814 1097 5881 magis
1127 5811 1382 5882 ejulabat,
1422 5811 1718 5881 majorique
1747 5828 1842 5867 ru-

2024 4704 2157 4758 Cum
2189 4705 2347 4774 igitur
2373 4712 2516 4758 esset
2542 4704 2592 4756 in
2623 4718 2857 4765 carcere.
2889 4705 3207 4761 adveniente
3236 4717 3421 4762 sancto
3446 4708 3534 4766 die

1958 4795 2249 4860 Dominico,
2280 4797 2521 4863 apparuit
2547 4796 2594 4848 ei
2620 4795 2837 4862 juvenis
2866 4796 3127 4850 formosus
3153 4797 3326 4863 valde,
3373 4800 3533 4854 dixit-

1954 4902 2057 4955 que
2077 4887 2124 4940 ei
2147 4902 2162 4939 :
2187 4887 2372 4957 Surge,
2404 4886 2701 4955 presbyter,
2732 4886 2864 4940 vade
2886 4887 2946 4941 in
2973 4887 3252 4941 ecclesiam
3284 4898 3448 4959 tuam,
3476 4903 3536 4946 ut

1956 4988 2192 5033 sanctam
2221 4978 2541 5033 oblationem
2568 4977 2780 5031 oderas.
2835 4978 2924 5031 Ait
2952 4977 3025 5031 illi
3058 4979 3336 5048 presbyter
3365 4997 3384 5041 ;
3415 4981 3536 5037 Non

1958 5085 2196 5138 possunt,
2230 5072 2353 5137 quia
2380 5070 2616 5122 inclusus
2639 5083 2778 5121 sum.
2814 5067 2954 5120 Dixit
2981 5067 3032 5121 ei
3060 5070 3104 5121 is
3125 5070 3213 5138 qui
3235 5072 3486 5141 appatﬁit
3516 5090 3531 5125 :

1948 5163 2062 5232 Ego
2079 5163 2170 5216 tibi
2191 5164 2376 5231 aperio
2394 5173 2694 5223 carcerem;
2720 5157 2861 5220 veni,
2886 5172 3110 5227 sequere
3125 5175 3229 5215 me.
3254 5162 3537 5230 Aperiens-

1949 5270 2052 5323 que
2076 5254 2315 5322 jauuam,
2349 5262 2474 5306 ante
2500 5251 2647 5304 illum
2674 5250 2805 5303 exiit
2845 5265 2859 5301 :
2902 5249 3034 5303 Cum
3064 5265 3190 5306 vero
3215 5254 3418 5321 egressi
3444 5266 3536 5307 es-

1948 5354 2090 5411 sent,
2114 5343 2407 5411 ambulavit
2422 5344 2510 5396 ille
2531 5356 2698 5410 usque
2719 5342 2844 5395 dum
2869 5343 3013 5396 mille
3037 5343 3282 5411 passibus
3305 5343 3533 5400 distaret

1949 5451 1980 5489 a
2024 5408 2153 5490 vico.
2171 5436 2492 5505 presbyteri.
2540 5408 2703 5488 Facta
2731 5442 2909 5488 autem
2939 5408 3049 5502 die,
3078 5436 3169 5505 qui
3198 5436 3541 5495 custodiebal

1949 5544 2220 5583 carcerem
2253 5530 2522 5595 ingressus
2546 5536 2653 5596 est,
2698 5528 2975 5596 requirens
3015 5542 3137 5582 eum
3187 5528 3275 5583 ubi
3316 5529 3540 5588 clausus

1947 5622 2139 5676 fuerat.
2195 5621 2259 5674 Et
2298 5634 2404 5673 non
2430 5618 2728 5685 inveniens,
2762 5622 3003 5688 perrexit
3022 5619 3088 5673 ad
3114 5619 3425 5692 episcopum
3452 5624 3541 5689 aia

1947 5733 2076 5774 cens
2108 5735 2123 5774 :
2156 5716 2351 5784 Eﬂ'ugit
2382 5717 2678 5786 presbyter,
2704 5730 2788 5770 me
2817 5714 3048 5770 habente
3075 5713 3305 5771 clavem.
3333 5716 3541 5773 Putatis

1949 5811 2107 5880 igitur
2133 5808 2413 5881 episcopus
2441 5809 2563 5877 quia
2592 5808 2882 5876 cﬂugisset,
2907 5805 3052 5860 misit
3075 5817 3243 5862 unum
3269 5807 3339 5864 de
3359 5807 3539 5866 servis
