3982 6354
508 372 613 433 175

1651 355 1739 409 DE
1784 349 1959 409 VITIS
1998 344 2281 403 PATRUM
2321 344 2523 401 LIBER
2562 344 2631 399 Χ.

3661 347 3755 401 UB

505 494 845 563 episcopatus
869 498 1053 542 arcens
1081 480 1289 547 :Vade,
1309 487 1365 535 et
1385 475 1505 533 vide
1529 474 1574 530 si
1599 472 1878 543 presbyter
1902 469 1954 523 in
1969 464 2088 520 vico
2116 466 2168 528 Α
2193 462 2345 519 vobis
2392 461 2669 517 scientiam
2700 472 2849 514 suam
2890 457 2957 513 ad
3005 455 3376 512 illuminanda:
3432 457 3637 513 animas
3675 474 3757 517 vo-

505 562 606 639 suo
632 589 737 646 est,
764 579 1003 649 nihilque
1045 575 1120 630 illi
1162 572 1374 627 interim
1413 568 1580 623 dicas.
1635 562 1911 617 Profectus
1961 570 2089 625 ergo

505 689 643 746 puer
672 672 820 727 illum
861 667 1062 723 invenit
1107 666 1161 720 in
1209 661 1436 720 ecclesia
1483 666 1718 713 sanctam
1760 652 2089 708 oblationem

506 764 842 822 offerentem.
887 760 1259 827 Reversusque
1313 753 1447 809 dixit
1494 752 1765 819 episc0po,
1816 746 1925 800 illic
1972 756 2092 797 esse

509 860 902 929 presbyterum,
932 871 992 908 ac
1022 869 1144 909 eum
1175 867 1233 906 se
1265 850 1526 917 reperisse
1549 845 1862 898 oderentem
1891 838 2094 892 sacrifi-

509 953 674 1007 cium.
707 951 997 1019 EpiscOpns
1026 954 1201 1000 autem
1235 942 1401 1007 magis
1431 954 1492 992 ac
1524 935 1694 1005 magis
1722 942 1908 988 contra
1943 930 2091 983 illum

507 1043 844 1113 indignatus,
892 1038 1086 1109 iuravit
1130 1034 1269 1104 quod
1316 1033 1480 1103 895
1525 1030 1577 1083 in
1634 1026 1926 1084 crastinum
1969 1037 2091 1077 eum

510 1152 632 1193 cum
658 1148 863 1189 summa
893 1126 1178 1200 ignominia
1202 1124 1501 1180 reduceret.

556 1226 836 1296 ‘Sequenti
867 1233 1043 1276 autem
1092 1226 1246 1272 nocte
1275 1215 1520 1284 apparuit
1567 1209 1884 1279 presbytero
1918 1207 1964 1261 is
2006 1206 2094 1274 qui

513 1321 690 1390 primo
732 1323 1088 1387 apparuerat,
1122 1312 1348 1366 dicens:
1378 1306 1534 1369 Veni,
1587 1315 1641 1356 ut
1670 1316 1856 1357 eamus
1906 1300 1994 1352 ubi
2046 1308 2097 1352 te

518 1411 803 1481 cpiscopus
836 1408 1127 1460 incluserat
1155 1402 1208 1456 in
1241 1403 1476 1456 civitate.
1513 1404 1916 1463 Assunicnsquc
1950 1394 2095 1445 illuni

517 1501 738 1556 adduxit
787 1513 1018 1561 rursum,
1070 1504 1124 1549 et
1168 1491 1400 1559 reposuit
1435 1491 1484 1543 iu
1532 1501 1769 1549 carcere,
1817 1486 2098 1554 ignorante

513 1594 734 1650 custode
778 1591 1029 1646 carceris.
1061 1589 1211 1641 Mane
1242 1601 1371 1639 vero
1414 1584 1520 1638 diei
1551 1581 1823 1649 sequentis
1851 1579 2040 1633 didicit
2068 1590 2099 1632 θ

512 1682 816 1741 carcerario
847 1683 1132 1749 episcopus
1179 1676 1301 1745 quia
1336 1677 1388 1728 in
1421 1673 1664 1729 custodia
1713 1672 1995 1741 presbyter
2039 1684 2099 1723 se

514 1777 797 1847 ignorante
826 1776 1076 1828 iuventus
1107 1778 1270 1823 esset.
1304 1768 1519 1822 Mittens
1549 1770 1833 1833 episcOpus
1859 1761 2100 1815 sciscita-

2198 563 2357 609 stras.

2276 649 2416 703 Dixit
2459 648 2687 702 iterum:
2723 646 2778 701 Si
2808 644 3024 711 salvari,
3071 644 3185 707 filii,
3223 643 3438 713 cupitis,
3486 640 3649 714 fugite
3676 643 3762 700 ho-

2202 741 2395 794 mines.
2427 739 2594 793 llodie
2620 739 2761 791 enim
2794 753 2892 792 nos
2928 753 3032 790 non
3075 737 3380 790 desistimus
3420 736 3654 789 omnium
3689 745 3758 790 te-

2201 845 2319 885 rere
2350 829 2556 894 limina,
2598 842 2915 896 omnemque
2939 826 3209 881 civitatem
3254 840 3317 879 ac
3358 826 3630 897 regionem
3660 828 3755 883 cir-

2196 924 2367 985 cuire,
2400 922 2566 973 sicubi
2600 918 2867 987 possimus
2888 917 3124 971 avaritia:
3152 918 3232 970 vel
3258 917 3430 971 inanis
3455 918 3642 987 gloriae
3669 934 3758 973 no-

2199 1016 2282 1069 bis
2338 1015 2471 1084 ipsis
2523 1012 2786 1081 stipendia
2829 1014 3143 1081 acquirere,
3193 1021 3247 1065 et
3305 1012 3513 1064 animas
3567 1020 3765 1068 nostras

2199 1108 2424 1177 implere
2451 1104 2710 1159 vanitate.

2271 1198 2414 1251 Dixit
2445 1198 2635 1250 iterum
2662 1208 2824 1248 senex
2856 1210 2866 1243 :
2894 1193 3179 1262 Fugiamus
3214 1191 3350 1261 jam,
3382 1189 3499 1257 lilii,
3529 1195 3763 1261 quoniam

2208 1288 2598 1357 appropinquat
2631 1296 2860 1355 tempus.

2273 1382 2416 1434 Dixit
2442 1382 2629 1433 iterum
2657 1395 2669 1430 :
2701 1379 2813 1441 Vm,
2861 1393 2960 1441 νίν,
3008 1384 3264 1445 quantum
3300 1374 3567 1442 ﬂebimus,
3615 1389 3767 1445 quan-

2203 1482 2419 1541 tumque
2472 1471 2855 1540 ptenitebiuius
2884 1484 2981 1539 pro
3024 1483 3091 1523 eo
3138 1468 3278 1538 quod
3329 1468 3488 1522 modo
3522 1469 3768 1538 pmuitcre

2204 1564 2471 1617 nolumus.

2280 1655 2426 1709 Dixit
2474 1655 2666 1710 iterum
2694 1670 2707 1707 :
2735 1653 2921 1723 Neque
2966 1668 3085 1707 cum
3150 1652 3455 1717 laudamur,
3506 1642 3604 1705 nos
3648 1652 3773 1721 ipsos

2205 1748 2541 1801 continemus
2570 1746 2670 1800 sub
2702 1746 3035 1811 humilitate;
3070 1760 3241 1813 neque
3274 1758 3461 1797 rursus
3490 1758 3611 1798 cum
3658 1743 3773 1797 vitu-

513 1832 672 1922 ﬁam,
701 1880 729 1917 ε
763 1864 1083 1932 presbytero
1113 1858 1385 1929 quomodo
1424 1856 1489 1910 de
1535 1868 1753 1908 carcere
1780 1854 2014 1916 exisset,
2043 1859 2097 1903 ει
2136 1832 2179 1890 Β
2208 1854 2489 1907 peramur,
2520 1838 2830 1892 toleramus.
2858 1837 3013 1891 Aliud
3036 1838 3234 1905 quippe
3258 1836 3413 1890 nobis
3436 1836 3647 1888 inanem
3672 1834 3772 1904 διο·

515 1956 789 2029 quomodo
814 1971 1001 2011 rursus
1041 1954 1245 2022 absque
1286 1949 1571 2005 carcerarii
1603 1947 1789 2002 notitia
1830 1946 2102 2016 ingressus

517 2059 684 2105 esset.
708 2049 807 2116 Qui
840 2046 1115 2115 respondit
1144 2062 1157 2097 :
1186 2044 1407 2099 iuvenis
1433 2041 1650 2112 quidam
1679 2038 1958 2109 speciosus
1987 2036 2100 2090 val-

521 2143 590 2196 de
620 2149 676 2196 et
704 2142 907 2210 Optime
929 2140 1179 2203 vestitus,
1206 2137 1547 2205 episcOpatus
1570 2132 1755 2197 vestri,
1793 2141 1848 2184 ut
1870 2127 2100 2190 dicebat,

519 2234 787 2297 minister,
822 2230 1032 2301 aperuit
1060 2229 1190 2284 mihi
1213 2229 1433 2291 ostium,
1460 2235 1519 2281 et
1541 2222 1881 2295 prtecedcbat
1901 2236 2097 2276 meaus-

517 2330 621 2396 que
650 2324 716 2378 ad
739 2338 902 2377 unum
927 2322 1151 2376 milliare
1178 2334 1344 2389 prope
1380 2318 1556 2371 vicum
1596 2324 1757 2370 nocte
1782 2314 2096 2380 Dominicte,

518 2418 774 2489 idemque
798 2433 989 2474 rursus
1027 2417 1273 2486 sequenti
1318 2424 1476 2469 nocte
1503 2413 1726 2468 veniens
1756 2412 1966 2467 reduxit
1996 2425 2102 2464 me.

517 2509 817 2578 Episcopus
843 2506 1007 2576 igitur
1026 2505 1307 2559 accersivit
1326 2519 1515 2559 omnes
1532 2517 1718 2557 servos
1742 2504 2011 2571 episcopat
2024 2516 2102 2565 us,

516 2602 612 2659 sed
642 2601 851 2655 nullum
894 2613 959 2653 ex
992 2598 1124 2666 ipsis
1152 2599 1468 2664 recognovit
1499 2597 1803 2667 presbyter.
1839 2594 1988 2649 Tunc
2020 2596 2103 2647 in-

518 2691 732 2748 tellexit
758 2688 1048 2757 episcopus
1092 2687 1235 2756 quod
1282 2688 1502 2755 angelus
1544 2687 1635 2740 Dei
1681 2685 1854 2739 fuerat
1881 2686 1970 2754 qui
2005 2684 2107 2737 hoc

521 2786 740 2853 egisset,
772 2796 842 2837 ne
890 2782 1062 2836 virtus
1106 2778 1403 2849 presbyteri
1459 2794 1675 2847 prorsus
1724 2778 2106 2840 occultaretur,

528 2874 626 2929 sed
652 2882 734 2929 -ut
761 2872 1271 2936 omnesdiscerent,
1305 2882 1358 2925 et
1387 2870 1749 2940 glorificarent
1782 2870 1972 2933 Deum,
2016 2867 2107 2933 qui

522 2967 886 3037 glorificantes
904 2979 968 3021 se
985 2966 1273 3035 gloriﬁcat.
1302 2965 1364 3017 Et
1391 2966 1457 3017 de
1474 2962 1589 3031 ipso
1616 2961 1770 3016 valde
1790 2960 2104 3022 aedificatus,

520 3058 726 3136 dimisit
750 3060 900 3114 illum
926 3072 955 3113 a
988 3073 1049 3115 se
1080 3059 1131 3112 in
1152 3072 1308 3128 pace,
1339 3057 1502 3110 multa
1522 3063 1713 3111 contra
1742 3068 1836 3110 eos
1861 3054 2105 3109 clamans

524 3153 618 3222 qui
645 3154 795 3209 illum
828 3151 1026 3222 injuste
1049 3159 1451 3207 accusaverant.

1115 3261 1340 3317 CAPUT
1380 3260 1515 3315 CIX.

646 3380 766 3435 Vita
792 3377 990 3431 abbatis
1017 3375 1253 3447 Georgii,
1280 3376 1368 3445 qui
1400 3391 1659 3444 nunquam
1682 3371 2003 3426 lurbabolur.

600 3490 676 3546 De
703 3488 899 3544 abbate
920 3485 1170 3555 Georgio,
1196 3485 1350 3539 Patre
1375 3483 1684 3538 monaseerii
1709 3481 1917 3536 abbatis
1940 3479 2112 3534 Then-

535 3584 698 3650 dosii,
731 3582 968 3636 narravit
990 3580 1148 3634 nobis
1172 3580 1337 3632 abbas
1369 3576 1708 3632 Theodosius
1739 3577 1857 3645 ejus
1886 3574 2118 3643 discipu-

534 3676 619 3729 lus
648 3675 823 3729 bonus
857 3688 920 3728 ac
968 3672 1111 3726 mitis
1144 3683 1207 3725 et
1258 3670 1495 3735 humilis,
1548 3668 1635 3739 qui
1687 3667 1785 3723 fuit
1832 3668 2116 3736 episcopus

535 3764 919 3835 Capitoliadis,
993 3764 1131 3833 quod
1198 3762 1478 3816 duodecim
1537 3775 1710 3815 annos
1769 3760 2113 3815 observasset

530 3872 679 3925 eum,
711 3857 757 3911 si
785 3857 865 3912 vel
892 3856 1055 3911 semel
1089 3854 1415 3917 turbaretur,
1458 3863 1511 3906 et
1531 3867 1802 3921 nunquam
1836 3850 2110 3905 turbatum

531 3950 689 4015 vidit,
721 3948 880 4017 idque
911 3948 961 4001 in
994 3948 1094 4000 hoc
1123 3957 1361 4015 tempore
1383 3987 1399 4013 ,
1428 3942 1644 4017 quando
1668 3941 1845 3997 omnis
1875 3942 2079 3997 desidia
2099 3984 2114 4009 ,

533 4052 592 4100 et
632 4041 973 4111 negligentia,
1026 4049 1082 4094 et
1122 4041 1399 4104 mollities,
1431 4048 1484 4092 et
1512 4036 1869 4093 inobedientia
1898 4046 2114 4106 regnat.

534 4133 667 4201 Quis
690 4124 889 4195 autem,
922 4130 1100 4185 aiebat
1126 4170 1142 4195 ,
1171 4131 1240 4184 ita:
1276 4131 1505 4185 frenavit
1530 4131 1763 4195 oculum,
1799 4132 1935 4185 sicut
1963 4131 2111 4185 Patet

535 4233 720 4279 uoster
764 4230 979 4276 sanctus
1023 4221 1324 4291 Georgius?
1373 4223 1503 4289 Quis
1553 4223 1621 4275 ita
1656 4224 1832 4291 posuit
1896 4222 2117 4291 januam

538 4314 781 4377 auribus,
809 4313 945 4366 sicut
968 4311 1157 4366 beatus
1180 4312 1305 4365 ille?
1327 4313 1456 4378 Quis
1480 4312 1549 4365 ita
1574 4312 1839 4366 continuit
1860 4312 2119 4381 linguam,

546 4405 689 4460 sicut
737 4404 895 4459 Pater
923 4402 1141 4457 uoster?
1170 4404 1425 4470 Quisnam
1474 4404 1664 4459 solaris
1693 4405 1873 4459 radius
1903 4406 1973 4459 ita
2003 4407 2121 4459 illit-

542 4494 737 4549 stravit
778 4502 996 4558 terram,
1030 4492 1168 4548 sicut
1199 4493 1354 4563 Pater
1385 4503 1566 4549 noster
1596 4504 1836 4565 nostrum
1880 4496 2118 4550 omnium

538 4593 701 4648 corda
724 4591 987 4647 radiavit?

1141 4660 1368 4717 CAPUT
1405 4662 1518 4716 CX.

649 4779 797 4833 Dicta
825 4779 1027 4848 egregia
1066 4775 1230 4829 sancti
1273 4776 1543 4846 cujusdam
1585 4779 1718 4831 senis
1758 4776 2013 4848 (Egyptii.

620 4892 892 4960 Assumpsi
924 4890 1199 4943 dominum
1253 4903 1431 4942 meum
1483 4890 1844 4958 Sophronium
1869 4930 1882 4953 ,
1913 4901 1963 4943 et
2000 4904 2126 4958 per-

544 4985 786 5038 reximus
816 4986 868 5036 in
893 4984 1282 5038 monasterium
1311 4981 1453 5051 quod
1484 4982 1550 5036 ab
1580 4982 1902 5036 Alexandria
1931 4983 2123 5035 decem

544 5065 746 5130 (ειῶῐο
788 5088 1035 5141 passuum
1062 5074 1292 5128 millibus
1321 5074 1505 5138 distat,
1535 5074 1598 5125 ad
1628 5087 1810 5127 senem
1841 5074 2125 5142 quemdam

548 5177 761 5233 magna;
807 5165 1041 5228 virtutis,
1095 5163 1401 5235 [Egyptium
1449 5178 1665 5231 genere,
1714 5165 1932 5233 dixique
1964 5166 2127 5219 seni:

551 5254 650 5309 Dic
680 5254 832 5307 nobis
870 5254 1115 5316 verbum,
1166 5255 1339 5316 Pater,
1383 5254 1654 5322 quomodo
1682 5254 1942 5308 debemus
1969 5255 2128 5309 simul

548 5342 816 5407 habitare,
846 5344 966 5411 quia
993 5344 1245 5398 dominus
1288 5346 1536 5413 SOphista
1569 5347 1897 5400 voluntatem
1918 5347 2132 5415 _s:eculo

549 5434 890 5491 renuntiandi
918 5435 1098 5490 habet.
1143 5440 1227 5492 Ait
1263 5454 1429 5495 senex
1465 5456 1477 5493 :
1515 5440 1659 5495 Bene
1700 5442 1830 5496 facis
1854 5481 1869 5505 ,
1915 5422 2008 5505 fili,
2043 5456 2130 5495 re-

552 5528 808 5582 nuntians
836 5530 1053 5595 saeculo,
1087 5530 1408 5602 salvansque
1453 5532 1685 5588 animam
1735 5542 1900 5587 tuam.
1932 5534 2131 5589 Sedete

558 5623 723 5694 igitur
751 5625 804 5679 in
837 5624 991 5688 cella,
1021 5625 1110 5679 ubi
1144 5626 1322 5689 vultis,
1358 5626 1536 5689 sobrie
1565 5636 1620 5680 et
1646 5626 1950 5695 vigilanter,
1979 5628 2128 5696 quieo

553 5727 665 5773 tem
697 5732 761 5771 ac
806 5717 1077 5773 silentium
1124 5725 1419 5783 servantes,
1472 5726 1526 5773 et
1565 5718 1683 5772 sine
1731 5718 2132 5774 intermissione

558 5817 804 5876 orantes;
834 5819 891 5864 et
918 5824 1067 5880 spem
1100 5808 1274 5863 habeo
1300 5808 1350 5863 in
1387 5810 1577 5875 Deum,
1620 5810 1736 5873 lilii,
1779 5808 1921 5878 quod
1968 5810 2141 5865 mittet

2207 1936 2339 1987 riam
2368 1932 2626 2004 suggerit.
2658 1930 2802 1985 aliud
2850 1932 3157 1985 mtestitiam
3187 1930 3339 1985 nobis
3364 1928 3579 1982 miseris
3623 1925 3773 1981 facit:

2208 2028 2295 2081 ubi
2328 2041 2456 2080 vero
2488 2023 2704 2079 tristitia
2746 2034 2800 2079 et
2830 2022 3006 2077 inanis
3035 2022 3203 2089 gloria
3231 2031 3335 2090 est,
3378 2020 3513 2074 nihil
3544 2020 3664 2074 boni
3704 2035 3775 2075 re-

2210 2118 2319 2187 peri
2328 2128 2431 2171 tur.

2284 2208 2425 2263 Dixit
2447 2208 2638 2263 iterum
2669 2225 2682 2259 :
2714 2206 2901 2262 Patres
2931 2205 3121 2270 nostri,
3155 2213 3211 2259 ut
3238 2202 3413 2273 magni
3437 2211 3603 2273 atque
3628 2204 3776 2259 mita-

2211 2302 2366 2367 biles,
2419 2301 2714 2370 pascebant
2754 2300 2982 2365 multos;
3029 2314 3127 2369 ego
3156 2306 3333 2353 autem
3369 2296 3589 2352 humilis
3634 2314 3774 2353 uuam

2208 2406 2361 2447 ovem
2397 2407 2583 2460 regere
2631 2408 2736 2447 non
2772 2390 2951 2456 valeo,
2980 2390 3075 2445 seti
3107 2404 3323 2460 semper
3376 2389 3611 2444 ferarum
3654 2404 3777 2445 mor-

2218 2487 2369 2540 sibus
2393 2498 2569 2555 patec.

2283 2580 2371 2633 Ait
2401 2592 2587 2632 rursus
2614 2594 2626 2631 :
2657 2578 2967 2631 Dmmonum
3001 2590 3136 2645 opus
3166 2574 3269 2629 hoc
3297 2583 3400 2643 est,
3427 2580 3490 2629 ut
3535 2588 3654 2629 cum
3679 2572 3776 2627 ani-

2210 2688 2352 2727 mam
2382 2670 2436 2726 in
2482 2680 2755 2740 peccatum
2783 2669 3102 2739 dejecerint,
3155 2678 3283 2723 tunc
3319 2682 3415 2722 nos
3457 2667 3513 2721 in
3542 2668 3777 2737 despera-

2180 2762 2407 2817 'tioneui
2459 2762 2812 2831 praecipitent,
2847 2770 2903 2814 ut
2949 2759 3184 2828 perfecte
3233 2772 3329 2812 nos
3362 2758 3613 2827 perdant.
3642 2756 3775 2811 Sem-

2213 2870 2307 2923 per
2337 2855 2479 2909 enim
2503 2853 2775 2907 daemones
2799 2852 2989 2906 dicunt
3010 2851 3202 2904 animae
3228 2868 3240 2903 :
3267 2850 3495 2918 Quando
3517 2853 3778 2913 morietur,

2211 2957 2266 3003 et
2290 2946 2491 3017 peribit
2516 2960 2711 3000 nomen
2743 2944 2906 3014 ejus?
2934 2945 2990 3000 Si
3022 2944 3184 3012 igitur
3207 2944 3385 2998 sobria
3414 2941 3579 2996 fuerit
3600 2942 3776 3003 anima,

2211 3054 2265 3098 et
2295 3044 2406 3110 ipsa
2449 3041 2514 3095 ad
2546 3056 2641 3096 eos
2671 3047 2891 3093 econtra
2924 3037 3200 3102 clamabit,
3243 3045 3297 3090 et
3337 3035 3516 3090 dicet:
3549 3037 3659 3091 Non
3685 3048 3779 3086 mo-

2216 3135 2344 3201 riar,
2368 3135 2462 3189 sed
2481 3135 2676 3198 vivam,
2692 3143 2745 3187 et
2762 3131 2992 3186 narrabo
3004 3143 3164 3199 opera
3185 3127 3393 3182 Domini
3418 3126 3593 3198 (Psal.
3609 3126 3779 3190 cxvn).

2140 3203 2187 3267 ο
2218 3228 2475 3293 Quoniam
2521 3227 2678 3295 igitur
2720 3238 2969 3293 magnam
3016 3222 3216 3276 habent
3254 3221 3640 3290 impudentiam
3683 3219 3779 3272 dato

2220 3335 2429 3383 mones,
2467 3328 2522 3375 et
2564 3319 2665 3388 ipsi
2710 3333 2896 3374 rursus
2929 3317 3183 3378 clamant,
3225 3314 3503 3369 dicentes:
3532 3311 3782 3368 Transmi-

2220 3428 2315 3482 gra
2340 3412 2396 3465 in
2425 3426 2685 3476 montem,
2707 3413 2853 3466 velut
2883 3424 3065 3479 passer
3089 3408 3262 3479 (Psat.
3291 3406 3367 3474 x).
3399 3406 3603 3461 Idcirco
3622 3414 3676 3460 et
3699 3418 3780 3459 uos

2218 3513 2283 3565 ad
2317 3511 2438 3565 illos
2463 3510 2650 3564 dicere
2678 3506 2937 3562 debemus
2960 3520 2980 3560 :
3001 3505 3132 3559 Nam
3162 3515 3218 3559 et
3239 3506 3351 3575 ipse
3384 3505 3522 3559 Deus
3550 3518 3716 3568 meus,
3740 3508 3783 3553 et

2219 3604 2465 3659 Salvator
2515 3617 2689 3668 meus,
2724 3599 2937 3668 adjutor
2966 3612 3146 3664 meus,
3182 3612 3285 3652 non
3314 3596 3594 3666 emigrabo
3620 3591 3783 3667 (Prol.

2223 3712 2307 3752 ut
2324 3694 2366 3766 ).

2295 3788 2437 3842 Dixit
2480 3787 2671 3839 iterum
2703 3798 2916 3839 senex:
2950 3781 3077 3837 Esto
3117 3780 3321 3851 janitor
3365 3777 3547 3836 cordis
3595 3776 3687 3842 tui,
3729 3786 3786 3827 ne

2224 3885 2386 3938 intret
2411 3877 2749 3951 peregrinus,
2782 3876 2967 3932 dicens
2996 3894 3012 3931 :
3036 3875 3229 3930 Noster
3258 3889 3337 3941 es,
3371 3888 3441 3927 an
3471 3866 3788 3926 adversario-

2224 3974 2378 4031 rum?

2816 4037 3042 4094 CAPUT
3082 4036 3215 4092 CXI.

2370 4138 2597 4191 Factum
2624 4133 2898 4207 cujusdam
2939 4132 3032 4183 uiri
3075 4129 3203 4183 calvi
3222 4138 3280 4181 et
3307 4143 3452 4181 sacco
3480 4126 3667 4179 induti.

2300 4231 2412 4300 Ego
2441 4238 2496 4284 et
2525 4228 2729 4283 sodalis
2754 4239 2905 4280 meus
2933 4222 3289 4289 Sophronias,
3323 4234 3444 4273 cum
3481 4220 3530 4271 in
3576 4217 3789 4271 Alexan-

2229 4326 2343 4380 dria
2382 4336 2656 4389 essemus,
2687 4319 2774 4374 die
2797 4319 3023 4388 quadam
3063 4314 3388 4384 perreximus
3426 4310 3491 4364 ad
3521 4302 3789 4363 Theodosii

2232 4417 2540 4481 ecclesiam,
2569 4415 2892 4478 obviumque
2923 4408 3207 4464 habuimus
3225 4407 3278 4461 in
3302 4407 3420 4460 vico
3441 4404 3612 4457 virum
3631 4413 3791 4469 quem-

2232 4513 2353 4565 dam
2396 4510 2625 4571 calvum,
2677 4506 2925 4562 indutum
2950 4517 3107 4556 sacco
3136 4514 3302 4570 usque
3331 4499 3396 4552 ad
3427 4513 3620 4565 genua.
3655 4491 3791 4545 Vide-

2152 4580 2208 4642 D
2239 4644 2251 4657 .
2271 4616 2388 4659 atur
2417 4612 2593 4658 autem
2623 4601 2774 4672 quasi
2802 4599 2976 4652 fatuus
2998 4604 3052 4650 et
3092 4607 3298 4648 amens.
3330 4591 3470 4644 Dixit
3496 4588 3653 4657 igitur
3681 4582 3791 4638 mibi

2235 4699 2403 4753 abbas
2456 4694 2833 4766 Suphronius:
2867 4689 2941 4743 Da
2991 4688 3121 4742 mihi
3180 4698 3466 4745 nummus,
3520 4694 3571 4735 et
3616 4673 3794 4732 videbis

2238 4792 2485 4846 virtutem
2503 4788 2783 4844 venientis.
2814 4783 2979 4854 896
3004 4779 3136 4835 Dedi
3155 4791 3286 4846 ergo
3309 4775 3382 4829 illi
3402 4774 3633 4843 quinque
3662 4780 3795 4823 num-

2238 4898 2391 4937 mos:
2421 4881 2506 4951 qui
2538 4886 2791 4947 acceptos
2812 4874 2960 4927 dedit
2998 4872 3073 4925 illi
3109 4870 3198 4939 qui
3221 4867 3502 4922 videbatur
3532 4872 3589 4918 ut
3612 4872 3795 4951 aniens.

2244 4948 2464 5041 Aecepit
2491 4980 2666 5024 autem
2694 4981 2788 5020 eos
2829 4962 2939 5027 ille,
2986 4960 3120 5014 nihil
3158 4959 3377 5012 omnino
3427 4958 3666 5025 loquens.
3707 4948 3798 5003 Nos

2239 5038 2418 5119 autem
2468 5060 2606 5115 clam
2656 5057 2802 5111 illum
2860 5052 3027 5107 secuti
3074 5064 3260 5104 sumus
3310 5062 3342 5101 e
3405 5046 3652 5115 vestigio.
3716 5038 3795 5093 ille

2240 5170 2366 5210 vero
2392 5166 2511 5207 cum
2543 5148 2785 5203 ﬂexisset
2811 5159 2840 5198 a
2868 5144 2974 5209 via,
3018 5139 3260 5197 extendit
3283 5137 3337 5193 in
3377 5137 3573 5194 caelum
3603 5142 3796 5188 manum

2241 5264 2390 5305 suam
2417 5247 2695 5301 dexteram
2723 5241 3007 5295 habentem
3037 5247 3308 5300 nummos,
3339 5241 3395 5289 et
3427 5243 3543 5301 post
3570 5231 3677 5283 haec
3699 5238 3799 5295 pro.

2242 5341 2429 5395 stravit
2467 5352 2526 5393 se
2557 5350 2743 5391 coram
2789 5333 2935 5397 Deo,
2966 5327 3263 5398 positisque
3306 5326 3362 5381 in
3414 5334 3553 5380 terra
3597 5316 3800 5375 nummis

2244 5434 2395 5489 abiit.

2817 5491 3045 5551 CAPUT
3084 5489 3248 5575 CXII.

2320 5604 2439 5658 Vita
2454 5612 2499 5656 et
2527 5616 2661 5653 mors
2691 5596 2874 5651 Leonis
2904 5592 3174 5659 monachi,
3200 5605 3381 5663 genere
3408 5580 3739 5655 Cappadocis.

2321 5714 2673 5783 Temporibus
2720 5709 2926 5779 imperii
2968 5704 3176 5765 Tiberii
3220 5702 3513 5760 fidelissimi
3560 5690 3797 5783 Caesaris.

2247 5807 2584 5863 ascendimus
2634 5806 2687 5860 in
2715 5803 2916 5869 Oasim,
2968 5800 3308 5866 vidimnsque
3340 5798 3447 5854 illic
3492 5801 3727 5861 maguum
3759 5779 3802 5833 ill
