3982 6354
237 336 335 392 ΙΠ

1471 343 1695 401 PBATU
1708 348 1753 402 Μ
1796 347 2064 402 εριίξιτυ
2077 355 2109 401 A
2122 348 2228 404 LE.

3402 359 3501 414 I78

232 448 430 506 divinis
458 450 618 507 rebus
648 453 970 508 monachum
991 496 1008 519 ,
1040 469 1239 523 genere
1282 455 1498 522 quidem
1534 455 1815 526 Cappado-
1842 465 1891 522 Α
1919 460 2158 516 dicentes
2191 480 2208 516 :
2239 462 2333 516 Dic
2382 463 2535 519 nobis
2587 466 2839 523 verbum.
2900 470 3073 527 Senex
3142 482 3321 528 autem
3381 475 3451 527 ait
3483 492 3495 527 :

231 558 370 607 cem,
412 545 626 597 nomine
673 555 848 599 autem
879 548 1136 600 Leonem.
1175 548 1247 601 De
1298 548 1398 601 hoc
1449 551 1599 602 multi
1647 550 1812 605 multa

232 636 390 704 digna
418 636 780 692 admiratione
824 640 1111 693 narrabant
1157 639 1331 694 nobis.
1374 639 1481 693 Nos
1521 650 1703 694 autem
1746 642 1812 697 ad

231 727 376 783 illius
406 731 774 799 pertingentes
796 732 1059 786 familiare
1078 732 1431 801 colloquium,
1459 748 1815 804 magnumque

229 824 665 888 experimentum
714 824 995 891 capientes
1045 825 1217 878 sancti
1248 825 1405 893 hujus
1454 826 1578 889 viri,
1611 826 1815 894 magni—

232 914 328 968 fico
360 914 611 969 adificati
643 930 849 978 sumus.
897 926 953 971 et
984 916 1214 971 maxime
1259 917 1310 970 in
1344 918 1641 972 humilitate
1669 918 1810 987 ejus,

228 1011 281 1056 et
306 1002 552 1069 silentio,
583 1012 638 1058 et
665 1006 904 1060 nuditate
933 1022 1110 1060 rerum
1135 1008 1370 1061 omnium
1396 1049 1409 1073 ,
1441 1021 1493 1062 et
1526 1009 1810 1074 charitate,

227 1107 389 1161 quam
422 1093 492 1148 ad
519 1110 709 1150 OIIIIieS
736 1098 937 1151 habuit.
972 1096 1192 1151 Dicebat
1232 1114 1360 1167 ergo
1406 1114 1621 1167 semper
1654 1116 1814 1156 vene-

226 1184 411 1245 rabilis
439 1186 528 1241 hie
557 1202 721 1242 senex
746 1205 761 1243 :
785 1188 1001 1244 Credite
1036 1190 1196 1254 mihi,
1245 1192 1368 1255 lilii,
1420 1193 1546 1261 quia
1590 1209 1813 1263 regnare

228 1276 425 1333 habeo.
456 1279 566 1333 Nos
596 1289 774 1334 autem
806 1281 1114 1335 dicebamus
1144 1283 1193 1337 ei
1222 1301 1233 1334 :
1262 1282 1434 1338 Crede
1464 1286 1641 1352 nobis,
1675 1288 1813 1342 abba

223 1366 355 1435 Leo,
387 1370 514 1438 quia
563 1372 746 1426 nullus
772 1386 840 1426 ex
888 1372 1224 1442 Cappadocia
1258 1391 1493 1445 unquam
1527 1380 1809 1447 regnavit;

225 1459 591 1527 importunam
615 1477 744 1532 ergo
776 1462 940 1518 habes
970 1464 1126 1519 istam
1157 1467 1554 1535 cogitationem.
1588 1469 1682 1526 Ille
1711 1487 1807 1526 ve-

223 1563 284 1603 ro
312 1565 504 1606 rursus
552 1551 799 1608 dicebat:
827 1554 1122 1624 Veraciter,
1173 1556 1303 1622 lilii,
1334 1574 1558 1627 regnare
1610 1562 1806 1617 habeo.

222 1638 389 1695 Nemo
416 1649 599 1696 autem
630 1652 842 1713 poterat
869 1660 992 1700 cum
1041 1647 1110 1701 ab
1140 1646 1241 1702 hac
1271 1649 1597 1720 cogitatione
1628 1668 1811 1708 remo-

229 1746 368 1786 vere.

1922 554 2112 606 Amate
2133 553 2427 608 nuditatem
2473 572 2650 613 rerum
2695 561 2953 628 omnium,
2986 573 3042 617 et
3086 566 3498 622 continentiam.

1918 641 2133 697 Credite
2191 645 2385 700 dicenti
2437 647 2597 713 mihi,
2645 664 2764 703 cum
2815 651 3127 707 adolescens
3175 671 3415 712 morarer
3444 658 3495 711 in

1920 731 2143 803 Scythi,
2200 735 2417 805 quidam
2461 752 2648 793 senum
2690 741 2877 810 splene
2922 744 3172 810 indoluit,
3220 756 3274 801 et
3324 748 3498 802 modi-

1919 837 2038 878 cum
2071 827 2206 881 aceti
2236 830 2519 897 qttzesitum
2549 842 2632 886 est
2683 834 2733 885 in
2762 848 2991 903 quatuor
3021 838 3136 905 ejus
3167 838 3269 892 loci
3315 853 3503 896 mona-

1918 922 2131 986 steriis,
2161 932 2216 977 et
2243 925 2515 980 inventum
2566 942 2804 986 nonest.
2856 932 3026 986 Tanta
3068 942 3185 987 erat
3214 934 3350 1003 aput
3405 947 3498 986 eos

1918 1025 2220 1084 paupertas,
2246 1029 2299 1073 et
2322 1022 2552 1087 auditas,
2578 1031 2630 1075 et
2656 1026 3002 1080 continentia.
3031 1027 3193 1081 Erant
3220 1034 3396 1079 autem
3425 1026 3495 1079 ibi

1918 1105 2103 1163 Patres
2137 1110 2285 1178 quasi
2322 1121 2401 1167 ter
2427 1114 2571 1168 mille
2596 1123 2650 1168 et
2676 1118 2969 1185 quingenti.

2481 1207 2709 1264 CAPUT
2749 1208 2933 1263 CXIV.

2281 1296 2403 1352 Vita
2429 1299 2624 1355 abbatis
2647 1302 2875 1357 Dunielis
2896 1304 3153 1377 AEgyptd'.

1987 1386 2234 1443 Narravit
2282 1401 2465 1445 autem
2512 1394 2665 1447 nobis
2711 1406 2930 1450 sanctus
2975 1413 3137 1453 senex
3187 1400 3254 1455 de
3296 1401 3493 1459 abbate

1918 1478 2138 1536 Daniele
2168 1481 2438 1553 Egyptio,
2472 1482 2659 1540 dicens
2692 1504 2707 1539 :
2742 1488 2995 1544 Ascendit
3035 1506 3207 1546 senex
3258 1492 3375 1561 ipse
3401 1494 3491 1549 die

1916 1572 2142 1640 quadam
2198 1574 2250 1629 in
2306 1575 2682 1644 Therenuten,
2725 1589 2781 1633 ut
2801 1596 2935 1649 opus
2993 1598 3243 1637 manuum
3269 1600 3487 1642 suarum

1914 1663 2195 1720 venderet.
2225 1666 2555 1722 Adolescens
2585 1672 3006 1740 antem-quidam
3058 1676 3375 1743 precabatur
3404 1692 3493 1733 se—

1917 1768 2073 1820 nem,
2107 1755 2291 1811 dicens
2320 1773 2335 1808 :
2366 1758 2469 1812 Per
2502 1758 2667 1814 Deum
2694 1802 2717 1835 ,ἢ
2753 1764 2953 1828 senior,
3011 1765 3131 1818 veni
3174 1766 3226 1818 in
3272 1767 3492 1821 domum

291 1826 422 1878 Cum
456 1825 621 1896 igitur
651 1829 929 1885 venissent
961 1832 1208 1897 Mazices,
1253 1844 1310 1888 et
1338 1835 1639 1891 universam
1684 1853 1810 1908 pro-
1846 1841 1891 1901 Β
1919 1862 2115 1912 meam,
2140 1856 2199 1903 et
2243 1848 2328 1903 fac
2364 1852 2661 1905 orationem
2691 1832 2852 1921 super
2880 1869 3098 1909 uxorem
3145 1871 3340 1923 meam,
3373 1860 3493 1927 quia

223 1913 448 1968 vinciam
482 1916 627 1971 illam
656 1918 1028 1978 devastassent
1057 1939 1120 1977 ac
1149 1924 1517 1993 diripuissent,
1543 1939 1810 1985 venerunt

220 2012 272 2055 et
302 2004 352 2057 in
379 2004 587 2072 Oasim,
621 2017 678 2062 et
703 2012 998 2066 monachos
1018 2013 1235 2082 quidem
1264 2016 1444 2083 plures
1474 2019 1807 2088 occiderunt,

221 2098 589 2169 plurimosque
637 2104 878 2171 captivos
917 2106 1208 2162 duxerunt.
1244 2109 1387 2165 Inter
1415 2126 1552 2179 quos
1578 2127 1807 2182 accepe-

220 2201 340 2243 runt
367 2202 423 2245 et
442 2192 693 2248 abbatem
721 2195 981 2252 Joannem
1011 2199 1152 2270 (erat
1181 2210 1359 2256 autem
1384 2203 1473 2257 hic
1500 2204 1669 2258 lector
1699 2222 1813 2260 nia-

216 2296 334 2348 gnte
363 2281 984 2353 Constantinopolitanae
1020 2290 1315 2363 Ecclesim)
1342 2301 1397 2347 et
1422 2293 1672 2348 abbatem
1703 2296 1808 2350 Eu-

217 2373 473 2427 sLtthium
500 2375 822 2441 Romanum,
844 2386 898 2433 et
924 2378 1171 2435 abbatem
1188 2381 1529 2439 Theodorum
1560 2385 1805 2441 Cilicem.

220 2465 381 2519 Erant
411 2476 593 2521 autem
628 2478 738 2522 tres
778 2469 862 2524 isti
895 2470 1249 2528 inlirmantes.
1295 2472 1430 2528 Cum
1482 2490 1611 2544 ergo
1644 2478 1807 2532 vincti

220 2558 442 2612 fuissent
470 2605 482 2624 ,
532 2561 609 2613 ait
638 2561 802 2617 abbas
830 2564 1069 2619 JOannes
1107 2566 1352 2623 barbaris
1377 2585 1392 2623 :
1421 2568 1607 2625 Ducite
1636 2586 1723 2627 me
1752 2571 1805 2627 in

218 2650 577 2717 eivitatem,et
597 2654 785 2708 faciam
816 2663 872 2710 ut
897 2657 1181 2727 episcopus
1197 2659 1287 2715 det
1311 2677 1407 2729 pro
1445 2665 1600 2717 nobis
1629 2668 1808 2718 numi-

219 2749 380 2792 stnata
432 2742 625 2810 viginti
673 2754 921 2812 quatuor.
976 2749 1195 2814 Accepit
1264 2766 1393 2821 ergo
1446 2753 1594 2807 illum
1672 2770 1807 2811 unus

219 2846 280 2882 ex
313 2831 589 2897 barbaris,
620 2843 673 2888 et
706 2834 859 2889 duxit
889 2852 1058 2907 prope
1102 2840 1390 2907 civitatem,
1426 2844 1807 2916 ingressusque

221 2932 298 2976 est
325 2924 494 2979 abbas
524 2925 759 2982 Joannes
782 2930 846 2984 ad
869 2932 1203 2999 episcopum.
1234 2935 1483 2991 Iuventus
1516 2947 1600 2993 Bal
1625 2949 1804 2995 autent

219 3013 270 3068 iit
302 3018 428 3071 urbe
458 3028 517 3073 et
537 3020 701 3075 abbas
746 3022 875 3089 Leo,
909 3036 964 3079 ct
992 3025 1084 3079 alii
1111 3027 1323 3094 quidam
1358 3029 1596 3095 Patrum,
1644 3040 1806 3100 atque

220 3104 338 3161 ideo
369 3109 511 3163 tenti
538 3124 642 3163 non
669 3112 900 3167 fuerant.
952 3114 1227 3185 Ingressus
1267 3118 1427 3187 igitur
1455 3120 1620 3173 abbas
1646 3120 1807 3177 Joan-

1915 1937 2117 1992 sterilis
2164 1949 2270 1994 est.
2315 1940 2495 1997 Senex
2518 1955 2693 1999 autem
2740 1947 3050 2010 compulsus
3080 1952 3109 2000 a
3136 1948 3337 2016 juvene
3365 1950 3495 2007 abiit

1916 2044 2038 2085 cum
2066 2032 2158 2086 illo
2188 2033 2239 2086 in
2271 2033 2489 2089 domum
2520 2052 2668 2090 suam
2690 2077 2704 2101 ,
2736 2036 2966 2104 fecitque
3005 2040 3306 2094 orationem
3335 2055 3498 2110 super

1916 2139 2136 2180 uxorem
2168 2126 2309 2195 ejus,
2341 2139 2391 2183 et
2428 2129 2643 2183 volente
2670 2129 2777 2183 Deo
2806 2134 2997 2186 mulier
3025 2133 3074 2186 in
3106 2142 3259 2188 utero
3298 2148 3494 2191 conce—

1914 2214 2010 2283 pit.
2044 2215 2150 2269 Viri
2180 2232 2310 2287 ergo
2339 2221 2554 2288 quidam
2588 2237 2690 2275 non
2726 2222 2978 2277 timentes
3012 2224 3176 2280 Deum
3204 2239 3493 2296 coeperunt

1913 2308 2029 2362 seni
2060 2308 2372 2379 detrahere,
2400 2321 2454 2365 et
2480 2312 2658 2367 dicere
2691 2331 2702 2366 :
2734 2313 2869 2368 Vere
2888 2314 3100 2384 juvenis
3125 2318 3223 2374 iste
3252 2320 3492 2375 infecun-

1911 2398 2011 2454 dus
2041 2410 2143 2466 est,
2173 2404 2265 2458 sed
2301 2403 2488 2460 mulier
2513 2420 2542 2458 a
2565 2421 2695 2460 sene
2730 2422 3006 2479 praegnans
3031 2408 3169 2465 facta
3201 2420 3304 2466 est.
3341 2412 3497 2467 Venit

1912 2491 2074 2561 igitur
2102 2493 2216 2549 lucc
2246 2494 2389 2548 fama
2436 2496 2501 2549 ad
2553 2498 2697 2552 senis
2727 2514 2902 2563 aures,
2953 2512 3007 2555 et
3054 2502 3271 2571 scripsit
3324 2519 3494 2560 senex

1909 2586 2103 2639 marito
2125 2587 2381 2652 mulieris,
2398 2589 2610 2643 dicens:
2629 2590 2759 2645 Cum
2787 2595 3050 2660 pepererit
3068 2609 3201 2650 uxor
3224 2607 3335 2661 tua,
3360 2612 3496 2651 nuu-

1912 2675 1981 2729 tia
2013 2674 2166 2734 mihi.
2198 2677 2328 2731 Cum
2360 2694 2486 2747 ergo
2517 2682 2811 2751 peperisset
2836 2699 2969 2738 uxor
2992 2686 3154 2753 illius,
3183 2688 3297 2742 seni
3326 2687 3497 2757 signi-

1911 2763 2089 2819 ficavit
2110 2767 2343 2835 juvenis,
2374 2770 2560 2826 dicens
2588 2788 2600 2824 :
2631 2772 2924 2831 Per,Deum
2954 2784 3010 2830 et
3044 2779 3322 2835 orationes
3355 2787 3494 2839 tuas.

1912 2858 2092 2927 Pater,
2124 2862 2313 2928 genuit
2358 2878 2494 2917 uxor
2539 2879 2678 2918 mea.
2713 2865 2863 2919 Tunc
2885 2866 3053 2922 abbas
3096 2868 3280 2923 Daniel
3325 2870 3488 2940 897

1911 2949 2184 3017 ingressus
2214 2951 2287 3005 ait
2312 2952 2495 3019 juveni
2523 2971 2537 3007 :
2566 2954 2670 3009 Fac
2704 2956 3007 3021 prandium,
3047 2969 3100 3011 et
3129 2972 3258 3012 voca
3289 2973 3491 3027 cogna-

1912 3047 1995 3094 tos
2034 3050 2087 3094 et
2116 3041 2316 3096 amicos
2346 3051 2484 3097 tuos.
2510 3042 2640 3097 Cum
2684 3044 2846 3115 igitur
2876 3048 3223 3116 pranderent,
3272 3065 3491 3106 sumens

1910 3141 2076 3183 senex
2123 3133 2400 3198 puerulum
2453 3133 2504 3188 in
2552 3136 2798 3191 manibus
2840 3154 3020 3193 curant
3061 3142 3314 3196 omnibus
3353 3141 3491 3197 dixit

218 3210 311 3251 nes
341 3200 513 3269 erepit
557 3216 715 3258 orare
764 3205 1080 3274 episcOpum
1140 3218 1194 3261 ut
1226 3208 1458 3264 barbaro
1490 3212 1805 3269 numismata
1835 3208 1883 3271 C
1916 3220 2177 3277 infantulo
2211 3239 2223 3276 :
2252 3224 2384 3289 Quis
2429 3235 2513 3282 est
2542 3238 2693 3295 pater
2739 3218 2879 3295 tuus,
2931 3229 3143 3284 infans?
3194 3233 3283 3286 Ait
3313 3243 3491 3291 autent

218 3288 400 3357 daret;
441 3292 730 3363 episcopus
761 3304 938 3351 autem
972 3314 1078 3352 non
1111 3299 1260 3366 plura
1292 3315 1447 3369 quam
1479 3314 1600 3357 octo
1628 3307 1804 3361 numi-

218 3389 383 3433 smata
437 3380 642 3438 habere
695 3385 943 3443 inventus
997 3398 1099 3443 est.
1165 3390 1456 3447 Voluerunt
1498 3408 1628 3465 ergo
1679 3399 1808 3454 dare

224 3466 453 3526 barbaro
483 3482 608 3527 octo
632 3476 977 3543 numisxnata,
1011 3488 1066 3534 et
1096 3481 1263 3535 noluit
1282 3484 1548 3550 accipere,
1573 3488 1759 3545 dit-ens
1789 3509 1801 3544 :

219 3562 321 3618 Aut
367 3564 556 3636 viginti
591 3579 822 3638 quatuor
866 3575 1185 3628 numismata
1232 3578 1466 3645 prmbete
1508 3581 1663 3649 mihi,
1715 3595 1807 3639 aut

221 3660 554 3716 monachum
578 3662 723 3719 date.
765 3665 946 3721 Cuncti
981 3669 1141 3738 igitur
1170 3682 1313 3737 sunt,
1347 3673 1436 3742 qui
1465 3684 1618 3730 erant
1650 3677 1700 3731 in
1724 3680 1804 3733 ci-

219 3749 375 3807 vitate
401 3768 592 3808 rursus
612 3757 857 3812 abbatem
879 3757 1137 3816 Joannem
1160 3761 1389 3818 barbaro
1434 3764 1563 3820 dare
1586 3767 1801 3823 ﬂentem

218 3848 270 3896 et
294 3842 611 3911 eiulantem.
639 3847 1077 3905 Adduxitautem
1129 3853 1276 3907 illum
1307 3855 1358 3908 in
1412 3871 1507 3912 sua
1554 3859 1804 3916 taberna-

215 3931 333 3986 cula
367 3933 654 3991 barbarus.
689 3938 813 3993 I’ost
835 3949 944 3993 tres
969 3956 1100 4010 ergo
1128 3942 1262 4010 dies,
1297 3948 1524 4015 sumptis
1548 3960 1672 4004 octo
1702 3968 1801 4007 nu-

216 4024 580 4093 mismatibus,
627 4029 793 4084 abbas
824 4030 932 4085 Leo
960 4030 1013 4084 in
1060 4046 1299 4088 eremum
1333 4038 1483 4106 exiit,
1533 4040 1619 4094 ubi
1651 4051 1805 4096 erant

217 4117 465 4186 barbari,
506 4124 787 4190 oravitque
819 4114 981 4187 illus:
1004 4123 1226 4180 dicens:
1259 4129 1499 4196 Accipite
1545 4145 1629 4186 me
1679 4147 1799 4188 cum

215 4220 334 4264 octo
360 4211 800 4279 numismatibus,
845 4227 897 4269 et
928 4226 1036 4270 tres
1067 4217 1196 4272 istos
1222 4218 1494 4286 dimittite,
1530 4223 1619 4290 qui
1654 4223 1803 4277 infir-

217 4306 286 4358 mi
326 4315 473 4371 sunt,
512 4322 684 4376 neque
715 4323 938 4378 pergere
971 4327 1065 4377 per
1095 4327 1336 4367 eremum
1378 4325 1631 4383 possunt;
1677 4334 1797 4372 nant

216 4392 547 4451 interficietis
608 4411 745 4465 eos,
799 4410 853 4453 et
909 4399 1290 4456 detrimentum
1349 4406 1619 4473 patiemini
1653 4425 1663 4462 :
1700 4424 1800 4478 ego

213 4504 341 4544 vero
367 4506 534 4546 sanus
562 4507 706 4557 sum,
740 4502 794 4548 et
812 4498 1047 4548 serviam
1075 4496 1246 4550 vobis.
1284 4497 1433 4553 Tunc
1461 4500 1672 4554 barbari
1706 4517 1796 4555 ac-

1912 3312 2089 3368 infans
2119 3331 2135 3368 :
2160 3316 2277 3382 llic,
2322 3319 2611 3373 ostendens
2649 3319 2814 3391 digito
2838 3336 3025 3377 manus
3051 3338 3162 3379 suae
3209 3324 3491 3395 juvenem.

1910 3403 2041 3459 Erat
2064 3415 2239 3462 autem
2268 3407 2559 3465 infantulus
2579 3410 2785 3466 dierum
2810 3413 2994 3482 viginti
3019 3414 3271 3486 quinque.

2486 3523 2712 3605 carm
2752 3526 2910 3584 cxv.
3204 3600 3207 3605 ι

2165 3638 2553 3693 Admonitiones
2581 3641 2774 3695 abbatis
2801 3640 3023 3696 Joannis
3053 3640 3259 3698 Cilicis.

1981 3750 2204 3807 Dicebat
2257 3752 2426 3807 abbas
2474 3733 2710 3809 J0an‘nes
2759 3750 2905 3808 Cilix.
2931 3755 3249 3824 praepositus
3279 3755 3489 3826 Raytltu

1906 3838 2201 3898 fratribus:
2251 3842 2403 3908 Filii,
2445 3844 2600 3898 sicuti
2628 3844 2856 3915 fugimus
2892 3846 3173 3913 mundum,
3224 3847 3489 3919 fugiamus

1909 3934 2373 4003 concupiscentias
2397 3934 2573 3989 ear-nis
2600 3934 2660 4002 (1-
2686 3934 2846 3990 Joan.
2875 3937 2953 4003 ll).

1979 4026 2120 4079 Dixit
2146 4025 2337 4080 iterum
2373 4042 2387 4079 :
2422 4024 2695 4081 Imitemur
2739 4028 2923 4084 Patres
2944 4036 3178 4097 nostros,
3229 4030 3322 4101 qui
3365 4045 3486 4087 cum

1907 4127 2051 4172 tanta
2083 4118 2395 4174 austeritate
2443 4124 2564 4175 vitae
2602 4130 2657 4176 et
2705 4120 2921 4178 silentio
2963 4123 3221 4181 sederunt
3262 4126 3316 4180 in
3364 4125 3486 4185 loco

1906 4210 2029 4265 isto.

1976 4305 2111 4361 Dixit
2138 4308 2372 4362 iterum:
2418 4307 2497 4363 Ne
2546 4308 2882 4364 sordidemus
2911 4309 3084 4365 locum
3126 4310 3308 4376 istum,
3364 4312 3481 4379 lilii,

1901 4412 2060 4466 quem
2085 4408 2263 4466 patres
2293 4399 2460 4453 nostri
2504 4414 2533 4452 a
2558 4400 2889 4455 daemonibus
2924 4401 3376 4457 emundaverunt.

1975 4486 2061 4540 Ait
2083 4502 2303 4542 rursus:
2335 4488 2507 4543 Locus
2535 4489 2637 4546 iste
2658 4491 3066 4559 monachorum,
3115 4507 3223 4548 non
3247 4492 3481 4561 negotia-

210 4593 471 4650 ceperunt
520 4585 765 4641 abbatem
800 4586 1032 4641 Leonem
1057 4630 1070 4649 .
1104 4596 1162 4642 et
1202 4598 1320 4643 octo
1352 4593 1693 4656 nomismata,
1745 4608 1795 4647 et
1830 4590 1880 4651 Ι)
1910 4585 2081 4631 ¹⁰Γ¹¹¹Ῑ¹
2104 4586 2208 4632 es"

216 4672 536 4730 dimiserunt
558 4676 678 4731 illos
711 4684 837 4731 tres.
873 4677 1016 4732 Abiit
1044 4693 1170 4749 ergo
1193 4681 1357 4733 abbas
1386 4681 1493 4735 Leo
1523 4698 1691 4752 usque
1721 4686 1787 4738 ad

212 4772 497 4837 quemdam
531 4770 703 4825 locum
724 4812 739 4836 ,
772 4781 827 4824 et
854 4785 974 4825 cum
1020 4788 1127 4841 pra:
1159 4773 1434 4829 debilitate
1466 4792 1684 4845 pevgere
1718 4781 1796 4830 nl-

213 4871 290 4914 Ira
323 4878 426 4917 non
453 4873 656 4932 posset,
691 4864 903 4918 barbari
929 4865 1495 4921 deeollaverunteum.
1526 4867 1799 4937 Implevit-

210 4967 312 5021 que
363 4956 532 5010 abbas
565 4953 673 5011 Leo
700 4955 1034 5026 Scripturam
1080 4958 1345 5013 dicentem
1375 4977 1388 5013 :
1418 4961 1668 5029 Majorem
1700 4962 1805 5017 hac

210 5042 547 5102 dilectionem
580 5050 941 5104 nemo'habet
996 5067 1151 5121 quam
1186 5060 1243 5105 ut
1296 5061 1456 5121 ponat
1501 5053 1619 5121 quis
1676 5057 1792 5110 ani-

210 5148 350 5190 mam
382 5153 532 5193 suam
583 5155 681 5208 pro
709 5141 899 5195 amicis
951 5143 1063 5196 suis
1106 5143 1287 5212 (Joan.
1321 5151 1433 5213 xv).
1496 5144 1643 5201 Tunc
1693 5162 1791 5202 nos

211 5239 422 5296 quoque
470 5232 821 5298 cognovimus
867 5233 1118 5302 quidnam
1168 5245 1309 5289 esset
1360 5237 1500 5305 quod
1555 5239 1787 5307 dixerat,

210 5318 342 5385 Quia
390 5337 612 5390 regnare
644 5323 836 5379 habeo.
872 5325 1145 5380 Veraciter
1197 5329 1337 5381 enim
1386 5331 1645 5400 regnavit,
1700 5334 1789 5403 qui

212 5415 386 5481 posuit
407 5420 638 5473 animam
662 5434 813 5472 suam
848 5436 943 5489 pro
972 5422 1159 5475 amicis
1181 5421 1311 5476 suis.

779 5522 1003 5579 CAPUT
1042 5523 1227 5580 CXIII.

456 5614 749 5668 Admonitio
790 5617 985 5671 abbatis
1009 5615 1228 5671 Joannis
1255 5618 1318 5672 de
1355 5617 1528 5674 Petra.

208 5764 213 5769 ,
281 5702 360 5758 Ad
404 5705 648 5761 abbatem
680 5708 936 5765 Joannem
983 5710 1050 5764 de
1096 5710 1248 5764 l’etra
1266 5712 1529 5779 perrexi,
1578 5722 1791 5781 sumpto

212 5806 417 5852 mecum
462 5809 513 5854 et
543 5799 716 5855 sodali
768 5800 1115 5872 Snplironio,
1171 5805 1583 5875 ragavimusque
1637 5804 1786 5861 illum

1976 4668 2111 4722 Dixit
2138 4670 2372 4723 iterum:
2417 4670 2599 4726 Inveni
2642 4673 2725 4729 hic
2774 4690 2948 4731 senes.
3009 4675 3100 4745 qui
3148 4677 3481 4746 septuaginta

1903 4780 2073 4818 annos
2115 4764 2214 4819 hoc
2252 4766 2438 4820 eodem
2474 4766 2523 4820 in
2582 4767 2701 4823 loco
2728 4778 2965 4840 egerant,
2999 4768 3179 4825 herbis
3217 4770 3390 4825 solum
3427 4778 3483 4827 et

1905 4856 2200 4925 palmarum
2234 4857 2492 4913 fructibus
2519 4859 2788 4914 viventes.

1977 4947 2115 5000 Dixit
2132 4948 2321 5001 iterum
2345 4963 2506 5002 senex
2529 4950 2896 5019 :Septuaginta
2923 4957 2973 5004 et
2999 4965 3095 5005 sex
3112 4966 3282 5008 annos
3307 4952 3479 5009 habeo

1905 5039 1955 5093 in
1982 5041 2081 5093 hoc
2106 5042 2245 5109 loco,
2272 5040 2437 5093 multa
2468 5041 2602 5094 mala
2629 5051 2680 5095 et
2709 5041 2973 5096 horrenda
3005 5056 3289 5113 perpessus
3316 5045 3475 5125 agisa-

1899 5132 2163 5185 monibus.
3312 5177 3319 5182 .

2462 5202 2683 5259 CAPUT
2721 5202 2905 5261 CXVI.

1896 5316 1973 5371 De
2000 5319 2158 5388 fratre
2186 5319 2267 5373 cui
2330 5320 2462 5389 [also
2491 5319 2821 5392 objiciebalur
2860 5323 3167 5380 subtraxisse
3202 5327 3477 5382 nomisma.

1970 5433 2217 5490 Narravit
2247 5436 2399 5490 nobis
2428 5434 2592 5488 abbas
2616 5435 2858 5491 Andreas
2889 5439 3207 5506 Messenius,
3236 5442 3363 5497 dum
3392 5460 3479 5498 es—

1900 5540 2082 5583 semus
2109 5526 2161 5579 in
2194 5526 2426 5596 Raythu,
2466 5527 2689 5583 dicetis:
2745 5528 2876 5584 Cum
2918 5546 3090 5587 essem
3142 5532 3477 5600 adolescens,

1899 5618 2219 5675 recessimus
2248 5634 2348 5688 ego
2370 5629 2422 5673 et
2445 5618 2605 5674 abbas
2622 5636 2771 5678 meus
2798 5622 2866 5677 de
2891 5622 3125 5692 Raytbu.
3151 5635 3206 5679 et
3233 5625 3477 5678 venimus

1900 5707 1952 5762 in
1986 5709 2353 5775 Palaestinam;
2388 5712 2681 5768 mansimus
2711 5722 2886 5767 autem
2918 5714 3057 5783 apud
3086 5728 3269 5767 senem
3289 5728 3477 5783 quem-

1900 5802 2041 5857 dam.
2074 5802 2248 5858 Senex
2278 5818 2404 5875 ergo
2434 5804 2522 5874 qui
2579 5806 2814 5874 suscepit
2860 5819 2979 5873 nes,
3035 5803 3264 5859 habebat
3312 5820 3471 5857 unum
