3982 6354
499 371 602 426 179
1628 362 1714 415 DE
1757 357 1934 412 VITIS
1977 352 2106 409 PAT

2217 347 2254 403 il
2294 345 2494 402 LIBER
2538 344 2601 399 Χ.
3660 330 3753 387 180

498 488 788 552 nilniisma,
830 486 972 555 quod
1000 484 1090 542 ubi
1122 484 1411 555 posuisset,
1471 496 1564 549 per
1590 492 1826 535 σει-τοτεηι
1857 472 2072 531 oblitus,
2107 463 2163 525 Δ
2184 463 2306 533 quia
2337 462 2597 517 diaconus
2627 455 2910 512 ordinatus
2944 452 3151 516 fuisset,
3207 447 3418 505 vocavit
3462 446 3757 501 ministrum

493 588 798 651 suspicatus
829 589 914 636 est
952 580 1092 650 quod
1120 579 1299 647 juninr
1328 592 1427 644 ego
1467 576 1671 628 furatus
1717 569 1844 623 illud
1879 581 2078 622 essem.

497 673 719 728 Dicebat
738 686 865 741 ergo
893 686 1058 727 senex
1092 668 1339 724 Patribus
1373 666 1470 719 loci
1504 664 1668 733 ipsius
1689 702 1703 727 ,
1760 660 1879 729 quia
1917 658 2081 710 frater

500 767 746 821 Andreas
775 767 1037 820 nomisma
1066 763 1291 831 accepit.
1323 759 1475 826 Quod
1502 772 1622 812 cum
1650 754 1888 807 audisset
1914 749 2081 804 abbas

501 875 671 925 meus,
697 858 908 914 vocavit
928 872 1033 924 me,
1059 865 1114 910 et
1140 854 1213 909 ait
1242 852 1370 907 mihi
1402 871 1414 903 :
1455 851 1567 915 Dic,
1603 848 1839 906 Andrea,
1870 856 1925 896 tu
1975 857 2079 893 nu-

502 952 692 1006 mlsma
715 951 858 1005 senis
888 948 1176 1020 accepisti?
1203 946 1281 1001 Ad
1304 960 1461 1014 quem
1491 958 1623 1012 ego:
1655 940 1894 1007 Ignosce,
1920 934 2082 994 abba.

505 1062 605 1117 ego
655 1047 787 1101 nihil
831 1045 1035 1113 accepi.
1085 1042 1354 1097 llabebam
1403 1048 1580 1093 autem
1635 1034 1887 1103 pallium,
1944 1025 2083 1098 quod

505 1141 692 1195 abiens
740 1138 954 1195 vendidi
987 1137 1347 1201 numismate,
1402 1142 1455 1189 et
1510 1131 1776 1200 accipiens
1821 1126 2085 1180 numisma

506 1233 778 1295 profectus
806 1247 922 1284 sum
961 1230 1026 1283 ad
1069 1243 1276 1288 senem.
1326 1234 1381 1280 et
1434 1231 1727 1288 prostratus
1771 1219 1845 1273 illi
1877 1215 2086 1269 veniam

505 1324 657 1393 petii,
681 1332 734 1377 et
753 1322 861 1377 dixi
888 1339 904 1377 :
936 1321 1153 1390 Ignosce
1182 1318 1336 1382 mihi,
1377 1316 1537 1373 abba,
1568 1312 1687 1381 quia
1742 1310 1967 1365 Satanas
1992 1307 2089 1357 de-

506 1417 649 1483 εθρίι
675 1431 781 1478 Ille.
811 1424 863 1468 el
893 1415 1073 1481 accepi
1110 1410 1369 1466 numisma
1404 1418 1571 1460 tuum.
1624 1405 1745 1458 Erat
1775 1411 1952 1453 autem
1982 1398 2091 1450 illic

508 1508 856 1561 etsaacularis
884 1504 1125 1575 quidam.
1160 1503 1250 1557 Ait
1277 1501 1340 1553 ad
1359 1514 1443 1552 me
1467 1512 1662 1553 senex:
1698 1493 1866 1554 Vade,
1892 1490 1982 1546 fili.
2014 1489 2095 1541 ni-

512 1598 543 1652 b
573 1600 585 1651 Ι
618 1597 843 1663 perdidi.
875 1598 1071 1652 lterum
1106 1595 1265 1663 igitur
1301 1599 1594 1661 prostratus
1616 1588 1820 1640 veniam
1851 1581 2094 1651 petebam

508 1691 723 1744 dicens:
744 1689 846 1744 Per
865 1690 1170 1752 Dominum,
1185 1687 1342 1749 abba,
1362 1680 1838 1752 accipenumisma,
1854 1689 1982 1731 ecce
1999 1675 2098 1725 hoc

508 1792 625 1850 est;
658 1790 713 1835 et
739 1782 819 1837 fac
849 1783 977 1837 mihi
1001 1777 1592 1845 orationem,quoniam
1625 1775 1853 1828 Satanas
1879 1768 2099 1822 immisit

2185 570 2362 615 suum,
2394 554 2585 607 dicens
2617 567 2631 603 :
2666 547 2810 603 AlTer
2832 547 2934 600 huc
2958 546 3189 599 forfices.
3211 543 3448 609 Cumque
3464 538 3753 605 attulisset,

2186 647 2261 699 ait
2288 646 2359 699 illi
2386 664 2397 697 :
2434 641 2753 699 Benedictus
2772 638 3063 700 Dominus;
3096 635 3258 689 tonde
3283 626 3758 698 illum,ostendeus

2189 752 2309 792 eum
2339 735 2524 805 digito,
2571 741 2723 788 erant
2749 730 2893 786 enim
2936 728 3007 782 ibi
3045 725 3195 781 multi
3250 725 3390 780 circa
3439 722 3757 776 columnam.

2187 828 2497 881 Admiratus
2524 824 2802 878 autemille
2828 823 2881 876 in
2910 819 3078 875 verbo
3107 817 3272 882 senis,
3300 814 3568 881 simulque
3581 813 3763 865 timore

2189 936 2385 993 magno
2413 918 2832 987 comprehensus
2872 913 3108 979 suscepit
3146 919 3444 971 tonsuram,
3474 904 3611 960 nihil
3660 916 3763 955 omo

2191 1016 2318 1070 nino
2349 1013 2611 1079 loquens;
2664 1007 2926 1064 intellexit
2971 1005 3115 1060 enim
3159 1001 3279 1072 quia
3317 1002 3457 1054 Deus
3483 996 3764 1052 revelasset

2190 1110 2304 1165 seni
2327 1110 2394 1161 de
2418 1122 2496 1160 se.
2521 1103 2652 1159 Cum
2678 1102 2921 1156 minister
2939 1091 3577 1168 ergomtotondisset
3605 1088 3764 1152 illum,

2192 1200 2262 1253 ait
2294 1200 2342 1254 ei
2372 1210 2596 1266 magnus
2625 1194 2846 1249 Simeon
2872 1208 2887 1245 :
2946 1190 3055 1244 Fac
3082 1189 3375 1242 orationem
3417 1178 3656 1237 diaconi.
3710 1177 3767 1232 Et

2194 1307 2316 1350 cum
2346 1295 2578 1353 orasset,
2608 1286 2681 1339 ait
2702 1284 2777 1339 illi
2804 1284 2995 1338 iterum
3028 1298 3040 1334 :
3085 1279 3251 1347 Perge
3282 1277 3335 1331 in
3370 1274 3609 1344 llaytbu.
3640 1270 3771 1324 unde

2195 1383 2358 1437 etiam
2384 1379 2562 1433 existi.
2598 1377 2816 1430 Dicente
2839 1382 3018 1427 autem
3046 1371 3157 1436 illo,
3186 1385 3245 1423 se
3284 1362 3663 1426 verecundari,
3681 1361 3772 1416 Pa-

2198 1485 2441 1539 trumque
2466 1478 2715 1537 aSpectns
2738 1466 2877 1521 ferre
2909 1480 3012 1518 non
3046 1475 3234 1531 posse;
3263 1471 3452 1512 rursus
3478 1454 3559 1509 ait
3586 1454 3665 1508 illi
3685 1453 3770 1507 ab-

2198 1564 2292 1618 bas
2315 1562 2531 1617 Simeon
2558 1577 2572 1611 :
2604 1558 2776 1612 Crede
2800 1557 2951 1616 mihi,
2976 1554 3069 1617 fili,
3095 1552 3214 1620 quia
3244 1548 3412 1604 vereri
3431 1546 3655 1601 omnino
3678 1559 3772 1598 non

2199 1655 2397 1717 debes;
2433 1653 2585 1707 hilari
2613 1652 2753 1705 enim
2779 1649 2913 1702 facie
2940 1657 2994 1701 et
3022 1653 3175 1714 grato
3203 1643 3383 1695 animo
3407 1649 3459 1694 te
3491 1638 3775 1706 suscipieut

2204 1750 2409 1808 Patres,
2440 1745 2799 1816 gaudiumque
2830 1742 2937 1795 illis
2969 1741 3057 1792 fiet
3087 1748 3142 1792 et
3170 1734 3456 1790 exsultatio
3483 1733 3542 1786 in
3568 1744 3776 1785 conver-

513 1828 624 1850 -..-,
661 1828 713 1835 --
739 1828 819 1837 .-ν
1003 1828 1324 1839 -..-_-,--___,
1347 1828 1428 1845 -,
1455 1828 1479 1829 η
1514 1828 1533 1829 η

513 1875 646 1930 πηίὴί
679 1884 734 1930 ul
762 1872 972 1930 furare,
1002 1874 1155 1936 ξιιηά⁹
1188 1882 1241 1926 οι
1267 1873 1559 1933 afﬂigere",
1588 1884 1705 1921 νος,
1741 1865 1881 1919 Dim
1905 1864 2092 1917 ίιρνιηη
2134 1841 2177 1899 Β
2206 1847 2355 1895 sione
2382 1850 2489 1892 tua.
2524 1839 2589 1892 Et
2616 1837 2717 1890 hoc
2739 1844 2913 1889 autem
2940 1833 3095 1897 scit'o,
3122 1830 3215 1893 fili,
3249 1830 3371 1898 quia
3409 1828 3554 1880 Deus
3577 1828 3774 1894 signum

2201 1932 2211 1936 -
2370 1928 2389 1936 -
2696 1935 2699 1936 ,
2825 1932 2833 1936 -
3081 1935 3124 1936 κγ
3231 1919 3422 1936 μ-μ’,..-
3456 1914 3657 1936 24--..1-
3691 1912 3771 1936 nZL:

510 1979 715 2020 senex:
752 1964 873 2028 Fili,
923 1980 1025 2018 non
1057 1964 1260 2033 perdidi
1289 1964 1597 2031 quidquam.
1656 1957 1786 2011 Cum
1847 1970 1973 2009 vero
2025 1953 2093 2005 illi

512 2072 621 2113 non
651 2056 1072 2127 acquiescerent,
1103 2066 1227 2110 tunc
1251 2057 1323 2109 ait
1349 2050 1768 2109 mihiszccularis
1800 2045 2094 2108 illezV’cre,

515 2148 732 2205 domine
763 2149 948 2214 frater,
981 2149 1235 2202 hesterno
1265 2149 1350 2200 die
1380 2162 1500 2200 cum
1540 2148 1640 2198 huc
1670 2144 1963 2204 venissem,
2020 2140 2097 2192 ἰη-

517 2242 641 2295 veni
671 2256 852 2296 senem
886 2243 1202 2309 plorantem,
1237 2250 1290 2294 et
1315 2248 1665 2308 prostratum,
1723 2245 2099 2306 potentemque

518 2333 730 2387 veniam
762 2334 813 2387 in
845 2349 1033 2403 magna
1064 2333 1351 2387 afflictione
1384 2334 1567 2393 animi,
1600 2330 1815 2399 dixique
1843 2328 1918 2382 illi
1949 2346 1962 2380 :
1997 2325 2099 2380 Fac

519 2426 867 2490 eharitatem;
896 2427 1021 2497 quid
1035 2437 1114 2480 est
1129 2426 1268 2496 quod
1287 2425 1482 2480 habes?
1518 2424 1576 2477 Et
1594 2423 1725 2477 dixit
1742 2422 1870 2474 mihi
1897 2434 2097 2473 senex:

520 2516 655 2583 Quia
688 2516 905 2572 fratrem
937 2518 1130 2585 injnsm
1161 2516 1425 2571 calumnia
1449 2514 1727 2579 exagitari,
1747 2514 1931 2565 dicens
1960 2509 2099 2578 quod

520 2610 789 2665 nomisma
820 2610 1025 2665 furatus
1048 2619 1212 2675 esset,
1259 2619 1313 2665 et
1359 2624 1484 2663 ecce
1530 2608 1707 2662 inveni
1750 2606 1903 2660 illml.
1954 2605 2105 2659 Tunc

520 2716 690 2757 senex
728 2700 1023 2756 aedificatus
1048 2711 1129 2756 est
1158 2703 1209 2757 in
1242 2718 1346 2766 me,
1408 2700 1547 2767 quod
1579 2715 1698 2753 cum
1737 2715 1840 2752 non
1868 2698 2106 2766 accepis-

520 2806 641 2850 sem
669 2793 1398 2860 numisma,detulerimil|ud
1425 2794 1489 2848 ad
1512 2809 1634 2848 eutn
1665 2793 1883 2847 dicens:
1910 2792 2107 2861 Accipe

524 2883 815 2952 numisma,
839 2900 939 2955 ego
960 2886 1102 2941 enim
1126 2886 1254 2940 illud
1280 2888 1417 2954 cepi.

1073 2994 1299 3052 CAPUT
1348 2996 1550 3052 CXVII.

530 3105 536 3110 ’
634 3105 712 3162 De
742 3113 901 3181 fratre
927 3111 1240 3164 dwmoniaco
1270 3111 1331 3164 ab
1357 3110 1535 3163 abbate
1566 3111 1767 3163 Andra:
1800 3118 1995 3163 sanato.

2198 1932 2249 1986 in
2284 1942 2335 1985 te
2364 1928 2600 1983 facturus
2627 1935 2730 1989 est,
2782 1932 2841 1978 ut
2871 1935 3132 1992 agnoscas
3173 1919 3423 1987 quoniam
3456 1914 3664 1985 ignovit
3691 1912 3774 1968 tibi

2202 2025 2356 2079 illius
2384 2024 2647 2077 immensa
2678 2027 2731 2074 et
2760 2016 3044 2073 ineffabilis
3075 2013 3287 2068 bonitas
3324 2018 3607 2080 peccatum
3632 2006 3778 2060 istud.

2202 2115 2517 2170 Venientem
2562 2111 2728 2181 igitur
2759 2110 2811 2163 in
2838 2104 3287 2179 Raythu‘supinis
3319 2097 3575 2155 manibus
3623 2110 3774 2151 cxce-

2203 2213 2396 2275 perunt
2424 2214 2624 2273 patres,
2647 2202 3016 2267 miseruntque
3044 2198 3216 2265 ipsum
3248 2194 3298 2249 in
3328 2199 3580 2247 sanctum
3609 2202 3775 2244 sacra-

2202 2297 2367 2351 rium.
2426 2293 2666 2360 Quadam
2699 2289 2971 2360 igituredie
3002 2285 3277 2341 Dominica
3305 2296 3430 2335 cum
3475 2280 3648 2334 ferret
3673 2292 3779 2331 san-

2207 2404 2351 2447 ctum
2372 2398 2427 2446 et
2455 2390 2724 2444 vivificutn
2751 2383 3062 2453 sanguinem
3086 2378 3263 2447 magni
3288 2376 3384 2431 Dei
3412 2384 3468 2429 et
3504 2372 3779 2427 Salvatoris

2216 2484 2386 2540 nostri
2416 2482 2543 2537 Jesu
2570 2479 2794 2541 Christi,
2817 2476 3069 2530 continuo
3099 2471 3227 2525 exiit
3260 2467 3447 2521 oculus
3474 2464 3595 2533 ejus
3621 2476 3782 2526 unus;

2219 2587 2379 2645 atque
2408 2591 2473 2630 ex
2504 2575 2605 2629 hoc
2634 2573 2788 2641 signo
2817 2572 3182 2637 cognoverunt
3227 2560 3412 2617 Patres
3462 2558 3591 2627 quia
3641 2554 3777 2625 igno-

2210 2673 2377 2727 visset
2402 2670 2476 2723 illi
2506 2669 2647 2723 Deus
2674 2673 2952 2736 peccatum
2979 2659 3142 2724 istud,
3179 2656 3333 2727 juxta
3367 2652 3594 2707 verbum
3621 2645 3781 2717 magni

2208 2764 2496 2824 Simeonis.

2781 2825 3007 2883 CAPUT
3036 2823 3221 2880 CXIX.

2250 2952 2328 3007 De
2354 2952 2585 3005 dwmone
2608 2945 2697 3015 qui
2736 2944 2787 2997 in
2829 2941 3003 3015 habitu
3041 2932 3578 3015 monachi-profectus
3607 2927 3757 2985 estad

2523 3004 2705 3072 cellam
2732 3014 3004 3085 cujusdam
3029 3011 3163 3063 senis
3190 3008 3244 3060 in
3276 3004 3510 3075 Raytltu.

2288 3135 2511 3191 Dicebat
2538 3130 2696 3187 nobis
2723 3129 2889 3184 abbas
2939 3123 3198 3181 Eusebius
3232 3120 3514 3189 presbyter
3557 3110 3781 3184 ejusdem

607 3198 787 3294 pra?"
809 3201 1022 3270 qu'dam
1048 3202 1369 3294 qmmomum
1390 3202 1590 3257 habens
1613 3200 1921 3294 “mm”
1944 3198 2109 3253 abba’
2146 3229 2191 3291 C
2229 3224 2541 3284 monasterii
2567 3222 2802 3294 Raytbu,
2835 3235 2953 3275 cum
2996 3216 3061 3271 ad
3094 3215 3242 3270 illum
3266 3211 3622 3272 venissemus,
3664 3200 3787 3272 quod

529 3298 638 3346 tem
691 3291 1002 3347 Simeonem
1057 3292 1326 3363 Stylitem,
1361 3294 1412 3347 in
1441 3293 1807 3347 admirabilem
1853 3300 2108 3353 montem,

532 3398 729 3454 rogans
754 3394 813 3441 ut
838 3401 936 3456 pro
960 3401 1019 3441 se
1040 3396 1305 3448 oraret,et
1328 3386 1586 3456 effugaret
1611 3386 1679 3439 ab
1703 3400 1770 3440 eo
1790 3385 2112 3438 daemonem.

534 3475 679 3528 Dixit
708 3477 755 3530 ci
784 3476 949 3532 abbas
979 3475 1195 3532 Simeon
1242 3492 1258 3531 :
1316 3474 1415 3532 Ubi
1445 3476 1704 3531 moraris?
1756 3476 1854 3539 Qui
1887 3474 1998 3526 ait:
2057 3472 2114 3525 lu

536 3566 771 3638 Baythu.
796 3568 875 3622 Ad
907 3583 1063 3637 quem
1087 3583 1289 3626 senex:
1329 3568 1512 3632 Miror,
1555 3568 1747 3637 inquit,
1789 3566 1971 3631 frater,
2021 3579 2117 3617 cur

538 3670 689 3715 tanto
721 3671 772 3715 te
800 3661 983 3715 labore
1016 3661 1340 3733 fatigaveris,
1394 3670 1705 3730 tantumque
1748 3658 1955 3714 itineris
1994 3672 2117 3727 per-

542 3752 740 3823 egeris,
765 3763 819 3807 ut
849 3754 1064 3809 venires
1093 3754 1157 3807 ad
1190 3768 1275 3808 me
1304 3763 1642 3823 peccatorem
1674 3752 1965 3816 hominem,
1995 3764 2117 3804 cum

442 3914 445 3917 γ
536 3847 673 3905 tales
692 3862 757 3903 ac
779 3856 952 3904 tantos
968 3850 1150 3905 Patres
1165 3848 1363 3905 habeas
1393 3850 1446 3904 in
1480 3849 1803 3905 monasterio
1830 3856 1942 3901 tuo.
1977 3845 2121 3900 Vade

536 3940 704 4011 igitur
731 3942 799 3995 ad
816 3941 1061 3997 abbatem
1091 3942 1383 4008 Andream,
1408 3951 1464 3996 et
1491 3956 1617 4011 roga
1635 3940 1782 3995 illum
1799 3948 1857 3994 ut
1878 3947 1996 3993 oret
2024 3952 2122 4008 pro

540 4044 618 4100 te,
636 4042 690 4089 et
720 4036 900 4090 statim
930 4036 1139 4090 curabit
1166 4048 1235 4092 te.
1265 4037 1592 4105 Venitigitur
1619 4035 1781 4089 frater
1801 4034 1852 4087 in
1878 4034 2120 4103 Raythu:

539 4134 597 4179 et
611 4126 753 4181 sicut
779 4128 880 4182 sibi
913 4129 1257 4183 mandaverat
1280 4132 1466 4184 beatus
1481 4131 1720 4189 Simeon,
1750 4125 2037 4195 prostravit
2064 4139 2125 4179 se

545 4217 647 4287 illi,
679 4233 875 4289 rogans
898 4231 951 4274 et
990 4220 1175 4276 dicens
1206 4239 1217 4275 :
1247 4222 1352 4276 Ora
1383 4236 1480 4290 pro
1502 4236 1609 4285 me,
1652 4220 1829 4275 Pater.
1884 4218 2025 4272 Dixit
2072 4219 2121 4271 ei

542 4312 713 4369 abbas
738 4313 978 4368 Andreas
1008 4331 1023 4367 :
1052 4314 1275 4383 Accepit
1295 4315 1518 4382 gratiam
1538 4313 1691 4382 hujus
1714 4312 2005 4367 curationis
2029 4312 2127 4364 ab-

544 4404 644 4461 bas
665 4404 906 4461 Simeon.
956 4406 1198 4477 Cumque
1234 4406 1451 4461 fecisset
1500 4407 1821 4469 orationem,
1872 4405 2125 4459 continuo

553 4500 842 4556 mundatus
872 4508 957 4556 est
979 4499 1163 4566 frater,
1188 4509 1242 4555 et
1269 4501 1468 4570 gratias
1496 4501 1729 4556 reddidit
1754 4500 1883 4555 Deo.

1102 4612 1329 4669 CAPUT
1352 4613 1581 4670 CXVIII.

770 4715 889 4770 Vita
920 4714 1087 4770 Mente
1108 4715 1313 4768 diaconi
1340 4717 1579 4770 monachi
1600 4718 1651 4770 in
1681 4716 1910 4789 Raytlm.

619 4807 864 4865 Narravit
890 4810 1046 4865 nobis
1087 4810 1254 4865 abbas
1286 4810 1505 4882 Sergius
1535 4812 1589 4867 in
1623 4813 1831 4885 Raythu
1870 4813 1939 4868 de
1970 4812 2132 4868 fratre

550 4902 785 4969 quodam
816 4904 926 4959 illic
956 4906 1203 4967 diacono,
1262 4905 1411 4961 Mena
1461 4910 1702 4973 nomine,
1757 4916 1812 4961 et
1842 4908 1915 4961 ait
1946 4925 1961 4962 :
1995 4907 2158 4961 Cum.

549 4996 757 5050 exisset
782 4998 1063 5065 aliquando
1092 4998 1271 5054 Menas
1295 5001 1360 5053 ad
1384 5001 1759 5065 ministerium,
1779 5014 2030 5054 reversus
2051 5007 2135 5052 est

544 5088 621 5175 'ad
652 5088 906 5141 sarculum
954 5107 969 5143 :
1014 5090 1140 5160 quid
1188 5100 1364 5145 autem
1396 5092 1470 5144 illi
1501 5092 1803 5162 contigerit,
1836 5091 2128 5155 nescimus,

540 5182 661 5269 :nisi
690 5184 811 5250 quia
839 5181 1056 5251 reliquit
1095 5184 1443 5239 monasticum
1475 5185 1735 5249 habitum,
1776 5191 1832 5237 et
1859 5182 2133 5237 saecularis

543 5272 781 5347 effectus
801 5283 907 5329 est.
940 5274 1065 5330 Post
1090 5277 1314 5331 multum
1339 5294 1465 5331 vero
1482 5276 1732 5347 temporis
1756 5274 2024 5346 profectus
2054 5282 2135 5327 est

542 5343 898 5471 j'l‘heopolim,
932 5377 985 5423 et
1014 5384 1132 5425 cum
1161 5371 1363 5426 rediret
1392 5370 1711 5435 Seleuciam,
1766 5368 1895 5423 vidit
1950 5380 2137 5421 mona-

542 5462 782 5543 ésterium
807 5462 980 5516 sancti
1003 5462 1211 5518 abbatis
1240 5462 1507 5519 Simeonis
1524 5462 1732 5534 Stylita:
1774 5462 1841 5515 de
1872 5462 2050 5529 longe,
2084 5467 2139 5513 et

543 5553 786 5656 iaitintra
817 5568 877 5610 se
917 5572 933 5610 :
984 5555 1304 5623 Ascendam,
1355 5567 1407 5610 et
1433 5555 1623 5611 videbo
1651 5567 1899 5624 magnum
1929 5553 2142 5608 Simeo-

544 5648 718 5749 guem;
748 5661 1013 5717 nunquam
1053 5648 1197 5703 enim
1226 5664 1347 5703 eum
1375 5651 1603 5704 viderat.
1649 5649 1875 5702 Euntem
1929 5659 2060 5701 vero
2088 5656 2144 5702 et

560 5743 668 5804 jam
700 5740 965 5794 columnae
1013 5742 1527 5810 appropinquantem
1577 5751 1633 5791 ut
1681 5739 1811 5793 vidit
1857 5737 2021 5792 abbas
2049 5737 2140 5794 Si-

564 5845 751 5896 meon.
776 5831 1029 5891 divinitus
1053 5848 1346 5904 agnoscens
1383 5834 1525 5903 quod
1569 5841 1711 5888 esset
1741 5832 2058 5895 monachus,
2089 5840 2141 5885 et

2215 3322 2423 3375 dtemon
2458 3317 2507 3371 in
2539 3293 2719 3370 habitu
2749 3310 2992 3366 monachi
3024 3306 3295 3374 profectus
3355 3301 3453 3356 fuit
3496 3298 3567 3352 ad
3621 3293 3789 3349 cellam

2217 3415 2382 3478 senis,
2409 3422 2463 3466 et
2488 3426 2609 3465 cum
2640 3410 2902 3477 pulsasset
2923 3404 3164 3473 januam,
3198 3399 3408 3467 aperuit
3429 3409 3621 3455 senex,
3658 3388 3788 3445 etdic

2223 3512 2297 3564 xit
2333 3506 2409 3561 illi
2448 3522 2462 3560 :
2496 3504 2619 3558 Ora.
2656 3501 2873 3554 Daemon
2897 3506 3075 3550 autem
3105 3494 3175 3546 ait
3205 3509 3218 3544 :
3247 3492 3310 3544 Et
3333 3502 3472 3541 nunc
3502 3497 3560 3540 et
3580 3494 3787 3551 semper,

2218 3610 2271 3655 et
2296 3601 2345 3653 in
2379 3596 2573 3649 smcula
2606 3590 2949 3646 smculorum.
2978 3590 3169 3641 Amen.
3201 3583 3380 3637 Senex
3414 3586 3597 3631 autem
3623 3583 3789 3628 rursus

2222 3692 2357 3747 dixit
2388 3708 2400 3743 :
2431 3688 2557 3742 Ora.
2594 3685 2659 3738 Et
2686 3684 2894 3735 da~mou
2926 3677 3172 3732 similiter
3201 3672 3315 3728 ait:
3366 3669 3543 3729 Nunc,
3593 3674 3646 3721 et
3670 3676 3790 3717 sem-

2229 3802 2341 3856 per,
2392 3795 2445 3839 et
2490 3782 2541 3836 in
2586 3776 2778 3832 smeula
2820 3772 3160 3828 saeculorum.
3197 3769 3387 3821 Amen.
3443 3760 3600 3816 Tunc
3625 3767 3790 3813 senex.

2221 3853 2348 3943 Dra,
2375 3883 2433 3931 et
2460 3874 2545 3929 die
2574 3888 2588 3928 :
2624 3869 2803 3926 Gloria
2832 3865 2997 3929 Patri,
3023 3860 3247 3923 etFilio,
3274 3866 3329 3912 et
3356 3853 3580 3925 Spiritui
3602 3854 3790 3906 sancto.

2227 3971 2583 4029 etiamnunc,
2637 3972 2690 4016 et
2746 3973 2977 4028 semper,
3024 3965 3080 4009 et
3136 3954 3188 4007 in
3244 3946 3438 4004 saecula
3475 3942 3790 3999 surculorum.

2228 4064 2419 4118 Amen.
2453 4058 2566 4113 lloe
2590 4063 2765 4109 autem
2797 4066 2915 4105 cum
2935 4048 3158 4102 dixisset
3186 4057 3375 4107 senex,
3408 4039 3622 4094 daemon
3652 4026 3786 4103 quasi

2228 4157 2333 4211 vim
2369 4168 2557 4212 passus
2585 4150 2651 4205 ab
2693 4149 2836 4219 igne,
2868 4140 3105 4197 evanuit.

2818 4255 3046 4313 CAPUT
3069 4250 3229 4308 CXX.

2265 4363 2344 4417 De
2371 4361 2530 4414 tribus
2574 4354 2845 4412 Monachis
2860 4349 3092 4475 lauimus.
3122 4343 3339 4429 inventis
3368 4357 3401 4394 α
3442 4335 3768 4408 piscatoribus

2947 4429 3180 4474 aramus.

2947 4429 3180 4474 ατοηίιιο.

2303 4547 2668 4602 Narraverunt
2695 4537 2848 4593 nobis
2875 4532 3178 4588 Pharonita:
3202 4529 3513 4598 piscatores,
3535 4522 3788 4577 dicentes:

2155 4598 2211 4660 Β
2239 4598 2583 4708 υἰὲα-άδάεπι
2622 4633 2817 4687 ivimus
2842 4630 2893 4684 in
2922 4625 3154 4681 Buchrin
3184 4630 3331 4676 trans
3374 4631 3525 4672 mare
3554 4614 3794 4672 Rubrum,

2235 4742 2291 4787 et
2320 4745 2439 4786 cum
2466 4725 2727 4797 plurimos
2773 4720 2946 4787 pisces
2972 4715 3323 4781 cepissemus,
3376 4705 3575 4762 reversi
3605 4714 3794 4764 sumus,

2237 4830 2292 4878 et
2318 4793 2562 4874 venimus
2582 4826 2747 4884 prope
2763 4807 3063 4863 Pereleum.
3090 4802 3455 4867 Volcntesque
3471 4793 3795 4850 transfretare

2240 4915 2292 4969 in
2328 4908 2561 4981 Raythu,
2589 4883 2868 4973 prohibiti
2914 4910 3098 4951 sumus
3124 4910 3153 4947 a
3186 4890 3359 4945 ventis
3389 4883 3688 4945 contrariis,
3740 4889 3793 4931 ac

2240 4974 2748 5066 maris-tempestate
2776 4992 2974 5046 detenti
3009 5002 3195 5041 sumus
3236 4999 3334 5054 per
3358 4981 3473 5035 dies
3502 4974 3791 5043 nonaginta.

2239 5097 2526 5160 Ven’entes
2547 5099 2722 5144 autem
2756 5088 2806 5138 in
2855 5081 3122 5153 quoddam
3177 5077 3465 5129 maximum
3521 5071 3794 5125 desertum,

2242 5189 2541 5244 invenimus
2566 5183 2750 5236 subter
2777 5189 2937 5229 unum
2970 5185 3154 5225 saxum
3191 5179 3299 5221 lf'CS
3344 5164 3690 5219 anachoretas
3713 5154 3793 5209 de-

2242 5273 2711 5341 functos,indutos
2728 5266 2951 5323 colobiis
2998 5263 3065 5317 de.
3096 5260 3270 5316 sihino
3304 5254 3441 5327 (26),
3489 5255 3794 5316 melotesque

2244 5369 2453 5424 illorum
2474 5365 2623 5434 juxta
2652 5375 2744 5417 eos
2775 5366 2929 5413 erant
2950 5355 3162 5423 positae.
3222 5348 3541 5415 Accepimus
3564 5344 3729 5410 itaque
3747 5336 3796 5390 il-

2246 5460 2350 5522 los,
2381 5468 2432 5511 et
2455 5456 2703 5509 duximus
2724 5450 2792 5503 ad
2816 5463 2879 5502 na
2891 5460 3033 5508 vem,
3048 5440 3413 5508 continuoque
3426 5446 3652 5490 :estuans
3671 5438 3798 5484 mare

2244 5550 2592 5620 tranquillum
2625 5544 2820 5599 factum
2848 5547 2949 5607 est,
2993 5547 3049 5591 et
3089 5534 3233 5590 venti
3260 5530 3513 5588 contrarii
3541 5528 3593 5582 in
3624 5533 3797 5592 opporo

2247 5617 2403 5698 tunos
2426 5636 2672 5695 conversi
2694 5643 2840 5688 sunt.
2860 5631 2927 5686 Et
2949 5625 3408 5684 transfretavimus
3430 5617 3672 5677 secundis
3693 5625 3797 5667 ven-

2246 5734 2339 5799 tis,
2371 5740 2428 5785 et
2455 5728 2699 5784 venimus
2720 5726 2771 5779 in
2796 5723 3007 5793 Raythu
3041 5736 3056 5775 :
3086 5718 3273 5774 Patres
3293 5721 3470 5770 autem
3500 5706 3799 5781 sepelierunt

2245 5842 2339 5882 eos
2371 5837 2490 5878 cum
2515 5817 2746 5889 antiquis
2767 5816 3006 5873 senibus.
