3982 6354
203 367 296 426 181

766 477 995 534 CAPUT
1029 475 1216 532 CXXI.

262 569 381 631 Vita
401 579 450 629 et
470 587 606 626 mors
628 572 823 625 abbatis
850 571 1084 642 Gregorii
1111 569 1404 642 Byzantini,
1428 575 1479 642 et
1508 568 1558 619 al
1581 564 1714 618 crius

498 642 732 713 Gregorii
760 639 1056 696 Pharonin
1076 644 1186 706 eius
1215 639 1475 708 discipuli.

278 735 640 792 Narraverunt
689 734 843 788 nobis
890 733 1057 801 ipsius
1098 733 1201 786 loci
1254 732 1439 785 Patres
1491 729 1560 782 de
1588 726 1781 780 abbate

215 827 470 895 Gregorio
495 825 810 896 Byzantina,
842 833 899 879 et
919 824 1182 891 discipulo
1207 822 1326 891 ejus
1354 821 1545 901 abbate
1575 819 1781 885 Grego-

212 920 288 972 rio
316 917 623 980 Pbaronite,
665 915 804 984 quod
833 915 885 969 in
931 915 1103 969 insula
1131 915 1360 984 quadam
1411 913 1573 967 maris
1616 912 1781 965 Ilubri

208 1010 514 1064 manserint.
542 1008 631 1061 Illa
659 1022 790 1061 vero
820 1007 990 1061 insula
1020 1022 1209 1075 aquam
1243 1021 1345 1059 non
1382 1006 1413 1056 h
1435 1006 1633 1068 theba',
1686 1003 1781 1058 sed

207 1114 272 1153 ex
304 1099 602 1153 continenti
646 1099 942 1154 alierebant
995 1114 1186 1167 aquam
1229 1100 1327 1153 sibi
1380 1099 1429 1151 in
1473 1113 1601 1151 usus
1633 1110 1779 1151 suos.

211 1191 482 1244 llabehant
500 1192 641 1246 enim
668 1202 858 1257 ratem,
883 1206 1004 1245 cum
1029 1208 1130 1260 qua
1163 1191 1398 1256 exibant,
1425 1188 1786 1245 etaﬂerebant

205 1297 420 1350 aquam.
445 1283 681 1349 Quadam
712 1293 888 1337 autem
918 1284 1005 1335 die
1044 1283 1363 1336 dimiserunt
1396 1293 1559 1335 ratem
1590 1281 1640 1335 in
1673 1295 1786 1335 ma-

208 1387 284 1433 re,
311 1373 535 1441 ligantes
560 1375 701 1427 illam
726 1375 791 1428 ad
814 1389 1000 1427 Saxum
1032 1373 1322 1442 quoddam.
1349 1373 1511 1429 Noae
1543 1386 1670 1427 vero
1694 1371 1783 1425 illa

211 1462 346 1517 facta
377 1475 457 1519 cst
488 1465 631 1519 unda
666 1467 975 1531 vehemens,
1006 1477 1267 1536 ruptoque
1295 1466 1419 1518 t'une
1451 1466 1604 1532 periit
1630 1464 1785 1519 ratis.

209 1554 516 1609 Manscrunt
544 1566 721 1611 autem
757 1556 943 1611 Patres
976 1556 1047 1609 ιΙΙί
1072 1573 1178 1610 non
1209 1558 1485 1623 habentes,
1519 1557 1658 1610 unde
1683 1557 1785 1609 sibi

209 1661 404 1715 aquam
430 1646 723 1701 deferrent.
775 1647 901 1701 Post
928 1658 1050 1701 octo
1075 1650 1250 1717 itaque
1282 1664 1496 1703 menses
1525 1656 1786 1703 venerunt

208 1739 458 1793 monachi
488 1738 555 1793 de
583 1739 887 1810 Raythu,et
919 1741 1234 1794 invenerunt
1280 1742 1467 1794 ambos
1518 1750 1782 1795 mortuos.

207 1829 531 1886 Invenerunt
562 1839 738 1885 autem
789 1840 843 1886 et
893 1832 949 1885 in
989 1831 1151 1885 dorso
1201 1832 1478 1886 testudinis
1531 1833 1600 1886 ita
1658 1834 1791 1887 scri-
1825 1836 1873 1895 Β

207 1931 352 1987 ptum
383 1939 394 1973 :
430 1921 591 1975 Abbas
621 1920 900 1990 Gregorius
931 1921 1241 1976 Pharoniles
1262 1924 1434 1993 viginti
1468 1932 1512 1976 et
1534 1932 1644 1975 octo
1674 1924 1787 1975 die-

202 2012 293 2065 bus
323 2029 513 2076 aquam
536 2029 635 2065 non
667 2011 862 2080 bibens,
896 2012 1160 2082 defunctus
1183 2022 1256 2066 cst
1284 2028 1301 2065 :
1344 2029 1436 2080 ego
1480 2023 1648 2066 autent
1678 2014 1787 2066 dies

205 2107 652 2176 trigintaueptem
680 2109 927 2177 transegi,
972 2122 1034 2160 ea:
1054 2123 1154 2176 quo
1184 2122 1284 2160 non
1318 2108 1439 2161 bibi.
1486 2107 1791 2162 Invenimus

206 2212 335 2250 vero
369 2196 557 2251 ambos
577 2197 835 2267 integros,
869 2206 1250 2267 sumentesque
1279 2198 1420 2264 illo-,
1444 2198 1788 2267 sepelivimus

209 2288 258 2343 in
287 2288 527 2359 Raylltu.

757 2360 979 2427 CAPUT
1011 2361 1218 2415 CXXII.

206 2450 280 2504 De
302 2450 509 2504 duobus
541 2453 821 2517 monachis,
876 2454 964 2522 qui
990 2454 1116 2505 muli
1141 2456 1357 2523 ingrcssi
1383 2465 1499 2507 sunt
1528 2456 1793 2510 ecclesiam

272 2532 330 2595 ut
354 2524 813 2595 iconimunicarent,
847 2540 940 2576 nec
985 2525 1080 2577 visi
1110 2540 1227 2577 sunt
1252 2528 1313 2577 ab
1343 2528 1538 2595 aliqua,
1595 2528 1694 2580 nisi
1731 2527 1793 2579 ab

269 2594 461 2646 abbate
482 2593 770 2663 Stephano.

273 2685 539 2739 Venimus
581 2685 646 2738 ad
691 2685 939 2741 abbatem
963 2688 1292 2754 Stephanum
1322 2688 1693 2757 Cappadocem
1742 2689 1792 2741 in

205 2780 333 2834 Sina
372 2790 572 2841 monte,
603 2781 944 2847 narravitque
978 2782 1152 2845 nobis,
1182 2781 1364 2835 dicens
1396 2800 1407 2832 :
1454 2782 1583 2835 Cum
1616 2796 1790 2834 essent

208 2886 309 2940 ego
348 2871 401 2922 in
435 2870 645 2940 Iiaythu
697 2881 821 2925 ante
865 2872 961 2923 hos
994 2886 1183 2933 annos,
1230 2873 1415 2940 quinta
1465 2873 1593 2925 feria
1617 2874 1795 2927 Crenas

210 2962 446 3025 Domini,
477 2978 624 3017 cram
652 2963 704 3017 in
748 2964 1001 3018 ecclesia.
1046 2965 1282 3032 Cumque
1331 2970 1796 3020 rommnmaretur

207 3065 397 3108 sancta
422 3055 646 3121 oblatio,
668 3056 959 3124 I’atreSque
988 3071 1176 3109 omnes
1197 3057 1538 3119 assisterent,
1572 3070 1697 3109 ecce
1721 3056 1795 3108 vi-

208 3146 310 3199 deo
342 3146 479 3199 duos
508 3148 764 3214 quosdam
817 3147 1168 3200 anachoretas
1223 3146 1503 3200 ecclesiam
1561 3145 1791 3214 ingredi,

209 3245 374 3290 erant
400 3245 578 3290 autem
622 3237 767 3301 nudi,
824 3237 1112 3307 nullusque
1158 3237 1372 3290 Patrum
1397 3237 1533 3289 alius
1559 3237 1799 3289 animad-
1828 3216 1872 3276 (ἶ

210 3329 378 3382 vertit
399 3328 538 3395 quod
565 3327 692 3381 nudi
733 3338 936 3394 essent,
966 3329 1067 3382 nisi
1100 3343 1199 3396 ego
1245 3329 1411 3384 solus.
1457 3329 1587 3381 Cum
1638 3328 1801 3397 igitur

216 3420 714 3473 communicassent
736 3419 1014 3473 Dominico
1037 3420 1248 3488 corpori
1280 3431 1332 3473 et
1356 3418 1625 3489 sanguini,
1655 3421 1802 3473 exie-

212 3520 342 3565 runt
372 3509 441 3563 de
464 3512 710 3576 ecclesia,
744 3520 797 3565 et
824 3511 1070 3576 abibant;
1101 3528 1199 3580 ego
1224 3522 1405 3566 autem
1432 3528 1533 3565 una
1551 3527 1670 3564 cum
1696 3511 1802 3565 illis

212 3600 382 3655 exivi.
415 3599 549 3654 Cum
575 3617 700 3670 ergo
729 3602 929 3670 egressi
980 3617 1244 3664 essemus,
1276 3602 1538 3668 prostravi
1563 3617 1647 3655 me
1677 3601 1799 3665 illis,

214 3691 446 3745 dicens:
503 3690 685 3745 Facite
713 3690 1054 3756 charitatent,
1106 3693 1328 3758 accipite
1371 3708 1457 3746 me
1498 3692 1793 3745 vobiscum.

214 3782 793 3853 Cognoveruntautem
810 3785 931 3852 quia
948 3783 1182 3837 videram
1204 3784 1331 3838 illus
1348 3783 1539 3848 nudos,
1564 3792 1613 3837 et
1642 3783 1798 3836 dixe-

216 3884 351 3929 runt.
375 3873 504 3927 mihi
531 3889 545 3924 :
577 3876 715 3929 Bene
755 3880 933 3941 sedes,
988 3876 1219 3943 quiesce.
1252 3874 1458 3928 Rursus
1505 3892 1603 3943 ego
1650 3888 1807 3943 roga-

222 3968 353 4022 bam
399 3967 521 4021 illos
548 3975 606 4019 ut
634 3968 938 4035 acciperent
977 3983 1062 4019 me
1105 3982 1308 4020 secum.
1364 3967 1515 4021 Tune
1560 3970 1811 4021 dixerunt

227 4061 362 4114 mihi
394 4076 412 4113 :
440 4060 555 4113 Non
594 4068 746 4129 potes
787 4060 1062 4114 nobiscum
1095 4075 1236 4124 οεεε,
1268 4060 1417 4125 sede,
1473 4061 1607 4113 bona
1665 4062 1808 4114 enim

229 4154 328 4209 tibi
353 4152 510 4206 sedes
537 4165 639 4206 est.
697 4152 973 4206 Facientcs
995 4160 1174 4205 autem
1205 4152 1335 4205 mihi
1368 4154 1690 4216 orationem,
1736 4151 1813 4205 vi-

223 4247 393 4301 dente
416 4262 503 4299 me
523 4260 685 4315 super
703 4261 868 4316 aquas
895 4246 1057 4300 Rubri
1088 4247 1254 4316 899
1277 4248 1440 4301 utaris
1469 4248 1689 4315 pedibus
1725 4247 1809 4300 in.

224 4339 403 4408 gressi
434 4347 579 4404 sunt,
612 4350 662 4392 et
690 4348 835 4391 trans
861 4353 1009 4391 mare
1034 4339 1301 4392 abierunt.

777 4430 1002 4485 CAPUT
1043 4430 1277 4486 CXXIII.

634 4524 747 4578 Vita
774 4525 971 4579 abbatis
998 4525 1192 4579 Zosimi
1222 4525 1412 4579 Cilicis.

300 4615 648 4672 Perreximus
668 4618 733 4671 ad
756 4617 1002 4671 abbatem
1026 4616 1297 4672 Zosimutn
1315 4618 1535 4673 Ciicem
1560 4617 1613 4672 in
1637 4625 1819 4672 monte

229 4707 386 4773 Sina,
413 4707 502 4762 ubi
528 4708 864 4776 morabatur;
893 4717 1148 4763 renuerat
1168 4708 1311 4762 enim
1339 4708 1706 4777 episcopatum
1736 4724 1823 4764 se-

232 4814 364 4868 nex,
403 4809 456 4854 et
495 4799 729 4855 redierat
766 4802 817 4855 in
857 4800 1101 4855 cellulam
1146 4814 1319 4855 suam.
1354 4801 1481 4854 Erat
1521 4812 1697 4856 autem
1744 4801 1824 4856 vir

230 4908 445 4963 magna:
471 4894 832 4961 abetinentiae,
864 4895 1205 4962 narravitque
1233 4893 1404 4957 nobis,
1431 4893 1614 4949 dieens
1640 4910 1653 4946 :
1684 4894 1819 4949 Cum

229 5003 413 5046 essem
437 4987 638 5057 junior,
663 4988 802 5043 exivi
834 4990 901 5043 de
931 4988 1081 5052 Sina,
1111 4998 1165 5042 et
1191 4988 1296 5042 abii
1328 4987 1379 5040 in
1412 4988 1823 5042 Amntoniacem

234 5093 297 5139 ut
324 5083 433 5139 illic
460 5097 719 5147 morarer,
751 5081 1032 5148 iuvenique
1059 5080 1132 5135 ibi
1172 5095 1356 5134 senem
1388 5084 1645 5135 vestitum
1676 5082 1825 5135 colo-

237 5175 330 5227 bio
353 5173 422 5228 de
464 5174 664 5227 sibine.
693 5171 869 5226 Senex
912 5179 1090 5227 autem
1122 5179 1180 5225 ut
1208 5170 1342 5224 vidit
1375 5185 1483 5237 me,
1516 5172 1819 5240 priusquam

238 5268 392 5321 illum
423 5266 740 5330 salutarem,
769 5267 844 5318 ait
883 5263 1010 5318 mihi
1039 5282 1053 5317 :
1087 5264 1221 5330 Quid
1261 5263 1364 5317 huc
1394 5264 1690 5329 advenisti,
1723 5265 1828 5319 Zo-

239 5358 418 5413 sime?
444 5358 601 5424 vade,
630 5372 735 5409 non
765 5354 910 5410 enim
944 5365 1096 5425 potes
1124 5357 1211 5410 hic
1253 5354 1461 5409 sedi-re.
1495 5356 1826 5411 Existimans

236 5458 421 5507 autem
446 5454 569 5521 quia
590 5451 930 5520 cognovisset
958 5465 1065 5514 me,
1092 5462 1357 5518 prostravt
1385 5464 1470 5502 me
1496 5457 1618 5502 ante
1647 5449 1791 5502 illum
1808 5490 1823 5515 ,

239 5544 471 5599 dicens:
506 5544 611 5597 Fac
637 5542 987 5607 cbaritatem,
1018 5541 1194 5607 Pater,
1236 5541 1375 5595 unde
1404 5555 1492 5596 me
1522 5540 1701 5596 nosti?
1730 5542 1829 5597 Se-

240 5649 349 5692 nex
378 5647 553 5692 autem
586 5637 724 5691 dixit
753 5636 884 5692 tnihi
911 5655 924 5690 :
955 5637 1094 5692 Ante
1117 5638 1253 5693 duos
1279 5639 1394 5693 dies
1422 5637 1669 5706 apparuit
1697 5636 1829 5691 mihi

242 5728 492 5800 quidam,
523 5730 749 5785 dicens:
785 5729 922 5786 Ecce
948 5731 1127 5785 ven’ct
1167 5730 1233 5784 ad
1277 5739 1329 5785 te
1370 5729 1664 5785 monachus
1712 5729 1833 5799 qui-

245 5818 404 5890 dam,
432 5820 650 5879 nomine
690 5821 965 5888 Zosimus;
1000 5836 1106 5878 non
1136 5822 1408 5892 permittas
1434 5838 1554 5879 eum
1601 5822 1687 5877 hic
1716 5836 1831 5877 ma-

1476 349 1753 412 PRATUM
1795 349 2225 408 SPIRI'IUALE.

1808 468 1855 525 Α
1887 481 2045 529 nere;
2080 466 2200 519 volo
2224 465 2364 518 enim
2390 464 2668 520 ecclesiam
2715 465 3025 536 Babylonis,
3053 480 3171 533 quat
3200 465 3251 519 in
3298 465 3466 537 Egy-

3367 347 3469 401 182

1883 569 1972 626 ιιιυ
2009 568 2121 622 est,
2169 559 2242 612 illi
2283 557 2525 613 credere.
2559 558 2856 627 Tacuitque
2903 572 3101 620 senex,
3144 566 3197 610 et
3242 556 3468 611 ditttisso

1882 667 1988 716 me,
2014 652 2144 704 abiit
2184 666 2213 705 a
2246 666 2330 705 me
2358 659 2614 717 quantum
2648 661 2729 705 est
2767 650 2940 719 jactus
2990 649 3207 717 lapidis.
3240 648 3305 702 Et
3345 662 3467 703 cum

1882 751 2014 802 duas
2047 749 2203 802 horas
2244 748 2294 801 in
2336 747 2579 801 oratione
2617 747 2973 816 complesset,
3004 745 3151 797 venit
3180 743 3244 797 ad
3277 758 3385 807 me,
3415 749 3469 797 et

1883 841 2131 895 osculans
2162 841 2351 894 faciem
2386 855 2594 904 meam,
2638 839 2713 891 ait
2764 839 2936 893 mihi:
2984 838 3081 891 Fili
3126 836 3464 902 charissime,

1887 934 2019 986 bone
2048 933 2275 997 venisti;
2309 932 2450 986 Deus
2487 932 2629 984 enim
2675 938 2726 983 te
2776 931 2877 983 huc
2926 928 3178 994 adduxit,
3213 936 3271 980 ut
3316 942 3466 981 com-

1887 1025 2108 1079 mendes
2149 1034 2308 1079 terra:
2348 1039 2545 1093 corpus
2590 1012 2788 1077 meum.
2842 1022 2954 1074 Dixi
2998 1031 3175 1073 autem
3207 1020 3296 1073 ei:
3330 1018 3472 1083 Quot

1884 1129 2052 1169 annos
2090 1116 2140 1168 in
2183 1115 2285 1169 hoc
2316 1115 2433 1169 loco
2477 1114 2665 1177 babes,
2692 1112 2861 1166 abba?
2893 1112 3033 1165 Dixit
3062 1112 3127 1164 ad
3172 1126 3292 1165 me:
3324 1111 3471 1175 Qua-

1886 1207 2129 1275 draginta
2160 1217 2213 1260 cl.
2246 1206 2479 1275 quinque
2520 1220 2689 1259 annos
2720 1204 2937 1273 impleo.
2972 1203 3037 1256 Et
3066 1203 3311 1268 apparuit
3342 1201 3470 1255 mihi

1887 1297 2050 1353 facies
2072 1298 2190 1367 ejus
2224 1292 2471 1368 tariquam
2502 1298 2658 1367 ignis.
2687 1298 2749 1351 Et
2780 1297 2853 1350 ait
2884 1296 3009 1349 milti
3038 1313 3050 1349 :
3080 1295 3182 1348 Pax
3210 1295 3335 1357 lilii,
3366 1294 3471 1359 Iili,

1893 1400 1945 1443 ct
1973 1406 2063 1443 ora
2098 1406 2193 1459 pro
2224 1406 2328 1445 me.
2363 1390 2428 1443 Et
2458 1390 2571 1442 lucc
2602 1387 2787 1442 dicens
2811 1387 3093 1441 collocavit
3122 1387 3216 1452 svi;
3239 1401 3388 1449 smn,
3421 1392 3473 1436 et

1890 1485 2164 1552 requievit.
2198 1483 2308 1551 Ego
2350 1491 2557 1546 autem,
2589 1480 2781 1535 effossa
2834 1480 3014 1543 humo,
3057 1478 3285 1555 sepelivi
3317 1494 3435 1531 eum
3458 1515 3471 1539 ,

1891 1584 1944 1631 et
1975 1584 2093 1644 post
2118 1576 2252 1628 duos
2282 1574 2395 1628 dies
2427 1572 2624 1627 recessi
2656 1570 2958 1640 gloriticatts
2988 1570 3174 1623 Deum.

2425 1681 2653 1737 CAPUT
2693 1680 2929 1736 CXXIV.

2452 1792 2697 1862 Ejusdem
2724 1793 2925 1845 relatio.

1966 1888 2216 1943 Narravit
2258 1897 2437 1941 autem
2470 1886 2625 1940 nobis
2653 1898 2708 1940 et
2736 1886 2836 1938 hoc
2866 1900 3052 1949 senex,
3083 1884 3268 1938 dicens
3294 1899 3309 1937 :
3343 1883 3478 1937 Ante

1896 1994 2068 2034 annos
2087 1980 2273 2050 viginti
2294 1980 2427 2033 duos
2444 1980 2659 2032 ascendi
2684 1982 2731 2029 in
2754 1978 3147 2047 Porpltyritem,
3168 1977 3355 2031 volens
3374 1977 3481 2029 illic

1894 2074 2124 2138 morari;
2153 2072 2333 2139 accepi
2374 2082 2546 2124 autem
2576 2081 2630 2124 et
2660 2071 2974 2138 discipulum
3006 2086 3182 2124 meum
3217 2069 3481 2122 Joannem

1896 2179 2126 2219 mecum.
2153 2163 2285 2218 Cum
2316 2178 2444 2231 ergo
2476 2162 2603 2216 illuc
2630 2164 2981 2225 vettis~eutus,
3016 2162 3318 2215 invenimus
3349 2160 3481 2212 duos

1896 2257 2270 2322 anachoretas,
2314 2255 2715 2323 tuansimusque
2756 2269 2921 2322 pro,~e
2954 2254 3093 2308 illos.
3124 2253 3254 2306 Erat
3302 2264 3482 2305 autem

1897 2350 2031 2403 alter
2061 2348 2277 2418 quidem
2330 2363 2395 2403 ex
2449 2348 2529 2401 his
2580 2348 2788 2414 GalaIa,
2836 2348 3050 2402 nomine
3098 2347 3319 2412 Paulus;
3352 2347 3483 2400 alter

1899 2458 2029 2496 vero
2077 2442 2371 2504 Melitinus,
2414 2441 2629 2493 nomine
2672 2440 3008 2505 Theodorus,
3050 2454 3113 2493 ex
3158 2448 3484 2491 monastero

1898 2536 2071 2588 luerat
2100 2533 2306 2586 abbatis
2343 2532 2635 2601 Euthymia.
2671 2530 2937 2584 Ferebant
2970 2540 3146 2584 autem
3176 2528 3383 2583 colobia
3414 2542 3480 2580 ex

1899 2624 2125 2692 pellibus
2155 2624 2494 2676 huhalorum.
2545 2622 2707 2675 Mansi
2757 2637 2934 2675 autem
2982 2620 3092 2674 illic
3140 2618 3308 2673 ferme
3347 2618 3484 2672 duos

1897 2732 2089 2781 annos,
2116 2715 2553 2783 distabantasque
2582 2715 2648 2767 ab
2681 2715 2906 2766 invicem
2934 2712 3086 2781 quasi
3128 2712 3341 2765 duobus
3371 2718 3484 2763 sta-

1897 2810 2022 2865 diis.
2053 2811 2147 2864 Die
2190 2822 2365 2863 autem
2411 2813 2636 2877 quadam
2665 2824 2784 2861 cum
2815 2808 3025 2861 setlcret
3054 2806 3289 2860 Joannes
3316 2804 3486 2859 disci-

1900 2902 2056 2970 pulus
2098 2918 2269 2966 incus,
2303 2901 2556 2969 percussit
2603 2915 2724 2953 eum
2769 2912 3010 2965 serpens,
3046 2898 3336 2965 statimque
3383 2894 3480 2949 de-

1900 2996 2113 3047 functus
2158 3006 2268 3055 est,
2314 2993 2625 3059 sanguinem
2668 3004 2733 3042 ex
2776 2988 3023 3039 omnibus
3073 2987 3311 3055 partibus
3361 2983 3486 3038 fun-

1901 3087 2053 3140 dens.
2086 3085 2141 3139 In
2172 3086 2337 3138 multa
2371 3085 2531 3154 igitur
2561 3083 2803 3151 angustia
2844 3081 3101 3145 existens,
3128 3080 3233 3134 abii
3257 3082 3325 3133 ad
3356 3093 3485 3133 ana-

1902 3182 2152 3237 choretas
2183 3200 2195 3235 :
2227 3182 2316 3251 qui
2366 3182 2546 3233 statim
2592 3193 2648 3233 ιιι
2689 3179 2940 3232 viderunt
2985 3194 3070 3232 me
3119 3177 3389 3231 turbatum
3439 3185 3491 3243 et

1902 3275 2157 3328 afﬂictum
2177 3316 2193 3341 ,
2220 3282 2505 3341 antequam
2549 3270 2753 3339 aliquid
2801 3271 3038 3324 dicerem
3068 3268 3135 3323 ad
3166 3284 3278 3334 eos,
3306 3251 3493 3321 dicnnl

1905 3370 2072 3423 mihi:
2107 3367 2240 3435 Quid
2282 3376 2393 3432 est,
2431 3366 2562 3420 abba
2612 3365 2859 3419 Zosime?
2892 3375 3137 3418 mortuus
3166 3372 3246 3417 est
3294 3360 3494 3415 frater?

1907 3460 2035 3515 Dico
2082 3461 2230 3514 illis:
2264 3459 2338 3513 Ita
2380 3473 2530 3524 sane,
2578 3465 2824 3511 mortuus
2866 3464 2972 3511 est.
3008 3455 3291 3509 Venientes
3334 3453 3495 3524 igitur

1905 3571 2152 3616 mecmn,
2187 3555 2533 3623 videntesqne
2581 3552 2750 3620 ipsum
2795 3550 2849 3603 in
2897 3560 3034 3603 terra
3079 3548 3383 3618 jacentem,
3414 3547 3493 3599 di-

1906 3657 2033 3701 cunt
2061 3646 2188 3700 mihi
2218 3664 2228 3696 :
2259 3643 2374 3698 Noli
2408 3649 2743 3707 contristari,
2777 3644 2912 3697 abba
2944 3641 3187 3703 Zosime;
3233 3640 3385 3692 adest
3415 3638 3498 3691 di-

1908 3741 2086 3793 vinum
2128 3738 2476 3807 adjutorium.
2514 3737 2885 3805 Vocantesque
2932 3738 3151 3789 fratrem
3203 3732 3493 3785 dixerunt:

1911 3832 2098 3886 Frater
2127 3830 2383 3896 Joannes,
2428 3834 2610 3895 surge,
2659 3830 2779 3897 quia
2832 3843 2996 3881 senex
3044 3835 3095 3879 te
3142 3839 3277 3891 opus
3319 3823 3496 3876 habet.

1911 3922 2283 3989 Continuoque
2314 3920 2549 3974 surrexit
2577 3921 2740 3973 frater
2771 3917 2838 3971 de
2870 3925 3034 3972 terra.
3065 3918 3377 3981 Qumrentcs
3407 3930 3499 3969 att-

1914 4024 2020 4068 tem
2053 4013 2314 4079 bestiam,
2346 4022 2397 4067 et
2450 4012 2807 4076 invenientes,
2841 4018 3131 4065 tenuerunt
3172 4024 3288 4063 eam
3311 4054 3325 4077 ,
3360 4019 3415 4062 et
3448 4009 3501 4064 in

1914 4115 2202 4175 conspectu
2234 4114 2419 4158 nostro
2450 4105 2594 4157 illaut
2645 4105 2695 4156 in
2731 4104 2864 4157 duas
2903 4112 3084 4173 partes
3129 4102 3498 4171 disruperunt.

1914 4199 2063 4253 Tune
2085 4198 2269 4253 dicunt
2299 4197 2425 4249 mihi
2454 4214 2465 4250 :
2497 4196 2645 4250 Abba
2666 4195 2901 4261 Zosime,
2928 4194 3065 4249 vade
3090 4193 3142 4248 in
3168 4194 3297 4249 Sina
3321 4210 3333 4245 :
3364 4194 3503 4249 Deus

1916 4289 2060 4344 enim
2087 4290 2180 4343 tibi
2206 4289 2545 4341 committere
2569 4291 2679 4341 vult
2705 4287 2989 4342 ecclesiam
3026 4286 3334 4355 Babylonis.
3357 4282 3503 4339 Con-

1916 4381 2066 4433 tinuo
2098 4379 2274 4446 itaque
2306 4378 2626 4433 recessimus
2666 4391 2784 4431 nos.
2812 4376 3053 4446 Cumque
3082 4377 3417 4431 venissemus
3448 4375 3504 4430 in

1918 4473 2070 4534 Sina,
2105 4481 2223 4539 pztsl.
2256 4483 2450 4538 paucos
2480 4469 2593 4523 dies
2622 4470 2786 4522 abbas
2817 4469 2968 4524 misit
3001 4484 3083 4521 me
3112 4475 3167 4521 et
3194 4466 3331 4519 duos
3361 4465 3500 4519 alios

1852 4564 1981 4653 Din
2013 4563 2370 4618 ministerium
2401 4563 2452 4615 in
2481 4559 2856 4615 Alexandriam
2876 4569 3214 4640 ;.tenensque
3246 4571 3344 4611 nos
3373 4570 3509 4625 papa

1930 4655 2325 4713 Alexandrinus
2373 4655 2721 4710 beatissimus
2763 4654 3115 4724 Apollinaris,
3166 4663 3356 4705 omnes
3403 4658 3511 4704 tres

1929 4748 2055 4805 fecit
2100 4751 2400 4817 cpisc0pos,
2450 4764 2617 4802 unum
2672 4748 2886 4815 quidem
2941 4744 3300 4814 I~Ieliopoleos,
3347 4744 3509 4799 alium

1928 4841 2339 4909 LeonlOpoleos,
2365 4855 2448 4896 tne
2478 4857 2603 4894 Vero
2627 4842 2677 4895 in
2709 4840 3031 4907 Babylonem
3060 4838 3225 4891 misit.

2476 4949 2700 5006 CAPUT
2741 4947 2952 5005 CXXV.

2077 5063 2291 5118 Factum
2321 5063 2592 5132 pulchrum
2615 5062 2810 5117 abbatis
2838 5062 3007 5133 Sergii
3029 5063 3369 5117 anachoreta.

2002 5177 2370 5233 Narraverunt
2400 5176 2559 5231 nobis
2588 5174 2803 5244 quidam
2848 5184 3053 5243 patrum
3086 5175 3137 5228 in
3168 5175 3297 5230 Sina
3326 5174 3394 5230 de
3424 5174 3517 5229 ab-

1932 5270 2054 5325 bate
2078 5270 2269 5337 Sergio
2293 5269 2636 5332 anachoreta,
2662 5268 2802 5336 quod
2825 5282 2945 5322 cum
2970 5275 3271 5324 moraretur
3290 5270 3342 5322 in
3365 5267 3514 5332 Sina,

1932 5364 2294 5417 Constituebat
2332 5362 2480 5416 illum
2508 5363 2842 5431 dispensator
2881 5377 3040 5431 super
3072 5362 3341 5417 burdones
3370 5359 3513 5432 (Ξῖ).

1931 5454 2063 5510 Cmn
2094 5470 2224 5523 ergo
2255 5455 2345 5509 die
2384 5454 2614 5523 quadam
2648 5465 2984 5523 properaret,
3022 5468 3149 5508 ecce
3178 5453 3263 5515 leo
3302 5452 3518 5521 jacebat

1932 5552 1988 5605 in
2020 5549 2106 5602 via
2134 5566 2146 5601 :
2183 5563 2337 5615 porro
2379 5547 2718 5613 burdonarii,
2753 5548 3145 5617 burdonesque,
3177 5548 3294 5601 viso
3338 5546 3517 5607 leone,

1940 5640 2131 5695 timore
2177 5638 2447 5707 correpti,
2492 5648 2849 5693 recesserunt.
2894 5638 3042 5692 Tunc
3088 5636 3251 5690 abbas
3301 5632 3518 5702 Sergius

1940 5745 2156 5786 sumens
2186 5730 2254 5785 de
2299 5742 2426 5799 pera
2467 5745 2629 5785 unam
2674 5731 2975 5801 eulogiam,
3012 5727 3276 5796 profectus
3322 5735 3404 5779 est
3450 5722 3515 5777 ad

1944 5823 2178 5891 leonem,
2209 5823 2445 5892 dixitque
2471 5823 2521 5878 ei
2548 5841 2559 5875 :
2591 5825 2786 5892 Accipe
2816 5821 3076 5890 ealegiaut
3111 5819 3322 5873 Patrum
3352 5826 3405 5870 et
3436 5831 3519 5868 re-
