  <div class='ocr_page' id='page_1' title='image "/cluster/home/n/w/nwhite01/storage/ocr_20150623/74/hvd.32044015469372/101.png"; bbox 0 0 3982 6354; ppageno 0'>
   <div class='ocr_carea' id='block_1_1' title="bbox 513 369 621 426">
    <p class='ocr_par' dir='ltr' id='par_1_1' title="bbox 513 369 621 426">
     <span class='ocr_line' id='line_1_1' title="bbox 513 369 621 426; baseline -0.037 0"><span class='ocrx_word' id='word_1_1' title='bbox 513 369 621 426; x_wconf 62' lang='grc'><strong>’485</strong></span> 
     </span>
    </p>
   </div>
   <div class='ocr_carea' id='block_1_2' title="bbox 1662 316 3780 407">
    <p class='ocr_par' dir='ltr' id='par_1_2' title="bbox 1662 316 3780 407">
     <span class='ocr_line' id='line_1_2' title="bbox 1662 316 3780 407; baseline -0.008 0"><span class='ocrx_word' id='word_1_2' title='bbox 1662 350 1748 407; x_wconf 79' lang='lat' dir='ltr'><strong>ne</strong></span> <span class='ocrx_word' id='word_1_3' title='bbox 1790 345 1971 402; x_wconf 86' lang='lat' dir='ltr'><strong>vms</strong></span> <span class='ocrx_word' id='word_1_4' title='bbox 2007 341 2291 399; x_wconf 70' lang='lat' dir='ltr'><strong>mruuu</strong></span> <span class='ocrx_word' id='word_1_5' title='bbox 2332 340 2536 400; x_wconf 74' lang='lat' dir='ltr'><strong>unca</strong></span> <span class='ocrx_word' id='word_1_6' title='bbox 2581 338 2644 397; x_wconf 89' lang='lat' dir='ltr'><strong>x.</strong></span> <span class='ocrx_word' id='word_1_7' title='bbox 2890 316 2895 319; x_wconf 82' lang='grc'><em>’</em></span> <span class='ocrx_word' id='word_1_8' title='bbox 2934 316 2942 325; x_wconf 79' lang='grc'><em>’</em></span> <span class='ocrx_word' id='word_1_9' title='bbox 3132 340 3133 343; x_wconf 54' lang='lat'>‘</span> <span class='ocrx_word' id='word_1_10' title='bbox 3688 333 3780 391; x_wconf 79' lang='lat' dir='ltr'><strong>tat</strong></span> 
     </span>
    </p>
   </div>
   <div class='ocr_carea' id='block_1_3' title="bbox 518 445 3780 542">
    <p class='ocr_par' dir='ltr' id='par_1_3' title="bbox 518 445 3780 542">
     <span class='ocr_line' id='line_1_3' title="bbox 518 445 3780 542; baseline -0.011 -6"><span class='ocrx_word' id='word_1_11' title='bbox 518 481 649 536; x_wconf 83' lang='lat' dir='ltr'><strong>cede</strong></span> <span class='ocrx_word' id='word_1_12' title='bbox 675 479 744 533; x_wconf 91' lang='lat' dir='ltr'><strong>de</strong></span> <span class='ocrx_word' id='word_1_13' title='bbox 766 491 877 542; x_wconf 76' lang='lat' dir='ltr'><strong>VIa,</strong></span> <span class='ocrx_word' id='word_1_14' title='bbox 907 482 966 529; x_wconf 83' lang='lat' dir='ltr'><strong>ut</strong></span> <span class='ocrx_word' id='word_1_15' title='bbox 996 481 1349 528; x_wconf 70' lang='lat' dir='ltr'><strong>transeamus.</strong></span> <span class='ocrx_word' id='word_1_16' title='bbox 1390 467 1715 532; x_wconf 86' lang='lat' dir='ltr'><strong>Sumptaque</strong></span> <span class='ocrx_word' id='word_1_17' title='bbox 1757 462 1842 514; x_wconf 88' lang='lat' dir='ltr'><strong>leo</strong></span> <span class='ocrx_word' id='word_1_18' title='bbox 1884 456 2093 526; x_wconf 80' lang='lat' dir='ltr'><strong>eulogia</strong></span> <span class='ocrx_word' id='word_1_19' title='bbox 2124 458 2173 516; x_wconf 83' lang='grc' dir='ltr'><strong>Λ</strong></span> <span class='ocrx_word' id='word_1_20' title='bbox 2202 458 2639 524; x_wconf 88' lang='lat' dir='ltr'><strong>contempserim.</strong></span> <span class='ocrx_word' id='word_1_21' title='bbox 2671 446 2895 520; x_wconf 72' lang='lat' dir='ltr'><strong>Scripsit</strong></span> <span class='ocrx_word' id='word_1_22' title='bbox 2940 457 3116 504; x_wconf 85' lang='lat' dir='ltr'><strong>autem</strong></span> <span class='ocrx_word' id='word_1_23' title='bbox 3157 456 3213 503; x_wconf 89' lang='lat' dir='ltr'><strong>et</strong></span> <span class='ocrx_word' id='word_1_24' title='bbox 3255 445 3357 502; x_wconf 88' lang='lat' dir='ltr'><strong>hoc</strong></span> <span class='ocrx_word' id='word_1_25' title='bbox 3402 445 3467 501; x_wconf 88' lang='lat' dir='ltr'><strong>ad</strong></span> <span class='ocrx_word' id='word_1_26' title='bbox 3514 460 3688 502; x_wconf 80' lang='lat' dir='ltr'><strong>eum:</strong></span> <span class='ocrx_word' id='word_1_27' title='bbox 3718 448 3780 506; x_wconf 78' lang='lat' dir='ltr'><strong>Ut</strong></span> 
     </span>
    </p>
   </div>
   <div class='ocr_carea' id='block_1_4' title="bbox 518 573 761 632">
    <p class='ocr_par' dir='ltr' id='par_1_4' title="bbox 518 573 761 632">
     <span class='ocr_line' id='line_1_4' title="bbox 518 573 761 632; baseline -0.033 0"><span class='ocrx_word' id='word_1_28' title='bbox 518 573 761 632; x_wconf 77' lang='lat' dir='ltr'><strong>recessit.</strong></span> 
     </span>
    </p>
   </div>
   <div class='ocr_carea' id='block_1_5' title="bbox 1062 629 1556 693">
    <p class='ocr_par' dir='ltr' id='par_1_5' title="bbox 1062 629 1556 693">
     <span class='ocr_line' id='line_1_5' title="bbox 1062 629 1556 693; baseline -0.026 0"><span class='ocrx_word' id='word_1_29' title='bbox 1062 634 1286 693; x_wconf 74' lang='lat' dir='ltr'><strong>CAPUT</strong></span> <span class='ocrx_word' id='word_1_30' title='bbox 1323 629 1556 687; x_wconf 77' lang='lat' dir='ltr'><strong>CXXVI.</strong></span> 
     </span>
    </p>
   </div>
   <div class='ocr_carea' id='block_1_6' title="bbox 664 715 1994 805">
    <p class='ocr_par' dir='ltr' id='par_1_6' title="bbox 664 715 1994 805">
     <span class='ocr_line' id='line_1_6' title="bbox 664 715 1994 805; baseline -0.017 -15"><span class='ocrx_word' id='word_1_31' title='bbox 664 734 883 805; x_wconf 77' lang='lat' dir='ltr'><strong>Egregia</strong></span> <span class='ocrx_word' id='word_1_32' title='bbox 915 731 1177 798; x_wconf 72' lang='lat' dir='ltr'><strong>responsio</strong></span> <span class='ocrx_word' id='word_1_33' title='bbox 1208 726 1397 779; x_wconf 85' lang='lat' dir='ltr'><strong>abbatis</strong></span> <span class='ocrx_word' id='word_1_34' title='bbox 1427 721 1602 775; x_wconf 84' lang='lat' dir='ltr'><strong>Oreuti</strong></span> <span class='ocrx_word' id='word_1_35' title='bbox 1633 723 1812 771; x_wconf 76' lang='lat' dir='ltr'><strong>manus</strong></span> <span class='ocrx_word' id='word_1_36' title='bbox 1842 715 1994 770; x_wconf 76' lang='lat' dir='ltr'><strong>Sina.</strong></span> 
     </span>
    </p>
   </div>
   <div class='ocr_carea' id='block_1_7' title="bbox 593 804 2104 890">
    <p class='ocr_par' dir='ltr' id='par_1_7' title="bbox 593 804 2104 890">
     <span class='ocr_line' id='line_1_7' title="bbox 593 804 2104 890; baseline -0.017 -8"><span class='ocrx_word' id='word_1_37' title='bbox 593 804 851 882; x_wconf 84' lang='lat' dir='ltr'><strong>Dicebant</strong></span> <span class='ocrx_word' id='word_1_38' title='bbox 879 822 1030 878; x_wconf 85' lang='lat' dir='ltr'><strong>nobis</strong></span> <span class='ocrx_word' id='word_1_39' title='bbox 1058 820 1302 890; x_wconf 80' lang='lat' dir='ltr'><strong>ejusdem</strong></span> <span class='ocrx_word' id='word_1_40' title='bbox 1346 814 1448 869; x_wconf 91' lang='lat' dir='ltr'><strong>loci</strong></span> <span class='ocrx_word' id='word_1_41' title='bbox 1493 811 1662 866; x_wconf 78' lang='lat' dir='ltr'><strong>sancti</strong></span> <span class='ocrx_word' id='word_1_42' title='bbox 1697 809 1881 862; x_wconf 79' lang='lat' dir='ltr'><strong>l‘atres</strong></span> <span class='ocrx_word' id='word_1_43' title='bbox 1911 806 1978 859; x_wconf 90' lang='lat' dir='ltr'><strong>de</strong></span> <span class='ocrx_word' id='word_1_44' title='bbox 2006 804 2104 857; x_wconf 87' lang='lat' dir='ltr'><strong>ab-</strong></span> 
     </span>
    </p>
   </div>
   <div class='ocr_carea' id='block_1_8' title="bbox 521 901 2101 985">
    <p class='ocr_par' dir='ltr' id='par_1_8' title="bbox 521 901 2101 985">
     <span class='ocr_line' id='line_1_8' title="bbox 521 901 2101 985; baseline -0.015 -12"><span class='ocrx_word' id='word_1_45' title='bbox 521 922 648 976; x_wconf 87' lang='lat' dir='ltr'><strong>bate</strong></span> <span class='ocrx_word' id='word_1_46' title='bbox 688 921 909 984; x_wconf 84' lang='lat' dir='ltr'><strong>Orento,</strong></span> <span class='ocrx_word' id='word_1_47' title='bbox 936 914 1075 985; x_wconf 91' lang='lat' dir='ltr'><strong>quod</strong></span> <span class='ocrx_word' id='word_1_48' title='bbox 1106 913 1193 965; x_wconf 90' lang='lat' dir='ltr'><strong>die</strong></span> <span class='ocrx_word' id='word_1_49' title='bbox 1238 908 1466 978; x_wconf 90' lang='lat' dir='ltr'><strong>quadam</strong></span> <span class='ocrx_word' id='word_1_50' title='bbox 1501 903 1778 959; x_wconf 86' lang='lat' dir='ltr'><strong>Dominica</strong></span> <span class='ocrx_word' id='word_1_51' title='bbox 1827 901 2101 969; x_wconf 88' lang='lat' dir='ltr'><strong>ingressus</strong></span> 
     </span>
    </p>
   </div>
   <div class='ocr_carea' id='block_1_9' title="bbox 520 988 2105 1067">
    <p class='ocr_par' dir='ltr' id='par_1_9' title="bbox 520 988 2105 1067">
     <span class='ocr_line' id='line_1_9' title="bbox 520 988 2105 1067; baseline -0.016 -1"><span class='ocrx_word' id='word_1_52' title='bbox 520 1022 604 1065; x_wconf 89' lang='lat' dir='ltr'><strong>est</strong></span> <span class='ocrx_word' id='word_1_53' title='bbox 644 1024 809 1065; x_wconf 89' lang='lat' dir='ltr'><strong>senex</strong></span> <span class='ocrx_word' id='word_1_54' title='bbox 840 1008 892 1063; x_wconf 90' lang='lat' dir='ltr'><strong>in</strong></span> <span class='ocrx_word' id='word_1_55' title='bbox 934 1003 1210 1060; x_wconf 84' lang='lat' dir='ltr'><strong>ecclesiam</strong></span> <span class='ocrx_word' id='word_1_56' title='bbox 1243 1013 1397 1054; x_wconf 88' lang='lat' dir='ltr'><strong>verso</strong></span> <span class='ocrx_word' id='word_1_57' title='bbox 1428 1011 1558 1067; x_wconf 87' lang='lat' dir='ltr'><strong>sago</strong></span> <span class='ocrx_word' id='word_1_58' title='bbox 1604 1009 1726 1055; x_wconf 85' lang='lat' dir='ltr'><strong>suo,</strong></span> <span class='ocrx_word' id='word_1_59' title='bbox 1760 993 1830 1045; x_wconf 90' lang='lat' dir='ltr'><strong>ita</strong></span> <span class='ocrx_word' id='word_1_60' title='bbox 1867 1001 1924 1043; x_wconf 92' lang='lat' dir='ltr'><strong>ut</strong></span> <span class='ocrx_word' id='word_1_61' title='bbox 1975 988 2105 1041; x_wconf 80' lang='lat' dir='ltr'><strong>loris</strong></span> 
     </span>
    </p>
   </div>
   <div class='ocr_carea' id='block_1_10' title="bbox 519 1085 2106 1160">
    <p class='ocr_par' dir='ltr' id='par_1_10' title="bbox 519 1085 2106 1160">
     <span class='ocr_line' id='line_1_10' title="bbox 519 1085 2106 1160; baseline -0.016 -3"><span class='ocrx_word' id='word_1_62' title='bbox 519 1104 746 1156; x_wconf 82' lang='lat' dir='ltr'><strong>villosus</strong></span> <span class='ocrx_word' id='word_1_63' title='bbox 783 1108 943 1153; x_wconf 88' lang='lat' dir='ltr'><strong>esset.</strong></span> <span class='ocrx_word' id='word_1_64' title='bbox 992 1095 1176 1151; x_wconf 86' lang='lat' dir='ltr'><strong>Stante</strong></span> <span class='ocrx_word' id='word_1_65' title='bbox 1223 1090 1385 1160; x_wconf 88' lang='lat' dir='ltr'><strong>igitur</strong></span> <span class='ocrx_word' id='word_1_66' title='bbox 1416 1103 1483 1142; x_wconf 92' lang='lat' dir='ltr'><strong>eo</strong></span> <span class='ocrx_word' id='word_1_67' title='bbox 1525 1088 1577 1139; x_wconf 89' lang='lat' dir='ltr'><strong>in</strong></span> <span class='ocrx_word' id='word_1_68' title='bbox 1618 1085 1807 1150; x_wconf 88' lang='lat' dir='ltr'><strong>choro,</strong></span> <span class='ocrx_word' id='word_1_69' title='bbox 1850 1088 2106 1135; x_wconf 81' lang='lat' dir='ltr'><strong>venerunt</strong></span> 
     </span>
    </p>
   </div>
   <div class='ocr_carea' id='block_1_11' title="bbox 521 1169 2100 1263">
    <p class='ocr_par' dir='ltr' id='par_1_11' title="bbox 521 1169 2100 1263">
     <span class='ocr_line' id='line_1_11' title="bbox 521 1169 2100 1263; baseline -0.015 -17"><span class='ocrx_word' id='word_1_70' title='bbox 521 1194 737 1263; x_wconf 86' lang='lat' dir='ltr'><strong>quidam</strong></span> <span class='ocrx_word' id='word_1_71' title='bbox 768 1192 834 1246; x_wconf 88' lang='lat' dir='ltr'><strong>de</strong></span> <span class='ocrx_word' id='word_1_72' title='bbox 876 1182 1338 1258; x_wconf 74' lang='lat' dir='ltr'><strong>dispensatoribus</strong></span> <span class='ocrx_word' id='word_1_73' title='bbox 1388 1180 1519 1243; x_wconf 90' lang='lat' dir='ltr'><strong>loci,</strong></span> <span class='ocrx_word' id='word_1_74' title='bbox 1554 1184 1607 1230; x_wconf 90' lang='lat' dir='ltr'><strong>et</strong></span> <span class='ocrx_word' id='word_1_75' title='bbox 1654 1176 1902 1228; x_wconf 80' lang='lat' dir='ltr'><strong>dixerunt</strong></span> <span class='ocrx_word' id='word_1_76' title='bbox 1945 1169 2100 1225; x_wconf 88' lang='lat' dir='ltr'><strong>seni:</strong></span> 
     </span>
    </p>
   </div>
   <div class='ocr_carea' id='block_1_12' title="bbox 476 1266 2104 1349">
    <p class='ocr_par' dir='ltr' id='par_1_12' title="bbox 476 1266 2104 1349">
     <span class='ocr_line' id='line_1_12' title="bbox 476 1266 2104 1349; baseline -0.017 -6"><span class='ocrx_word' id='word_1_77' title='bbox 476 1338 481 1343; x_wconf 83' lang='lat'><strong>.</strong></span> <span class='ocrx_word' id='word_1_78' title='bbox 523 1289 633 1343; x_wconf 88' lang='lat' dir='ltr'><strong>Cur</strong></span> <span class='ocrx_word' id='word_1_79' title='bbox 660 1288 752 1349; x_wconf 90' lang='lat' dir='ltr'><strong>ita,</strong></span> <span class='ocrx_word' id='word_1_80' title='bbox 780 1284 957 1341; x_wconf 79' lang='lat' dir='ltr'><strong>Pater.</strong></span> <span class='ocrx_word' id='word_1_81' title='bbox 985 1281 1260 1349; x_wconf 85' lang='lat' dir='ltr'><strong>ingressus</strong></span> <span class='ocrx_word' id='word_1_82' title='bbox 1290 1288 1349 1328; x_wconf 86' lang='lat' dir='ltr'><strong>es</strong></span> <span class='ocrx_word' id='word_1_83' title='bbox 1375 1285 1635 1327; x_wconf 87' lang='lat' dir='ltr'><strong>converso</strong></span> <span class='ocrx_word' id='word_1_84' title='bbox 1660 1283 1787 1338; x_wconf 68' lang='lat' dir='ltr'><strong>stgo</strong></span> <span class='ocrx_word' id='word_1_85' title='bbox 1820 1275 1908 1319; x_wconf 87' lang='lat' dir='ltr'><strong>tuo</strong></span> <span class='ocrx_word' id='word_1_86' title='bbox 1937 1266 1988 1317; x_wconf 93' lang='lat' dir='ltr'><strong>in</strong></span> <span class='ocrx_word' id='word_1_87' title='bbox 2018 1279 2104 1317; x_wconf 87' lang='lat' dir='ltr'><strong>ec-</strong></span> 
     </span>
    </p>
   </div>
   <div class='ocr_carea' id='block_1_13' title="bbox 523 1355 2109 1436">
    <p class='ocr_par' dir='ltr' id='par_1_13' title="bbox 523 1355 2109 1436">
     <span class='ocr_line' id='line_1_13' title="bbox 523 1355 2109 1436; baseline -0.018 0"><span class='ocrx_word' id='word_1_88' title='bbox 523 1381 741 1436; x_wconf 86' lang='lat' dir='ltr'><strong>clesiam</strong></span> <span class='ocrx_word' id='word_1_89' title='bbox 772 1378 835 1431; x_wconf 87' lang='lat' dir='ltr'><strong>ad</strong></span> <span class='ocrx_word' id='word_1_90' title='bbox 880 1374 1206 1429; x_wconf 88' lang='lat' dir='ltr'><strong>derisiouem</strong></span> <span class='ocrx_word' id='word_1_91' title='bbox 1250 1376 1491 1422; x_wconf 88' lang='lat' dir='ltr'><strong>nostram</strong></span> <span class='ocrx_word' id='word_1_92' title='bbox 1540 1376 1721 1415; x_wconf 89' lang='lat' dir='ltr'><strong>coram</strong></span> <span class='ocrx_word' id='word_1_93' title='bbox 1775 1355 2109 1426; x_wconf 77' lang='lat' dir='ltr'><strong>peregrinis?</strong></span> 
     </span>
    </p>
   </div>
   <div class='ocr_carea' id='block_1_14' title="bbox 524 1454 2108 1540">
    <p class='ocr_par' dir='ltr' id='par_1_14' title="bbox 524 1454 2108 1540">
     <span class='ocr_line' id='line_1_14' title="bbox 524 1454 2108 1540; baseline -0.016 -14"><span class='ocrx_word' id='word_1_94' title='bbox 524 1470 810 1540; x_wconf 75' lang='lat' dir='ltr'><strong>Respondi&#39;</strong></span> <span class='ocrx_word' id='word_1_95' title='bbox 855 1469 902 1522; x_wconf 86' lang='lat' dir='ltr'><strong>ei</strong></span> <span class='ocrx_word' id='word_1_96' title='bbox 955 1480 1118 1520; x_wconf 73' lang='lat' dir='ltr'><strong>senex</strong></span> <span class='ocrx_word' id='word_1_97' title='bbox 1153 1479 1168 1515; x_wconf 89' lang='lat'><strong>:</strong></span> <span class='ocrx_word' id='word_1_98' title='bbox 1199 1460 1307 1515; x_wconf 86' lang='lat' dir='ltr'><strong>Vos</strong></span> <span class='ocrx_word' id='word_1_99' title='bbox 1348 1455 1616 1513; x_wconf 71' lang='lat' dir='ltr'><strong>evertistis</strong></span> <span class='ocrx_word' id='word_1_100' title='bbox 1661 1454 1809 1517; x_wconf 88' lang='lat' dir='ltr'><strong>Sina,</strong></span> <span class='ocrx_word' id='word_1_101' title='bbox 1850 1459 1903 1503; x_wconf 91' lang='lat' dir='ltr'><strong>et</strong></span> <span class='ocrx_word' id='word_1_102' title='bbox 1950 1460 2108 1502; x_wconf 89' lang='lat' dir='ltr'><strong>nemo</strong></span> 
     </span>
    </p>
   </div>
   <div class='ocr_carea' id='block_1_15' title="bbox 521 1541 2104 1624">
    <p class='ocr_par' dir='ltr' id='par_1_15' title="bbox 521 1541 2104 1624">
     <span class='ocr_line' id='line_1_15' title="bbox 521 1541 2104 1624; baseline -0.015 -9"><span class='ocrx_word' id='word_1_103' title='bbox 521 1565 673 1618; x_wconf 91' lang='lat' dir='ltr'><strong>vobis</strong></span> <span class='ocrx_word' id='word_1_104' title='bbox 722 1560 861 1615; x_wconf 79' lang='lat' dir='ltr'><strong>dixit.</strong></span> <span class='ocrx_word' id='word_1_105' title='bbox 913 1555 1151 1624; x_wconf 88' lang='lat' dir='ltr'><strong>aliquid,</strong></span> <span class='ocrx_word' id='word_1_106' title='bbox 1199 1563 1254 1608; x_wconf 87' lang='lat' dir='ltr'><strong>et</strong></span> <span class='ocrx_word' id='word_1_107' title='bbox 1304 1564 1405 1618; x_wconf 78' lang='lat' dir='ltr'><strong>ego</strong></span> <span class='ocrx_word' id='word_1_108' title='bbox 1457 1547 1579 1617; x_wconf 87' lang='lat' dir='ltr'><strong>quia</strong></span> <span class='ocrx_word' id='word_1_109' title='bbox 1630 1541 1868 1599; x_wconf 79' lang='lat' dir='ltr'><strong>cunverti</strong></span> <span class='ocrx_word' id='word_1_110' title='bbox 1922 1550 2104 1607; x_wconf 84' lang='lat' dir='ltr'><strong>sagum</strong></span> 
     </span>
    </p>
   </div>
   <div class='ocr_carea' id='block_1_16' title="bbox 522 1631 2107 1718">
    <p class='ocr_par' dir='ltr' id='par_1_16' title="bbox 522 1631 2107 1718">
     <span class='ocr_line' id='line_1_16' title="bbox 522 1631 2107 1718; baseline -0.015 -12"><span class='ocrx_word' id='word_1_111' title='bbox 522 1668 697 1706; x_wconf 88' lang='lat' dir='ltr'><strong>meum</strong></span> <span class='ocrx_word' id='word_1_112' title='bbox 717 1692 733 1718; x_wconf 92' lang='lat'><strong>,</strong></span> <span class='ocrx_word' id='word_1_113' title='bbox 765 1650 942 1703; x_wconf 81' lang='lat' dir='ltr'><strong>dicitis</strong></span> <span class='ocrx_word' id='word_1_114' title='bbox 988 1646 1115 1700; x_wconf 86' lang='lat' dir='ltr'><strong>mihi</strong></span> <span class='ocrx_word' id='word_1_115' title='bbox 1144 1661 1157 1697; x_wconf 88' lang='lat'><strong>:</strong></span> <span class='ocrx_word' id='word_1_116' title='bbox 1186 1644 1363 1710; x_wconf 94' lang='lat' dir='ltr'><strong>Quare</strong></span> <span class='ocrx_word' id='word_1_117' title='bbox 1393 1638 1665 1693; x_wconf 76' lang='lat' dir='ltr'><strong>convertis</strong></span> <span class='ocrx_word' id='word_1_118' title='bbox 1692 1650 1878 1703; x_wconf 80' lang='lat' dir='ltr'><strong>sagum</strong></span> <span class='ocrx_word' id='word_1_119' title='bbox 1925 1631 2107 1686; x_wconf 82' lang='lat' dir='ltr'><strong>tuitui?</strong></span> 
     </span>
    </p>
   </div>
   <div class='ocr_carea' id='block_1_17' title="bbox 521 1728 2104 1813">
    <p class='ocr_par' dir='ltr' id='par_1_17' title="bbox 521 1728 2104 1813">
     <span class='ocr_line' id='line_1_17' title="bbox 521 1728 2104 1813; baseline -0.018 -11"><span class='ocrx_word' id='word_1_120' title='bbox 521 1747 617 1811; x_wconf 79' lang='lat' dir='ltr'><strong>Ite,</strong></span> <span class='ocrx_word' id='word_1_121' title='bbox 651 1744 900 1813; x_wconf 80' lang='lat' dir='ltr'><strong>Corrigite</strong></span> <span class='ocrx_word' id='word_1_122' title='bbox 944 1755 1060 1810; x_wconf 71' lang='lat' dir='ltr'><strong>quae</strong></span> <span class='ocrx_word' id='word_1_123' title='bbox 1101 1735 1392 1798; x_wconf 75' lang='lat' dir='ltr'><strong>evertistis,</strong></span> <span class='ocrx_word' id='word_1_124' title='bbox 1425 1740 1479 1785; x_wconf 92' lang='lat' dir='ltr'><strong>et</strong></span> <span class='ocrx_word' id='word_1_125' title='bbox 1523 1744 1624 1800; x_wconf 83' lang='lat' dir='ltr'><strong>ego</strong></span> <span class='ocrx_word' id='word_1_126' title='bbox 1670 1728 1935 1796; x_wconf 80' lang='lat' dir='ltr'><strong>corrigam</strong></span> <span class='ocrx_word' id='word_1_127' title='bbox 1988 1729 2104 1792; x_wconf 64' lang='lat' dir='ltr'><strong>quin</strong></span> 
     </span>
    </p>
   </div>
   <div class='ocr_carea' id='block_1_18' title="bbox 520 1835 713 1890">
    <p class='ocr_par' dir='ltr' id='par_1_18' title="bbox 520 1835 713 1890">
     <span class='ocr_line' id='line_1_18' title="bbox 520 1835 713 1890; baseline -0.01 0"><span class='ocrx_word' id='word_1_128' title='bbox 520 1835 713 1890; x_wconf 70' lang='lat' dir='ltr'><strong>everﬁ.</strong></span> 
     </span>
    </p>
   </div>
   <div class='ocr_carea' id='block_1_19' title="bbox 1051 1892 1577 1953">
    <p class='ocr_par' dir='ltr' id='par_1_19' title="bbox 1051 1892 1577 1953">
     <span class='ocr_line' id='line_1_19' title="bbox 1051 1892 1577 1953; baseline -0.021 0"><span class='ocrx_word' id='word_1_129' title='bbox 1051 1897 1277 1953; x_wconf 83' lang='lat' dir='ltr'><strong>CAPUT</strong></span> <span class='ocrx_word' id='word_1_130' title='bbox 1317 1892 1577 1951; x_wconf 77' lang='lat' dir='ltr'><strong>CXXVII.</strong></span> 
     </span>
    </p>
   </div>
   <div class='ocr_carea' id='block_1_20' title="bbox 532 1983 2109 2063">
    <p class='ocr_par' dir='ltr' id='par_1_20' title="bbox 532 1983 2109 2063">
     <span class='ocr_line' id='line_1_20' title="bbox 532 1983 2109 2063; baseline -0.013 -11"><span class='ocrx_word' id='word_1_131' title='bbox 532 1998 655 2052; x_wconf 80' lang='lat' dir='ltr'><strong>Vita</strong></span> <span class='ocrx_word' id='word_1_132' title='bbox 679 1995 879 2051; x_wconf 75' lang='lat' dir='ltr'><strong>abbatis</strong></span> <span class='ocrx_word' id='word_1_133' title='bbox 906 1994 1108 2063; x_wconf 78' lang='lat' dir='ltr'><strong>Georgii</strong></span> <span class='ocrx_word' id='word_1_134' title='bbox 1131 1992 1295 2063; x_wconf 73' lang='lat' dir='ltr'><strong>saurti</strong></span> <span class='ocrx_word' id='word_1_135' title='bbox 1318 1988 1503 2063; x_wconf 55' lang='lat' dir='ltr'><strong>montis</strong></span> <span class='ocrx_word' id='word_1_136' title='bbox 1531 1986 1680 2063; x_wconf 73' lang='lat' dir='ltr'><strong>Sina,</strong></span> <span class='ocrx_word' id='word_1_137' title='bbox 1708 1993 1756 2037; x_wconf 84' lang='lat' dir='ltr'><strong>et</strong></span> <span class='ocrx_word' id='word_1_138' title='bbox 1780 1998 1910 2036; x_wconf 76' lang='lat' dir='ltr'><strong>amis</strong></span> <span class='ocrx_word' id='word_1_139' title='bbox 1937 1983 2109 2052; x_wconf 81' lang='lat' dir='ltr'><strong>cujus-</strong></span> 
     </span>
    </p>
   </div>
   <div class='ocr_carea' id='block_1_21' title="bbox 947 2058 1681 2127">
    <p class='ocr_par' dir='ltr' id='par_1_21' title="bbox 947 2058 1681 2127">
     <span class='ocr_line' id='line_1_21' title="bbox 947 2058 1681 2127; baseline -0.012 -9"><span class='ocrx_word' id='word_1_140' title='bbox 947 2058 1065 2118; x_wconf 76' lang='grc' dir='ltr'><strong>ααιῆ</strong></span> <span class='ocrx_word' id='word_1_141' title='bbox 1094 2080 1156 2117; x_wconf 70' lang='lat' dir='ltr'><strong>ea:</strong></span> <span class='ocrx_word' id='word_1_142' title='bbox 1185 2061 1389 2115; x_wconf 77' lang='lat' dir='ltr'><strong>Galatia</strong></span> <span class='ocrx_word' id='word_1_143' title='bbox 1421 2058 1681 2127; x_wconf 65' lang='lat' dir='ltr'><strong>Phrygiis.</strong></span> 
     </span>
    </p>
   </div>
   <div class='ocr_carea' id='block_1_22' title="bbox 597 2148 2110 2214">
    <p class='ocr_par' dir='ltr' id='par_1_22' title="bbox 597 2148 2110 2214">
     <span class='ocr_line' id='line_1_22' title="bbox 597 2148 2110 2214; baseline -0.011 0"><span class='ocrx_word' id='word_1_144' title='bbox 597 2159 844 2214; x_wconf 70' lang='lat' dir='ltr'><strong>Narravit</strong></span> <span class='ocrx_word' id='word_1_145' title='bbox 887 2159 1042 2213; x_wconf 91' lang='lat' dir='ltr'><strong>nobis</strong></span> <span class='ocrx_word' id='word_1_146' title='bbox 1069 2156 1336 2208; x_wconf 85' lang='lat' dir='ltr'><strong>abbatissa</strong></span> <span class='ocrx_word' id='word_1_147' title='bbox 1373 2152 1623 2205; x_wconf 77' lang='lat' dir='ltr'><strong>Damima</strong></span> <span class='ocrx_word' id='word_1_148' title='bbox 1656 2148 1778 2204; x_wconf 91' lang='lat' dir='ltr'><strong>solit</strong></span> <span class='ocrx_word' id='word_1_149' title='bbox 1814 2148 1914 2211; x_wconf 88' lang='lat' dir='ltr'><strong>ria,</strong></span> <span class='ocrx_word' id='word_1_150' title='bbox 1940 2154 2110 2199; x_wconf 81' lang='lat' dir='ltr'><strong>mater</strong></span> 
     </span>
    </p>
   </div>
   <div class='ocr_carea' id='block_1_23' title="bbox 525 2239 2105 2317">
    <p class='ocr_par' dir='ltr' id='par_1_23' title="bbox 525 2239 2105 2317">
     <span class='ocr_line' id='line_1_23' title="bbox 525 2239 2105 2317; baseline -0.008 -16"><span class='ocrx_word' id='word_1_151' title='bbox 525 2251 729 2305; x_wconf 75' lang='lat' dir='ltr'><strong>abbatis</strong></span> <span class='ocrx_word' id='word_1_152' title='bbox 750 2248 1109 2317; x_wconf 84' lang='lat' dir='ltr'><strong>Athenogeuis</strong></span> <span class='ocrx_word' id='word_1_153' title='bbox 1133 2246 1294 2317; x_wconf 80' lang='lat'><strong>900</strong></span> <span class='ocrx_word' id='word_1_154' title='bbox 1314 2244 1548 2312; x_wconf 76' lang='lat' dir='ltr'><strong>epiSCOpi</strong></span> <span class='ocrx_word' id='word_1_155' title='bbox 1573 2239 1869 2306; x_wconf 84' lang='lat' dir='ltr'><strong>Petrensis,</strong></span> <span class='ocrx_word' id='word_1_156' title='bbox 1893 2239 2105 2292; x_wconf 89' lang='lat' dir='ltr'><strong>dicens:</strong></span> 
     </span>
    </p>
   </div>
   <div class='ocr_carea' id='block_1_24' title="bbox 523 2332 2110 2411">
    <p class='ocr_par' dir='ltr' id='par_1_24' title="bbox 523 2332 2110 2411">
     <span class='ocr_line' id='line_1_24' title="bbox 523 2332 2110 2411; baseline -0.009 -12"><span class='ocrx_word' id='word_1_157' title='bbox 523 2345 649 2399; x_wconf 79' lang='lat' dir='ltr'><strong>Erat</strong></span> <span class='ocrx_word' id='word_1_158' title='bbox 688 2343 900 2411; x_wconf 82' lang='lat' dir='ltr'><strong>quidam</strong></span> <span class='ocrx_word' id='word_1_159' title='bbox 948 2341 1113 2395; x_wconf 87' lang='lat' dir='ltr'><strong>abbas</strong></span> <span class='ocrx_word' id='word_1_160' title='bbox 1161 2342 1213 2391; x_wconf 89' lang='lat' dir='ltr'><strong>in</strong></span> <span class='ocrx_word' id='word_1_161' title='bbox 1258 2347 1444 2391; x_wconf 79' lang='lat' dir='ltr'><strong>sancto</strong></span> <span class='ocrx_word' id='word_1_162' title='bbox 1491 2343 1670 2387; x_wconf 84' lang='lat' dir='ltr'><strong>monte</strong></span> <span class='ocrx_word' id='word_1_163' title='bbox 1713 2334 1859 2394; x_wconf 88' lang='lat' dir='ltr'><strong>Sina,</strong></span> <span class='ocrx_word' id='word_1_164' title='bbox 1893 2332 2110 2385; x_wconf 85' lang='lat' dir='ltr'><strong>nomine</strong></span> 
     </span>
    </p>
   </div>
   <div class='ocr_carea' id='block_1_25' title="bbox 525 2423 2111 2503">
    <p class='ocr_par' dir='ltr' id='par_1_25' title="bbox 525 2423 2111 2503">
     <span class='ocr_line' id='line_1_25' title="bbox 525 2423 2111 2503; baseline -0.009 -14"><span class='ocrx_word' id='word_1_165' title='bbox 525 2435 807 2503; x_wconf 77' lang='lat' dir='ltr'><strong>Georgius,</strong></span> <span class='ocrx_word' id='word_1_166' title='bbox 848 2448 1052 2503; x_wconf 79' lang='lat' dir='ltr'><strong>magna:</strong></span> <span class='ocrx_word' id='word_1_167' title='bbox 1101 2430 1307 2483; x_wconf 82' lang='lat' dir='ltr'><strong>virtutis</strong></span> <span class='ocrx_word' id='word_1_168' title='bbox 1345 2440 1399 2482; x_wconf 90' lang='lat' dir='ltr'><strong>et</strong></span> <span class='ocrx_word' id='word_1_169' title='bbox 1446 2426 1783 2480; x_wconf 74' lang='lat' dir='ltr'><strong>abstinentia:</strong></span> <span class='ocrx_word' id='word_1_170' title='bbox 1832 2424 1933 2477; x_wconf 87' lang='lat' dir='ltr'><strong>vi-r.</strong></span> <span class='ocrx_word' id='word_1_171' title='bbox 1979 2423 2111 2475; x_wconf 91' lang='lat' dir='ltr'><strong>lluic</strong></span> 
     </span>
    </p>
   </div>
   <div class='ocr_carea' id='block_1_26' title="bbox 524 2513 2110 2593">
    <p class='ocr_par' dir='ltr' id='par_1_26' title="bbox 524 2513 2110 2593">
     <span class='ocr_line' id='line_1_26' title="bbox 524 2513 2110 2593; baseline -0.008 -16"><span class='ocrx_word' id='word_1_172' title='bbox 524 2526 702 2579; x_wconf 68' lang='lat' dir='ltr'><strong>abbati</strong></span> <span class='ocrx_word' id='word_1_173' title='bbox 734 2524 965 2593; x_wconf 83' lang='lat' dir='ltr'><strong>Georgio</strong></span> <span class='ocrx_word' id='word_1_174' title='bbox 998 2521 1177 2589; x_wconf 81' lang='lat' dir='ltr'><strong>magni</strong></span> <span class='ocrx_word' id='word_1_175' title='bbox 1218 2518 1435 2572; x_wconf 79' lang='lat' dir='ltr'><strong>Sabbati</strong></span> <span class='ocrx_word' id='word_1_176' title='bbox 1467 2517 1552 2571; x_wconf 88' lang='lat' dir='ltr'><strong>die</strong></span> <span class='ocrx_word' id='word_1_177' title='bbox 1584 2515 1789 2569; x_wconf 81' lang='lat' dir='ltr'><strong>sedenti</strong></span> <span class='ocrx_word' id='word_1_178' title='bbox 1830 2515 1883 2567; x_wconf 94' lang='lat' dir='ltr'><strong>in</strong></span> <span class='ocrx_word' id='word_1_179' title='bbox 1924 2513 2110 2567; x_wconf 82' lang='lat' dir='ltr'><strong>cellula</strong></span> 
     </span>
    </p>
   </div>
   <div class='ocr_carea' id='block_1_27' title="bbox 526 2608 2111 2671">
    <p class='ocr_par' dir='ltr' id='par_1_27' title="bbox 526 2608 2111 2671">
     <span class='ocr_line' id='line_1_27' title="bbox 526 2608 2111 2671; baseline -0.009 -1"><span class='ocrx_word' id='word_1_180' title='bbox 526 2633 622 2670; x_wconf 84' lang='lat' dir='ltr'><strong>sua</strong></span> <span class='ocrx_word' id='word_1_181' title='bbox 664 2619 808 2671; x_wconf 86' lang='lat' dir='ltr'><strong>venit</strong></span> <span class='ocrx_word' id='word_1_182' title='bbox 836 2616 1159 2670; x_wconf 66' lang='lat' dir='ltr'><strong>desiderium</strong></span> <span class='ocrx_word' id='word_1_183' title='bbox 1192 2612 1418 2667; x_wconf 75' lang='lat' dir='ltr'><strong>faciendi</strong></span> <span class='ocrx_word' id='word_1_184' title='bbox 1459 2625 1669 2665; x_wconf 88' lang='lat' dir='ltr'><strong>sacrum</strong></span> <span class='ocrx_word' id='word_1_185' title='bbox 1698 2608 1842 2661; x_wconf 91' lang='lat' dir='ltr'><strong>diem</strong></span> <span class='ocrx_word' id='word_1_186' title='bbox 1873 2620 2111 2661; x_wconf 64' lang='lat' dir='ltr'><strong>reSurrt-</strong></span> 
     </span>
    </p>
   </div>
   <div class='ocr_carea' id='block_1_28' title="bbox 525 2698 2112 2767">
    <p class='ocr_par' dir='ltr' id='par_1_28' title="bbox 525 2698 2112 2767">
     <span class='ocr_line' id='line_1_28' title="bbox 525 2698 2112 2767; baseline -0.009 -4"><span class='ocrx_word' id='word_1_187' title='bbox 525 2709 720 2763; x_wconf 79' lang='lat' dir='ltr'><strong>ctionis</strong></span> <span class='ocrx_word' id='word_1_188' title='bbox 761 2709 812 2762; x_wconf 92' lang='lat' dir='ltr'><strong>in</strong></span> <span class='ocrx_word' id='word_1_189' title='bbox 849 2718 1031 2762; x_wconf 86' lang='lat' dir='ltr'><strong>sancta</strong></span> <span class='ocrx_word' id='word_1_190' title='bbox 1075 2706 1312 2767; x_wconf 79' lang='lat' dir='ltr'><strong>civitate,</strong></span> <span class='ocrx_word' id='word_1_191' title='bbox 1341 2712 1395 2756; x_wconf 90' lang='lat' dir='ltr'><strong>et</strong></span> <span class='ocrx_word' id='word_1_192' title='bbox 1424 2716 1637 2755; x_wconf 85' lang='lat' dir='ltr'><strong>sumere</strong></span> <span class='ocrx_word' id='word_1_193' title='bbox 1666 2698 1966 2753; x_wconf 81' lang='lat' dir='ltr'><strong>veneranda</strong></span> <span class='ocrx_word' id='word_1_194' title='bbox 2000 2715 2112 2765; x_wconf 74' lang='lat' dir='ltr'><strong>my-</strong></span> 
     </span>
    </p>
   </div>
   <div class='ocr_carea' id='block_1_29' title="bbox 528 2789 2108 2859">
    <p class='ocr_par' dir='ltr' id='par_1_29' title="bbox 528 2789 2108 2859">
     <span class='ocr_line' id='line_1_29' title="bbox 528 2789 2108 2859; baseline -0.009 -5"><span class='ocrx_word' id='word_1_195' title='bbox 528 2801 689 2854; x_wconf 62' lang='lat' dir='ltr'><strong>steria</strong></span> <span class='ocrx_word' id='word_1_196' title='bbox 715 2800 766 2853; x_wconf 91' lang='lat' dir='ltr'><strong>in</strong></span> <span class='ocrx_word' id='word_1_197' title='bbox 789 2808 971 2853; x_wconf 84' lang='lat' dir='ltr'><strong>sancta</strong></span> <span class='ocrx_word' id='word_1_198' title='bbox 994 2798 1192 2851; x_wconf 78' lang='lat' dir='ltr'><strong>Christi</strong></span> <span class='ocrx_word' id='word_1_199' title='bbox 1218 2796 1314 2850; x_wconf 88' lang='lat' dir='ltr'><strong>Dei</strong></span> <span class='ocrx_word' id='word_1_200' title='bbox 1338 2793 1505 2848; x_wconf 91' lang='lat' dir='ltr'><strong>nostri</strong></span> <span class='ocrx_word' id='word_1_201' title='bbox 1537 2790 1948 2847; x_wconf 79' lang='lat' dir='ltr'><strong>Resurrectione</strong></span> <span class='ocrx_word' id='word_1_202' title='bbox 1972 2789 2108 2859; x_wconf 60' lang='lat'><strong>(13).</strong></span> 
     </span>
    </p>
   </div>
   <div class='ocr_carea' id='block_1_30' title="bbox 526 2884 2114 2962">
    <p class='ocr_par' dir='ltr' id='par_1_30' title="bbox 526 2884 2114 2962">
     <span class='ocr_line' id='line_1_30' title="bbox 526 2884 2114 2962; baseline -0.008 -12"><span class='ocrx_word' id='word_1_203' title='bbox 526 2892 632 2950; x_wconf 82' lang='lat' dir='ltr'><strong>Per</strong></span> <span class='ocrx_word' id='word_1_204' title='bbox 674 2903 838 2947; x_wconf 87' lang='lat' dir='ltr'><strong>totam</strong></span> <span class='ocrx_word' id='word_1_205' title='bbox 884 2906 1012 2962; x_wconf 87' lang='lat' dir='ltr'><strong>ergo</strong></span> <span class='ocrx_word' id='word_1_206' title='bbox 1043 2891 1182 2945; x_wconf 86' lang='lat' dir='ltr'><strong>diem</strong></span> <span class='ocrx_word' id='word_1_207' title='bbox 1215 2890 1399 2944; x_wconf 88' lang='lat' dir='ltr'><strong>senior</strong></span> <span class='ocrx_word' id='word_1_208' title='bbox 1444 2885 1746 2955; x_wconf 91' lang='lat' dir='ltr'><strong>bujusmodi</strong></span> <span class='ocrx_word' id='word_1_209' title='bbox 1794 2884 2114 2952; x_wconf 80' lang='lat' dir='ltr'><strong>cogitatione</strong></span> 
     </span>
    </p>
   </div>
   <div class='ocr_carea' id='block_1_31' title="bbox 526 2978 2113 3046">
    <p class='ocr_par' dir='ltr' id='par_1_31' title="bbox 526 2978 2113 3046">
     <span class='ocr_line' id='line_1_31' title="bbox 526 2978 2113 3046; baseline -0.009 -5"><span class='ocrx_word' id='word_1_210' title='bbox 526 2986 913 3041; x_wconf 78' lang='lat' dir='ltr'><strong>sollicitabatur</strong></span> <span class='ocrx_word' id='word_1_211' title='bbox 939 2992 993 3038; x_wconf 89' lang='lat' dir='ltr'><strong>et</strong></span> <span class='ocrx_word' id='word_1_212' title='bbox 1018 2983 1226 3037; x_wconf 85' lang='lat' dir='ltr'><strong>orabat.</strong></span> <span class='ocrx_word' id='word_1_213' title='bbox 1259 2980 1389 3033; x_wconf 76' lang='lat' dir='ltr'><strong>Cum</strong></span> <span class='ocrx_word' id='word_1_214' title='bbox 1434 2980 1614 3046; x_wconf 85' lang='lat' dir='ltr'><strong>itaque</strong></span> <span class='ocrx_word' id='word_1_215' title='bbox 1644 2990 1767 3032; x_wconf 89' lang='lat' dir='ltr'><strong>sero</strong></span> <span class='ocrx_word' id='word_1_216' title='bbox 1804 2978 1997 3029; x_wconf 76' lang='lat' dir='ltr'><strong>factum</strong></span> <span class='ocrx_word' id='word_1_217' title='bbox 2024 2987 2113 3027; x_wconf 85' lang='lat' dir='ltr'><strong>es-</strong></span> 
     </span>
    </p>
   </div>
   <div class='ocr_carea' id='block_1_32' title="bbox 530 3066 2115 3144">
    <p class='ocr_par' dir='ltr' id='par_1_32' title="bbox 530 3066 2115 3144">
     <span class='ocr_line' id='line_1_32' title="bbox 530 3066 2115 3144; baseline -0.009 -12"><span class='ocrx_word' id='word_1_218' title='bbox 530 3090 651 3144; x_wconf 79' lang='lat' dir='ltr'><strong>set,</strong></span> <span class='ocrx_word' id='word_1_219' title='bbox 674 3076 822 3131; x_wconf 76' lang='lat' dir='ltr'><strong>venit</strong></span> <span class='ocrx_word' id='word_1_220' title='bbox 861 3074 1153 3144; x_wconf 73' lang='lat' dir='ltr'><strong>discipulus</strong></span> <span class='ocrx_word' id='word_1_221' title='bbox 1193 3072 1309 3141; x_wconf 90' lang='lat' dir='ltr'><strong>ejus</strong></span> <span class='ocrx_word' id='word_1_222' title='bbox 1337 3070 1521 3123; x_wconf 88' lang='lat' dir='ltr'><strong>dicens</strong></span> <span class='ocrx_word' id='word_1_223' title='bbox 1551 3068 1599 3123; x_wconf 90' lang='lat' dir='ltr'><strong>ei</strong></span> <span class='ocrx_word' id='word_1_224' title='bbox 1627 3087 1638 3120; x_wconf 90' lang='lat'>:</span> <span class='ocrx_word' id='word_1_225' title='bbox 1669 3067 1824 3131; x_wconf 79' lang='lat' dir='ltr'><strong>Jubc,</strong></span> <span class='ocrx_word' id='word_1_226' title='bbox 1851 3066 2027 3127; x_wconf 86' lang='lat' dir='ltr'><strong>Pater,</strong></span> <span class='ocrx_word' id='word_1_227' title='bbox 2060 3073 2115 3117; x_wconf 84' lang='lat' dir='ltr'><strong>tit</strong></span> 
     </span>
    </p>
   </div>
   <div class='ocr_carea' id='block_1_33' title="bbox 527 3156 2113 3238">
    <p class='ocr_par' dir='ltr' id='par_1_33' title="bbox 527 3156 2113 3238">
     <span class='ocr_line' id='line_1_33' title="bbox 527 3156 2113 3238; baseline -0.009 -14"><span class='ocrx_word' id='word_1_228' title='bbox 527 3185 716 3224; x_wconf 82' lang='lat' dir='ltr'><strong>eamus</strong></span> <span class='ocrx_word' id='word_1_229' title='bbox 740 3169 803 3222; x_wconf 91' lang='lat' dir='ltr'><strong>ad</strong></span> <span class='ocrx_word' id='word_1_230' title='bbox 838 3170 1101 3238; x_wconf 78' lang='lat' dir='ltr'><strong>synaxim.</strong></span> <span class='ocrx_word' id='word_1_231' title='bbox 1130 3166 1307 3220; x_wconf 82' lang='lat' dir='ltr'><strong>Senex</strong></span> <span class='ocrx_word' id='word_1_232' title='bbox 1338 3173 1512 3216; x_wconf 89' lang='lat' dir='ltr'><strong>autem</strong></span> <span class='ocrx_word' id='word_1_233' title='bbox 1556 3158 1829 3228; x_wconf 88' lang='lat' dir='ltr'><strong>respondit</strong></span> <span class='ocrx_word' id='word_1_234' title='bbox 1850 3159 1939 3211; x_wconf 85' lang='lat' dir='ltr'><strong>ei:</strong></span> <span class='ocrx_word' id='word_1_235' title='bbox 1970 3156 2113 3210; x_wconf 90' lang='lat' dir='ltr'><strong>Vade</strong></span> 
     </span>
    </p>
   </div>
   <div class='ocr_carea' id='block_1_34' title="bbox 2207 537 3784 611">
    <p class='ocr_par' dir='ltr' id='par_1_34' title="bbox 2207 537 3784 611">
     <span class='ocr_line' id='line_1_34' title="bbox 2207 537 3784 611; baseline -0.003 -11"><span class='ocrx_word' id='word_1_236' title='bbox 2207 547 2344 600; x_wconf 83' lang='lat' dir='ltr'><strong>sciat</strong></span> <span class='ocrx_word' id='word_1_237' title='bbox 2371 545 2645 600; x_wconf 84' lang='lat' dir='ltr'><strong>beatitudo</strong></span> <span class='ocrx_word' id='word_1_238' title='bbox 2671 554 2870 611; x_wconf 85' lang='lat' dir='ltr'><strong>vestra,</strong></span> <span class='ocrx_word' id='word_1_239' title='bbox 2904 548 3027 610; x_wconf 89' lang='lat' dir='ltr'><strong>post</strong></span> <span class='ocrx_word' id='word_1_240' title='bbox 3064 554 3158 595; x_wconf 82' lang='lat' dir='ltr'><strong>sex</strong></span> <span class='ocrx_word' id='word_1_241' title='bbox 3190 553 3406 594; x_wconf 81' lang='lat' dir='ltr'><strong>menses</strong></span> <span class='ocrx_word' id='word_1_242' title='bbox 3441 537 3662 593; x_wconf 86' lang='lat' dir='ltr'><strong>Christo</strong></span> <span class='ocrx_word' id='word_1_243' title='bbox 3688 541 3784 595; x_wconf 84' lang='lat' dir='ltr'><strong>Do-</strong></span> 
     </span>
    </p>
   </div>
   <div class='ocr_carea' id='block_1_35' title="bbox 2208 630 3785 695">
    <p class='ocr_par' dir='ltr' id='par_1_35' title="bbox 2208 630 3785 695">
     <span class='ocr_line' id='line_1_35' title="bbox 2208 630 3785 695; baseline -0.002 -4"><span class='ocrx_word' id='word_1_244' title='bbox 2208 638 2354 691; x_wconf 84' lang='lat' dir='ltr'><strong>ntino</strong></span> <span class='ocrx_word' id='word_1_245' title='bbox 2390 652 2453 690; x_wconf 88' lang='lat' dir='ltr'><strong>ac</strong></span> <span class='ocrx_word' id='word_1_246' title='bbox 2483 637 2593 691; x_wconf 91' lang='lat' dir='ltr'><strong>Deo</strong></span> <span class='ocrx_word' id='word_1_247' title='bbox 2634 647 2823 690; x_wconf 89' lang='lat' dir='ltr'><strong>nostro</strong></span> <span class='ocrx_word' id='word_1_248' title='bbox 2869 633 3029 688; x_wconf 86' lang='lat' dir='ltr'><strong>simul</strong></span> <span class='ocrx_word' id='word_1_249' title='bbox 3056 630 3335 685; x_wconf 85' lang='lat' dir='ltr'><strong>occursuri</strong></span> <span class='ocrx_word' id='word_1_250' title='bbox 3362 644 3574 695; x_wconf 88' lang='lat' dir='ltr'><strong>sumus,</strong></span> <span class='ocrx_word' id='word_1_251' title='bbox 3602 640 3657 685; x_wconf 90' lang='lat' dir='ltr'><strong>et</strong></span> <span class='ocrx_word' id='word_1_252' title='bbox 3684 632 3785 688; x_wconf 82' lang='lat' dir='ltr'><strong>illic</strong></span> 
     </span>
    </p>
   </div>
   <div class='ocr_carea' id='block_1_36' title="bbox 2208 722 3783 796">
    <p class='ocr_par' dir='ltr' id='par_1_36' title="bbox 2208 722 3783 796">
     <span class='ocr_line' id='line_1_36' title="bbox 2208 722 3783 796; baseline -0.004 -13"><span class='ocrx_word' id='word_1_253' title='bbox 2208 730 2445 783; x_wconf 89' lang='lat' dir='ltr'><strong>adorabo</strong></span> <span class='ocrx_word' id='word_1_254' title='bbox 2476 744 2591 784; x_wconf 87' lang='lat' dir='ltr'><strong>vos.</strong></span> <span class='ocrx_word' id='word_1_255' title='bbox 2629 729 2844 796; x_wconf 83' lang='lat' dir='ltr'><strong>Egressi</strong></span> <span class='ocrx_word' id='word_1_256' title='bbox 2876 727 3054 793; x_wconf 82' lang='lat' dir='ltr'><strong>itaque</strong></span> <span class='ocrx_word' id='word_1_257' title='bbox 3082 722 3381 795; x_wconf 80' lang='lat' dir='ltr'><strong>presbyteri</strong></span> <span class='ocrx_word' id='word_1_258' title='bbox 3411 722 3677 777; x_wconf 80' lang='lat' dir='ltr'><strong>dederunt</strong></span> <span class='ocrx_word' id='word_1_259' title='bbox 3703 738 3783 790; x_wconf 85' lang='lat' dir='ltr'><strong>pa-</strong></span> 
     </span>
    </p>
   </div>
   <div class='ocr_carea' id='block_1_37' title="bbox 2210 816 3782 903">
    <p class='ocr_par' dir='ltr' id='par_1_37' title="bbox 2210 816 3782 903">
     <span class='ocr_line' id='line_1_37' title="bbox 2210 816 3782 903; baseline -0.003 -26"><span class='ocrx_word' id='word_1_260' title='bbox 2210 823 2454 877; x_wconf 68' lang='lat' dir='ltr'><strong>triarcha:</strong></span> <span class='ocrx_word' id='word_1_261' title='bbox 2482 824 2684 903; x_wconf 76' lang='lat' dir='ltr'><strong>litteras</strong></span> <span class='ocrx_word' id='word_1_262' title='bbox 2710 840 2722 875; x_wconf 92' lang='lat'><strong>:</strong></span> <span class='ocrx_word' id='word_1_263' title='bbox 2749 821 3002 876; x_wconf 86' lang='lat' dir='ltr'><strong>dixerunt</strong></span> <span class='ocrx_word' id='word_1_264' title='bbox 3025 828 3202 873; x_wconf 87' lang='lat' dir='ltr'><strong>autem</strong></span> <span class='ocrx_word' id='word_1_265' title='bbox 3226 828 3280 872; x_wconf 91' lang='lat' dir='ltr'><strong>et</strong></span> <span class='ocrx_word' id='word_1_266' title='bbox 3308 817 3409 871; x_wconf 85' lang='lat' dir='ltr'><strong>hoc</strong></span> <span class='ocrx_word' id='word_1_267' title='bbox 3431 816 3512 882; x_wconf 85' lang='lat' dir='ltr'><strong>ei,</strong></span> <span class='ocrx_word' id='word_1_268' title='bbox 3542 817 3782 884; x_wconf 79' lang='lat' dir='ltr'><strong>quoniam</strong></span> 
     </span>
    </p>
   </div>
   <div class='ocr_carea' id='block_1_38' title="bbox 2213 908 3781 980">
    <p class='ocr_par' dir='ltr' id='par_1_38' title="bbox 2213 908 3781 980">
     <span class='ocr_line' id='line_1_38' title="bbox 2213 908 3781 980; baseline -0.004 -11"><span class='ocrx_word' id='word_1_269' title='bbox 2213 929 2379 969; x_wconf 85' lang='lat' dir='ltr'><strong>senex</strong></span> <span class='ocrx_word' id='word_1_270' title='bbox 2410 915 2608 969; x_wconf 81' lang='lat' dir='ltr'><strong>multos</strong></span> <span class='ocrx_word' id='word_1_271' title='bbox 2635 929 2805 968; x_wconf 84' lang='lat' dir='ltr'><strong>annos</strong></span> <span class='ocrx_word' id='word_1_272' title='bbox 2834 912 3096 974; x_wconf 88' lang='lat' dir='ltr'><strong>habebat,</strong></span> <span class='ocrx_word' id='word_1_273' title='bbox 3126 925 3191 965; x_wconf 81' lang='lat' dir='ltr'><strong>ex</strong></span> <span class='ocrx_word' id='word_1_274' title='bbox 3220 924 3329 980; x_wconf 86' lang='lat' dir='ltr'><strong>quo</strong></span> <span class='ocrx_word' id='word_1_275' title='bbox 3356 924 3462 963; x_wconf 86' lang='lat' dir='ltr'><strong>non</strong></span> <span class='ocrx_word' id='word_1_276' title='bbox 3493 917 3714 963; x_wconf 81' lang='lat' dir='ltr'><strong>venerat</strong></span> <span class='ocrx_word' id='word_1_277' title='bbox 3738 908 3781 962; x_wconf 88' lang='lat' dir='ltr'><strong>in</strong></span> 
     </span>
    </p>
   </div>
   <div class='ocr_carea' id='block_1_39' title="bbox 2212 1001 3783 1069">
    <p class='ocr_par' dir='ltr' id='par_1_39' title="bbox 2212 1001 3783 1069">
     <span class='ocr_line' id='line_1_39' title="bbox 2212 1001 3783 1069; baseline -0.004 -11"><span class='ocrx_word' id='word_1_278' title='bbox 2212 1004 2571 1060; x_wconf 64' lang='lat' dir='ltr'><strong>Palaestinam.</strong></span> <span class='ocrx_word' id='word_1_279' title='bbox 2612 1005 2977 1060; x_wconf 87' lang='lat' dir='ltr'><strong>Ostcndebant</strong></span> <span class='ocrx_word' id='word_1_280' title='bbox 3028 1004 3155 1057; x_wconf 91' lang='lat' dir='ltr'><strong>item</strong></span> <span class='ocrx_word' id='word_1_281' title='bbox 3200 1012 3255 1056; x_wconf 90' lang='lat' dir='ltr'><strong>et</strong></span> <span class='ocrx_word' id='word_1_282' title='bbox 3301 1001 3509 1056; x_wconf 89' lang='lat' dir='ltr'><strong>litteras</strong></span> <span class='ocrx_word' id='word_1_283' title='bbox 3558 1001 3783 1069; x_wconf 86' lang='lat' dir='ltr'><strong>episcopi</strong></span> 
     </span>
    </p>
   </div>
   <div class='ocr_carea' id='block_1_40' title="bbox 2209 1093 3783 1165">
    <p class='ocr_par' dir='ltr' id='par_1_40' title="bbox 2209 1093 3783 1165">
     <span class='ocr_line' id='line_1_40' title="bbox 2209 1093 3783 1165; baseline -0.003 -15"><span class='ocrx_word' id='word_1_284' title='bbox 2209 1096 2367 1150; x_wconf 87' lang='lat' dir='ltr'><strong>Phari</strong></span> <span class='ocrx_word' id='word_1_285' title='bbox 2416 1097 2576 1151; x_wconf 91' lang='lat' dir='ltr'><strong>simul</strong></span> <span class='ocrx_word' id='word_1_286' title='bbox 2621 1105 2990 1152; x_wconf 88' lang='lat' dir='ltr'><strong>contestantes</strong></span> <span class='ocrx_word' id='word_1_287' title='bbox 3034 1094 3175 1165; x_wconf 90' lang='lat' dir='ltr'><strong>quod</strong></span> <span class='ocrx_word' id='word_1_288' title='bbox 3231 1094 3408 1148; x_wconf 80' lang='lat' dir='ltr'><strong>ferme</strong></span> <span class='ocrx_word' id='word_1_289' title='bbox 3460 1093 3783 1162; x_wconf 79' lang='lat' dir='ltr'><strong>septuaginta</strong></span> 
     </span>
    </p>
   </div>
   <div class='ocr_carea' id='block_1_41' title="bbox 2209 1183 3785 1255">
    <p class='ocr_par' dir='ltr' id='par_1_41' title="bbox 2209 1183 3785 1255">
     <span class='ocr_line' id='line_1_41' title="bbox 2209 1183 3785 1255; baseline -0.001 -15"><span class='ocrx_word' id='word_1_290' title='bbox 2209 1202 2382 1241; x_wconf 85' lang='lat' dir='ltr'><strong>annos</strong></span> <span class='ocrx_word' id='word_1_291' title='bbox 2409 1189 2631 1243; x_wconf 83' lang='lat' dir='ltr'><strong>haberet</strong></span> <span class='ocrx_word' id='word_1_292' title='bbox 2658 1203 2823 1243; x_wconf 80' lang='lat' dir='ltr'><strong>senex</strong></span> <span class='ocrx_word' id='word_1_293' title='bbox 2846 1229 2860 1253; x_wconf 92' lang='lat'><strong>,</strong></span> <span class='ocrx_word' id='word_1_294' title='bbox 2890 1203 2954 1241; x_wconf 85' lang='lat' dir='ltr'><strong>ex</strong></span> <span class='ocrx_word' id='word_1_295' title='bbox 2999 1202 3106 1255; x_wconf 90' lang='lat' dir='ltr'><strong>quo</strong></span> <span class='ocrx_word' id='word_1_296' title='bbox 3134 1186 3203 1240; x_wconf 91' lang='lat' dir='ltr'><strong>de</strong></span> <span class='ocrx_word' id='word_1_297' title='bbox 3231 1194 3418 1239; x_wconf 84' lang='lat' dir='ltr'><strong>sancto</strong></span> <span class='ocrx_word' id='word_1_298' title='bbox 3447 1193 3634 1237; x_wconf 84' lang='lat' dir='ltr'><strong>monte</strong></span> <span class='ocrx_word' id='word_1_299' title='bbox 3670 1183 3785 1239; x_wconf 83' lang='lat' dir='ltr'><strong>Sina</strong></span> 
     </span>
    </p>
   </div>
   <div class='ocr_carea' id='block_1_42' title="bbox 2212 1274 3785 1333">
    <p class='ocr_par' dir='ltr' id='par_1_42' title="bbox 2212 1274 3785 1333">
     <span class='ocr_line' id='line_1_42' title="bbox 2212 1274 3785 1333; baseline -0.003 -1"><span class='ocrx_word' id='word_1_300' title='bbox 2212 1293 2316 1332; x_wconf 86' lang='lat' dir='ltr'><strong>non</strong></span> <span class='ocrx_word' id='word_1_301' title='bbox 2344 1280 2574 1333; x_wconf 79' lang='lat' dir='ltr'><strong>exierat.</strong></span> <span class='ocrx_word' id='word_1_302' title='bbox 2604 1278 2837 1333; x_wconf 90' lang='lat' dir='ltr'><strong>Sanctus</strong></span> <span class='ocrx_word' id='word_1_303' title='bbox 2861 1294 2989 1333; x_wconf 80' lang='lat' dir='ltr'><strong>vero</strong></span> <span class='ocrx_word' id='word_1_304' title='bbox 3016 1293 3078 1331; x_wconf 86' lang='lat' dir='ltr'><strong>ac</strong></span> <span class='ocrx_word' id='word_1_305' title='bbox 3108 1278 3423 1331; x_wconf 87' lang='lat' dir='ltr'><strong>mitissimus</strong></span> <span class='ocrx_word' id='word_1_306' title='bbox 3455 1276 3650 1330; x_wconf 82' lang='lat' dir='ltr'><strong>Petrus</strong></span> <span class='ocrx_word' id='word_1_307' title='bbox 3675 1274 3785 1328; x_wconf 64' lang='lat' dir='ltr'><strong>adc-</strong></span> 
     </span>
    </p>
   </div>
   <div class='ocr_carea' id='block_1_43' title="bbox 2212 1368 3784 1439">
    <p class='ocr_par' dir='ltr' id='par_1_43' title="bbox 2212 1368 3784 1439">
     <span class='ocr_line' id='line_1_43' title="bbox 2212 1368 3784 1439; baseline -0.002 -14"><span class='ocrx_word' id='word_1_308' title='bbox 2212 1372 2365 1425; x_wconf 86' lang='lat' dir='ltr'><strong>rehat</strong></span> <span class='ocrx_word' id='word_1_309' title='bbox 2392 1380 2554 1425; x_wconf 89' lang='lat' dir='ltr'><strong>testes</strong></span> <span class='ocrx_word' id='word_1_310' title='bbox 2580 1385 2675 1426; x_wconf 88' lang='lat' dir='ltr'><strong>eos</strong></span> <span class='ocrx_word' id='word_1_311' title='bbox 2699 1372 2789 1439; x_wconf 84' lang='lat' dir='ltr'><strong>qui</strong></span> <span class='ocrx_word' id='word_1_312' title='bbox 2817 1378 2941 1424; x_wconf 89' lang='lat' dir='ltr'><strong>tunc</strong></span> <span class='ocrx_word' id='word_1_313' title='bbox 2968 1370 3250 1424; x_wconf 80' lang='lat' dir='ltr'><strong>adfuerant</strong></span> <span class='ocrx_word' id='word_1_314' title='bbox 3291 1369 3580 1437; x_wconf 78' lang='lat' dir='ltr'><strong>episcOpos</strong></span> <span class='ocrx_word' id='word_1_315' title='bbox 3610 1377 3663 1422; x_wconf 87' lang='lat' dir='ltr'><strong>et</strong></span> <span class='ocrx_word' id='word_1_316' title='bbox 3686 1368 3784 1422; x_wconf 86' lang='lat' dir='ltr'><strong>cle-</strong></span> 
     </span>
    </p>
   </div>
   <div class='ocr_carea' id='block_1_44' title="bbox 2212 1461 3787 1529">
    <p class='ocr_par' dir='ltr' id='par_1_44' title="bbox 2212 1461 3787 1529">
     <span class='ocr_line' id='line_1_44' title="bbox 2212 1461 3787 1529; baseline -0.004 -10"><span class='ocrx_word' id='word_1_317' title='bbox 2212 1464 2373 1529; x_wconf 90' lang='lat' dir='ltr'><strong>ricos,</strong></span> <span class='ocrx_word' id='word_1_318' title='bbox 2407 1464 2684 1518; x_wconf 87' lang='lat' dir='ltr'><strong>dicentes:</strong></span> <span class='ocrx_word' id='word_1_319' title='bbox 2716 1463 2854 1517; x_wconf 89' lang='lat' dir='ltr'><strong>Vere</strong></span> <span class='ocrx_word' id='word_1_320' title='bbox 2885 1477 2983 1516; x_wconf 80' lang='lat' dir='ltr'><strong>nos</strong></span> <span class='ocrx_word' id='word_1_321' title='bbox 3026 1477 3210 1515; x_wconf 89' lang='lat' dir='ltr'><strong>senem</strong></span> <span class='ocrx_word' id='word_1_322' title='bbox 3241 1461 3494 1524; x_wconf 84' lang='lat' dir='ltr'><strong>vidimus,</strong></span> <span class='ocrx_word' id='word_1_323' title='bbox 3527 1467 3586 1514; x_wconf 92' lang='lat' dir='ltr'><strong>et</strong></span> <span class='ocrx_word' id='word_1_324' title='bbox 3614 1472 3787 1513; x_wconf 79' lang='lat' dir='ltr'><strong>omnes</strong></span> 
     </span>
    </p>
   </div>
   <div class='ocr_carea' id='block_1_45' title="bbox 2211 1552 3783 1623">
    <p class='ocr_par' dir='ltr' id='par_1_45' title="bbox 2211 1552 3783 1623">
     <span class='ocr_line' id='line_1_45' title="bbox 2211 1552 3783 1623; baseline -0.004 -11"><span class='ocrx_word' id='word_1_325' title='bbox 2211 1560 2397 1612; x_wconf 67' lang='lat' dir='ltr'><strong>oscufo</strong></span> <span class='ocrx_word' id='word_1_326' title='bbox 2445 1566 2631 1612; x_wconf 89' lang='lat' dir='ltr'><strong>sancto</strong></span> <span class='ocrx_word' id='word_1_327' title='bbox 2682 1557 2833 1610; x_wconf 90' lang='lat' dir='ltr'><strong>illum</strong></span> <span class='ocrx_word' id='word_1_328' title='bbox 2883 1555 3254 1609; x_wconf 83' lang='lat' dir='ltr'><strong>salutavimus.</strong></span> <span class='ocrx_word' id='word_1_329' title='bbox 3303 1554 3592 1623; x_wconf 82' lang='lat' dir='ltr'><strong>Postquam</strong></span> <span class='ocrx_word' id='word_1_330' title='bbox 3638 1552 3783 1620; x_wconf 86' lang='lat' dir='ltr'><strong>igitur</strong></span> 
     </span>
    </p>
   </div>
   <div class='ocr_carea' id='block_1_46' title="bbox 2212 1649 3784 1719">
    <p class='ocr_par' dir='ltr' id='par_1_46' title="bbox 2212 1649 3784 1719">
     <span class='ocr_line' id='line_1_46' title="bbox 2212 1649 3784 1719; baseline -0.004 -13"><span class='ocrx_word' id='word_1_331' title='bbox 2212 1653 2413 1718; x_wconf 86' lang='lat' dir='ltr'><strong>iiupleti</strong></span> <span class='ocrx_word' id='word_1_332' title='bbox 2441 1664 2564 1706; x_wconf 87' lang='lat' dir='ltr'><strong>sunt</strong></span> <span class='ocrx_word' id='word_1_333' title='bbox 2588 1667 2680 1704; x_wconf 81' lang='lat' dir='ltr'><strong>sex</strong></span> <span class='ocrx_word' id='word_1_334' title='bbox 2717 1665 2951 1718; x_wconf 85' lang='lat' dir='ltr'><strong>menses,</strong></span> <span class='ocrx_word' id='word_1_335' title='bbox 2985 1651 3363 1719; x_wconf 79' lang='lat' dir='ltr'><strong>requieverunt</strong></span> <span class='ocrx_word' id='word_1_336' title='bbox 3392 1649 3443 1702; x_wconf 92' lang='lat' dir='ltr'><strong>in</strong></span> <span class='ocrx_word' id='word_1_337' title='bbox 3476 1663 3613 1717; x_wconf 80' lang='lat' dir='ltr'><strong>pace</strong></span> <span class='ocrx_word' id='word_1_338' title='bbox 3637 1661 3784 1701; x_wconf 86' lang='lat' dir='ltr'><strong>senex</strong></span> 
     </span>
    </p>
   </div>
   <div class='ocr_carea' id='block_1_47' title="bbox 2212 1740 3786 1815">
    <p class='ocr_par' dir='ltr' id='par_1_47' title="bbox 2212 1740 3786 1815">
     <span class='ocr_line' id='line_1_47' title="bbox 2212 1740 3786 1815; baseline -0.004 -16"><span class='ocrx_word' id='word_1_339' title='bbox 2212 1756 2264 1799; x_wconf 90' lang='lat' dir='ltr'><strong>et</strong></span> <span class='ocrx_word' id='word_1_340' title='bbox 2316 1744 2647 1815; x_wconf 84' lang='lat' dir='ltr'><strong>patriarcha,</strong></span> <span class='ocrx_word' id='word_1_341' title='bbox 2688 1744 2846 1815; x_wconf 88' lang='lat' dir='ltr'><strong>juxta</strong></span> <span class='ocrx_word' id='word_1_342' title='bbox 2894 1744 3102 1798; x_wconf 81' lang='lat' dir='ltr'><strong>scilicet</strong></span> <span class='ocrx_word' id='word_1_343' title='bbox 3149 1743 3317 1812; x_wconf 83' lang='lat' dir='ltr'><strong>ipsius</strong></span> <span class='ocrx_word' id='word_1_344' title='bbox 3368 1743 3516 1796; x_wconf 87' lang='lat' dir='ltr'><strong>senis</strong></span> <span class='ocrx_word' id='word_1_345' title='bbox 3567 1740 3786 1804; x_wconf 81' lang='lat' dir='ltr'><strong>prophe-</strong></span> 
     </span>
    </p>
   </div>
   <div class='ocr_carea' id='block_1_48' title="bbox 2144 1834 2367 1894">
    <p class='ocr_par' dir='ltr' id='par_1_48' title="bbox 2144 1834 2367 1894">
     <span class='ocr_line' id='line_1_48' title="bbox 2144 1834 2367 1894; baseline -0.018 0"><span class='ocrx_word' id='word_1_346' title='bbox 2144 1834 2186 1894; x_wconf 87' lang='grc' dir='ltr'><strong>Β</strong></span> <span class='ocrx_word' id='word_1_347' title='bbox 2216 1839 2367 1891; x_wconf 90' lang='lat' dir='ltr'><strong>tiam.</strong></span> 
     </span>
    </p>
   </div>
   <div class='ocr_carea' id='block_1_49' title="bbox 2282 1946 3788 2004">
    <p class='ocr_par' dir='ltr' id='par_1_49' title="bbox 2282 1946 3788 2004">
     <span class='ocr_line' id='line_1_49' title="bbox 2282 1946 3788 2004; baseline -0.003 0"><span class='ocrx_word' id='word_1_348' title='bbox 2282 1948 2528 2004; x_wconf 81' lang='lat' dir='ltr'><strong>Narravit</strong></span> <span class='ocrx_word' id='word_1_349' title='bbox 2558 1947 2713 2001; x_wconf 89' lang='lat' dir='ltr'><strong>nobis</strong></span> <span class='ocrx_word' id='word_1_350' title='bbox 2755 1948 2941 2002; x_wconf 89' lang='lat' dir='ltr'><strong>eadem</strong></span> <span class='ocrx_word' id='word_1_351' title='bbox 2994 1948 3259 2003; x_wconf 83' lang='lat' dir='ltr'><strong>abbatissa</strong></span> <span class='ocrx_word' id='word_1_352' title='bbox 3312 1948 3569 2002; x_wconf 88' lang='lat' dir='ltr'><strong>Damiana</strong></span> <span class='ocrx_word' id='word_1_353' title='bbox 3605 1955 3659 2002; x_wconf 90' lang='lat' dir='ltr'><strong>et</strong></span> <span class='ocrx_word' id='word_1_354' title='bbox 3702 1946 3788 2000; x_wconf 88' lang='lat' dir='ltr'><strong>hoc</strong></span> 
     </span>
    </p>
   </div>
   <div class='ocr_carea' id='block_1_50' title="bbox 2210 2038 3790 2109">
    <p class='ocr_par' dir='ltr' id='par_1_50' title="bbox 2210 2038 3790 2109">
     <span class='ocr_line' id='line_1_50' title="bbox 2210 2038 3790 2109; baseline -0.001 -14"><span class='ocrx_word' id='word_1_355' title='bbox 2210 2040 2440 2097; x_wconf 89' lang='lat' dir='ltr'><strong>dicens:</strong></span> <span class='ocrx_word' id='word_1_356' title='bbox 2476 2041 2568 2095; x_wconf 92' lang='lat' dir='ltr'><strong>Die</strong></span> <span class='ocrx_word' id='word_1_357' title='bbox 2598 2048 2782 2093; x_wconf 80' lang='lat' dir='ltr'><strong>sancto</strong></span> <span class='ocrx_word' id='word_1_358' title='bbox 2833 2040 3177 2107; x_wconf 80' lang='lat' dir='ltr'><strong>I’arasceves,</strong></span> <span class='ocrx_word' id='word_1_359' title='bbox 3222 2050 3512 2109; x_wconf 86' lang='lat' dir='ltr'><strong>antequam</strong></span> <span class='ocrx_word' id='word_1_360' title='bbox 3564 2038 3790 2093; x_wconf 88' lang='lat' dir='ltr'><strong>include-</strong></span> 
     </span>
    </p>
   </div>
   <div class='ocr_carea' id='block_1_51' title="bbox 2211 2130 3786 2196">
    <p class='ocr_par' dir='ltr' id='par_1_51' title="bbox 2211 2130 3786 2196">
     <span class='ocr_line' id='line_1_51' title="bbox 2211 2130 3786 2196; baseline -0.001 -9"><span class='ocrx_word' id='word_1_361' title='bbox 2211 2149 2319 2195; x_wconf 89' lang='lat' dir='ltr'><strong>rer,</strong></span> <span class='ocrx_word' id='word_1_362' title='bbox 2354 2132 2457 2186; x_wconf 89' lang='lat' dir='ltr'><strong>abii</strong></span> <span class='ocrx_word' id='word_1_363' title='bbox 2487 2133 2552 2186; x_wconf 86' lang='lat' dir='ltr'><strong>ad</strong></span> <span class='ocrx_word' id='word_1_364' title='bbox 2582 2142 2829 2185; x_wconf 87' lang='lat' dir='ltr'><strong>sanctum</strong></span> <span class='ocrx_word' id='word_1_365' title='bbox 2859 2130 3109 2185; x_wconf 88' lang='lat' dir='ltr'><strong>Cosmam</strong></span> <span class='ocrx_word' id='word_1_366' title='bbox 3139 2140 3193 2187; x_wconf 90' lang='lat' dir='ltr'><strong>et</strong></span> <span class='ocrx_word' id='word_1_367' title='bbox 3230 2131 3549 2186; x_wconf 88' lang='lat' dir='ltr'><strong>Damianum</strong></span> <span class='ocrx_word' id='word_1_368' title='bbox 3569 2173 3583 2196; x_wconf 93' lang='lat'><strong>,</strong></span> <span class='ocrx_word' id='word_1_369' title='bbox 3616 2142 3665 2186; x_wconf 92' lang='lat' dir='ltr'><strong>et</strong></span> <span class='ocrx_word' id='word_1_370' title='bbox 3693 2131 3786 2185; x_wconf 86' lang='lat' dir='ltr'><strong>illic</strong></span> 
     </span>
    </p>
   </div>
   <div class='ocr_carea' id='block_1_52' title="bbox 2213 2223 3790 2293">
    <p class='ocr_par' dir='ltr' id='par_1_52' title="bbox 2213 2223 3790 2293">
     <span class='ocr_line' id='line_1_52' title="bbox 2213 2223 3790 2293; baseline -0.002 -15"><span class='ocrx_word' id='word_1_371' title='bbox 2213 2233 2377 2278; x_wconf 88' lang='lat' dir='ltr'><strong>totam</strong></span> <span class='ocrx_word' id='word_1_372' title='bbox 2409 2233 2616 2278; x_wconf 79' lang='lat' dir='ltr'><strong>noctem</strong></span> <span class='ocrx_word' id='word_1_373' title='bbox 2651 2224 2857 2293; x_wconf 86' lang='lat' dir='ltr'><strong>peregi.</strong></span> <span class='ocrx_word' id='word_1_374' title='bbox 2890 2223 3048 2277; x_wconf 80' lang='lat' dir='ltr'><strong>Venit</strong></span> <span class='ocrx_word' id='word_1_375' title='bbox 3092 2224 3268 2293; x_wconf 88' lang='lat' dir='ltr'><strong>itaque</strong></span> <span class='ocrx_word' id='word_1_376' title='bbox 3305 2238 3429 2278; x_wconf 85' lang='lat' dir='ltr'><strong>sero</strong></span> <span class='ocrx_word' id='word_1_377' title='bbox 3476 2238 3617 2276; x_wconf 84' lang='lat' dir='ltr'><strong>anus</strong></span> <span class='ocrx_word' id='word_1_378' title='bbox 3662 2237 3790 2291; x_wconf 75' lang='lat' dir='ltr'><strong>qua:-</strong></span> 
     </span>
    </p>
   </div>
   <div class='ocr_carea' id='block_1_53' title="bbox 2213 2312 3785 2385">
    <p class='ocr_par' dir='ltr' id='par_1_53' title="bbox 2213 2312 3785 2385">
     <span class='ocr_line' id='line_1_53' title="bbox 2213 2312 3785 2385; baseline -0.002 -16"><span class='ocrx_word' id='word_1_379' title='bbox 2213 2317 2333 2369; x_wconf 86' lang='lat' dir='ltr'><strong>dam</strong></span> <span class='ocrx_word' id='word_1_380' title='bbox 2366 2331 2428 2370; x_wconf 86' lang='lat' dir='ltr'><strong>ex</strong></span> <span class='ocrx_word' id='word_1_381' title='bbox 2474 2316 2680 2370; x_wconf 84' lang='lat' dir='ltr'><strong>Galatia</strong></span> <span class='ocrx_word' id='word_1_382' title='bbox 2737 2315 3001 2385; x_wconf 69' lang='lat' dir='ltr'><strong>Phrygiae,</strong></span> <span class='ocrx_word' id='word_1_383' title='bbox 3032 2326 3087 2370; x_wconf 90' lang='lat' dir='ltr'><strong>et</strong></span> <span class='ocrx_word' id='word_1_384' title='bbox 3130 2315 3291 2369; x_wconf 84' lang='lat' dir='ltr'><strong>dabat</strong></span> <span class='ocrx_word' id='word_1_385' title='bbox 3335 2315 3590 2369; x_wconf 91' lang='lat' dir='ltr'><strong>omnibus</strong></span> <span class='ocrx_word' id='word_1_386' title='bbox 3628 2314 3711 2382; x_wconf 87' lang='lat' dir='ltr'><strong>qui</strong></span> <span class='ocrx_word' id='word_1_387' title='bbox 3740 2312 3785 2366; x_wconf 89' lang='lat' dir='ltr'><strong>in</strong></span> 
     </span>
    </p>
   </div>
   <div class='ocr_carea' id='block_1_54' title="bbox 2215 2406 3791 2476">
    <p class='ocr_par' dir='ltr' id='par_1_54' title="bbox 2215 2406 3791 2476">
     <span class='ocr_line' id='line_1_54' title="bbox 2215 2406 3791 2476; baseline -0.001 -17"><span class='ocrx_word' id='word_1_388' title='bbox 2215 2409 2414 2475; x_wconf 83' lang='lat' dir='ltr'><strong>templo</strong></span> <span class='ocrx_word' id='word_1_389' title='bbox 2442 2417 2594 2461; x_wconf 86' lang='lat' dir='ltr'><strong>erant</strong></span> <span class='ocrx_word' id='word_1_390' title='bbox 2625 2408 2727 2459; x_wconf 90' lang='lat' dir='ltr'><strong>duo</strong></span> <span class='ocrx_word' id='word_1_391' title='bbox 2758 2406 2961 2459; x_wconf 89' lang='lat' dir='ltr'><strong>minuta</strong></span> <span class='ocrx_word' id='word_1_392' title='bbox 2987 2425 3000 2459; x_wconf 91' lang='lat'><strong>:</strong></span> <span class='ocrx_word' id='word_1_393' title='bbox 3030 2407 3118 2460; x_wconf 89' lang='lat' dir='ltr'><strong>die</strong></span> <span class='ocrx_word' id='word_1_394' title='bbox 3161 2406 3318 2475; x_wconf 84' lang='lat' dir='ltr'><strong>igitur</strong></span> <span class='ocrx_word' id='word_1_395' title='bbox 3351 2406 3585 2476; x_wconf 74' lang='lat' dir='ltr'><strong>quadam</strong></span> <span class='ocrx_word' id='word_1_396' title='bbox 3634 2407 3791 2474; x_wconf 85' lang='lat' dir='ltr'><strong>neptis</strong></span> 
     </span>
    </p>
   </div>
   <div class='ocr_carea' id='block_1_55' title="bbox 2214 2496 3790 2566">
    <p class='ocr_par' dir='ltr' id='par_1_55' title="bbox 2214 2496 3790 2566">
     <span class='ocr_line' id='line_1_55' title="bbox 2214 2496 3790 2566; baseline -0.004 -13"><span class='ocrx_word' id='word_1_397' title='bbox 2214 2514 2352 2563; x_wconf 81' lang='lat' dir='ltr'><strong>mea,</strong></span> <span class='ocrx_word' id='word_1_398' title='bbox 2384 2509 2433 2552; x_wconf 89' lang='lat' dir='ltr'><strong>et</strong></span> <span class='ocrx_word' id='word_1_399' title='bbox 2466 2497 2761 2551; x_wconf 68' lang='grc' dir='ltr'><strong>Ιὶιιυιίεεὶιιιί</strong></span> <span class='ocrx_word' id='word_1_400' title='bbox 2809 2498 3152 2566; x_wconf 87' lang='lat' dir='ltr'><strong>imperatoris</strong></span> <span class='ocrx_word' id='word_1_401' title='bbox 3201 2496 3465 2563; x_wconf 83' lang='lat' dir='ltr'><strong>Mauritii,</strong></span> <span class='ocrx_word' id='word_1_402' title='bbox 3499 2499 3722 2550; x_wconf 86' lang='lat' dir='ltr'><strong>veniens</strong></span> <span class='ocrx_word' id='word_1_403' title='bbox 3749 2496 3790 2546; x_wconf 89' lang='lat' dir='ltr'><strong>in</strong></span> 
     </span>
    </p>
   </div>
   <div class='ocr_carea' id='block_1_56' title="bbox 2213 2588 3791 2658">
    <p class='ocr_par' dir='ltr' id='par_1_56' title="bbox 2213 2588 3791 2658">
     <span class='ocr_line' id='line_1_56' title="bbox 2213 2588 3791 2658; baseline -0.004 -14"><span class='ocrx_word' id='word_1_404' title='bbox 2213 2602 2454 2644; x_wconf 89' lang='lat' dir='ltr'><strong>sanctam</strong></span> <span class='ocrx_word' id='word_1_405' title='bbox 2500 2591 2769 2643; x_wconf 84' lang='lat' dir='ltr'><strong>civitatein</strong></span> <span class='ocrx_word' id='word_1_406' title='bbox 2817 2589 3077 2643; x_wconf 89' lang='lat' dir='ltr'><strong>orationis</strong></span> <span class='ocrx_word' id='word_1_407' title='bbox 3115 2591 3300 2658; x_wconf 84' lang='lat' dir='ltr'><strong>gratia,</strong></span> <span class='ocrx_word' id='word_1_408' title='bbox 3332 2590 3443 2658; x_wconf 88' lang='lat' dir='ltr'><strong>egit</strong></span> <span class='ocrx_word' id='word_1_409' title='bbox 3491 2588 3569 2641; x_wconf 91' lang='lat' dir='ltr'><strong>ibi</strong></span> <span class='ocrx_word' id='word_1_410' title='bbox 3611 2602 3791 2640; x_wconf 78' lang='lat' dir='ltr'><strong>anmuu</strong></span> 
     </span>
    </p>
   </div>
   <div class='ocr_carea' id='block_1_57' title="bbox 2217 2679 3793 2751">
    <p class='ocr_par' dir='ltr' id='par_1_57' title="bbox 2217 2679 3793 2751">
     <span class='ocr_line' id='line_1_57' title="bbox 2217 2679 3793 2751; baseline -0.004 -16"><span class='ocrx_word' id='word_1_411' title='bbox 2217 2684 2506 2751; x_wconf 89' lang='lat' dir='ltr'><strong>integrum.</strong></span> <span class='ocrx_word' id='word_1_412' title='bbox 2536 2683 2814 2750; x_wconf 84' lang='lat' dir='ltr'><strong>Assuutpsi</strong></span> <span class='ocrx_word' id='word_1_413' title='bbox 2847 2696 2976 2750; x_wconf 85' lang='lat' dir='ltr'><strong>ergo</strong></span> <span class='ocrx_word' id='word_1_414' title='bbox 3003 2696 3154 2746; x_wconf 88' lang='lat' dir='ltr'><strong>eam,</strong></span> <span class='ocrx_word' id='word_1_415' title='bbox 3184 2689 3239 2735; x_wconf 88' lang='lat' dir='ltr'><strong>et</strong></span> <span class='ocrx_word' id='word_1_416' title='bbox 3267 2680 3463 2735; x_wconf 80' lang='lat' dir='ltr'><strong>adduxi</strong></span> <span class='ocrx_word' id='word_1_417' title='bbox 3496 2679 3565 2732; x_wconf 89' lang='lat' dir='ltr'><strong>ad</strong></span> <span class='ocrx_word' id='word_1_418' title='bbox 3598 2691 3793 2731; x_wconf 65' lang='lat' dir='ltr'><strong>sanctos</strong></span> 
     </span>
    </p>
   </div>
   <div class='ocr_carea' id='block_1_58' title="bbox 2216 2772 3793 2842">
    <p class='ocr_par' dir='ltr' id='par_1_58' title="bbox 2216 2772 3793 2842">
     <span class='ocr_line' id='line_1_58' title="bbox 2216 2772 3793 2842; baseline -0.003 -14"><span class='ocrx_word' id='word_1_419' title='bbox 2216 2773 2466 2828; x_wconf 75' lang='lat' dir='ltr'><strong>Cosmum</strong></span> <span class='ocrx_word' id='word_1_420' title='bbox 2495 2783 2551 2829; x_wconf 92' lang='lat' dir='ltr'><strong>et</strong></span> <span class='ocrx_word' id='word_1_421' title='bbox 2581 2772 2921 2827; x_wconf 85' lang='lat' dir='ltr'><strong>Damianum.</strong></span> <span class='ocrx_word' id='word_1_422' title='bbox 2950 2772 3084 2827; x_wconf 90' lang='lat' dir='ltr'><strong>Cum</strong></span> <span class='ocrx_word' id='word_1_423' title='bbox 3125 2773 3285 2842; x_wconf 83' lang='lat' dir='ltr'><strong>igitur</strong></span> <span class='ocrx_word' id='word_1_424' title='bbox 3314 2774 3365 2826; x_wconf 93' lang='lat' dir='ltr'><strong>in</strong></span> <span class='ocrx_word' id='word_1_425' title='bbox 3392 2772 3638 2825; x_wconf 86' lang='lat' dir='ltr'><strong>oratorio</strong></span> <span class='ocrx_word' id='word_1_426' title='bbox 3667 2783 3793 2824; x_wconf 54' lang='lat' dir='ltr'><strong>esse</strong></span> 
     </span>
    </p>
   </div>
   <div class='ocr_carea' id='block_1_59' title="bbox 2222 2864 3794 2937">
    <p class='ocr_par' dir='ltr' id='par_1_59' title="bbox 2222 2864 3794 2937">
     <span class='ocr_line' id='line_1_59' title="bbox 2222 2864 3794 2937; baseline -0.006 -15"><span class='ocrx_word' id='word_1_427' title='bbox 2222 2883 2361 2933; x_wconf 89' lang='lat' dir='ltr'><strong>mus,</strong></span> <span class='ocrx_word' id='word_1_428' title='bbox 2397 2866 2501 2932; x_wconf 88' lang='lat' dir='ltr'><strong>aio_</strong></span> <span class='ocrx_word' id='word_1_429' title='bbox 2525 2876 2768 2937; x_wconf 65' lang='lat' dir='ltr'><strong>cognatae</strong></span> <span class='ocrx_word' id='word_1_430' title='bbox 2802 2881 2974 2920; x_wconf 62' lang='lat' dir='ltr'><strong>ineas:</strong></span> <span class='ocrx_word' id='word_1_431' title='bbox 3009 2865 3161 2931; x_wconf 83' lang='lat' dir='ltr'><strong>Vide,</strong></span> <span class='ocrx_word' id='word_1_432' title='bbox 3192 2865 3319 2930; x_wconf 82' lang='lat' dir='ltr'><strong>ﬁlia,</strong></span> <span class='ocrx_word' id='word_1_433' title='bbox 3353 2866 3474 2934; x_wconf 84' lang='lat' dir='ltr'><strong>quia</strong></span> <span class='ocrx_word' id='word_1_434' title='bbox 3506 2864 3653 2918; x_wconf 84' lang='lat' dir='ltr'><strong>venit</strong></span> <span class='ocrx_word' id='word_1_435' title='bbox 3680 2875 3794 2914; x_wconf 75' lang='lat' dir='ltr'><strong>arma</strong></span> 
     </span>
    </p>
   </div>
   <div class='ocr_carea' id='block_1_60' title="bbox 2216 2952 3793 3030">
    <p class='ocr_par' dir='ltr' id='par_1_60' title="bbox 2216 2952 3793 3030">
     <span class='ocr_line' id='line_1_60' title="bbox 2216 2952 3793 3030; baseline -0.004 -18"><span class='ocrx_word' id='word_1_436' title='bbox 2216 2960 2461 3030; x_wconf 69' lang='lat' dir='ltr'><strong>quardam</strong></span> <span class='ocrx_word' id='word_1_437' title='bbox 2489 2959 2626 3014; x_wconf 89' lang='lat' dir='ltr'><strong>dans</strong></span> <span class='ocrx_word' id='word_1_438' title='bbox 2650 2960 2756 3013; x_wconf 93' lang='lat' dir='ltr'><strong>duo</strong></span> <span class='ocrx_word' id='word_1_439' title='bbox 2802 2958 3004 3013; x_wconf 89' lang='lat' dir='ltr'><strong>minuta</strong></span> <span class='ocrx_word' id='word_1_440' title='bbox 3036 2956 3121 3027; x_wconf 91' lang='lat' dir='ltr'><strong>(ea</strong></span> <span class='ocrx_word' id='word_1_441' title='bbox 3152 2960 3292 3010; x_wconf 91' lang='lat' dir='ltr'><strong>enim</strong></span> <span class='ocrx_word' id='word_1_442' title='bbox 3325 2957 3457 3011; x_wconf 89' lang='lat' dir='ltr'><strong>mihi</strong></span> <span class='ocrx_word' id='word_1_443' title='bbox 3489 2955 3691 3023; x_wconf 62' lang='lat' dir='ltr'><strong>saepius</strong></span> <span class='ocrx_word' id='word_1_444' title='bbox 3715 2952 3793 3006; x_wconf 86' lang='lat' dir='ltr'><strong>dc-</strong></span> 
     </span>
    </p>
   </div>
   <div class='ocr_carea' id='block_1_61' title="bbox 2218 3049 3791 3122">
    <p class='ocr_par' dir='ltr' id='par_1_61' title="bbox 2218 3049 3791 3122">
     <span class='ocr_line' id='line_1_61' title="bbox 2218 3049 3791 3122; baseline -0.007 -15"><span class='ocrx_word' id='word_1_445' title='bbox 2218 3052 2418 3122; x_wconf 84' lang='lat' dir='ltr'><strong>dcrat),</strong></span> <span class='ocrx_word' id='word_1_446' title='bbox 2447 3067 2604 3107; x_wconf 90' lang='lat' dir='ltr'><strong>sume</strong></span> <span class='ocrx_word' id='word_1_447' title='bbox 2632 3051 2745 3116; x_wconf 92' lang='lat' dir='ltr'><strong>illa,</strong></span> <span class='ocrx_word' id='word_1_448' title='bbox 2772 3067 2839 3105; x_wconf 92' lang='lat' dir='ltr'><strong>ne</strong></span> <span class='ocrx_word' id='word_1_449' title='bbox 2868 3052 3171 3120; x_wconf 86' lang='lat' dir='ltr'><strong>superbias.</strong></span> <span class='ocrx_word' id='word_1_450' title='bbox 3198 3049 3292 3104; x_wconf 86' lang='lat' dir='ltr'><strong>Illa</strong></span> <span class='ocrx_word' id='word_1_451' title='bbox 3319 3059 3496 3103; x_wconf 88' lang='lat' dir='ltr'><strong>autem</strong></span> <span class='ocrx_word' id='word_1_452' title='bbox 3527 3049 3791 3119; x_wconf 85' lang='lat' dir='ltr'><strong>indignans</strong></span> 
     </span>
    </p>
   </div>
   <div class='ocr_carea' id='block_1_62' title="bbox 2220 3139 3793 3209">
    <p class='ocr_par' dir='ltr' id='par_1_62' title="bbox 2220 3139 3793 3209">
     <span class='ocr_line' id='line_1_62' title="bbox 2220 3139 3793 3209; baseline -0.004 -12"><span class='ocrx_word' id='word_1_453' title='bbox 2220 3143 2470 3198; x_wconf 79' lang='lat' dir='ltr'><strong>dicebat:</strong></span> <span class='ocrx_word' id='word_1_454' title='bbox 2505 3142 2809 3196; x_wconf 78' lang='lat' dir='ltr'><strong>Mandatum</strong></span> <span class='ocrx_word' id='word_1_455' title='bbox 2860 3141 3032 3197; x_wconf 89' lang='lat' dir='ltr'><strong>habeo</strong></span> <span class='ocrx_word' id='word_1_456' title='bbox 3075 3141 3352 3209; x_wconf 82' lang='lat' dir='ltr'><strong>accipere?</strong></span> <span class='ocrx_word' id='word_1_457' title='bbox 3382 3141 3540 3195; x_wconf 84' lang='lat' dir='ltr'><strong>Tunc</strong></span> <span class='ocrx_word' id='word_1_458' title='bbox 3582 3140 3689 3193; x_wconf 88' lang='lat' dir='ltr'><strong>dixi</strong></span> <span class='ocrx_word' id='word_1_459' title='bbox 3716 3139 3793 3192; x_wconf 76' lang='lat' dir='ltr'><strong>ei:</strong></span> 
     </span>
    </p>
   </div>
   <div class='ocr_carea' id='block_1_63' title="bbox 529 3220 3788 3330">
    <p class='ocr_par' dir='ltr' id='par_1_63' title="bbox 529 3220 3788 3330">
     <span class='ocr_line' id='line_1_63' title="bbox 529 3220 3788 3330; baseline -0.006 -15"><span class='ocrx_word' id='word_1_460' title='bbox 529 3272 585 3316; x_wconf 83' lang='lat' dir='ltr'><strong>et</strong></span> <span class='ocrx_word' id='word_1_461' title='bbox 612 3270 851 3330; x_wconf 85' lang='lat' dir='ltr'><strong>tempore</strong></span> <span class='ocrx_word' id='word_1_462' title='bbox 878 3268 1074 3314; x_wconf 75' lang='lat' dir='ltr'><strong>sancta:</strong></span> <span class='ocrx_word' id='word_1_463' title='bbox 1103 3257 1494 3313; x_wconf 87' lang='lat' dir='ltr'><strong>communionis</strong></span> <span class='ocrx_word' id='word_1_464' title='bbox 1524 3255 1643 3309; x_wconf 82' lang='lat' dir='ltr'><strong>veni</strong></span> <span class='ocrx_word' id='word_1_465' title='bbox 1672 3253 1736 3307; x_wconf 89' lang='lat' dir='ltr'><strong>ad</strong></span> <span class='ocrx_word' id='word_1_466' title='bbox 1771 3266 1875 3317; x_wconf 89' lang='lat' dir='ltr'><strong>me,</strong></span> <span class='ocrx_word' id='word_1_467' title='bbox 1907 3261 1958 3304; x_wconf 92' lang='lat' dir='ltr'><strong>et</strong></span> <span class='ocrx_word' id='word_1_468' title='bbox 1990 3264 2110 3319; x_wconf 84' lang='lat' dir='ltr'><strong>per-</strong></span> <span class='ocrx_word' id='word_1_469' title='bbox 2140 3220 2186 3280; x_wconf 63' lang='grc' dir='ltr'>ο</span> <span class='ocrx_word' id='word_1_470' title='bbox 2221 3234 2414 3300; x_wconf 53' lang='lat' dir='ltr'><strong>Etiam.</strong></span> <span class='ocrx_word' id='word_1_471' title='bbox 2441 3235 2623 3303; x_wconf 65' lang='grc' dir='ltr'><strong>πεῖρε</strong></span> <span class='ocrx_word' id='word_1_472' title='bbox 2644 3250 2663 3299; x_wconf 66' lang='grc' dir='ltr'><em>ἓ</em></span> <span class='ocrx_word' id='word_1_473' title='bbox 2687 3232 2877 3288; x_wconf 66' lang='grc' dir='ltr'><strong>ηιίῑίθτ</strong></span> <span class='ocrx_word' id='word_1_474' title='bbox 2896 3233 3041 3288; x_wconf 56' lang='lat' dir='ltr'><strong>ﬁlim</strong></span> <span class='ocrx_word' id='word_1_475' title='bbox 3067 3243 3250 3287; x_wconf 61' lang='lat' dir='ltr'><strong>sane“!</strong></span> <span class='ocrx_word' id='word_1_476' title='bbox 3275 3238 3359 3286; x_wconf 73' lang='grc' dir='ltr'><strong>εει</strong></span> <span class='ocrx_word' id='word_1_477' title='bbox 3381 3242 3437 3285; x_wconf 74' lang='grc' dir='ltr'><strong>θι</strong></span> <span class='ocrx_word' id='word_1_478' title='bbox 3465 3245 3674 3299; x_wconf 63' lang='grc' dir='ltr'><strong>ηιθεηεε</strong></span> <span class='ocrx_word' id='word_1_479' title='bbox 3695 3230 3788 3282; x_wconf 68' lang='grc' dir='ltr'><strong>νίτ-</strong></span> 
     </span>
    </p>
   </div>
   <div class='ocr_carea' id='block_1_64' title="bbox 529 3342 2102 3422">
    <p class='ocr_par' dir='ltr' id='par_1_64' title="bbox 529 3342 2102 3422">
     <span class='ocr_line' id='line_1_64' title="bbox 529 3342 2102 3422; baseline -0.006 -17"><span class='ocrx_word' id='word_1_480' title='bbox 529 3370 673 3422; x_wconf 85' lang='lat' dir='ltr'><strong>gam.</strong></span> <span class='ocrx_word' id='word_1_481' title='bbox 706 3351 896 3407; x_wconf 78' lang='lat' dir='ltr'><strong>Mansit</strong></span> <span class='ocrx_word' id='word_1_482' title='bbox 925 3351 1102 3418; x_wconf 87' lang='lat' dir='ltr'><strong>itaque</strong></span> <span class='ocrx_word' id='word_1_483' title='bbox 1131 3365 1295 3404; x_wconf 85' lang='lat' dir='ltr'><strong>senex</strong></span> <span class='ocrx_word' id='word_1_484' title='bbox 1327 3350 1377 3400; x_wconf 89' lang='lat' dir='ltr'><strong>in</strong></span> <span class='ocrx_word' id='word_1_485' title='bbox 1409 3346 1619 3400; x_wconf 90' lang='lat' dir='ltr'><strong>cellula.</strong></span> <span class='ocrx_word' id='word_1_486' title='bbox 1649 3344 1782 3399; x_wconf 88' lang='lat' dir='ltr'><strong>Cum</strong></span> <span class='ocrx_word' id='word_1_487' title='bbox 1814 3352 1987 3397; x_wconf 89' lang='lat' dir='ltr'><strong>autem</strong></span> <span class='ocrx_word' id='word_1_488' title='bbox 2017 3342 2102 3396; x_wconf 81' lang='lat' dir='ltr'><strong>atl-</strong></span> 
     </span>
    </p>
   </div>
   <div class='ocr_carea' id='block_1_65' title="bbox 530 3433 2112 3513">
    <p class='ocr_par' dir='ltr' id='par_1_65' title="bbox 530 3433 2112 3513">
     <span class='ocr_line' id='line_1_65' title="bbox 530 3433 2112 3513; baseline -0.003 -18"><span class='ocrx_word' id='word_1_489' title='bbox 530 3445 766 3500; x_wconf 72' lang='lat' dir='ltr'><strong>\‘t’lllSSBl</strong></span> <span class='ocrx_word' id='word_1_490' title='bbox 795 3456 1001 3513; x_wconf 85' lang='lat' dir='ltr'><strong>tempus</strong></span> <span class='ocrx_word' id='word_1_491' title='bbox 1041 3452 1237 3496; x_wconf 76' lang='lat' dir='ltr'><strong>sancta:</strong></span> <span class='ocrx_word' id='word_1_492' title='bbox 1276 3439 1669 3494; x_wconf 84' lang='lat' dir='ltr'><strong>communionis</strong></span> <span class='ocrx_word' id='word_1_493' title='bbox 1702 3438 1754 3491; x_wconf 93' lang='lat' dir='ltr'><strong>in</strong></span> <span class='ocrx_word' id='word_1_494' title='bbox 1786 3449 1967 3491; x_wconf 84' lang='lat' dir='ltr'><strong>sancta</strong></span> <span class='ocrx_word' id='word_1_495' title='bbox 2009 3433 2112 3490; x_wconf 73' lang='lat' dir='ltr'><strong>lle-</strong></span> 
     </span>
    </p>
   </div>
   <div class='ocr_carea' id='block_1_66' title="bbox 530 3529 2112 3603">
    <p class='ocr_par' dir='ltr' id='par_1_66' title="bbox 530 3529 2112 3603">
     <span class='ocr_line' id='line_1_66' title="bbox 530 3529 2112 3603; baseline -0.008 -9"><span class='ocrx_word' id='word_1_496' title='bbox 530 3540 883 3603; x_wconf 87' lang='lat' dir='ltr'><strong>surrectione,</strong></span> <span class='ocrx_word' id='word_1_497' title='bbox 916 3538 1165 3592; x_wconf 83' lang='lat' dir='ltr'><strong>iuventus</strong></span> <span class='ocrx_word' id='word_1_498' title='bbox 1205 3545 1285 3588; x_wconf 90' lang='lat' dir='ltr'><strong>est</strong></span> <span class='ocrx_word' id='word_1_499' title='bbox 1328 3549 1488 3589; x_wconf 74' lang='lat' dir='ltr'><strong>senex</strong></span> <span class='ocrx_word' id='word_1_500' title='bbox 1540 3546 1705 3600; x_wconf 87' lang='lat' dir='ltr'><strong>prope</strong></span> <span class='ocrx_word' id='word_1_501' title='bbox 1752 3529 2112 3596; x_wconf 66' lang='lat' dir='ltr'><strong>archiepisci-</strong></span> 
     </span>
    </p>
   </div>
   <div class='ocr_carea' id='block_1_67' title="bbox 530 3621 2110 3702">
    <p class='ocr_par' dir='ltr' id='par_1_67' title="bbox 530 3621 2110 3702">
     <span class='ocr_line' id='line_1_67' title="bbox 530 3621 2110 3702; baseline -0.01 -16"><span class='ocrx_word' id='word_1_502' title='bbox 530 3649 655 3702; x_wconf 81' lang='lat' dir='ltr'><strong>pum</strong></span> <span class='ocrx_word' id='word_1_503' title='bbox 692 3632 902 3685; x_wconf 90' lang='lat' dir='ltr'><strong>beatum</strong></span> <span class='ocrx_word' id='word_1_504' title='bbox 936 3631 1181 3691; x_wconf 85' lang='lat' dir='ltr'><strong>Petrum,</strong></span> <span class='ocrx_word' id='word_1_505' title='bbox 1209 3628 1297 3696; x_wconf 89' lang='lat' dir='ltr'><strong>qui</strong></span> <span class='ocrx_word' id='word_1_506' title='bbox 1333 3625 1558 3694; x_wconf 79' lang='lat' dir='ltr'><strong>praebuit</strong></span> <span class='ocrx_word' id='word_1_507' title='bbox 1600 3622 1677 3677; x_wconf 93' lang='lat' dir='ltr'><strong>illi</strong></span> <span class='ocrx_word' id='word_1_508' title='bbox 1721 3637 1841 3676; x_wconf 90' lang='lat' dir='ltr'><strong>cum</strong></span> <span class='ocrx_word' id='word_1_509' title='bbox 1887 3621 2110 3691; x_wconf 70' lang='lat' dir='ltr'><strong>presby-</strong></span> 
     </span>
    </p>
   </div>
   <div class='ocr_carea' id='block_1_68' title="bbox 533 3716 2113 3783">
    <p class='ocr_par' dir='ltr' id='par_1_68' title="bbox 533 3716 2113 3783">
     <span class='ocr_line' id='line_1_68' title="bbox 533 3716 2113 3783; baseline -0.008 -6"><span class='ocrx_word' id='word_1_510' title='bbox 533 3728 662 3779; x_wconf 82' lang='lat' dir='ltr'><strong>teris</strong></span> <span class='ocrx_word' id='word_1_511' title='bbox 691 3732 927 3777; x_wconf 76' lang='lat' dir='ltr'><strong>sanctam</strong></span> <span class='ocrx_word' id='word_1_512' title='bbox 954 3722 1408 3777; x_wconf 88' lang='lat' dir='ltr'><strong>communionem.</strong></span> <span class='ocrx_word' id='word_1_513' title='bbox 1443 3717 1641 3771; x_wconf 83' lang='lat' dir='ltr'><strong>Videtis</strong></span> <span class='ocrx_word' id='word_1_514' title='bbox 1681 3716 1843 3783; x_wconf 88' lang='lat' dir='ltr'><strong>igitur</strong></span> <span class='ocrx_word' id='word_1_515' title='bbox 1869 3729 1990 3768; x_wconf 88' lang='lat' dir='ltr'><strong>eum</strong></span> <span class='ocrx_word' id='word_1_516' title='bbox 2024 3728 2113 3782; x_wconf 84' lang='lat' dir='ltr'><strong>pa-</strong></span> 
     </span>
    </p>
   </div>
   <div class='ocr_carea' id='block_1_69' title="bbox 532 3807 2108 3885">
    <p class='ocr_par' dir='ltr' id='par_1_69' title="bbox 532 3807 2108 3885">
     <span class='ocr_line' id='line_1_69' title="bbox 532 3807 2108 3885; baseline -0.009 -12"><span class='ocrx_word' id='word_1_517' title='bbox 532 3820 784 3882; x_wconf 81' lang='lat' dir='ltr'><strong>ttiarcba,</strong></span> <span class='ocrx_word' id='word_1_518' title='bbox 809 3817 945 3871; x_wconf 83' lang='lat' dir='ltr'><strong>dixit</strong></span> <span class='ocrx_word' id='word_1_519' title='bbox 970 3816 1138 3870; x_wconf 76' lang='lat' dir='ltr'><strong>Mena.-</strong></span> <span class='ocrx_word' id='word_1_520' title='bbox 1166 3812 1407 3885; x_wconf 81' lang='lat' dir='ltr'><strong>syncello</strong></span> <span class='ocrx_word' id='word_1_521' title='bbox 1429 3828 1521 3865; x_wconf 87' lang='lat' dir='ltr'><strong>seu</strong></span> <span class='ocrx_word' id='word_1_522' title='bbox 1558 3809 1815 3863; x_wconf 73' lang='lat' dir='ltr'><strong>aSSCSSllI&#39;i</strong></span> <span class='ocrx_word' id='word_1_523' title='bbox 1843 3822 1939 3860; x_wconf 86' lang='lat' dir='ltr'><strong>suo</strong></span> <span class='ocrx_word' id='word_1_524' title='bbox 1963 3807 2108 3876; x_wconf 65' lang='lat' dir='ltr'><strong>(i9):</strong></span> 
     </span>
    </p>
   </div>
   <div class='ocr_carea' id='block_1_70' title="bbox 532 3900 2110 3982">
    <p class='ocr_par' dir='ltr' id='par_1_70' title="bbox 532 3900 2110 3982">
     <span class='ocr_line' id='line_1_70' title="bbox 532 3900 2110 3982; baseline -0.009 -17"><span class='ocrx_word' id='word_1_525' title='bbox 532 3913 758 3982; x_wconf 79' lang='lat' dir='ltr'><strong>Quando</strong></span> <span class='ocrx_word' id='word_1_526' title='bbox 787 3912 931 3965; x_wconf 90' lang='lat' dir='ltr'><strong>venit</strong></span> <span class='ocrx_word' id='word_1_527' title='bbox 976 3910 1142 3963; x_wconf 92' lang='lat' dir='ltr'><strong>abbas</strong></span> <span class='ocrx_word' id='word_1_528' title='bbox 1191 3909 1387 3962; x_wconf 87' lang='lat' dir='ltr'><strong>montis</strong></span> <span class='ocrx_word' id='word_1_529' title='bbox 1434 3904 1594 3961; x_wconf 82' lang='lat' dir='ltr'><strong>Sina?</strong></span> <span class='ocrx_word' id='word_1_530' title='bbox 1638 3901 1931 3971; x_wconf 77' lang='lat' dir='ltr'><strong>Respondit</strong></span> <span class='ocrx_word' id='word_1_531' title='bbox 1983 3900 2110 3955; x_wconf 91' lang='lat' dir='ltr'><strong>ille:</strong></span> 
     </span>
    </p>
   </div>
   <div class='ocr_carea' id='block_1_71' title="bbox 536 3994 2114 4070">
    <p class='ocr_par' dir='ltr' id='par_1_71' title="bbox 536 3994 2114 4070">
     <span class='ocr_line' id='line_1_71' title="bbox 536 3994 2114 4070; baseline -0.01 -10"><span class='ocrx_word' id='word_1_532' title='bbox 536 4007 643 4062; x_wconf 88' lang='lat' dir='ltr'><strong>Per</strong></span> <span class='ocrx_word' id='word_1_533' title='bbox 675 4010 945 4060; x_wconf 87' lang='lat' dir='ltr'><strong>orationes</strong></span> <span class='ocrx_word' id='word_1_534' title='bbox 977 4014 1204 4070; x_wconf 83' lang='lat' dir='ltr'><strong>vestras,</strong></span> <span class='ocrx_word' id='word_1_535' title='bbox 1236 4002 1476 4064; x_wconf 89' lang='lat' dir='ltr'><strong>domine,</strong></span> <span class='ocrx_word' id='word_1_536' title='bbox 1518 4016 1622 4052; x_wconf 86' lang='lat' dir='ltr'><strong>non</strong></span> <span class='ocrx_word' id='word_1_537' title='bbox 1666 3996 1769 4049; x_wconf 80' lang='lat' dir='ltr'><strong>vidi</strong></span> <span class='ocrx_word' id='word_1_538' title='bbox 1818 3997 1963 4049; x_wconf 89' lang='lat' dir='ltr'><strong>illum</strong></span> <span class='ocrx_word' id='word_1_539' title='bbox 2014 3994 2114 4047; x_wconf 86' lang='lat' dir='ltr'><strong>nisi</strong></span> 
     </span>
    </p>
   </div>
   <div class='ocr_carea' id='block_1_72' title="bbox 536 4086 2113 4161">
    <p class='ocr_par' dir='ltr' id='par_1_72' title="bbox 536 4086 2113 4161">
     <span class='ocr_line' id='line_1_72' title="bbox 536 4086 2113 4161; baseline -0.009 -9"><span class='ocrx_word' id='word_1_540' title='bbox 536 4113 684 4152; x_wconf 90' lang='lat' dir='ltr'><strong>nunc</strong></span> <span class='ocrx_word' id='word_1_541' title='bbox 706 4097 1066 4153; x_wconf 84' lang='lat' dir='ltr'><strong>solummodo.</strong></span> <span class='ocrx_word' id='word_1_542' title='bbox 1092 4096 1240 4149; x_wconf 88' lang='lat' dir='ltr'><strong>Tunc</strong></span> <span class='ocrx_word' id='word_1_543' title='bbox 1260 4095 1331 4146; x_wconf 88' lang='lat' dir='ltr'><strong>ait</strong></span> <span class='ocrx_word' id='word_1_544' title='bbox 1357 4092 1652 4161; x_wconf 78' lang='lat' dir='ltr'><strong>patriarcha</strong></span> <span class='ocrx_word' id='word_1_545' title='bbox 1676 4105 1689 4143; x_wconf 76' lang='grc' dir='ltr'>ε</span> <span class='ocrx_word' id='word_1_546' title='bbox 1718 4089 1809 4143; x_wconf 89' lang='lat' dir='ltr'><strong>Dic</strong></span> <span class='ocrx_word' id='word_1_547' title='bbox 1832 4086 1905 4140; x_wconf 91' lang='lat' dir='ltr'><strong>illi</strong></span> <span class='ocrx_word' id='word_1_548' title='bbox 1931 4095 1987 4140; x_wconf 90' lang='lat' dir='ltr'><strong>ut</strong></span> <span class='ocrx_word' id='word_1_549' title='bbox 2010 4101 2113 4138; x_wconf 88' lang='lat' dir='ltr'><strong>non</strong></span> 
     </span>
    </p>
   </div>
   <div class='ocr_carea' id='block_1_73' title="bbox 532 4180 2114 4252">
    <p class='ocr_par' dir='ltr' id='par_1_73' title="bbox 532 4180 2114 4252">
     <span class='ocr_line' id='line_1_73' title="bbox 532 4180 2114 4252; baseline -0.009 -8"><span class='ocrx_word' id='word_1_550' title='bbox 532 4188 782 4252; x_wconf 84' lang='lat' dir='ltr'><strong>recedat;</strong></span> <span class='ocrx_word' id='word_1_551' title='bbox 813 4188 932 4241; x_wconf 82' lang='lat' dir='ltr'><strong>volo</strong></span> <span class='ocrx_word' id='word_1_552' title='bbox 954 4188 1097 4241; x_wconf 87' lang='lat' dir='ltr'><strong>enim</strong></span> <span class='ocrx_word' id='word_1_553' title='bbox 1127 4196 1182 4239; x_wconf 89' lang='lat' dir='ltr'><strong>ut</strong></span> <span class='ocrx_word' id='word_1_554' title='bbox 1214 4199 1421 4238; x_wconf 88' lang='lat' dir='ltr'><strong>mecum</strong></span> <span class='ocrx_word' id='word_1_555' title='bbox 1447 4191 1623 4234; x_wconf 79' lang='lat' dir='ltr'><strong>sumat</strong></span> <span class='ocrx_word' id='word_1_556' title='bbox 1647 4180 1844 4234; x_wconf 82' lang='lat' dir='ltr'><strong>cibum.</strong></span> <span class='ocrx_word' id='word_1_557' title='bbox 1876 4180 1964 4231; x_wconf 88' lang='lat' dir='ltr'><strong>Ille</strong></span> <span class='ocrx_word' id='word_1_558' title='bbox 1989 4192 2114 4231; x_wconf 87' lang='lat' dir='ltr'><strong>vero</strong></span> 
     </span>
    </p>
   </div>
   <div class='ocr_carea' id='block_1_74' title="bbox 532 4272 2112 4351">
    <p class='ocr_par' dir='ltr' id='par_1_74' title="bbox 532 4272 2112 4351">
     <span class='ocr_line' id='line_1_74' title="bbox 532 4272 2112 4351; baseline -0.008 -16"><span class='ocrx_word' id='word_1_559' title='bbox 532 4280 811 4351; x_wconf 78' lang='lat' dir='ltr'><strong>profectus</strong></span> <span class='ocrx_word' id='word_1_560' title='bbox 835 4279 886 4333; x_wconf 92' lang='lat' dir='ltr'><strong>id</strong></span> <span class='ocrx_word' id='word_1_561' title='bbox 917 4279 1055 4333; x_wconf 83' lang='lat' dir='ltr'><strong>dixit</strong></span> <span class='ocrx_word' id='word_1_562' title='bbox 1101 4278 1237 4331; x_wconf 89' lang='lat' dir='ltr'><strong>seni.</strong></span> <span class='ocrx_word' id='word_1_563' title='bbox 1284 4276 1380 4342; x_wconf 89' lang='lat' dir='ltr'><strong>Qui</strong></span> <span class='ocrx_word' id='word_1_564' title='bbox 1429 4275 1543 4328; x_wconf 87' lang='lat' dir='ltr'><strong>ait:</strong></span> <span class='ocrx_word' id='word_1_565' title='bbox 1581 4273 1832 4327; x_wconf 78' lang='lat' dir='ltr'><strong>Voluntas</strong></span> <span class='ocrx_word' id='word_1_566' title='bbox 1865 4272 1956 4325; x_wconf 83' lang='lat' dir='ltr'><strong>Dei</strong></span> <span class='ocrx_word' id='word_1_567' title='bbox 2005 4272 2112 4324; x_wconf 74' lang='lat' dir='ltr'><strong>liat.</strong></span> 
     </span>
    </p>
   </div>
   <div class='ocr_carea' id='block_1_75' title="bbox 534 4364 2119 4441">
    <p class='ocr_par' dir='ltr' id='par_1_75' title="bbox 534 4364 2119 4441">
     <span class='ocr_line' id='line_1_75' title="bbox 534 4364 2119 4441; baseline -0.007 -14"><span class='ocrx_word' id='word_1_568' title='bbox 534 4371 669 4427; x_wconf 90' lang='lat' dir='ltr'><strong>Cum</strong></span> <span class='ocrx_word' id='word_1_569' title='bbox 698 4387 825 4441; x_wconf 87' lang='lat' dir='ltr'><strong>ergo</strong></span> <span class='ocrx_word' id='word_1_570' title='bbox 854 4386 1019 4425; x_wconf 79' lang='lat' dir='ltr'><strong>senex</strong></span> <span class='ocrx_word' id='word_1_571' title='bbox 1048 4368 1340 4423; x_wconf 81' lang='lat' dir='ltr'><strong>dimisisset</strong></span> <span class='ocrx_word' id='word_1_572' title='bbox 1382 4380 1633 4436; x_wconf 78' lang='lat' dir='ltr'><strong>synaxes,</strong></span> <span class='ocrx_word' id='word_1_573' title='bbox 1664 4364 1885 4418; x_wconf 83' lang='lat' dir='ltr'><strong>adorato</strong></span> <span class='ocrx_word' id='word_1_574' title='bbox 1931 4370 2119 4417; x_wconf 83' lang='lat' dir='ltr'><strong>sancto</strong></span> 
     </span>
    </p>
   </div>
   <div class='ocr_carea' id='block_1_76' title="bbox 533 4456 2119 4528">
    <p class='ocr_par' dir='ltr' id='par_1_76' title="bbox 533 4456 2119 4528">
     <span class='ocr_line' id='line_1_76' title="bbox 533 4456 2119 4528; baseline -0.008 -9"><span class='ocrx_word' id='word_1_575' title='bbox 533 4473 904 4528; x_wconf 86' lang='lat' dir='ltr'><strong>monumento,</strong></span> <span class='ocrx_word' id='word_1_576' title='bbox 939 4464 1186 4517; x_wconf 91' lang='lat' dir='ltr'><strong>inventus</strong></span> <span class='ocrx_word' id='word_1_577' title='bbox 1214 4471 1295 4515; x_wconf 92' lang='lat' dir='ltr'><strong>est</strong></span> <span class='ocrx_word' id='word_1_578' title='bbox 1326 4461 1379 4513; x_wconf 92' lang='lat' dir='ltr'><strong>in</strong></span> <span class='ocrx_word' id='word_1_579' title='bbox 1408 4460 1597 4513; x_wconf 86' lang='lat' dir='ltr'><strong>cellula</strong></span> <span class='ocrx_word' id='word_1_580' title='bbox 1631 4473 1750 4512; x_wconf 89' lang='lat' dir='ltr'><strong>sua.</strong></span> <span class='ocrx_word' id='word_1_581' title='bbox 1786 4457 1850 4511; x_wconf 77' lang='lat' dir='ltr'><strong>Et</strong></span> <span class='ocrx_word' id='word_1_582' title='bbox 1879 4471 2004 4511; x_wconf 83' lang='lat' dir='ltr'><strong>ecce</strong></span> <span class='ocrx_word' id='word_1_583' title='bbox 2038 4456 2119 4508; x_wconf 84' lang='lat' dir='ltr'><strong>di-</strong></span> 
     </span>
    </p>
   </div>
   <div class='ocr_carea' id='block_1_77' title="bbox 531 4549 2120 4630">
    <p class='ocr_par' dir='ltr' id='par_1_77' title="bbox 531 4549 2120 4630">
     <span class='ocr_line' id='line_1_77' title="bbox 531 4549 2120 4630; baseline -0.011 -14"><span class='ocrx_word' id='word_1_584' title='bbox 531 4560 769 4630; x_wconf 85' lang='lat' dir='ltr'><strong>scipulus</strong></span> <span class='ocrx_word' id='word_1_585' title='bbox 818 4558 984 4628; x_wconf 89' lang='lat' dir='ltr'><strong>ipsius</strong></span> <span class='ocrx_word' id='word_1_586' title='bbox 1035 4556 1296 4625; x_wconf 86' lang='lat' dir='ltr'><strong>pulsavit,</strong></span> <span class='ocrx_word' id='word_1_587' title='bbox 1331 4563 1385 4607; x_wconf 88' lang='lat' dir='ltr'><strong>et</strong></span> <span class='ocrx_word' id='word_1_588' title='bbox 1422 4552 1601 4606; x_wconf 79' lang='lat' dir='ltr'><strong>dixit:</strong></span> <span class='ocrx_word' id='word_1_589' title='bbox 1644 4551 1821 4617; x_wconf 87' lang='lat' dir='ltr'><strong>Pater,</strong></span> <span class='ocrx_word' id='word_1_590' title='bbox 1864 4549 2018 4616; x_wconf 86' lang='lat' dir='ltr'><strong>veni,</strong></span> <span class='ocrx_word' id='word_1_591' title='bbox 2064 4556 2120 4599; x_wconf 90' lang='lat' dir='ltr'><strong>ut</strong></span> 
     </span>
    </p>
   </div>
   <div class='ocr_carea' id='block_1_78' title="bbox 535 4642 2113 4715">
    <p class='ocr_par' dir='ltr' id='par_1_78' title="bbox 535 4642 2113 4715">
     <span class='ocr_line' id='line_1_78' title="bbox 535 4642 2113 4715; baseline -0.01 -8"><span class='ocrx_word' id='word_1_592' title='bbox 535 4642 924 4708; x_wconf 82' lang='lat' dir='ltr'><strong>communices.</strong></span> <span class='ocrx_word' id='word_1_593' title='bbox 953 4648 1127 4704; x_wconf 81' lang='lat' dir='ltr'><strong>Senex</strong></span> <span class='ocrx_word' id='word_1_594' title='bbox 1162 4661 1288 4701; x_wconf 87' lang='lat' dir='ltr'><strong>vero</strong></span> <span class='ocrx_word' id='word_1_595' title='bbox 1320 4645 1585 4715; x_wconf 83' lang='lat' dir='ltr'><strong>profectus</strong></span> <span class='ocrx_word' id='word_1_596' title='bbox 1614 4645 1666 4698; x_wconf 89' lang='lat' dir='ltr'><strong>in</strong></span> <span class='ocrx_word' id='word_1_597' title='bbox 1689 4642 1966 4697; x_wconf 88' lang='lat' dir='ltr'><strong>ecclesiam</strong></span> <span class='ocrx_word' id='word_1_598' title='bbox 1994 4656 2113 4693; x_wconf 89' lang='lat' dir='ltr'><strong>cum</strong></span> 
     </span>
    </p>
   </div>
   <div class='ocr_carea' id='block_1_79' title="bbox 531 4732 2115 4818">
    <p class='ocr_par' dir='ltr' id='par_1_79' title="bbox 531 4732 2115 4818">
     <span class='ocr_line' id='line_1_79' title="bbox 531 4732 2115 4818; baseline -0.012 -15"><span class='ocrx_word' id='word_1_599' title='bbox 531 4746 797 4818; x_wconf 88' lang='lat' dir='ltr'><strong>discipulo</strong></span> <span class='ocrx_word' id='word_1_600' title='bbox 824 4760 943 4805; x_wconf 83' lang='lat' dir='ltr'><strong>suo.</strong></span> <span class='ocrx_word' id='word_1_601' title='bbox 980 4744 1173 4797; x_wconf 91' lang='lat' dir='ltr'><strong>iterum</strong></span> <span class='ocrx_word' id='word_1_602' title='bbox 1214 4738 1443 4807; x_wconf 89' lang='lat' dir='ltr'><strong>sumpsit</strong></span> <span class='ocrx_word' id='word_1_603' title='bbox 1490 4736 1791 4791; x_wconf 87' lang='lat' dir='ltr'><strong>veneranda</strong></span> <span class='ocrx_word' id='word_1_604' title='bbox 1840 4732 2115 4804; x_wconf 82' lang='lat' dir='ltr'><strong>mysteria.</strong></span> 
     </span>
    </p>
   </div>
   <div class='ocr_carea' id='block_1_80' title="bbox 531 4825 2117 4904">
    <p class='ocr_par' dir='ltr' id='par_1_80' title="bbox 531 4825 2117 4904">
     <span class='ocr_line' id='line_1_80' title="bbox 531 4825 2117 4904; baseline -0.015 -3"><span class='ocrx_word' id='word_1_605' title='bbox 531 4842 725 4901; x_wconf 84' lang='lat' dir='ltr'><strong>Petrus</strong></span> <span class='ocrx_word' id='word_1_606' title='bbox 756 4848 937 4893; x_wconf 87' lang='lat' dir='ltr'><strong>autem</strong></span> <span class='ocrx_word' id='word_1_607' title='bbox 977 4835 1412 4904; x_wconf 83' lang='lat' dir='ltr'><strong>archiepiscopus</strong></span> <span class='ocrx_word' id='word_1_608' title='bbox 1453 4832 1821 4891; x_wconf 87' lang='lat' dir='ltr'><strong>contristatus,</strong></span> <span class='ocrx_word' id='word_1_609' title='bbox 1853 4826 1996 4897; x_wconf 90' lang='lat' dir='ltr'><strong>quod</strong></span> <span class='ocrx_word' id='word_1_610' title='bbox 2043 4825 2117 4877; x_wconf 91' lang='lat' dir='ltr'><strong>illi</strong></span> 
     </span>
    </p>
   </div>
   <div class='ocr_carea' id='block_1_81' title="bbox 518 4918 2117 5013">
    <p class='ocr_par' dir='ltr' id='par_1_81' title="bbox 518 4918 2117 5013">
     <span class='ocr_line' id='line_1_81' title="bbox 518 4918 2117 5013; baseline -0.012 -25"><span class='ocrx_word' id='word_1_611' title='bbox 518 4925 849 5013; x_wconf 48' lang='lat' dir='ltr'><strong>{inobediens</strong></span> <span class='ocrx_word' id='word_1_612' title='bbox 890 4929 1100 4994; x_wconf 76' lang='lat' dir='ltr'><strong>fuisset,</strong></span> <span class='ocrx_word' id='word_1_613' title='bbox 1135 4935 1255 4996; x_wconf 87' lang='lat' dir='ltr'><strong>post</strong></span> <span class='ocrx_word' id='word_1_614' title='bbox 1284 4925 1676 4979; x_wconf 90' lang='lat' dir='ltr'><strong>solemnitatem</strong></span> <span class='ocrx_word' id='word_1_615' title='bbox 1718 4920 1864 4974; x_wconf 89' lang='lat' dir='ltr'><strong>misit</strong></span> <span class='ocrx_word' id='word_1_616' title='bbox 1900 4919 1964 4971; x_wconf 88' lang='lat' dir='ltr'><strong>ad</strong></span> <span class='ocrx_word' id='word_1_617' title='bbox 2003 4918 2117 4985; x_wconf 45' lang='lat' dir='ltr'><strong>epi.</strong></span> 
     </span>
    </p>
   </div>
   <div class='ocr_carea' id='block_1_82' title="bbox 515 5010 2115 5121">
    <p class='ocr_par' dir='ltr' id='par_1_82' title="bbox 515 5010 2115 5121">
     <span class='ocr_line' id='line_1_82' title="bbox 515 5010 2115 5121; baseline -0.011 -42"><span class='ocrx_word' id='word_1_618' title='bbox 515 5039 755 5121; x_wconf 46' lang='lat' dir='ltr'><strong>&#39;scopum</strong></span> <span class='ocrx_word' id='word_1_619' title='bbox 782 5022 941 5077; x_wconf 86' lang='lat' dir='ltr'><strong>Phari</strong></span> <span class='ocrx_word' id='word_1_620' title='bbox 970 5021 1214 5075; x_wconf 88' lang='lat' dir='ltr'><strong>abbatem</strong></span> <span class='ocrx_word' id='word_1_621' title='bbox 1243 5018 1560 5082; x_wconf 87' lang='lat' dir='ltr'><strong>Photinum,</strong></span> <span class='ocrx_word' id='word_1_622' title='bbox 1587 5025 1640 5070; x_wconf 83' lang='lat' dir='ltr'><strong>et</strong></span> <span class='ocrx_word' id='word_1_623' title='bbox 1668 5013 1733 5067; x_wconf 88' lang='lat' dir='ltr'><strong>ad</strong></span> <span class='ocrx_word' id='word_1_624' title='bbox 1764 5021 1941 5081; x_wconf 88' lang='lat' dir='ltr'><strong>patres</strong></span> <span class='ocrx_word' id='word_1_625' title='bbox 1968 5010 2115 5075; x_wconf 87' lang='lat' dir='ltr'><strong>Sina,</strong></span> 
     </span>
    </p>
   </div>
   <div class='ocr_carea' id='block_1_83' title="bbox 518 5103 2116 5203">
    <p class='ocr_par' dir='ltr' id='par_1_83' title="bbox 518 5103 2116 5203">
     <span class='ocr_line' id='line_1_83' title="bbox 518 5103 2116 5203; baseline -0.012 -29"><span class='ocrx_word' id='word_1_626' title='bbox 518 5103 590 5203; x_wconf 34' lang='grc' dir='ltr'><strong>λιιι</strong></span> <span class='ocrx_word' id='word_1_627' title='bbox 617 5117 863 5172; x_wconf 86' lang='lat' dir='ltr'><strong>abbatem</strong></span> <span class='ocrx_word' id='word_1_628' title='bbox 894 5116 959 5168; x_wconf 91' lang='lat' dir='ltr'><strong>ad</strong></span> <span class='ocrx_word' id='word_1_629' title='bbox 992 5130 1050 5169; x_wconf 88' lang='lat' dir='ltr'><strong>se</strong></span> <span class='ocrx_word' id='word_1_630' title='bbox 1080 5115 1375 5167; x_wconf 88' lang='lat' dir='ltr'><strong>mitterent.</strong></span> <span class='ocrx_word' id='word_1_631' title='bbox 1409 5110 1544 5163; x_wconf 90' lang='lat' dir='ltr'><strong>Cum</strong></span> <span class='ocrx_word' id='word_1_632' title='bbox 1591 5122 1717 5173; x_wconf 77' lang='lat' dir='ltr'><strong>ergo</strong></span> <span class='ocrx_word' id='word_1_633' title='bbox 1763 5109 2001 5158; x_wconf 65' lang='lat' dir='ltr'><strong>vrnisset</strong></span> <span class='ocrx_word' id='word_1_634' title='bbox 2030 5103 2116 5171; x_wconf 87' lang='lat' dir='ltr'><strong>qui</strong></span> 
     </span>
    </p>
   </div>
   <div class='ocr_carea' id='block_1_84' title="bbox 518 5197 2116 5273">
    <p class='ocr_par' dir='ltr' id='par_1_84' title="bbox 518 5197 2116 5273">
     <span class='ocr_line' id='line_1_84' title="bbox 518 5197 2116 5273; baseline -0.013 -7"><span class='ocrx_word' id='word_1_635' title='bbox 518 5197 786 5266; x_wconf 51' lang='lat' dir='ltr'><strong>~attulerat</strong></span> <span class='ocrx_word' id='word_1_636' title='bbox 806 5208 1033 5269; x_wconf 83' lang='lat' dir='ltr'><strong>litteras,</strong></span> <span class='ocrx_word' id='word_1_637' title='bbox 1052 5206 1398 5273; x_wconf 86' lang='lat' dir='ltr'><strong>dedissetque</strong></span> <span class='ocrx_word' id='word_1_638' title='bbox 1418 5202 1558 5263; x_wconf 87' lang='lat' dir='ltr'><strong>illas,</strong></span> <span class='ocrx_word' id='word_1_639' title='bbox 1582 5197 1721 5252; x_wconf 90' lang='lat' dir='ltr'><strong>misit</strong></span> <span class='ocrx_word' id='word_1_640' title='bbox 1741 5205 1797 5252; x_wconf 89' lang='lat' dir='ltr'><strong>et</strong></span> <span class='ocrx_word' id='word_1_641' title='bbox 1816 5211 1977 5250; x_wconf 86' lang='lat' dir='ltr'><strong>senex</strong></span> <span class='ocrx_word' id='word_1_642' title='bbox 2005 5204 2116 5247; x_wconf 84' lang='lat' dir='ltr'><strong>trcs</strong></span> 
     </span>
    </p>
   </div>
   <div class='ocr_carea' id='block_1_85' title="bbox 553 5287 2116 5374">
    <p class='ocr_par' dir='ltr' id='par_1_85' title="bbox 553 5287 2116 5374">
     <span class='ocr_line' id='line_1_85' title="bbox 553 5287 2116 5374; baseline -0.011 -21"><span class='ocrx_word' id='word_1_643' title='bbox 553 5303 897 5374; x_wconf 75' lang='lat' dir='ltr'><strong>iresbyteros,</strong></span> <span class='ocrx_word' id='word_1_644' title='bbox 927 5299 1171 5353; x_wconf 85' lang='lat' dir='ltr'><strong>abbatem</strong></span> <span class='ocrx_word' id='word_1_645' title='bbox 1218 5296 1427 5352; x_wconf 89' lang='lat' dir='ltr'><strong>scilicet</strong></span> <span class='ocrx_word' id='word_1_646' title='bbox 1474 5293 1806 5361; x_wconf 84' lang='lat' dir='ltr'><strong>Stephanum</strong></span> <span class='ocrx_word' id='word_1_647' title='bbox 1836 5287 2116 5357; x_wconf 86' lang='lat' dir='ltr'><strong>Cappado-</strong></span> 
     </span>
    </p>
   </div>
   <div class='ocr_carea' id='block_1_86' title="bbox 529 5379 2118 5464">
    <p class='ocr_par' dir='ltr' id='par_1_86' title="bbox 529 5379 2118 5464">
     <span class='ocr_line' id='line_1_86' title="bbox 529 5379 2118 5464; baseline -0.012 -14"><span class='ocrx_word' id='word_1_648' title='bbox 529 5379 682 5464; x_wconf 57' lang='lat' dir='ltr'><strong>cem,</strong></span> <span class='ocrx_word' id='word_1_649' title='bbox 717 5409 967 5464; x_wconf 86' lang='lat' dir='ltr'><strong>magnum</strong></span> <span class='ocrx_word' id='word_1_650' title='bbox 997 5390 1147 5445; x_wconf 91' lang='lat' dir='ltr'><strong>illum</strong></span> <span class='ocrx_word' id='word_1_651' title='bbox 1178 5390 1351 5444; x_wconf 88' lang='lat' dir='ltr'><strong>virum</strong></span> <span class='ocrx_word' id='word_1_652' title='bbox 1372 5433 1385 5456; x_wconf 87' lang='lat'><strong>,</strong></span> <span class='ocrx_word' id='word_1_653' title='bbox 1414 5386 1565 5455; x_wconf 84' lang='lat' dir='ltr'><strong>cujus</strong></span> <span class='ocrx_word' id='word_1_654' title='bbox 1591 5392 1647 5439; x_wconf 91' lang='lat' dir='ltr'><strong>et</strong></span> <span class='ocrx_word' id='word_1_655' title='bbox 1676 5396 1834 5448; x_wconf 87' lang='lat' dir='ltr'><strong>supra</strong></span> <span class='ocrx_word' id='word_1_656' title='bbox 1863 5379 2118 5434; x_wconf 87' lang='lat' dir='ltr'><strong>memini-</strong></span> 
     </span>
    </p>
   </div>
   <div class='ocr_carea' id='block_1_87' title="bbox 518 5455 2118 5557">
    <p class='ocr_par' dir='ltr' id='par_1_87' title="bbox 518 5455 2118 5557">
     <span class='ocr_line' id='line_1_87' title="bbox 518 5455 2118 5557; baseline -0.012 -16"><span class='ocrx_word' id='word_1_657' title='bbox 518 5455 844 5557; x_wconf 38' lang='grc' dir='ltr'><strong>ἓιιιιιελϐιηῖ.</strong></span> <span class='ocrx_word' id='word_1_658' title='bbox 871 5485 1027 5557; x_wconf 72' lang='grc'>122);</span> <span class='ocrx_word' id='word_1_659' title='bbox 1059 5494 1113 5539; x_wconf 93' lang='lat' dir='ltr'><strong>et</strong></span> <span class='ocrx_word' id='word_1_660' title='bbox 1144 5455 1389 5538; x_wconf 88' lang='lat' dir='ltr'><strong>abbatem</strong></span> <span class='ocrx_word' id='word_1_661' title='bbox 1421 5478 1727 5540; x_wconf 88' lang='lat' dir='ltr'><strong>Zosimum,</strong></span> <span class='ocrx_word' id='word_1_662' title='bbox 1761 5472 1912 5541; x_wconf 84' lang='lat' dir='ltr'><strong>cujus</strong></span> <span class='ocrx_word' id='word_1_663' title='bbox 1959 5472 2118 5525; x_wconf 87' lang='lat' dir='ltr'><strong>etiam</strong></span> 
     </span>
    </p>
   </div>
   <div class='ocr_carea' id='block_1_88' title="bbox 534 5563 2119 5650">
    <p class='ocr_par' dir='ltr' id='par_1_88' title="bbox 534 5563 2119 5650">
     <span class='ocr_line' id='line_1_88' title="bbox 534 5563 2119 5650; baseline -0.015 -15"><span class='ocrx_word' id='word_1_664' title='bbox 534 5581 785 5650; x_wconf 85' lang='lat' dir='ltr'><strong>superius</strong></span> <span class='ocrx_word' id='word_1_665' title='bbox 818 5578 1141 5633; x_wconf 90' lang='lat' dir='ltr'><strong>mentionem</strong></span> <span class='ocrx_word' id='word_1_666' title='bbox 1172 5574 1396 5630; x_wconf 85' lang='lat' dir='ltr'><strong>fecimus</strong></span> <span class='ocrx_word' id='word_1_667' title='bbox 1423 5570 1576 5641; x_wconf 83' lang='lat' dir='ltr'><strong>(Cap.</strong></span> <span class='ocrx_word' id='word_1_668' title='bbox 1604 5566 1761 5636; x_wconf 73' lang='lat' dir='ltr'><strong>I23),</strong></span> <span class='ocrx_word' id='word_1_669' title='bbox 1791 5574 1847 5619; x_wconf 90' lang='lat' dir='ltr'><strong>et</strong></span> <span class='ocrx_word' id='word_1_670' title='bbox 1875 5563 2119 5618; x_wconf 82' lang='lat' dir='ltr'><strong>abbateu</strong></span> 
     </span>
    </p>
   </div>
   <div class='ocr_carea' id='block_1_89' title="bbox 534 5655 2122 5736">
    <p class='ocr_par' dir='ltr' id='par_1_89' title="bbox 534 5655 2122 5736">
     <span class='ocr_line' id='line_1_89' title="bbox 534 5655 2122 5736; baseline -0.014 -7"><span class='ocrx_word' id='word_1_671' title='bbox 534 5674 821 5729; x_wconf 88' lang='lat' dir='ltr'><strong>Dulcitium</strong></span> <span class='ocrx_word' id='word_1_672' title='bbox 855 5672 1149 5726; x_wconf 77' lang='lat' dir='ltr'><strong>Romanum</strong></span> <span class='ocrx_word' id='word_1_673' title='bbox 1178 5712 1193 5736; x_wconf 87' lang='lat'><strong>,</strong></span> <span class='ocrx_word' id='word_1_674' title='bbox 1227 5665 1293 5720; x_wconf 89' lang='lat' dir='ltr'><strong>ad</strong></span> <span class='ocrx_word' id='word_1_675' title='bbox 1345 5663 1723 5734; x_wconf 86' lang='lat' dir='ltr'><strong>patriarcltam,</strong></span> <span class='ocrx_word' id='word_1_676' title='bbox 1772 5655 2122 5727; x_wconf 87' lang='lat' dir='ltr'><strong>purgavitque</strong></span> 
     </span>
    </p>
   </div>
   <div class='ocr_carea' id='block_1_90' title="bbox 532 5742 2119 5832">
    <p class='ocr_par' dir='ltr' id='par_1_90' title="bbox 532 5742 2119 5832">
     <span class='ocr_line' id='line_1_90' title="bbox 532 5742 2119 5832; baseline -0.014 -15"><span class='ocrx_word' id='word_1_677' title='bbox 532 5780 594 5818; x_wconf 82' lang='lat' dir='ltr'><strong>se</strong></span> <span class='ocrx_word' id='word_1_678' title='bbox 623 5763 794 5832; x_wconf 86' lang='lat' dir='ltr'><strong>ipsum</strong></span> <span class='ocrx_word' id='word_1_679' title='bbox 830 5762 1013 5815; x_wconf 79' lang='lat' dir='ltr'><strong>senior</strong></span> <span class='ocrx_word' id='word_1_680' title='bbox 1040 5758 1285 5813; x_wconf 87' lang='lat' dir='ltr'><strong>scribens</strong></span> <span class='ocrx_word' id='word_1_681' title='bbox 1314 5769 1377 5808; x_wconf 90' lang='lat' dir='ltr'><strong>ac</strong></span> <span class='ocrx_word' id='word_1_682' title='bbox 1414 5753 1636 5808; x_wconf 89' lang='lat' dir='ltr'><strong>dicens:</strong></span> <span class='ocrx_word' id='word_1_683' title='bbox 1670 5748 1821 5803; x_wconf 84' lang='lat' dir='ltr'><strong>Absit</strong></span> <span class='ocrx_word' id='word_1_684' title='bbox 1849 5761 1879 5799; x_wconf 91' lang='lat' dir='ltr'><strong>a</strong></span> <span class='ocrx_word' id='word_1_685' title='bbox 1907 5759 2013 5809; x_wconf 83' lang='lat' dir='ltr'><strong>tne,</strong></span> <span class='ocrx_word' id='word_1_686' title='bbox 2048 5742 2119 5795; x_wconf 87' lang='lat' dir='ltr'><strong>mi</strong></span> 
     </span>
    </p>
   </div>
   <div class='ocr_carea' id='block_1_91' title="bbox 535 5841 2118 5909">
    <p class='ocr_par' dir='ltr' id='par_1_91' title="bbox 535 5841 2118 5909">
     <span class='ocr_line' id='line_1_91' title="bbox 535 5841 2118 5909; baseline -0.011 -2"><span class='ocrx_word' id='word_1_687' title='bbox 535 5856 751 5909; x_wconf 85' lang='lat' dir='ltr'><strong>dutniue</strong></span> <span class='ocrx_word' id='word_1_688' title='bbox 793 5849 1158 5909; x_wconf 77' lang='lat' dir='ltr'><strong>sanctissime,</strong></span> <span class='ocrx_word' id='word_1_689' title='bbox 1204 5857 1257 5901; x_wconf 90' lang='lat' dir='ltr'><strong>ut</strong></span> <span class='ocrx_word' id='word_1_690' title='bbox 1302 5855 1544 5900; x_wconf 60' lang='lat' dir='ltr'><strong>sanctum</strong></span> <span class='ocrx_word' id='word_1_691' title='bbox 1591 5841 1837 5909; x_wconf 81' lang='lat' dir='ltr'><strong>angelum</strong></span> <span class='ocrx_word' id='word_1_692' title='bbox 1883 5846 2118 5893; x_wconf 82' lang='lat' dir='ltr'><strong>vestrum</strong></span> 
     </span>
    </p>
   </div>
   <div class='ocr_carea' id='block_1_92' title="bbox 2219 3317 3788 3392">
    <p class='ocr_par' dir='ltr' id='par_1_92' title="bbox 2219 3317 3788 3392">
     <span class='ocr_line' id='line_1_92' title="bbox 2219 3317 3788 3392; baseline -0.004 -13"><span class='ocrx_word' id='word_1_693' title='bbox 2219 3327 2348 3379; x_wconf 91' lang='lat' dir='ltr'><strong>tutis</strong></span> <span class='ocrx_word' id='word_1_694' title='bbox 2380 3342 2393 3377; x_wconf 91' lang='lat'><strong>:</strong></span> <span class='ocrx_word' id='word_1_695' title='bbox 2426 3335 2535 3379; x_wconf 89' lang='lat' dir='ltr'><strong>tota</strong></span> <span class='ocrx_word' id='word_1_696' title='bbox 2583 3325 2730 3380; x_wconf 89' lang='lat' dir='ltr'><strong>enim</strong></span> <span class='ocrx_word' id='word_1_697' title='bbox 2792 3322 3124 3378; x_wconf 86' lang='lat' dir='ltr'><strong>hcbdomada</strong></span> <span class='ocrx_word' id='word_1_698' title='bbox 3165 3322 3393 3392; x_wconf 87' lang='lat' dir='ltr'><strong>jejunat,</strong></span> <span class='ocrx_word' id='word_1_699' title='bbox 3440 3331 3493 3376; x_wconf 91' lang='lat' dir='ltr'><strong>et</strong></span> <span class='ocrx_word' id='word_1_700' title='bbox 3540 3317 3788 3391; x_wconf 80' lang='lat' dir='ltr'><strong>quidquid</strong></span> 
     </span>
    </p>
   </div>
   <div class='ocr_carea' id='block_1_93' title="bbox 2218 3412 3793 3483">
    <p class='ocr_par' dir='ltr' id='par_1_93' title="bbox 2218 3412 3793 3483">
     <span class='ocr_line' id='line_1_93' title="bbox 2218 3412 3793 3483; baseline -0.005 -10"><span class='ocrx_word' id='word_1_701' title='bbox 2218 3419 2270 3473; x_wconf 86' lang='lat' dir='ltr'><strong>in</strong></span> <span class='ocrx_word' id='word_1_702' title='bbox 2304 3417 2635 3474; x_wconf 84' lang='lat' dir='ltr'><strong>bebdomada</strong></span> <span class='ocrx_word' id='word_1_703' title='bbox 2669 3415 2918 3470; x_wconf 82' lang='lat' dir='ltr'><strong>laborans</strong></span> <span class='ocrx_word' id='word_1_704' title='bbox 2948 3415 3203 3481; x_wconf 84' lang='lat' dir='ltr'><strong>Iucratur,</strong></span> <span class='ocrx_word' id='word_1_705' title='bbox 3241 3422 3426 3483; x_wconf 84' lang='lat' dir='ltr'><strong>erogat</strong></span> <span class='ocrx_word' id='word_1_706' title='bbox 3466 3414 3550 3466; x_wconf 88' lang='lat' dir='ltr'><strong>his</strong></span> <span class='ocrx_word' id='word_1_707' title='bbox 3609 3413 3697 3483; x_wconf 91' lang='lat' dir='ltr'><strong>qui</strong></span> <span class='ocrx_word' id='word_1_708' title='bbox 3749 3412 3793 3465; x_wconf 89' lang='lat' dir='ltr'><strong>in</strong></span> 
     </span>
    </p>
   </div>
   <div class='ocr_carea' id='block_1_94' title="bbox 2218 3507 3792 3581">
    <p class='ocr_par' dir='ltr' id='par_1_94' title="bbox 2218 3507 3792 3581">
     <span class='ocr_line' id='line_1_94' title="bbox 2218 3507 3792 3581; baseline -0.004 -16"><span class='ocrx_word' id='word_1_709' title='bbox 2218 3513 2415 3581; x_wconf 90' lang='lat' dir='ltr'><strong>templo</strong></span> <span class='ocrx_word' id='word_1_710' title='bbox 2469 3509 2836 3565; x_wconf 86' lang='lat' dir='ltr'><strong>inveniuntur.</strong></span> <span class='ocrx_word' id='word_1_711' title='bbox 2894 3508 2989 3562; x_wconf 84' lang='lat' dir='ltr'><strong>Est</strong></span> <span class='ocrx_word' id='word_1_712' title='bbox 3044 3518 3229 3561; x_wconf 86' lang='lat' dir='ltr'><strong>autem</strong></span> <span class='ocrx_word' id='word_1_713' title='bbox 3264 3507 3420 3561; x_wconf 85' lang='lat' dir='ltr'><strong>vidua</strong></span> <span class='ocrx_word' id='word_1_714' title='bbox 3449 3509 3610 3577; x_wconf 86' lang='lat' dir='ltr'><strong>quasi</strong></span> <span class='ocrx_word' id='word_1_715' title='bbox 3639 3518 3792 3559; x_wconf 81' lang='lat' dir='ltr'><strong>anno-</strong></span> 
     </span>
    </p>
   </div>
   <div class='ocr_carea' id='block_1_95' title="bbox 2219 3598 3785 3674">
    <p class='ocr_par' dir='ltr' id='par_1_95' title="bbox 2219 3598 3785 3674">
     <span class='ocr_line' id='line_1_95' title="bbox 2219 3598 3785 3674; baseline -0.007 -13"><span class='ocrx_word' id='word_1_716' title='bbox 2219 3621 2339 3662; x_wconf 89' lang='lat' dir='ltr'><strong>rum</strong></span> <span class='ocrx_word' id='word_1_717' title='bbox 2367 3604 2657 3674; x_wconf 85' lang='lat' dir='ltr'><strong>octoginta.</strong></span> <span class='ocrx_word' id='word_1_718' title='bbox 2685 3602 2848 3658; x_wconf 88' lang='lat' dir='ltr'><strong>Sume</strong></span> <span class='ocrx_word' id='word_1_719' title='bbox 2877 3599 3036 3673; x_wconf 87' lang='lat' dir='ltr'><strong>igitur</strong></span> <span class='ocrx_word' id='word_1_720' title='bbox 3064 3600 3169 3655; x_wconf 88' lang='lat' dir='ltr'><strong>duo</strong></span> <span class='ocrx_word' id='word_1_721' title='bbox 3196 3599 3419 3665; x_wconf 86' lang='lat' dir='ltr'><strong>minuta,</strong></span> <span class='ocrx_word' id='word_1_722' title='bbox 3450 3607 3504 3654; x_wconf 90' lang='lat' dir='ltr'><strong>et</strong></span> <span class='ocrx_word' id='word_1_723' title='bbox 3531 3598 3603 3653; x_wconf 85' lang='lat' dir='ltr'><strong>da</strong></span> <span class='ocrx_word' id='word_1_724' title='bbox 3632 3598 3713 3652; x_wconf 91' lang='lat' dir='ltr'><strong>illa</strong></span> <span class='ocrx_word' id='word_1_725' title='bbox 3738 3605 3785 3651; x_wconf 86' lang='lat' dir='ltr'><strong>tu</strong></span> 
     </span>
    </p>
   </div>
   <div class='ocr_carea' id='block_1_96' title="bbox 2218 3690 3789 3768">
    <p class='ocr_par' dir='ltr' id='par_1_96' title="bbox 2218 3690 3789 3768">
     <span class='ocr_line' id='line_1_96' title="bbox 2218 3690 3789 3768; baseline -0.001 -22"><span class='ocrx_word' id='word_1_726' title='bbox 2218 3712 2430 3768; x_wconf 80' lang='lat' dir='ltr'><strong>quoque</strong></span> <span class='ocrx_word' id='word_1_727' title='bbox 2457 3696 2651 3751; x_wconf 89' lang='lat' dir='ltr'><strong>alteri:</strong></span> <span class='ocrx_word' id='word_1_728' title='bbox 2686 3705 2889 3751; x_wconf 89' lang='lat' dir='ltr'><strong>tantum</strong></span> <span class='ocrx_word' id='word_1_729' title='bbox 2922 3712 2991 3751; x_wconf 90' lang='lat' dir='ltr'><strong>ne</strong></span> <span class='ocrx_word' id='word_1_730' title='bbox 3021 3709 3239 3765; x_wconf 87' lang='lat' dir='ltr'><strong>respuas</strong></span> <span class='ocrx_word' id='word_1_731' title='bbox 3279 3707 3413 3747; x_wconf 88' lang='lat' dir='ltr'><strong>anus</strong></span> <span class='ocrx_word' id='word_1_732' title='bbox 3450 3692 3609 3747; x_wconf 88' lang='lat' dir='ltr'><strong>istius</strong></span> <span class='ocrx_word' id='word_1_733' title='bbox 3638 3690 3789 3746; x_wconf 83' lang='lat' dir='ltr'><strong>sacri-</strong></span> 
     </span>
    </p>
   </div>
   <div class='ocr_carea' id='block_1_97' title="bbox 2220 3786 3789 3859">
    <p class='ocr_par' dir='ltr' id='par_1_97' title="bbox 2220 3786 3789 3859">
     <span class='ocr_line' id='line_1_97' title="bbox 2220 3786 3789 3859; baseline -0.004 -16"><span class='ocrx_word' id='word_1_734' title='bbox 2220 3791 2421 3845; x_wconf 89' lang='lat' dir='ltr'><strong>licium.</strong></span> <span class='ocrx_word' id='word_1_735' title='bbox 2466 3789 2567 3843; x_wconf 89' lang='lat' dir='ltr'><strong>Ista</strong></span> <span class='ocrx_word' id='word_1_736' title='bbox 2618 3789 2774 3843; x_wconf 87' lang='lat' dir='ltr'><strong>nobis</strong></span> <span class='ocrx_word' id='word_1_737' title='bbox 2821 3789 3184 3859; x_wconf 89' lang='lat' dir='ltr'><strong>loquentibus,</strong></span> <span class='ocrx_word' id='word_1_738' title='bbox 3228 3801 3355 3841; x_wconf 86' lang='lat' dir='ltr'><strong>ecce</strong></span> <span class='ocrx_word' id='word_1_739' title='bbox 3402 3801 3535 3840; x_wconf 87' lang='lat' dir='ltr'><strong>auus</strong></span> <span class='ocrx_word' id='word_1_740' title='bbox 3584 3786 3789 3840; x_wconf 80' lang='lat' dir='ltr'><strong>veniens</strong></span> 
     </span>
    </p>
   </div>
   <div class='ocr_carea' id='block_1_98' title="bbox 2219 3876 3790 3949">
    <p class='ocr_par' dir='ltr' id='par_1_98' title="bbox 2219 3876 3790 3949">
     <span class='ocr_line' id='line_1_98' title="bbox 2219 3876 3790 3949; baseline -0.007 -12"><span class='ocrx_word' id='word_1_741' title='bbox 2219 3883 2325 3937; x_wconf 92' lang='lat' dir='ltr'><strong>duo</strong></span> <span class='ocrx_word' id='word_1_742' title='bbox 2373 3883 2575 3936; x_wconf 87' lang='lat' dir='ltr'><strong>minuta</strong></span> <span class='ocrx_word' id='word_1_743' title='bbox 2619 3882 2905 3949; x_wconf 81' lang='lat' dir='ltr'><strong>erogabat;</strong></span> <span class='ocrx_word' id='word_1_744' title='bbox 2937 3882 3265 3948; x_wconf 86' lang='lat' dir='ltr'><strong>veniensque</strong></span> <span class='ocrx_word' id='word_1_745' title='bbox 3308 3877 3458 3931; x_wconf 86' lang='lat' dir='ltr'><strong>dedit</strong></span> <span class='ocrx_word' id='word_1_746' title='bbox 3503 3876 3636 3931; x_wconf 85' lang='lat' dir='ltr'><strong>inihi</strong></span> <span class='ocrx_word' id='word_1_747' title='bbox 3683 3889 3790 3930; x_wconf 86' lang='lat' dir='ltr'><strong>cunt</strong></span> 
     </span>
    </p>
   </div>
   <div class='ocr_carea' id='block_1_99' title="bbox 2221 3971 3790 4043">
    <p class='ocr_par' dir='ltr' id='par_1_99' title="bbox 2221 3971 3790 4043">
     <span class='ocr_line' id='line_1_99' title="bbox 2221 3971 3790 4043; baseline -0.007 -11"><span class='ocrx_word' id='word_1_748' title='bbox 2221 3978 2367 4032; x_wconf 91' lang='lat' dir='ltr'><strong>omni</strong></span> <span class='ocrx_word' id='word_1_749' title='bbox 2415 3977 2662 4043; x_wconf 89' lang='lat' dir='ltr'><strong>silentio;</strong></span> <span class='ocrx_word' id='word_1_750' title='bbox 2704 3976 2855 4031; x_wconf 89' lang='lat' dir='ltr'><strong>dedit</strong></span> <span class='ocrx_word' id='word_1_751' title='bbox 2901 3983 3079 4029; x_wconf 87' lang='lat' dir='ltr'><strong>autem</strong></span> <span class='ocrx_word' id='word_1_752' title='bbox 3111 3981 3165 4027; x_wconf 92' lang='lat' dir='ltr'><strong>et</strong></span> <span class='ocrx_word' id='word_1_753' title='bbox 3200 3971 3345 4042; x_wconf 90' lang='lat' dir='ltr'><strong>nepti</strong></span> <span class='ocrx_word' id='word_1_754' title='bbox 3390 3986 3548 4036; x_wconf 66' lang='lat' dir='ltr'><strong>meae,</strong></span> <span class='ocrx_word' id='word_1_755' title='bbox 3580 3972 3790 4026; x_wconf 86' lang='lat' dir='ltr'><strong>dicens:</strong></span> 
     </span>
    </p>
   </div>
   <div class='ocr_carea' id='block_1_100' title="bbox 2220 4065 3796 4141">
    <p class='ocr_par' dir='ltr' id='par_1_100' title="bbox 2220 4065 3796 4141">
     <span class='ocr_line' id='line_1_100' title="bbox 2220 4065 3796 4141; baseline -0.004 -14"><span class='ocrx_word' id='word_1_756' title='bbox 2220 4072 2419 4141; x_wconf 85' lang='lat' dir='ltr'><strong>Accipe</strong></span> <span class='ocrx_word' id='word_1_757' title='bbox 2452 4072 2569 4136; x_wconf 89' lang='lat' dir='ltr'><strong>ista,</strong></span> <span class='ocrx_word' id='word_1_758' title='bbox 2602 4080 2656 4125; x_wconf 92' lang='lat' dir='ltr'><strong>et</strong></span> <span class='ocrx_word' id='word_1_759' title='bbox 2685 4069 2929 4125; x_wconf 84' lang='lat' dir='ltr'><strong>comede.</strong></span> <span class='ocrx_word' id='word_1_760' title='bbox 2959 4070 3091 4124; x_wconf 86' lang='lat' dir='ltr'><strong>Cum</strong></span> <span class='ocrx_word' id='word_1_761' title='bbox 3133 4083 3261 4138; x_wconf 90' lang='lat' dir='ltr'><strong>ergo</strong></span> <span class='ocrx_word' id='word_1_762' title='bbox 3300 4068 3553 4133; x_wconf 82' lang='lat' dir='ltr'><strong>ahiisset,</strong></span> <span class='ocrx_word' id='word_1_763' title='bbox 3592 4065 3796 4137; x_wconf 69' lang='lat' dir='ltr'><strong>agnovi-</strong></span> 
     </span>
    </p>
   </div>
   <div class='ocr_carea' id='block_1_101' title="bbox 2222 4159 3796 4233">
    <p class='ocr_par' dir='ltr' id='par_1_101' title="bbox 2222 4159 3796 4233">
     <span class='ocr_line' id='line_1_101' title="bbox 2222 4159 3796 4233; baseline -0.004 -16"><span class='ocrx_word' id='word_1_764' title='bbox 2222 4180 2340 4218; x_wconf 87' lang='lat' dir='ltr'><strong>mus</strong></span> <span class='ocrx_word' id='word_1_765' title='bbox 2370 4163 2509 4233; x_wconf 92' lang='lat' dir='ltr'><strong>quod</strong></span> <span class='ocrx_word' id='word_1_766' title='bbox 2543 4164 2685 4216; x_wconf 86' lang='lat' dir='ltr'><strong>Deus</strong></span> <span class='ocrx_word' id='word_1_767' title='bbox 2725 4163 2798 4216; x_wconf 90' lang='lat' dir='ltr'><strong>illi</strong></span> <span class='ocrx_word' id='word_1_768' title='bbox 2849 4161 3143 4215; x_wconf 84' lang='lat' dir='ltr'><strong>revelasset</strong></span> <span class='ocrx_word' id='word_1_769' title='bbox 3181 4159 3323 4229; x_wconf 87' lang='lat' dir='ltr'><strong>quod</strong></span> <span class='ocrx_word' id='word_1_770' title='bbox 3366 4159 3608 4214; x_wconf 70' lang='lat' dir='ltr'><strong>dixeram</strong></span> <span class='ocrx_word' id='word_1_771' title='bbox 3639 4159 3718 4221; x_wconf 89' lang='lat' dir='ltr'><strong>ei,</strong></span> <span class='ocrx_word' id='word_1_772' title='bbox 3746 4162 3796 4211; x_wconf 87' lang='lat' dir='ltr'><strong>ut</strong></span> 
     </span>
    </p>
   </div>
   <div class='ocr_carea' id='block_1_102' title="bbox 2221 4250 3794 4323">
    <p class='ocr_par' dir='ltr' id='par_1_102' title="bbox 2221 4250 3794 4323">
     <span class='ocr_line' id='line_1_102' title="bbox 2221 4250 3794 4323; baseline -0.004 -14"><span class='ocrx_word' id='word_1_773' title='bbox 2221 4256 2490 4323; x_wconf 81' lang='lat' dir='ltr'><strong>acciperet</strong></span> <span class='ocrx_word' id='word_1_774' title='bbox 2515 4264 2567 4309; x_wconf 90' lang='lat' dir='ltr'><strong>et</strong></span> <span class='ocrx_word' id='word_1_775' title='bbox 2597 4254 2750 4308; x_wconf 88' lang='lat' dir='ltr'><strong>alteri</strong></span> <span class='ocrx_word' id='word_1_776' title='bbox 2787 4253 3005 4322; x_wconf 88' lang='lat' dir='ltr'><strong>pauperi</strong></span> <span class='ocrx_word' id='word_1_777' title='bbox 3048 4251 3218 4306; x_wconf 84' lang='lat' dir='ltr'><strong>daret.</strong></span> <span class='ocrx_word' id='word_1_778' title='bbox 3252 4251 3392 4305; x_wconf 80' lang='lat' dir='ltr'><strong>Misit</strong></span> <span class='ocrx_word' id='word_1_779' title='bbox 3437 4250 3603 4321; x_wconf 87' lang='lat' dir='ltr'><strong>igitur</strong></span> <span class='ocrx_word' id='word_1_780' title='bbox 3648 4259 3794 4303; x_wconf 83' lang='lat' dir='ltr'><strong>unum</strong></span> 
     </span>
    </p>
   </div>
   <div class='ocr_carea' id='block_1_103' title="bbox 2221 4344 3794 4420">
    <p class='ocr_par' dir='ltr' id='par_1_103' title="bbox 2221 4344 3794 4420">
     <span class='ocr_line' id='line_1_103' title="bbox 2221 4344 3794 4420; baseline -0.007 -14"><span class='ocrx_word' id='word_1_781' title='bbox 2221 4367 2286 4406; x_wconf 84' lang='lat' dir='ltr'><strong>ex</strong></span> <span class='ocrx_word' id='word_1_782' title='bbox 2322 4351 2499 4420; x_wconf 90' lang='lat' dir='ltr'><strong>pueris</strong></span> <span class='ocrx_word' id='word_1_783' title='bbox 2527 4350 2660 4412; x_wconf 89' lang='lat' dir='ltr'><strong>suis,</strong></span> <span class='ocrx_word' id='word_1_784' title='bbox 2685 4358 2738 4403; x_wconf 93' lang='lat' dir='ltr'><strong>et</strong></span> <span class='ocrx_word' id='word_1_785' title='bbox 2762 4348 2831 4402; x_wconf 89' lang='lat' dir='ltr'><strong>de</strong></span> <span class='ocrx_word' id='word_1_786' title='bbox 2853 4347 3063 4402; x_wconf 89' lang='lat' dir='ltr'><strong>duobus</strong></span> <span class='ocrx_word' id='word_1_787' title='bbox 3091 4347 3309 4400; x_wconf 90' lang='lat' dir='ltr'><strong>minutis</strong></span> <span class='ocrx_word' id='word_1_788' title='bbox 3337 4344 3468 4400; x_wconf 91' lang='lat' dir='ltr'><strong>emit</strong></span> <span class='ocrx_word' id='word_1_789' title='bbox 3499 4345 3723 4413; x_wconf 86' lang='lat' dir='ltr'><strong>lupinos,</strong></span> <span class='ocrx_word' id='word_1_790' title='bbox 3747 4349 3794 4395; x_wconf 87' lang='lat' dir='ltr'><strong>et</strong></span> 
     </span>
    </p>
   </div>
   <div class='ocr_carea' id='block_1_104' title="bbox 2221 4437 3793 4500">
    <p class='ocr_par' dir='ltr' id='par_1_104' title="bbox 2221 4437 3793 4500">
     <span class='ocr_line' id='line_1_104' title="bbox 2221 4437 3793 4500; baseline -0.008 0"><span class='ocrx_word' id='word_1_791' title='bbox 2221 4442 2471 4500; x_wconf 87' lang='lat' dir='ltr'><strong>comedit.</strong></span> <span class='ocrx_word' id='word_1_792' title='bbox 2505 4442 2860 4497; x_wconf 80' lang='lat' dir='ltr'><strong>Asseverabat</strong></span> <span class='ocrx_word' id='word_1_793' title='bbox 2888 4450 3066 4494; x_wconf 86' lang='lat' dir='ltr'><strong>autem</strong></span> <span class='ocrx_word' id='word_1_794' title='bbox 3113 4453 3293 4492; x_wconf 87' lang='lat' dir='ltr'><strong>coram</strong></span> <span class='ocrx_word' id='word_1_795' title='bbox 3328 4437 3439 4492; x_wconf 78' lang='lat' dir='ltr'><strong>Deo</strong></span> <span class='ocrx_word' id='word_1_796' title='bbox 3470 4437 3681 4499; x_wconf 90' lang='lat' dir='ltr'><strong>dicens,</strong></span> <span class='ocrx_word' id='word_1_797' title='bbox 3710 4446 3793 4488; x_wconf 82' lang='lat' dir='ltr'><strong>eos</strong></span> 
     </span>
    </p>
   </div>
   <div class='ocr_carea' id='block_1_105' title="bbox 2226 4528 3797 4607">
    <p class='ocr_par' dir='ltr' id='par_1_105' title="bbox 2226 4528 3797 4607">
     <span class='ocr_line' id='line_1_105' title="bbox 2226 4528 3797 4607; baseline -0.008 -15"><span class='ocrx_word' id='word_1_798' title='bbox 2226 4547 2474 4607; x_wconf 87' lang='lat' dir='ltr'><strong>tanquam</strong></span> <span class='ocrx_word' id='word_1_799' title='bbox 2505 4536 2609 4590; x_wconf 88' lang='lat' dir='ltr'><strong>mel</strong></span> <span class='ocrx_word' id='word_1_800' title='bbox 2641 4535 2823 4589; x_wconf 92' lang='lat' dir='ltr'><strong>dulces</strong></span> <span class='ocrx_word' id='word_1_801' title='bbox 2864 4532 3048 4595; x_wconf 76' lang='lat' dir='ltr'><strong>fuisse,</strong></span> <span class='ocrx_word' id='word_1_802' title='bbox 3082 4532 3154 4585; x_wconf 88' lang='lat' dir='ltr'><strong>ita</strong></span> <span class='ocrx_word' id='word_1_803' title='bbox 3195 4540 3252 4585; x_wconf 90' lang='lat' dir='ltr'><strong>ut</strong></span> <span class='ocrx_word' id='word_1_804' title='bbox 3292 4530 3579 4584; x_wconf 88' lang='lat' dir='ltr'><strong>miraretur</strong></span> <span class='ocrx_word' id='word_1_805' title='bbox 3618 4538 3673 4584; x_wconf 88' lang='lat' dir='ltr'><strong>et</strong></span> <span class='ocrx_word' id='word_1_806' title='bbox 3700 4528 3797 4598; x_wconf 87' lang='lat' dir='ltr'><strong>glo-</strong></span> 
     </span>
    </p>
   </div>
   <div class='ocr_carea' id='block_1_106' title="bbox 2224 4622 3523 4696">
    <p class='ocr_par' dir='ltr' id='par_1_106' title="bbox 2224 4622 3523 4696">
     <span class='ocr_line' id='line_1_106' title="bbox 2224 4622 3523 4696; baseline -0.008 -12"><span class='ocrx_word' id='word_1_807' title='bbox 2224 4630 2457 4684; x_wconf 79' lang='lat' dir='ltr'><strong>rillcaret</strong></span> <span class='ocrx_word' id='word_1_808' title='bbox 2486 4627 2652 4683; x_wconf 89' lang='lat' dir='ltr'><strong>Deum</strong></span> <span class='ocrx_word' id='word_1_809' title='bbox 2670 4668 2684 4693; x_wconf 94' lang='lat'><strong>,</strong></span> <span class='ocrx_word' id='word_1_810' title='bbox 2711 4627 2799 4696; x_wconf 91' lang='lat' dir='ltr'><strong>qui</strong></span> <span class='ocrx_word' id='word_1_811' title='bbox 2823 4625 2914 4679; x_wconf 88' lang='lat' dir='ltr'><strong>dat</strong></span> <span class='ocrx_word' id='word_1_812' title='bbox 2943 4624 3165 4695; x_wconf 85' lang='lat' dir='ltr'><strong>gratiam</strong></span> <span class='ocrx_word' id='word_1_813' title='bbox 3192 4623 3361 4678; x_wconf 84' lang='lat' dir='ltr'><strong>servis</strong></span> <span class='ocrx_word' id='word_1_814' title='bbox 3387 4622 3523 4676; x_wconf 86' lang='lat' dir='ltr'><strong>suis.</strong></span> 
     </span>
    </p>
   </div>
   <div class='ocr_carea' id='block_1_107' title="bbox 2740 4737 3294 4796">
    <p class='ocr_par' dir='ltr' id='par_1_107' title="bbox 2740 4737 3294 4796">
     <span class='ocr_line' id='line_1_107' title="bbox 2740 4737 3294 4796; baseline -0.005 -1"><span class='ocrx_word' id='word_1_815' title='bbox 2740 4739 2968 4796; x_wconf 79' lang='lat' dir='ltr'><strong>CAPUT</strong></span> <span class='ocrx_word' id='word_1_816' title='bbox 3006 4737 3294 4795; x_wconf 81' lang='lat' dir='ltr'><strong>CXXVIII.</strong></span> 
     </span>
    </p>
   </div>
   <div class='ocr_carea' id='block_1_108' title="bbox 2230 4826 3795 4959">
    <p class='ocr_par' dir='ltr' id='par_1_108' title="bbox 2230 4826 3795 4959">
     <span class='ocr_line' id='line_1_108' title="bbox 2230 4826 3795 4959; baseline -0.009 -66"><span class='ocrx_word' id='word_1_817' title='bbox 2230 4839 2349 4894; x_wconf 81' lang='lat' dir='ltr'><strong>Vita</strong></span> <span class='ocrx_word' id='word_1_818' title='bbox 2376 4837 2615 4909; x_wconf 77' lang='lat' dir='ltr'><strong>Adelphii</strong></span> <span class='ocrx_word' id='word_1_819' title='bbox 2658 4836 2903 4959; x_wconf 54' lang='lat' dir='ltr'><strong>episcoyéih</strong></span> <span class='ocrx_word' id='word_1_820' title='bbox 2925 4834 3185 4959; x_wconf 59' lang='lat' dir='ltr'><strong>Arab‘essi,</strong></span> <span class='ocrx_word' id='word_1_821' title='bbox 3219 4843 3267 4887; x_wconf 82' lang='lat' dir='ltr'><strong>et</strong></span> <span class='ocrx_word' id='word_1_822' title='bbox 3314 4832 3377 4886; x_wconf 86' lang='lat' dir='ltr'><strong>de</strong></span> <span class='ocrx_word' id='word_1_823' title='bbox 3420 4832 3564 4885; x_wconf 86' lang='lat' dir='ltr'><strong>beato</strong></span> <span class='ocrx_word' id='word_1_824' title='bbox 3610 4826 3795 4883; x_wconf 76' lang='lat' dir='ltr'><strong>locum</strong></span> 
     </span>
     <span class='ocr_line' id='line_1_109' title="bbox 2910 4922 3217 4959; baseline 0.003 -1"><span class='ocrx_word' id='word_1_825' title='bbox 2910 4923 3052 4959; x_wconf 76' lang='lat' dir='ltr'><strong>rasos</strong></span> <span class='ocrx_word' id='word_1_826' title='bbox 3078 4922 3217 4959; x_wconf 89' lang='lat' dir='ltr'><strong>omo.</strong></span> 
     </span>
    </p>
   </div>
   <div class='ocr_carea' id='block_1_109' title="bbox 2910 4922 3217 4976">
    <p class='ocr_par' dir='ltr' id='par_1_109' title="bbox 2910 4922 3217 4976">
     <span class='ocr_line' id='line_1_110' title="bbox 2910 4922 3217 4976; baseline 0.007 -18"><span class='ocrx_word' id='word_1_827' title='bbox 2910 4922 3217 4976; x_wconf 83' lang='lat' dir='ltr'><strong>rysostomo.</strong></span> 
     </span>
    </p>
   </div>
   <div class='ocr_carea' id='block_1_110' title="bbox 2222 4996 3796 5059">
    <p class='ocr_par' dir='ltr' id='par_1_110' title="bbox 2222 4996 3796 5059">
     <span class='ocr_line' id='line_1_111' title="bbox 2222 4996 3796 5059; baseline -0.011 1"><span class='ocrx_word' id='word_1_828' title='bbox 2222 5038 2225 5041; x_wconf 57' lang='grc' dir='ltr'><strong><em>ν</em></strong></span> <span class='ocrx_word' id='word_1_829' title='bbox 2297 5004 2645 5059; x_wconf 85' lang='lat' dir='ltr'><strong>Perreximus</strong></span> <span class='ocrx_word' id='word_1_830' title='bbox 2685 5002 2750 5055; x_wconf 85' lang='lat' dir='ltr'><strong>ad</strong></span> <span class='ocrx_word' id='word_1_831' title='bbox 2782 5001 3027 5055; x_wconf 86' lang='lat' dir='ltr'><strong>abbatem</strong></span> <span class='ocrx_word' id='word_1_832' title='bbox 3073 4997 3422 5053; x_wconf 82' lang='lat' dir='ltr'><strong>Athanasium</strong></span> <span class='ocrx_word' id='word_1_833' title='bbox 3452 4996 3503 5049; x_wconf 87' lang='lat' dir='ltr'><strong>in</strong></span> <span class='ocrx_word' id='word_1_834' title='bbox 3536 4999 3796 5048; x_wconf 82' lang='lat' dir='ltr'><strong>monaste-</strong></span> 
     </span>
    </p>
   </div>
   <div class='ocr_carea' id='block_1_111' title="bbox 2229 5081 3791 5154">
    <p class='ocr_par' dir='ltr' id='par_1_111' title="bbox 2229 5081 3791 5154">
     <span class='ocr_line' id='line_1_112' title="bbox 2229 5081 3791 5154; baseline -0.01 -7"><span class='ocrx_word' id='word_1_835' title='bbox 2229 5094 2363 5148; x_wconf 91' lang='lat' dir='ltr'><strong>rium</strong></span> <span class='ocrx_word' id='word_1_836' title='bbox 2406 5095 2575 5148; x_wconf 86' lang='lat' dir='ltr'><strong>sancti</strong></span> <span class='ocrx_word' id='word_1_837' title='bbox 2621 5094 2794 5147; x_wconf 86' lang='lat' dir='ltr'><strong>Patris</strong></span> <span class='ocrx_word' id='word_1_838' title='bbox 2826 5090 2993 5146; x_wconf 90' lang='lat' dir='ltr'><strong>nostri</strong></span> <span class='ocrx_word' id='word_1_839' title='bbox 3041 5089 3215 5152; x_wconf 76' lang='lat' dir='ltr'><strong>Sabze,</strong></span> <span class='ocrx_word' id='word_1_840' title='bbox 3258 5085 3598 5154; x_wconf 87' lang='lat' dir='ltr'><strong>narravitque</strong></span> <span class='ocrx_word' id='word_1_841' title='bbox 3630 5081 3791 5142; x_wconf 83' lang='lat' dir='ltr'><strong>nobis,</strong></span> 
     </span>
    </p>
   </div>
   <div class='ocr_carea' id='block_1_112' title="bbox 2230 5173 3795 5247">
    <p class='ocr_par' dir='ltr' id='par_1_112' title="bbox 2230 5173 3795 5247">
     <span class='ocr_line' id='line_1_113' title="bbox 2230 5173 3795 5247; baseline -0.008 -9"><span class='ocrx_word' id='word_1_842' title='bbox 2230 5184 2415 5240; x_wconf 86' lang='lat' dir='ltr'><strong>dicens</strong></span> <span class='ocrx_word' id='word_1_843' title='bbox 2435 5203 2447 5238; x_wconf 91' lang='lat'>:</span> <span class='ocrx_word' id='word_1_844' title='bbox 2475 5185 2662 5239; x_wconf 87' lang='lat' dir='ltr'><strong>Audivi</strong></span> <span class='ocrx_word' id='word_1_845' title='bbox 2689 5184 2957 5237; x_wconf 79' lang='lat' dir='ltr'><strong>referente</strong></span> <span class='ocrx_word' id='word_1_846' title='bbox 2973 5181 3165 5235; x_wconf 81' lang='lat' dir='ltr'><strong>abbate</strong></span> <span class='ocrx_word' id='word_1_847' title='bbox 3186 5178 3539 5247; x_wconf 83' lang='lat' dir='ltr'><strong>Atheuogene</strong></span> <span class='ocrx_word' id='word_1_848' title='bbox 3554 5173 3795 5245; x_wconf 79' lang='lat' dir='ltr'><strong>episcopo</strong></span> 
     </span>
    </p>
   </div>
   <div class='ocr_carea' id='block_1_113' title="bbox 2231 5266 3597 5343">
    <p class='ocr_par' dir='ltr' id='par_1_113' title="bbox 2231 5266 3597 5343">
     <span class='ocr_line' id='line_1_114' title="bbox 2231 5266 3597 5343; baseline -0.01 -11"><span class='ocrx_word' id='word_1_849' title='bbox 2231 5277 2423 5343; x_wconf 63' lang='lat' dir='ltr'><strong>Petra’,</strong></span> <span class='ocrx_word' id='word_1_850' title='bbox 2460 5278 2565 5331; x_wconf 83' lang='lat' dir='ltr'><strong>ﬁlio</strong></span> <span class='ocrx_word' id='word_1_851' title='bbox 2595 5277 2878 5330; x_wconf 68' lang='lat' dir='ltr'><strong>abbatissae</strong></span> <span class='ocrx_word' id='word_1_852' title='bbox 2905 5272 3200 5340; x_wconf 75' lang='lat' dir='ltr'><strong>Damianze,</strong></span> <span class='ocrx_word' id='word_1_853' title='bbox 3231 5270 3333 5324; x_wconf 90' lang='lat' dir='ltr'><strong>tale</strong></span> <span class='ocrx_word' id='word_1_854' title='bbox 3360 5266 3555 5335; x_wconf 88' lang='lat' dir='ltr'><strong>aliquid</strong></span> <span class='ocrx_word' id='word_1_855' title='bbox 3581 5281 3597 5318; x_wconf 87' lang='lat'><strong>:</strong></span> 
     </span>
    </p>
   </div>
   <div class='ocr_carea' id='block_1_114' title="bbox 2299 5350 3795 5428">
    <p class='ocr_par' dir='ltr' id='par_1_114' title="bbox 2299 5350 3795 5428">
     <span class='ocr_line' id='line_1_115' title="bbox 2299 5350 3795 5428; baseline -0.012 -6"><span class='ocrx_word' id='word_1_856' title='bbox 2299 5368 2544 5422; x_wconf 88' lang='lat' dir='ltr'><strong>Fratrem</strong></span> <span class='ocrx_word' id='word_1_857' title='bbox 2596 5367 2780 5421; x_wconf 89' lang='lat' dir='ltr'><strong>habuit</strong></span> <span class='ocrx_word' id='word_1_858' title='bbox 2808 5366 2929 5419; x_wconf 86' lang='lat' dir='ltr'><strong>avia</strong></span> <span class='ocrx_word' id='word_1_859' title='bbox 2978 5377 3095 5416; x_wconf 87' lang='lat' dir='ltr'><strong>mea</strong></span> <span class='ocrx_word' id='word_1_860' title='bbox 3125 5361 3352 5428; x_wconf 85' lang='lat' dir='ltr'><strong>.Ioauna,</strong></span> <span class='ocrx_word' id='word_1_861' title='bbox 3391 5357 3607 5412; x_wconf 89' lang='lat' dir='ltr'><strong>nomine</strong></span> <span class='ocrx_word' id='word_1_862' title='bbox 3648 5350 3795 5409; x_wconf 80' lang='lat' dir='ltr'><strong>Adel—</strong></span> 
     </span>
    </p>
   </div>
   <div class='ocr_carea' id='block_1_115' title="bbox 2228 5443 3795 5532">
    <p class='ocr_par' dir='ltr' id='par_1_115' title="bbox 2228 5443 3795 5532">
     <span class='ocr_line' id='line_1_116' title="bbox 2228 5443 3795 5532; baseline -0.012 -17"><span class='ocrx_word' id='word_1_863' title='bbox 2228 5462 2411 5532; x_wconf 91' lang='lat' dir='ltr'><strong>phium</strong></span> <span class='ocrx_word' id='word_1_864' title='bbox 2432 5500 2447 5525; x_wconf 94' lang='lat'><strong>,</strong></span> <span class='ocrx_word' id='word_1_865' title='bbox 2480 5460 2790 5528; x_wconf 88' lang='lat' dir='ltr'><strong>episcopum</strong></span> <span class='ocrx_word' id='word_1_866' title='bbox 2817 5453 3068 5510; x_wconf 82' lang='lat' dir='ltr'><strong>Arabessi</strong></span> <span class='ocrx_word' id='word_1_867' title='bbox 3089 5495 3104 5520; x_wconf 96' lang='lat'><strong>,</strong></span> <span class='ocrx_word' id='word_1_868' title='bbox 3133 5464 3377 5507; x_wconf 87' lang='lat' dir='ltr'><strong>sororem</strong></span> <span class='ocrx_word' id='word_1_869' title='bbox 3407 5462 3620 5517; x_wconf 86' lang='lat' dir='ltr'><strong>quoque</strong></span> <span class='ocrx_word' id='word_1_870' title='bbox 3646 5443 3795 5532; x_wconf 76' lang='lat' dir='ltr'><strong>abha-</strong></span> 
     </span>
    </p>
   </div>
   <div class='ocr_carea' id='block_1_116' title="bbox 2229 5530 3793 5611">
    <p class='ocr_par' dir='ltr' id='par_1_116' title="bbox 2229 5530 3793 5611">
     <span class='ocr_line' id='line_1_117' title="bbox 2229 5530 3793 5611; baseline -0.017 -2"><span class='ocrx_word' id='word_1_871' title='bbox 2229 5530 2414 5609; x_wconf 80' lang='lat' dir='ltr'><strong>tissam</strong></span> <span class='ocrx_word' id='word_1_872' title='bbox 2445 5550 2759 5606; x_wconf 81' lang='lat' dir='ltr'><strong>monasterii</strong></span> <span class='ocrx_word' id='word_1_873' title='bbox 2805 5548 3108 5602; x_wconf 88' lang='lat' dir='ltr'><strong>mulierum.</strong></span> <span class='ocrx_word' id='word_1_874' title='bbox 3139 5544 3376 5611; x_wconf 87' lang='lat' dir='ltr'><strong>Quadam</strong></span> <span class='ocrx_word' id='word_1_875' title='bbox 3408 5554 3538 5595; x_wconf 87' lang='lat' dir='ltr'><strong>vero</strong></span> <span class='ocrx_word' id='word_1_876' title='bbox 3565 5537 3651 5592; x_wconf 89' lang='lat' dir='ltr'><strong>die</strong></span> <span class='ocrx_word' id='word_1_877' title='bbox 3677 5530 3793 5587; x_wconf 88' lang='lat' dir='ltr'><strong>abiit</strong></span> 
     </span>
    </p>
   </div>
   <div class='ocr_carea' id='block_1_117' title="bbox 2229 5621 3789 5713">
    <p class='ocr_par' dir='ltr' id='par_1_117' title="bbox 2229 5621 3789 5713">
     <span class='ocr_line' id='line_1_118' title="bbox 2229 5621 3789 5713; baseline -0.017 -13"><span class='ocrx_word' id='word_1_878' title='bbox 2229 5646 2517 5713; x_wconf 85' lang='lat' dir='ltr'><strong>episcopus</strong></span> <span class='ocrx_word' id='word_1_879' title='bbox 2546 5642 2611 5696; x_wconf 86' lang='lat' dir='ltr'><strong>ad</strong></span> <span class='ocrx_word' id='word_1_880' title='bbox 2658 5637 3046 5694; x_wconf 85' lang='lat' dir='ltr'><strong>monasterium</strong></span> <span class='ocrx_word' id='word_1_881' title='bbox 3075 5632 3355 5688; x_wconf 78' lang='lat' dir='ltr'><strong>visitandat</strong></span> <span class='ocrx_word' id='word_1_882' title='bbox 3384 5631 3589 5683; x_wconf 86' lang='lat' dir='ltr'><strong>sororis</strong></span> <span class='ocrx_word' id='word_1_883' title='bbox 3615 5621 3789 5693; x_wconf 78' lang='lat' dir='ltr'><strong>gratia.</strong></span> 
     </span>
    </p>
   </div>
   <div class='ocr_carea' id='block_1_118' title="bbox 2229 5721 3791 5793">
    <p class='ocr_par' dir='ltr' id='par_1_118' title="bbox 2229 5721 3791 5793">
     <span class='ocr_line' id='line_1_119' title="bbox 2229 5721 3791 5793; baseline -0.019 0"><span class='ocrx_word' id='word_1_884' title='bbox 2229 5738 2294 5793; x_wconf 79' lang='lat' dir='ltr'><strong>Et</strong></span> <span class='ocrx_word' id='word_1_885' title='bbox 2324 5752 2445 5791; x_wconf 91' lang='lat' dir='ltr'><strong>cum</strong></span> <span class='ocrx_word' id='word_1_886' title='bbox 2470 5735 2690 5789; x_wconf 87' lang='lat' dir='ltr'><strong>intraret</strong></span> <span class='ocrx_word' id='word_1_887' title='bbox 2716 5732 2907 5786; x_wconf 89' lang='lat' dir='ltr'><strong>atrium</strong></span> <span class='ocrx_word' id='word_1_888' title='bbox 2936 5726 3278 5791; x_wconf 89' lang='lat' dir='ltr'><strong>monasterii,</strong></span> <span class='ocrx_word' id='word_1_889' title='bbox 3310 5724 3437 5778; x_wconf 89' lang='lat' dir='ltr'><strong>vidit</strong></span> <span class='ocrx_word' id='word_1_890' title='bbox 3462 5721 3623 5792; x_wconf 71' lang='grc' dir='ltr'><strong>θοι</strong></span> <span class='ocrx_word' id='word_1_891' title='bbox 3650 5727 3791 5769; x_wconf 82' lang='lat' dir='ltr'><strong>unam</strong></span> 
     </span>
    </p>
   </div>
   <div class='ocr_carea' id='block_1_119' title="bbox 2228 5812 3791 5890">
    <p class='ocr_par' dir='ltr' id='par_1_119' title="bbox 2228 5812 3791 5890">
     <span class='ocr_line' id='line_1_120' title="bbox 2228 5812 3791 5890; baseline -0.019 -5"><span class='ocrx_word' id='word_1_892' title='bbox 2228 5829 2293 5885; x_wconf 92' lang='lat' dir='ltr'><strong>de</strong></span> <span class='ocrx_word' id='word_1_893' title='bbox 2323 5825 2601 5884; x_wconf 87' lang='lat' dir='ltr'><strong>sororibus</strong></span> <span class='ocrx_word' id='word_1_894' title='bbox 2631 5840 2659 5877; x_wconf 87' lang='lat' dir='ltr'><strong>a</strong></span> <span class='ocrx_word' id='word_1_895' title='bbox 2689 5823 2934 5879; x_wconf 72' lang='lat' dir='ltr'><strong>(Immone</strong></span> <span class='ocrx_word' id='word_1_896' title='bbox 2977 5827 3309 5890; x_wconf 86' lang='lat' dir='ltr'><strong>correptam,</strong></span> <span class='ocrx_word' id='word_1_897' title='bbox 3338 5824 3391 5872; x_wconf 85' lang='lat' dir='ltr'><strong>et</strong></span> <span class='ocrx_word' id='word_1_898' title='bbox 3417 5812 3473 5868; x_wconf 91' lang='lat' dir='ltr'><strong>in</strong></span> <span class='ocrx_word' id='word_1_899' title='bbox 3506 5812 3791 5881; x_wconf 82' lang='lat' dir='ltr'><strong>pavimento</strong></span> 
     </span>
    </p>
   </div>
  </div>
