3982 6354
242 328 340 419 185

1509 318 1793 378 PRATUM
1831 323 2262 383 SPIRITUALE.

3409 329 3508 384 186

239 440 877 515 projectsm.Convocans
897 438 1056 510 igitur
1074 439 1356 510 episcopus
1374 452 1616 501 sororem
1638 455 1814 505 suam,
1851 442 1896 499 Α
1925 458 2084 511 quam
2110 458 2248 498 unus
2288 443 2404 498 sine
2430 452 2601 499 altero
2632 444 3058 514 proﬁciscentes.
3091 446 3330 515 Quadam
3375 462 3507 519 ergo

237 538 311 593 ait
355 536 427 589 illi
463 549 479 589 :
513 533 764 589 Placetne
805 530 902 588 tibi
949 544 1007 588 ut
1052 548 1209 588 soror
1252 533 1352 586 ista
1397 532 1741 600 perturbetur
1789 548 1817 584 a

239 627 497 692 daamone,
527 636 579 681 et
613 624 1027 680 dehonestetur‘!
1058 624 1137 678 An
1166 626 1377 691 ignoras
1405 624 1526 692 quia
1554 622 1814 692 judicium

238 732 413 789 portas
439 720 677 773 omnium
705 732 970 777 sororum,
999 727 1053 770 ut
1075 716 1383 771 abbatissa?
1406 718 1533 782 Qure
1560 717 1702 769 dixit
1724 710 1776 768 ei
1805 734 1818 769 :

239 809 303 863 Et
346 825 444 879 ego
495 809 625 879 quid
674 825 891 879 possum
942 808 1121 863 facere
1171 807 1431 863 adversus
1479 808 1820 860 damionem?

238 902 528 971 Episcopus
574 910 753 956 autem
794 917 1006 956 rursum
1055 901 1193 954 dixit
1220 901 1267 953 ei
1302 917 1313 952 :
1350 898 1416 951 Et
1455 886 1582 967 quid
1616 899 1699 951 hic
1741 908 1823 951 tot

237 994 384 1048 annis
426 993 597 1048 facis?
630 993 899 1060 Factaque
927 992 1191 1056 oratione,
1224 989 1505 1059 episcopus
1544 988 1822 1042 mandavit

236 1102 264 1141 a
292 1088 536 1142 daemone
562 1102 807 1141 sororem
833 1086 998 1139 illam.

303 1177 503 1233 Rursus
534 1176 675 1232 idem
725 1176 889 1231 abbas
920 1173 1242 1230 Athanasius
1281 1172 1514 1226 narravit
1556 1170 1709 1224 nobis
1738 1170 1807 1225 de

236 1273 418 1327 eodem
451 1273 715 1341 episcopo
743 1267 1036 1337 Adelphio,
1069 1266 1276 1330 dicens,
1310 1280 1429 1319 sese
1457 1264 1819 1319 venerabilem

237 1359 490 1418 Joannam
538 1376 783 1417 sororem
851 1359 1017 1430 ipsius
1074 1358 1143 1411 ita
1197 1357 1517 1411 referentem
1566 1355 1818 1409 audisse:

240 1454 368 1510 Cum
442 1454 825 1509 sanctissimus
870 1455 1150 1522 episcopus
1198 1448 1823 1518 Constantinopolitanus

239 1542 465 1605 Joannes
494 1548 919 1619 Chrysostomus
951 1545 1005 1599 in
1035 1546 1301 1601 Cncusum
1335 1545 1385 1598 in
1420 1543 1662 1598 exsilium
1695 1544 1825 1597 mis-

240 1654 327 1693 sus
351 1647 455 1703 est,
480 1638 532 1691 in
559 1638 723 1692 domo
753 1646 936 1691 nostra
973 1636 1194 1689 mansit.
1225 1635 1302 1688 Ex
1330 1635 1433 1687 hoc
1456 1634 1613 1702 igitur
1636 1632 1822 1701 ingen-

240 1741 339 1788 tem
368 1730 748 1786 conﬁdentiam
778 1737 832 1784 et
860 1728 1180 1783 cbaritatem
1213 1726 1497 1781 habuimus
1521 1726 1588 1780 ad
1629 1726 1817 1780 Deum.

240 1823 454 1880 Dicebat
481 1838 616 1892 ergo
645 1822 811 1877 frater
839 1835 988 1876 meus
1012 1818 1305 1886 Adelphins
1332 1834 1346 1872 :
1371 1816 1503 1871 Cum
1543 1817 1594 1871 in
1626 1816 1820 1871 exsilio
1853 1808 1902 1869 B

243 1926 476 1971 mortuus
506 1920 654 1969 esset
676 1912 1025 1967 beatissimus
1060 1910 1316 1973 Joannes,
1346 1908 1589 1962 dolorem
1630 1904 1825 1978 pertuli

244 2006 635 2069 incredibilem,
663 2003 804 2075 quod
831 2004 952 2057 talis
994 2018 1058 2057 ac
1088 2011 1267 2055 tantus
1292 2000 1398 2066 vir,
1429 2001 1681 2071 orbisque
1718 2014 1826 2053 ma-

243 2100 421 2167 gister,
448 2096 730 2151 lmtiﬁcans
761 2094 1055 2149 Ecclesiam
1097 2092 1215 2157 Dei,
1260 2107 1290 2145 a
1322 2092 1515 2145 throno
1543 2106 1641 2145 suo
1674 2090 1825 2145 exsul

245 2185 516 2244 defunctus
556 2194 664 2241 est.
711 2184 1055 2254 Deprecabar
1084 2198 1232 2250 ergo,
1281 2182 1471 2251 inquit,
1505 2182 1668 2234 Deum
1706 2195 1825 2234 cum

242 2280 414 2337 multis
442 2276 724 2348 lacrymis,
786 2285 843 2329 ut
888 2274 1175 2329 ostendere
1215 2274 1341 2327 mihi
1390 2274 1722 2342 dignaretur,
1772 2272 1825 2326 in

244 2388 344 2446 quo
368 2382 505 2426 statu
536 2377 702 2433 esset,
735 2381 788 2423 et
830 2383 897 2422 an
942 2382 1064 2421 cum
1097 2366 1424 2435 patriarchis
1448 2366 1829 2419 adnumeratus

246 2475 399 2522 esset.
432 2463 567 2517 Cum
600 2476 729 2531 ergo
756 2460 957 2514 diutius
987 2474 1245 2522 orassent,
1279 2457 1329 2510 in
1372 2457 1571 2511 exstasi
1604 2455 1826 2511 effectus

249 2571 381 2619 sum,
428 2553 725 2623 aspexique
755 2552 925 2605 virum
965 2551 1124 2603 nimis
1148 2547 1473 2616 Speciosum,
1507 2546 1617 2614 qui-
1644 2557 1831 2600 tenens

250 2659 453 2699 manum
479 2643 759 2696 dexteram
784 2654 978 2702 meam,
1010 2638 1228 2693 adduxit
1254 2653 1338 2691 me
1361 2634 1413 2689 in
1443 2640 1617 2690 locum
1643 2651 1832 2705 quem-

250 2734 363 2789 datn
386 2734 654 2788 illustrem
682 2742 736 2786 et
755 2731 1223 2801 gloriosissimum,
1248 2728 1667 2797 ostendebatque
1695 2728 1828 2781 mihi

252 2824 480 2878 ecclesia:
502 2824 778 2877 doctores.
809 2821 919 2889 Ego
942 2834 1069 2874 vero
1093 2818 1617 2887 circumspiciebam,
1643 2820 1828 2872 videre

255 2935 346 2986 qui
365 2933 486 2973 rens
512 2932 676 2987 quem
700 2914 1001 2983 cupiebam,
1036 2929 1284 2982 magnum
1306 2913 1566 2967 Joannem
1595 2912 1834 2966 dilectis-

252 3010 433 3063 simum
465 3023 669 3063 meum.
721 3004 853 3060 Cum
898 3020 1025 3074 ergo
1073 3003 1396 3058 ostendisset
1442 3002 1569 3055 mihi
1615 3017 1828 3068 Omnes,

256 3110 307 3156 et
332 3099 753 3170 uniuscujusque
789 3096 1059 3167 promium
1084 3110 1277 3149 nomen
1302 3093 1676 3162 expressisset,
1711 3107 1831 3146 rur-

1922 537 2011 591 die
2030 537 2197 604 venit,
2231 536 2503 591 nesciente
2534 537 2681 592 socio
2700 552 2820 602 suo,
2862 536 2997 592 alter
3017 536 3083 592 ad
3125 538 3308 604 illum;
3347 554 3505 595 eum-

1922 642 2027 696 que
2063 628 2240 692 plures
2268 627 2426 680 horas
2458 627 2694 694 pulsaret
2734 629 2971 696 ianuam,
3016 629 3184 683 noluit
3223 629 3294 682 illi
3340 645 3506 684 senex

1922 717 2155 785 aperire,
2186 718 2260 771 ita
2305 725 2362 770 ut
2389 718 2477 771 ille
2519 718 2677 772 taadio
2705 718 2946 773 devictus
2979 729 3366 775 reverteretur.
3403 722 3510 775 lle-

1924 808 2147 862 vertenti
2179 817 2355 862 autem
2391 809 2625 863 occurrit
2660 811 2864 863 amicus
2894 810 3031 876 ejus,
3056 825 3285 879 pergens
3309 821 3362 864 et
3393 811 3510 878 ipse

1926 901 1991 953 ad
2018 901 2290 972 Stylitem,
2314 915 2631 971 rursumque
2654 900 2864 955 reduxit
2888 918 3009 956 eum
3032 917 3240 968 secum,
3272 910 3333 956 ut
3351 902 3512 955 ambo

1924 992 2083 1045 simul
2118 992 2527 1059 ingrederentur
2556 992 2622 1046 ad
2652 1006 2861 1048 aettem.
2900 990 3032 1047 Cum
3063 1008 3193 1062 ergo
3233 993 3512 1064 pulsarent

1922 1084 2159 1154 januam,
2212 1085 2483 1139 mandavit
2525 1100 2689 1141 senex
2740 1094 2796 1139 ut
2832 1086 2923 1156 qui
2956 1087 3221 1155 posterior
3258 1096 3505 1153 venerat,

1925 1175 2293 1244 ingrederetur
2350 1177 2517 1229 solus.
2579 1175 2961 1245 Ingressusque
3011 1177 3279 1244 posterior
3336 1178 3508 1245 capit

1927 1284 2117 1337 rogare
2166 1284 2376 1332 senem,
2412 1278 2466 1323 ut
2519 1277 2577 1323 et
2615 1271 2750 1323 alius
2799 1269 3065 1323 introiret.
3112 1269 3287 1323 Senex
3330 1278 3510 1324 autem

1926 1359 2059 1414 dixit
2081 1360 2130 1414 ei
2162 1374 2220 1413 se
2262 1374 2368 1412 non
2401 1373 2559 1427 posse
2602 1358 2752 1412 illum
2792 1361 3088 1428 suscipere.
3132 1358 3511 1414 Perseveranti

1926 1468 2075 1519 vero,
2105 1464 2157 1509 et
2195 1468 2292 1523 per
2339 1453 2558 1506 multam
2595 1452 2779 1505 horam
2828 1452 3138 1519 deprecanti
3180 1451 3255 1505 ait
3299 1467 3509 1506 senex:

1928 1546 2068 1599 Deus
2099 1546 2246 1599 illum
2278 1556 2577 1608 aversatur,
2604 1546 2701 1609 ﬁli,
2728 1553 2782 1599 et
2802 1560 2899 1613 ego
2930 1544 3077 1598 illum
3105 1547 3379 1615 suscipere
3402 1561 3508 1599 non

1926 1650 2164 1705 possum.
2206 1636 2449 1703 Cumque
2498 1635 2564 1689 ad
2598 1636 2809 1704 prepria
2854 1635 3161 1702 rediissent,
3212 1645 3333 1705 post
3378 1635 3515 1691 duos

1925 1728 2045 1783 dies
2076 1728 2166 1781 ille
2195 1727 2481 1782 defunctus
2509 1738 2627 1781 est-

2474 1819 2704 1877 CAPUT
2740 1818 2954 1874 CXXX.

1928 1912 2317 1967 Admonitiones
2338 1913 2533 1967 abbatis
2556 1913 2852 1979 Athanasii,
2884 1922 2931 1965 et
2955 1911 3205 1966 mirabilis
3224 1915 3337 1983 ejus
3367 1913 3518 1967 visio.

2002 2005 2222 2059 Dicebat
2246 2006 2384 2060 idem
2414 2007 2578 2059 abbas
2604 2005 2958 2059 Athanasius:
2981 2005 3167 2060 Patres
3196 2006 3363 2060 nostri
3390 2021 3517 2061 cond

1931 2097 2242 2164 tinentiam,
2304 2109 2361 2154 et
2417 2110 2817 2169 paupertatem,
2874 2112 2937 2152 ac
2981 2099 3279 2153 nuditatem
3337 2113 3517 2153 rerum

1930 2193 2167 2243 omnium
2215 2203 2385 2257 usque
2414 2189 2480 2242 ad
2524 2199 2752 2243 mortem
2785 2200 3165 2256 servaverunt;
3201 2206 3299 2245 nos
3342 2199 3520 2247 autem

1936 2293 2151 2336 ventres
2177 2292 2389 2336 nostros
2423 2290 2478 2335 et
2502 2290 2787 2337 crumenas
2818 2281 3177 2338 dilatavimus.

2006 2373 2154 2428 Dixit
2203 2374 2394 2427 iterum
2443 2387 2647 2429 senex:
2678 2373 2788 2428 Sub
2827 2373 3072 2428 Patribus
3103 2374 3301 2427 nostris
3329 2374 3381 2426 in
3411 2381 3519 2427 stu-

1934 2464 2027 2520 dio
2080 2474 2220 2529 erat,
2272 2465 2651 2518 distractiones
2698 2464 2860 2518 animi
2906 2466 3109 2528 vitare;
3140 2464 3339 2519 nostris
3392 2478 3524 2520 veto

1937 2557 2268 2625 temporibus
2295 2560 2403 2612 olla
2432 2557 2685 2622 obtinuit,
2713 2566 2769 2612 et
2788 2572 2923 2626 Oplls
2951 2572 3227 2612 manuum.

2005 2650 2253 2703 Narravit
2286 2648 2439 2703 nobis
2477 2658 2531 2704 et
2571 2648 2713 2703 istud
2744 2649 2910 2702 abbas
2957 2648 3285 2702 Athanasius
3326 2646 3394 2701 de
3441 2661 3522 2708 se.

1940 2740 2118 2806 Venit,
2157 2740 2423 2809 inquiens,
2474 2740 2605 2796 mihi
2649 2741 2936 2811 aliquando
2982 2722 3259 2809 cogitatio,
3289 2738 3476 2793 dicens
3509 2755 3553 2799 ε,

1936 2832 2074 2899 Quid
2110 2842 2264 2898 putas
2293 2833 2399 2887 erit
2426 2831 2754 2886 certantibus
2801 2842 2854 2885 et
2900 2847 3008 2885 non
3060 2828 3429 2885 certantibus?
3462 2828 3523 2883 Et

1937 2937 2057 2977 cum
2086 2920 2257 2975 factus
2284 2936 2459 2976 essem
2486 2922 2539 2975 in
2577 2922 2770 2985 extasi,
2805 2923 2953 2975 venit
2982 2921 3048 2974 ad
3080 2936 3165 2975 me
3204 2919 3417 2988 quidam
3444 2920 3523 2971 di-

1939 3027 2070 3066 cens
2107 3010 2237 3065 mihi
2264 3030 2275 3065 :
2305 3014 2543 3081 Sequere
2590 3026 2677 3066 me
2706 3028 2719 3075 ;
2765 3011 3091 3078 adduxitque
3125 3026 3212 3065 me
3243 3012 3293 3064 in
3338 3024 3524 3079 quem-

1940 3102 2061 3156 dam
2094 3104 2269 3156 locum
2313 3103 2522 3170 plenum
2556 3103 2774 3156 luminis
2802 3112 2860 3157 et
2883 3104 3086 3172 gloriae,
3121 3102 3415 3171 statuitque
3438 3115 3524 3155 me

250 3206 340 3250 eus
367 3203 560 3249 tenens
601 3206 686 3245 me
734 3206 828 3259 per
855 3203 1093 3254 manum,
1146 3186 1330 3241 eduxit
1378 3199 1463 3238 me
1507 3183 1668 3238 foras.
1722 3183 1827 3252 Egn

1940 3195 2085 3265 juxta
2119 3210 2276 3249 unam
2303 3200 2547 3264 januam,
2579 3196 2733 3265 cujus
2760 3197 2965 3266 Species
2989 3194 3229 3250 enarrari
3260 3208 3365 3248 non
3409 3201 3525 3262 pot-

257 3296 428 3342 antem
474 3285 744 3354 sequebar
795 3284 943 3336 illum
1001 3280 1192 3343 tristis,
1236 3277 1376 3348 quod
1421 3290 1553 3331 non'
1579 3275 1831 3329 vidissem

258 3395 373 3435 cum
395 3389 502 3450 pati
517 3380 644 3434 ibus
672 3388 724 3430 et
747 3375 997 3430 Ecclesia:
1012 3372 1296 3442 magistris
1318 3372 1529 3425 beatum
1546 3370 1831 3423 Joannem.

255 3474 376 3527 Cum
403 3476 587 3543 itaque
615 3470 920 3539 egrederer,
966 3468 1010 3521 is
1036 3466 1125 3536 qui
1161 3474 1383 3531 prazerat
1412 3464 1615 3533 janum,
1648 3478 1836 3533 appre-

260 3565 490 3622 hendens
526 3580 617 3621 me
646 3564 780 3618 dixit
821 3563 949 3616 mihi
978 3582 991 3614 :
1016 3560 1152 3627 Quid
1196 3558 1517 3613 habes?cur
1543 3560 1711 3613 tristis
1738 3559 1836 3613 es?

261 3677 411 3716 nemo
432 3677 668 3732 unquam
695 3661 798 3714 huc
821 3657 1112 3729 ingressus,
1149 3655 1317 3710 tristis
1342 3656 1525 3710 exivit.
1554 3654 1706 3711 Tunc
1727 3656 1835 3709 dixi

261 3753 334 3810 illi
364 3772 376 3807 :
402 3754 526 3809 Haec
557 3752 685 3807 mihi
731 3766 892 3805 causa
942 3750 1188 3803 mreroris
1234 3759 1337 3817 est,
1364 3748 1502 3816 quod
1533 3746 1838 3802 amantissi-

264 3860 401 3898 mum
460 3844 569 3899 mei
622 3842 882 3897 Joannem
942 3844 1250 3908 episc0pum
1293 3834 1836 3906 Constantinopolita-

265 3950 387 3990 num
424 3952 529 3991 una
559 3950 677 3989 cum
710 3932 916 3987 cateris
941 3931 1247 3984 doctoribus
1289 3944 1392 3981 non
1438 3927 1566 3980 vidi.
1602 3926 1832 3980 Rursum

258 4029 383 4083 dixit
423 4026 878 4083 mihizloannem
927 4023 1060 4075 dicis
1094 4020 1423 4090 pmnitentiae
1463 4018 1685 4071 ducem?
1734 4016 1835 4070 Aio

260 4135 353 4190 ego
392 4140 404 4174 :
449 4122 605 4175 illum
658 4134 807 4172 sane.
867 4116 1215 4182 Respondeas
1264 4123 1439 4167 autem
1488 4111 1619 4165 dixit
1660 4110 1832 4164 mihi:

238 4209 428 4282 ipsum
453 4214 619 4267 homo
652 4214 701 4264 in
729 4226 889 4264 carne
920 4211 1106 4262 vivens
1139 4206 1321 4260 videre
1364 4222 1467 4259 non
1501 4212 1693 4276 potest,
1728 4205 1836 4259 illic

260 4303 394 4360 enim
427 4305 648 4370 assistit,
679 4304 767 4357 ubi
794 4303 1017 4354 thronus
1056 4311 1137 4353 est
1172 4300 1403 4354 Domini.

782 4392 1008 4447 CAPUT
1048 4390 1287 4445 (LXXIX.

711 4483 831 4539 Vita
856 4482 1125 4553 cujusdam
1164 4481 1386 4551 Stylita'.

1941 3300 2026 3344 est
2050 3288 2432 3345 :audiebamus
2472 3297 2649 3341 autem
2698 3287 2920 3342 interius
2950 3287 3100 3356 quasi
3131 3283 3525 3339 multitudinem

1944 3380 2386 3435 innumerabilem
2427 3379 2754 3434 laudantium
2787 3379 2977 3433 Deum.
3011 3376 3255 3445 Cumque
3287 3375 3525 3441 pulsare-

1944 3489 2084 3539 mus,
2130 3474 2331 3527 audivit
2375 3473 2634 3542 quispiam
2684 3472 2849 3536 intus,
2901 3480 2955 3525 et
2999 3471 3160 3541 902
3184 3466 3524 3536 dixitzQuid

1943 3567 2140 3621 vultis?
2172 3567 2258 3621 Ait
2284 3566 2474 3620 ductor
2506 3580 2660 3619 meus
2686 3582 2700 3619 :
2724 3563 2934 3633 ingredi
2982 3564 3249 3614 volumus.
3283 3559 3525 3628 Respon-

1943 3661 2020 3715 dit
2048 3660 2137 3715 ille
2162 3677 2174 3712 :
2200 3659 2313 3713 Non
2346 3660 2451 3713 huc
2476 3658 2803 3727 ingredietur
2822 3658 3083 3725 quispiam
3117 3654 3168 3707 in
3201 3650 3524 3721 negligentia

1942 3752 2171 3823 degens;
2205 3750 2300 3806 sed
2348 3750 2393 3805 si
2424 3750 2633 3815 intrare
2677 3748 2861 3812 vultis,
2908 3746 3073 3813 abite,
3122 3754 3345 3810 certate,
3388 3743 3523 3799 nihil

1943 3844 2271 3896 a‘stimantes
2297 3841 2557 3895 vanitates
2582 3838 2784 3893 smculi.

2489 3929 2716 3983 CAPUT
2753 3926 2989 3982 CXXXL

2259 4022 2371 4077 i’ita
2401 4024 2593 4077 abbatis
2615 4024 2821 4078 Zachwi
2843 4033 3033 4077 sanctae
3064 4022 3213 4078 Sion.

2014 4115 2259 4169 Narravit
2288 4116 2441 4168 nobis
2481 4115 2772 4183 Procopius
2809 4114 3161 4168 scholasticus
3191 4112 3521 4186 Porphyrem

1941 4208 2079 4263 nites
2113 4207 2182 4262 de
2228 4204 2417 4263 abbate
2464 4207 2713 4273 Zachaeo,
2757 4207 2983 4262 dicens:
3017 4206 3133 4261 Duo
3180 4206 3272 4260 filii
3315 4207 3420 4262 mei
3474 4207 3521 4261 in

1941 4303 2188 4358 Ctesarea
2214 4302 2514 4372 degebant;
2550 4303 2684 4356 facta
2719 4312 2801 4355 est
2844 4312 3019 4356 autem
3051 4302 3102 4354 in
3134 4300 3376 4355 Ctesarea
3403 4315 3520 4352 ma-

1941 4409 2040 4463 gna
2069 4392 2623 4461 martalitas,'egoque
2652 4389 2926 4460 affligebar
2950 4398 3165 4457 propter
3189 4390 3322 4440 filios
3354 4402 3522 4449 meos.

1941 4499 2009 4539 ne
2039 4491 2400 4549 morerentur,
2428 4493 2483 4537 et
2512 4484 2823 4552 ignorabam
2856 4480 2979 4550 quid
3002 4494 3235 4548 agerem.
3268 4478 3520 4533 Dicebam

331 4576 506 4635 Abbas
537 4577 681 4633 idem
711 4574 1034 4631 Athanasius
1066 4576 1300 4629 narravit
1332 4574 1504 4643 nobis,
1538 4572 1749 4627 audisse
1772 4586 1830 4626 se
1864 4572 1912 4630 D
1938 4585 2114 4630 autem
2145 4575 2197 4628 in
2243 4590 2328 4629 me
2358 4576 2512 4643 ipso:
2539 4575 2593 4629 Si
2638 4575 2842 4627 mittam
2882 4582 2935 4627 et
2966 4572 3221 4639 accipiam
3253 4586 3347 4624 eos
3377 4571 3519 4639 inde,

262 4682 559 4727 narrantem
585 4670 832 4724 abbatem
861 4666 1260 4735 Athenngenem
1300 4666 1606 4734 episcopum
1642 4665 1833 4730 Petrae,

260 4765 465 4832 quodin
490 4763 760 4834 provincia
790 4776 884 4813 sua
911 4760 1065 4814 fuerit
1084 4758 1302 4829 Stylites
1319 4758 1557 4827 quidam,
1586 4756 1649 4810 ad
1675 4771 1833 4825 quem

258 4870 438 4911 omnes
473 4855 565 4922 qui
614 4854 921 4914 veniebant,
958 4851 1178 4905 inferius
1221 4859 1424 4903 stantes
1457 4849 1831 4917 laquebantur,

255 4960 320 5001 eo
346 4948 482 5015 quod
506 4962 612 5001 non
642 4945 867 4998 haberet
895 4942 1118 4996 scalam.
1152 4940 1205 4997 Si
1231 4942 1442 5010 quando
1474 4941 1632 5009 igitur
1661 4940 1831 4993 dixis-

257 5049 333 5092 set
364 5040 435 5093 illi
460 5041 623 5093 frater
651 5056 665 5091 :
697 5037 835 5091 Volo
865 5036 954 5089 tibi
982 5036 1159 5088 dicere
1183 5034 1591 5103 cogitationem;
1616 5032 1830 5086 diccbat

254 5130 434 5199 etipse
464 5132 535 5185 illi
573 5131 678 5184 leni
702 5145 858 5183 voce:
886 5127 1017 5181 Veni
1049 5126 1112 5180 ad
1142 5126 1337 5196 gradus
1367 5126 1661 5187 columna};
1703 5125 1833 5177 ibat-

257 5234 355 5288 que
376 5221 564 5289 ipsead
594 5220 749 5273 aliam
773 5219 1037 5293 columna:
1064 5227 1301 5287 partem;
1333 5225 1387 5270 et
1422 5216 1493 5270 ita
1529 5216 1827 5285 loqueban-

257 5318 338 5364 tur
382 5324 587 5377 mutuo,
636 5312 827 5382 Stylita
875 5311 1089 5379 quidem
1136 5312 1381 5378 superius
1424 5317 1622 5370 stante,
1666 5308 1829 5362 fratre

258 5410 425 5455 autem
476 5404 720 5458 interius.
777 5400 1107 5455 Czeterorum
1158 5416 1285 5455 vero
1331 5401 1422 5467 qui
1472 5401 1826 5467 assistebant,

256 5486 426 5548 nullus
442 5510 503 5548 ea
527 5511 641 5563 qua:
672 5496 986 5549 dict'bantur
1016 5495 1201 5549 audire
1233 5503 1462 5561 poterat.

321 5582 537 5641 Dicebat
575 5596 632 5641 et
671 5587 770 5641 hoc
792 5587 957 5640 abbas
981 5588 1357 5656 Athenogenes
1387 5586 1454 5639 de
1488 5586 1676 5640 eodem
1702 5586 1827 5658 Sty-

238 5671 362 5747 Alita,
385 5679 519 5747 quod
549 5679 655 5732 duo
694 5681 981 5734 sarculares
1020 5695 1079 5734 se
1118 5689 1303 5734 mutuo
1331 5679 1484 5732 valde
1518 5678 1823 5750 diligentes,

255 5771 531 5839 pergebant
558 5772 624 5827 ad
650 5788 773 5828 eutn
807 5773 987 5829 multis
1020 5774 1175 5828 annis
1204 5772 1359 5827 ambo
1391 5772 1568 5838 simul,
1604 5782 1651 5827 et
1691 5789 1826 5827 nvn-

1943 4668 2074 4721 iram
2120 4666 2211 4721 Dei
2254 4668 2434 4735 fugere
2466 4666 2721 4737 possibile
2767 4681 2873 4719 non
2908 4674 3020 4730 est;
3054 4664 3149 4718 sed
3180 4664 3223 4717 si
3254 4664 3522 4717 dimittam

1939 4771 2034 4811 eos
2074 4756 2202 4821 illic,
2247 4758 2561 4821 morientur,
2605 4764 2660 4809 et
2707 4771 2812 4809 non
2845 4754 3039 4808 videbo
3092 4753 3233 4807 illos.
3265 4751 3522 4807 Nesciens

1939 4851 2117 4919 itaque
2157 4848 2282 4920 quid
2316 4864 2477 4921 agere
2517 4848 2796 4911 deberem,
2828 4846 2971 4900 dixi:
3005 4844 3205 4899 Vadam
3251 4846 3317 4899 ad
3359 4843 3523 4898 abba~

1937 4951 2043 4997 tem
2075 4941 2376 5009 Zachaaum,
2425 4950 2478 4995 et
2526 4939 2670 5008 quod
2716 4938 2907 4991 dixerit
2958 4937 3106 5001 tnihi,
3161 4938 3264 4993 hoc
3304 4937 3519 4994 faciam.

1940 5032 2157 5088 Perrexi
2189 5033 2349 5102 igitur
2394 5032 2446 5085 in
2488 5041 2729 5086 sanetam
2774 5029 2905 5084 Sion
2939 5029 3070 5100 (illic
3113 5030 3256 5085 enim
3308 5043 3520 5095 semper

1940 5128 2270 5197 morabatur)
2296 5138 2347 5181 et
2375 5142 2478 5179 non
2517 5126 2692 5179 inveni
2719 5139 2860 5177 eum.
2887 5123 3019 5178 Veni
3049 5134 3225 5180 autent
3250 5126 3302 5179 in
3324 5124 3519 5179 atrium

1938 5230 2136 5274 sancta:
2168 5220 2350 5273 Maria:
2406 5219 2496 5273 Dei
2526 5217 2825 5286 genitricis,
2877 5226 2929 5269 et
2962 5217 3138 5270 inveni
3174 5217 3326 5271 illum
3366 5226 3519 5271 stan-

1939 5320 2043 5367 tem
2088 5312 2141 5366 in
2175 5312 2367 5380 angulo
2396 5311 2537 5374 atrii,
2577 5308 2791 5377 dixique
2823 5309 2898 5362 illi
2943 5310 3007 5363 de
3039 5309 3162 5363 filiis
3191 5310 3348 5364 meis.
3382 5308 3516 5362 Cum

1937 5420 2063 5474 ergo
2092 5418 2179 5457 me
2202 5403 2461 5465 audisset,
2490 5398 2556 5454 ad
2588 5401 2861 5454 Orientem
2901 5415 3193 5455 conversus
3220 5410 3326 5465 est,
3354 5408 3409 5454 et
3438 5400 3520 5454 in-

1936 5495 2109 5554 tendit
2137 5498 2187 5549 in
2218 5495 2412 5550 caelum
2439 5494 2587 5562 quasi
2620 5508 2712 5560 per
2735 5494 2895 5547 horas
2936 5492 3092 5559 duas,
3128 5493 3259 5546 nihil
3298 5490 3520 5547 omnino

1934 5591 2179 5659 laqueus.
2213 5589 2361 5643 Tunc
2392 5601 2521 5641 vero
2570 5601 2862 5640 conversus
2909 5584 2974 5638 ad
3008 5598 3113 5651 me,
3151 5584 3285 5637 dixit
3332 5581 3466 5633 mibi
3500 5597 3515 5633 :

1931 5685 2176 5749 Con’tide,
2223 5698 2285 5736 ac
2337 5676 2447 5735 noli
2478 5680 2681 5750 affligi;
2716 5680 2808 5734 filii
2860 5679 2935 5733 tui
2985 5692 3089 5732 nou
3134 5677 3431 5729 morientur
3459 5674 3511 5727 in

1933 5777 2032 5831 hac
2061 5783 2231 5843 peste,
2262 5772 2354 5828 sed
2387 5782 2440 5828 et
2467 5786 2589 5841 post
2619 5773 2753 5827 duos
2775 5771 2889 5825 dies
2917 5768 3148 5824 cessabit
3177 5767 3245 5821 de
3270 5765 3512 5820 Crsarea
