3982 6354
474 365 578 422 187

1636 361 1725 417 DE
1766 359 1941 419 VITIS
1979 358 2267 419 PATRUM
2308 364 2508 422 LIBER
2550 368 2616 423 X.

3658 370 3755 432 183

471 481 792 540 mortalitas.
823 478 977 550 Quod
1006 488 1062 537 et
1102 480 1295 535 factum
1323 488 1407 537 est
1429 479 1580 551 juxta
1626 480 1854 536 verbum
1885 481 2055 536 senis.
2089 477 2139 538 A
2165 476 2381 535 dianum
2432 481 2759 549 Stipendium
2801 497 2991 539 novem
3038 487 3262 543 minuta.
3296 488 3567 546 Veniebat
3620 502 3754 563 emo

473 574 541 633 Et
562 577 660 631 ista
687 573 903 645 quidem
955 573 1248 645 Procopius
1275 574 1646 641 scholasticus,
1676 583 1734 631 ut
1754 576 1885 642 dixi,
1906 592 2062 631 enar-

471 669 613 726 ravit
638 666 821 723 nobis.

1005 736 1235 794 CAPUT
1274 734 1534 792 CXXXII.

1115 829 1195 884 De
1224 831 1415 884 eodem.

549 923 734 980 Abbas
783 931 962 977 autem
1014 920 1337 994 Cyprianus,
1397 931 1757 989 cognomento
1807 919 2059 990 Cuculas,

478 1012 633 1084 cujus
663 1014 1044 1068 monasterium
1076 1023 1157 1067 est
1185 1022 1334 1066 extra
1366 1022 1574 1080 portam
1601 1013 1888 1077 Caesareae,
1933 1030 2060 1066 nar-

476 1108 617 1162 ravit
656 1108 831 1172 nobis,
864 1123 980 1162 cum
1009 1107 1075 1160 ad
1117 1108 1265 1161 illum
1295 1108 1658 1170 venissemus,
1692 1106 2060 1161 dicens:Cnm

477 1209 714 1254 vastaret
743 1199 923 1253 urbem
948 1199 1100 1251 istam
1134 1213 1273 1252 szeva
1314 1199 1403 1252 illa
1434 1210 1489 1252 et
1519 1198 1784 1252 horrenda
1818 1197 2062 1251 mortali-

479 1300 582 1356 tas,
633 1293 821 1346 inclusi
854 1293 1113 1361 meipsum
1157 1294 1209 1347 in
1263 1294 1395 1347 cella
1430 1308 1566 1359 mea,
1613 1293 1908 1358 deprecans
1954 1293 2062 1347 cle-

482 1382 736 1435 mentiam
763 1382 992 1446 Domini,
1025 1396 1081 1436 ttt
1112 1383 1277 1436 nostri
1328 1386 1675 1437 misereretur
1705 1392 1752 1437 el
1794 1392 2063 1436 averteret

478 1471 849 1527 imminentem
892 1476 1058 1535 iram;
1094 1474 1349 1542 venitque
1379 1474 1507 1528 milti
1542 1491 1641 1528 vox
1682 1473 1869 1528 dicens
1900 1490 1913 1527 :
1946 1473 2059 1528 Ab-

474 1564 572 1621 bas
604 1566 864 1622 Zachteus
900 1568 1105 1635 accepit
1137 1568 1274 1620 hanc
1302 1569 1550 1637 gratiam.

993 1680 1219 1734 CAPUT
1258 1681 1535 1735 CXXXIII.

473 1770 552 1825 Bc
593 1781 770 1826 sancto
820 1772 1098 1836 Monacho,
1135 1774 1224 1841 qui
1270 1773 1588 1826 Sat‘ateuuut
1641 1784 1928 1826 venatorem
1969 1788 2057 1833 per

824 1847 951 1896 duos
981 1845 1089 1896 dies
1130 1844 1433 1895 immobilem
1465 1845 1710 1895 reddidit.

543 1936 791 1992 Narravit
820 1938 1118 1992 Saracenus
1147 1938 1379 2007 gentilis,
1411 1952 1473 1991 ex
1508 1937 1587 1990 his
1609 1938 1693 2005 qui
1722 1936 1773 1991 in
1808 1935 2061 1992 Clisutato

476 2029 847 2093 morabantur,
901 2029 1014 2082 lucc
1064 2030 1218 2083 nobis
1266 2028 1643 2081 dicenszctnn
1697 2029 1948 2083 aluissem
1994 2033 2059 2084 ad

475 2128 713 2172 montem
747 2120 955 2173 abbatis
987 2122 1224 2185 Antonii,
1270 2131 1325 2173 ιιι
1355 2137 1599 2188 venarcr,
1648 2137 1880 2192 pergens
1910 2125 2059 2189 ηερε-

471 2212 558 2264 cio
584 2213 899 2265 monachum
927 2213 976 2266 in
1009 2224 1189 2267 monte
1229 2214 1530 2278 sedentem,
1577 2224 1956 2283 tenentemque
1988 2216 2058 2268 li-

473 2300 651 2368 brum,
686 2312 740 2357 et
788 2305 1068 2373 legentem.
1111 2308 1365 2361 Asc-cudi.
1395 2307 1551 2375 igitur
1592 2307 1655 2359 ad
1701 2323 1821 2360 eum
1874 2310 2060 2361 volens

469 2394 621 2449 illum
660 2396 891 2459 credere,
928 2399 1167 2451 fortassis
1217 2409 1394 2451 autem
1446 2401 1604 2452 etiam
1640 2415 1853 2453 nccare.
1898 2400 2058 2454 Cum-

468 2501 576 2556 que
600 2488 862 2543 venissem
898 2505 1061 2558 pr0pe
1108 2491 1279 2552 illum,
1311 2490 1550 2543 extendit
1590 2500 1770 2543 contra
1801 2507 1885 2544 me
1933 2507 2059 2543 ma-

468 2594 596 2634 num
636 2596 786 2634 suam
821 2582 1120 2646 dexteram,
1153 2583 1340 2636 dicens
1370 2599 1381 2635 :
1409 2585 1535 2647 Sta;
1566 2584 1754 2651 egique
1785 2584 1895 2637 illic
1921 2583 2056 2639 duos

466 2670 604 2737 dies,
637 2681 692 2726 et
718 2672 851 2726 duas
899 2681 1082 2727 noctes
1128 2675 1272 2727 nullo
1323 2675 1479 2726 modo
1509 2675 1709 2727 IIIOVc‘I'I
1758 2675 2058 2743 pra-valens

469 2778 539 2817 ex
583 2777 649 2817 eo
680 2763 820 2829 loco,
871 2765 959 2817 ubi
1008 2781 1176 2817 eram.
1234 2764 1383 2818 'I'unc
1432 2765 1539 2818 dixi
1574 2764 1648 2818 illi
1679 2782 1692 2816 :
1722 2765 1821 2819 Per
1868 2766 2053 2830 Deum,

466 2868 625 2923 quem
658 2855 810 2922 colis,
845 2856 1053 2909 dimitte
1083 2872 1186 2910 me.
1232 2857 1322 2910 lllc
1348 2866 1526 2910 autem
1560 2860 1693 2911 dixit
1725 2858 1853 2911 mihi
1876 2876 1889 2910 :
1914 2859 2058 2914 Vade

467 2945 519 3001 in
562 2962 712 3017 pace.
742 2951 807 3004 Et
835 2952 902 3003 ita
935 2953 1188 3005 recedere
1229 2954 1374 3019 potui
1407 2952 1473 3006 de
1501 2956 1638 3017 loco,
1669 2953 1720 3005 iu
1744 2967 1847 3022 quo
1880 2968 2053 3006 cram.

986 3065 1213 3121 CAI’UT
1254 3065 1536 3122 CXXXIV.

870 3159 991 3212 I’ita
1025 3158 1280 3213 Theodori
1312 3163 1658 3214 anacltoreta'.

2094 1865 2142 1926 Β

2166 583 2335 638 prope
2382 587 2467 626 me
2505 573 2558 628 itt
2612 577 2997 632 monasterium
3030 578 3372 645 1Eliotarum,
3415 585 3754 642 comedebat-

2165 679 2270 727 que
2321 665 2506 720 decem
2556 669 2729 722 solum
2781 669 3015 739 lupinus,
3062 683 3115 727 et
3165 675 3253 730 die
3293 685 3397 729 tota
3446 677 3748 735 laborabat.

2164 757 2296 811 Cum
2326 760 2505 828 itaque
2546 760 2757 817 fecisset
2795 763 2862 818 de
2912 766 3161 821 mercede
3208 784 3300 822 sua
3335 770 3534 823 minuta
3581 775 3750 825 nunti-

2165 860 2395 903 smatum
2430 853 2614 917 trium,
2640 855 2714 906 ait
2738 855 2869 909 mihi
2896 872 2908 908 :
2936 858 3130 926 Accipe
3159 861 3411 927 pretium,
3443 870 3499 915 et
3527 861 3747 927 librum,

2165 951 2220 995 et
2253 943 2385 997 vade
2413 944 2475 996 ad
2522 945 2798 999 dominum
2841 961 2994 1001 suum
3024 965 3036 1001 :
3062 959 3116 1004 et
3160 951 3203 1003 si
3236 950 3453 1019 quidem
3501 953 3616 1006 vult
3656 953 3754 1007 tui-

2168 1044 2314 1100 nttta,
2345 1040 2411 1090 da
2442 1038 2550 1103 illi;
2589 1040 2669 1092 sin
2699 1051 2876 1094 autem
2912 1058 3017 1096 non
3050 1043 3184 1108 vult,
3214 1045 3380 1100 redde
3420 1046 3494 1099 illi
3530 1038 3769 1102 librum.’

2169 1128 2281 1196 Ego
2310 1129 2471 1198 igitur
2516 1133 2740 1185 veniens
2782 1135 3022 1188 nuntiavi
3067 1134 3181 1189 bmc
3220 1137 3395 1190 abbati
3438 1137 3638 1192 Petro:
3667 1140 3751 1205 qni

2169 1235 2340 1287 neque
2370 1223 2621 1289 pretium,
2663 1239 2837 1292 neque
2868 1225 3059 1279 librum
3086 1227 3330 1293 accipere
3363 1230 3599 1284 Volebat.
3629 1226 3752 1284 Per-

2167 1312 2309 1365 suasi
2351 1321 2526 1366 tamen
2558 1315 2604 1366 ei
2638 1325 2693 1368 ut
2735 1319 3011 1384 pecuniam
3051 1319 3338 1386 acciperet,
3375 1335 3551 1390 neque
3595 1309 3749 1389 repu:

2166 1402 2340 1457 diaret
2378 1410 2718 1458 anachoreta:
2752 1408 3014 1474 laborem,
3056 1426 3216 1480 quam
3266 1411 3479 1464 tandem
3523 1414 3749 1478 accepit.

2168 1492 2232 1547 Et
2265 1500 2490 1563 pergens
2531 1511 2629 1564 ego
2667 1496 2790 1550 dedi
2833 1497 3029 1552 librum
3063 1500 3440 1567 anachoreta);
3485 1502 3576 1571 qui
3619 1516 3754 1572 gau-

2166 1584 2299 1639 dens
2330 1587 2587 1641 remeavit
2617 1589 2665 1640 in
2696 1603 2959 1643 eretnum.

2695 1703 2777 1757 CA
2790 1702 2921 1757 PLT
2967 1704 3225 1759 CXXXV.

2178 1789 2249 1842 De
2286 1792 2510 1861 quinque
2545 1794 2819 1861 virginibus
2855 1813 2968 1862 qum
2995 1799 3131 1850 exire
3162 1800 3429 1853 voluerunt
3454 1818 3481 1854 ε
3504 1814 3750 1857 monaste-

2482 1865 2579 1928 rio,
2614 1876 2660 1917 ct
2682 1884 2711 1917 α
2745 1868 2994 1919 dmmouio
3024 1883 3271 1935 correpta:
3299 1882 3433 1924 sunt.

2242 1953 2403 2023 903
2458 1956 2798 2009 Accessimus
2834 1957 2898 2010 ad
2939 1958 3316 2013 Eunuchnrum
3368 1964 3748 2016 monasterium

2164 2044 2314 2113 juxta
2339 2057 2585 2098 sanctum
2609 2046 2897 2101 Iordanem
2930 2064 3028 2117 ego
3058 2059 3111 2103 et
3143 2050 3312 2105 frater
3338 2068 3489 2106 meus
3520 2055 3749 2122 Soibro~

2167 2137 2307 2193 nius.
2349 2138 2699 2208 Narravitque
2738 2142 2898 2193 nobis
2930 2142 3094 2195 abbas
3128 2142 3380 2197 Nicolaus
3427 2144 3594 2210 ipsius
3635 2161 3745 2199 mo-

2166 2231 2389 2283 nasterii
2418 2233 2717 2302 presbyter,
2750 2233 2975 2286 dicens:
3010 2234 3062 2287 In
3096 2237 3313 2303 regione
3346 2251 3459 2288 mea
3494 2236 3635 2305 (erat
3660 2252 3748 2290 au-

2170 2330 2275 2373 tem
2309 2337 2372 2374 ex
2402 2321 2589 2392 Lycia)
2625 2326 3005 2379 monasterium
3030 2325 3293 2394 virginum
3326 2335 3407 2381 est
3437 2328 3603 2382 ferme
3626 2345 3747 2396 qua-

2163 2413 2433 2482 draginta.
2485 2414 2539 2467 lu
2584 2415 2684 2469 hoc
2729 2433 2856 2486 ergo
2889 2418 3213 2472 monasterio
3255 2422 3491 2488 quinque
3526 2421 3749 2490 virgines
3814 2426 3821 2435 '

2164 2505 2265 2558 sibi
2321 2506 2550 2558 invicem
2601 2507 2957 2562 condixerunt
2998 2518 3054 2562 ut
3105 2519 3262 2562 noctu
3310 2510 3375 2563 de
3428 2513 3747 2565 monasterio

2165 2598 2427 2663 fugerent,
2479 2606 2534 2651 et
2570 2601 2879 2667 acciperent
2932 2602 3097 2655 viros.
3146 2603 3308 2656 Nocte
3351 2618 3479 2657 vero
3526 2605 3746 2671 quadam

2165 2702 2286 2741 cum
2333 2688 2635 2744 dormirent
2682 2692 3116 2746 sanctituoniales
3156 2708 3367 2759 omnes,
3402 2695 3510 2747 illis
3541 2697 3746 2749 consul-

2168 2781 2405 2834 tantibus
2452 2794 2507 2833 ut
2550 2782 2869 2835 vestimenta
2922 2798 3014 2835 sua
3062 2785 3364 2851 acciperent
3394 2797 3446 2838 et
3481 2783 3742 2856 fugerent,

2161 2873 2418 2927 continuo
2465 2873 2701 2942 quinque
2749 2890 2935 2929 omnes
2963 2890 2990 2928 a
3021 2876 3285 2930 daemonio
3316 2887 3578 2945 correptae
3610 2889 3745 2931 Suut.

2165 2970 2281 3031 Quo
2312 2966 2475 3029 facto,
2511 2983 2614 3020 non
2654 2969 2889 3036 amplius
2932 2970 3179 3023 exierunt
3218 2971 3618 3035 etnonaStcrio,
3660 2972 3747 3025 sed

2161 3057 2427 3112 conlessa:
2452 3071 2668 3128 peccata
2694 3075 2810 3124 sua,
2844 3062 3043 3128 gratias
3067 3072 3290 3130 egerunt
3321 3063 3448 3127 Deo,
3474 3062 3743 3117 dicentes:

2163 3151 2377 3208 Gratias
2428 3156 2633 3221 agimus
2674 3168 2985 3222 magnorum
3021 3155 3271 3208 iudultot-i
3307 3170 3588 3209 munerum
3621 3155 3746 3219 Deo,

3758 844 3770 881 ι

541 3249 881 3305 Anachoreta
910 3252 1125 3321 quidam
1158 3261 1273 3305 erat
1313 3252 1363 3304 in
1399 3251 1637 3320 partibus
1666 3252 1837 3306 sancti
1865 3251 2057 3305 Jorda-
2089 3245 2136 3307 C
2168 3244 2256 3313 qui
2291 3243 2555 3313 ﬂagellum
2600 3246 2701 3301 hoc
2746 3248 2903 3301 nobis
2946 3246 3177 3315 induxit,
3222 3258 3279 3302 ut
3323 3250 3517 3303 anima:
3554 3260 3746 3303 nusua:

472 3342 577 3407 nis,
613 3344 831 3423 nomine
860 3344 1195 3396 Theodorus.
1230 3343 1324 3396 Ilic
1370 3342 1517 3396 venit
1562 3344 1626 3397 ad
1668 3344 1856 3398 cellam
1886 3359 2060 3397 meam

470 3434 834 3490 dicens:Fac
888 3434 1228 3496 charitatcm,
1285 3432 1419 3487 abba
1478 3434 1732 3498 Joannes,
1786 3443 1839 3487 et
1880 3450 2061 3502 quaere

475 3525 608 3580 mihi
639 3526 863 3591 librum,
896 3525 985 3593 qui
1025 3525 1295 3578 contineat
1328 3532 1495 3576 totum
1526 3524 1927 3578 Testamentum
1963 3540 2059 3579 no-

472 3619 901 3685 vum.Qumrens
942 3620 1101 3689 igitur
1134 3618 1338 3687 inveni,
1383 3618 1502 3687 quia
1535 3617 1698 3672 abbas
1730 3618 1938 3684 Petrus,
1968 3620 2059 3689 qui

471 3720 655 3780 postea
704 3711 803 3764 fuit
854 3711 1306 3765 Chalcedonensis
1359 3710 1663 3779 episcopus,
1706 3712 1864 3764 talem
1898 3712 2061 3765 habe-

471 3813 575 3858 ret.
604 3804 722 3858 Abii
767 3806 966 3872 itaque,
1002 3815 1054 3857 et
1085 3802 1195 3856 dixi
1218 3801 1301 3866 ei;
1334 3811 1387 3855 et
1414 3801 1649 3855 ostendit
1673 3800 1819 3854 illum
1845 3801 1973 3855 mihi
2004 3802 2057 3857 in

472 3895 804 3950 membranis
833 3895 991 3951 valde
1032 3896 1309 3962 pulchrum
1334 3892 1470 3963 (δυ).
1506 3894 1571 3947 Et
1609 3893 1718 3947 dixi
1759 3890 1807 3948 ei
1835 3909 1849 3946 :
1874 3893 2058 3960 Quan-

473 3996 586 4040 tum
632 3988 818 4040 valet?
848 3988 946 4053 Qui
1003 3985 1463 4054 responditz'l‘ria
1517 3985 1864 4039 numismata.
1915 3986 2057 4039 Dixit

475 4083 669 4133 iterum
693 4079 822 4132 mihi
848 4097 861 4134 :
887 4081 967 4133 Tu
1006 4081 1155 4133 illum
1202 4093 1383 4134 emere
1424 4080 1524 4141 vis,
1568 4092 1637 4132 an
1676 4078 1849 4132 alius?
1881 4077 1945 4132 Et
1972 4080 2057 4134 aio

474 4170 552 4223 illi
584 4187 598 4223 :
624 4168 796 4224 Crede
824 4169 974 4234 mihi,
1008 4169 1187 4235 Pater,
1211 4170 1534 4223 anachoreta
1559 4170 1730 4237 ipsnm
1755 4171 1883 4224 vult.
1907 4170 2061 4225 Tunc

473 4260 549 4314 ait
593 4262 720 4314 mihi
780 4260 946 4314 abbas
994 4260 1183 4315 Petrus
1214 4278 1226 4313 :
1257 4261 1313 4315 Si
1352 4260 1671 4315 anachoreta
1723 4261 1893 4331 ipsum
1927 4264 2057 4325 vult,

472 4354 641 4423 gratis
670 4354 819 4407 illum
849 4354 1053 4421 accipe.
1089 4353 1256 4407 Sume
1301 4361 1481 4406 autem
1524 4362 1579 4407 et
1608 4352 1705 4406 tria
1751 4355 1848 4409 ista
1884 4351 2060 4406 nunti-

473 4456 669 4511 smata,
709 4457 762 4501 et
803 4447 847 4500 si
880 4447 1097 4517 quidem
1150 4446 1328 4516 placet
1374 4447 1446 4500 illi
1479 4446 1633 4509 liber,
1668 4457 1844 4502 teneat
1873 4447 2057 4512 illum;

472 4538 555 4593 sin
585 4549 762 4591 autem
795 4537 869 4591 illi
890 4551 992 4590 nou
1026 4536 1224 4605 placet,
1246 4550 1373 4591 ecce
1404 4536 1569 4590 habes
1593 4536 1691 4590 tria
1717 4535 2053 4602 nurnismata,

2167 3350 2272 3388 non
2307 3336 2561 3403 perirent.
2949 3404 2969 3421 .

2678 3430 2903 3485 CAPUT
2944 3430 3229 3486 CXXXVI.

2164 3522 2242 3576 De
2274 3525 2523 3577 clraritate
2551 3524 2747 3577 abbatis
2772 3524 2955 3579 Sixiuii
2978 3542 3096 3594 erga
3125 3528 3388 3579 mulierem
3412 3525 3743 3584 Saracenam.

2234 3616 2482 3670 Narravit
2530 3627 2707 3670 autem
2759 3618 2915 3671 nobis
2943 3626 2998 3671 et
3026 3618 3191 3672 abbas
3234 3618 3465 3673 Joannes
3508 3620 3745 3689 ejusdem

2165 3709 2476 3763 monasterii
2522 3711 2820 3780 presbyter,
2873 3712 3055 3765 dicens
3081 3728 3094 3763 :
3119 3712 3308 3764 Audivi
3336 3713 3402 3764 ab
3431 3712 3626 3766 abbate
3665 3715 3744 3767 Si-

2161 3802 2301 3855 sinio
2341 3800 2664 3855 anachoreta
2708 3802 2971 3856 referente
3005 3818 3067 3855 ac
3116 3802 3365 3855 dicente:
3395 3803 3488 3856 Die
3518 3802 3742 3872 quadam

2162 3910 2309 3949 eram
2341 3896 2392 3948 in
2424 3895 2681 3963 spelunca
2708 3909 2822 3947 mea
2856 3910 3020 3963 prope
3057 3904 3302 3948 sanctum
3339 3893 3652 3957 Jordanent,
3690 3900 3742 3946 et

2162 4005 2283 4044 cum
2318 3989 2599 4058 psallerent
2629 3988 2889 4051 Tertiam,
2923 4003 3048 4043 ecce
3078 3988 3346 4041 Saracena
3385 3984 3630 4054 quaedam
3672 3986 3747 4039 in-

2163 4096 2348 4152 gressa
2378 4082 2430 4134 in
2459 4081 2768 4149 speluncam
2812 4095 3006 4146 meam,
3043 4079 3221 4147 posuit
3248 4094 3306 4132 se
3328 4091 3512 4132 coram
3541 4094 3626 4130 me
3656 4091 3747 4129 nu-

2165 4173 2300 4226 dans
2340 4172 2686 4237 setnetipsam
2714 4189 2726 4223 :
2755 4188 2854 4241 ego
2896 4186 3022 4225 vero
3062 4172 3305 4225 turbatus
3338 4186 3443 4224 non
3477 4184 3617 4232 sum,
3657 4166 3747 4222 scd

2164 4264 2381 4332 impleta
2430 4263 2727 4332 psalmodia
2771 4275 2890 4316 mea
2935 4277 3055 4316 cum
3096 4263 3241 4316 omni
3272 4262 3451 4331 quiete
3479 4270 3532 4315 et
3563 4260 3748 4313 timore

2166 4358 2283 4423 Dei,
2312 4357 2418 4409 dixi
2444 4356 2507 4409 ad
2542 4357 2688 4409 illam
2723 4356 2943 4424 Syriaco
2971 4372 2984 4408 :
3014 4354 3176 4420 Sede,
3213 4363 3271 4407 ut
3311 4355 3497 4423 loquar
3538 4352 3655 4417 tibi,
3698 4358 3748 4405 et

2165 4457 2291 4502 tunc
2335 4447 2525 4502 faciam
2580 4445 2723 4515 quod
2768 4449 2867 4500 vis.
2919 4447 3049 4513 Qum
3098 4456 3153 4499 ut
3196 4446 3418 4510 resedit,
3467 4443 3583 4498 dixi
3631 4443 3744 4497 illi:

2165 4539 2465 4593 Christiana
2492 4553 2571 4598 es,
2604 4553 2669 4591 an
2698 4538 2950 4606 gentilis?
2979 4537 3111 4603 Quae
3135 4537 3209 4590 ait
3232 4551 3248 4589 :
3271 4533 3601 4589 Christiana.
3635 4531 3749 4587 Dixi

472 4643 592 4684 eme
616 4628 691 4682 illi
714 4629 867 4697 juxta
896 4638 1077 4682 votum
1109 4642 1285 4682 suum.
1307 4627 1536 4682 Sumens
1561 4641 1689 4696 ergo
1719 4627 1934 4691 librum,
1961 4626 2054 4681 de-
2089 4615 2142 4675 D
2165 4630 2233 4683 ad
2265 4629 2409 4684 illam
2441 4632 2634 4684 iterum
2664 4645 2679 4684 :
2711 4629 2774 4682 Et
2814 4628 2992 4682 nescis
3021 4629 3143 4696 quia
3175 4627 3265 4695 qui
3298 4627 3660 4690 fornicamur,
3700 4624 3751 4678 in

474 4721 573 4774 tuli
597 4723 938 4775 anachoreta:
965 4720 1090 4787 :qui
1131 4730 1345 4790 sumpto
1382 4720 1518 4773 libro
1554 4719 1682 4773 abiit
1711 4719 1763 4773 in
1791 4735 2056 4775 eremum.

474 4813 607 4868 Cum
647 4821 822 4868 autem
851 4812 988 4868 duos
1016 4812 1131 4867 fere
1168 4827 1383 4867 menses
1423 4812 1640 4879 egisset,
1686 4811 1900 4865 rediens
1929 4826 2060 4863 ana-

474 4905 698 4958 cboreta
726 4908 873 4959 venit
910 4906 962 4960 in
1006 4905 1197 4959 cellam
1244 4920 1440 4970 meam,
1476 4904 1698 4959 dicens:
1732 4903 1899 4965 Scito,
1924 4903 2059 4957 abba

474 4995 734 5060 Joannes,
766 4999 889 5067 quia
906 4999 1161 5069 cogitatio
1191 5013 1308 5053 mea
1336 5014 1420 5052 me
1450 4997 1659 5067 afﬂigit,
1692 5012 1756 5052 eo
1776 4996 1915 5065 quod
1940 5012 2061 5063 gra-

474 5088 545 5143 tis
574 5087 746 5141 habeo
778 5088 995 5142 librum.
1037 5089 1137 5144 Aio
1170 5098 1350 5144 autem
1388 5088 1454 5142 ad
1476 5087 1796 5143 illum:Noli
1835 5101 1930 5155 pro
1957 5086 2059 5140 hoc

476 5178 677 5247 afﬂigi;
713 5180 877 5234 abbas
906 5179 1094 5235 Petrus
1133 5181 1284 5236 dives
1326 5190 1406 5236 est
1445 5191 1499 5236 et
1537 5183 1731 5246 bonus,
1763 5181 2062 5250 gaudetque

476 5271 530 5324 in
585 5269 706 5325 hoc.
758 5272 846 5324 Ait
884 5271 1014 5325 mihi
1046 5289 1231 5328 rursus
1265 5276 1625 5329 anachoreta:
1652 5275 1785 5330 Vere
1816 5290 1921 5328 non
1970 5290 2060 5328 re-

476 5365 723 5436 quiesco,
759 5365 857 5419 nisi
904 5368 1134 5434 pretium
1177 5368 1267 5424 do.
1301 5368 1429 5423 Dico
1477 5369 1551 5423 illi
1581 5387 1591 5422 :
1623 5368 1690 5423 Et
1727 5368 1896 5422 habes
1936 5382 2062 5436 pre-

477 5459 636 5523 tium,
670 5465 727 5511 ut
772 5458 910 5513 des?
960 5459 1095 5513 Dicit
1134 5460 1476 5525 mihi:Non;
1512 5460 1607 5517 sed
1651 5462 1716 5515 da
1766 5459 1895 5514 mihi
1944 5473 2062 5513 sac-

476 5567 626 5618 cum,
654 5564 711 5608 ut
740 5569 827 5611 me
848 5555 1092 5626 induam,
1120 5568 1234 5611 erat
1260 5559 1400 5613 enim
1424 5560 1631 5614 nudus.
1669 5558 1797 5615 Dedi
1829 5572 1957 5627 ergo
1985 5558 2062 5613 illi

481 5659 696 5701 saccum
726 5658 779 5704 et
804 5649 1097 5716 palliolum,
1129 5660 1178 5704 et
1202 5651 1354 5716 abiit,
1383 5651 1770 5719 Operariusque
1794 5650 1964 5706 factus
1982 5661 2066 5705 est

483 5737 542 5794 in
585 5753 652 5793 eo
692 5741 832 5805 lacu,
879 5756 1035 5809 quem
1092 5741 1216 5795 fecit
1264 5742 1558 5809 patriarcha
1606 5742 2062 5813 Jerosolymorutn

483 5829 721 5890 Joannes
750 5833 804 5891 in
843 5833 1021 5903 Sigma
1069 5834 1211 5903 lGr.,
1252 5833 1423 5901 Sina],
1457 5835 1860 5903 accipiebatque
1886 5833 2063 5902 quoti-

2166 4723 2486 4792 supplicium
2511 4724 2671 4776 eunt?
2698 4722 2829 4788 Quae
2850 4722 2960 4775 ait:
2988 4720 3112 4775 Scio
3136 4721 3309 4789 plane.
3335 4719 3486 4773 Tunc
3506 4717 3619 4771 dixi
3646 4716 3747 4771 illi:

2168 4815 2277 4868 Cur
2312 4829 2439 4883 ergo
2478 4811 2726 4867 fornicari
2756 4812 2859 4865 vis.
2910 4809 3242 4879 Respondit:
3274 4808 3411 4876 Quia
3443 4808 3646 4863 esurio.
3687 4806 3750 4861 Et

2166 4907 2249 4959 aio
2276 4906 2341 4958 ad
2373 4919 2492 4959 eam
2523 4922 2537 4957 :
2567 4903 2682 4957 Noli
2714 4902 2987 4970 fornicari,
3022 4901 3116 4957 sed
3148 4900 3269 4955 veni
3298 4898 3559 4970 quotidie,
3601 4909 3659 4953 et
3697 4904 3753 4951 ut

2167 4996 2309 5051 Deus
2329 4994 2671 5063 disposuerit,
2698 4991 2839 5047 dabo
2867 4993 2959 5046 tibi
2993 4993 3175 5047 cibum
3206 5001 3376 5045 tuum.
3407 4990 3481 5043 Ex
3508 4989 3598 5043 illa
3626 5002 3753 5058 ergo

2170 5087 2260 5141 die
2280 5087 2530 5141 veniebat
2554 5087 2621 5139 ad
2660 5100 2747 5140 me
2773 5085 2960 5139 diebus
2983 5083 3227 5151 singulis,
3268 5091 3324 5136 et
3360 5082 3404 5136 si
3443 5080 3571 5151 quid
3616 5080 3752 5134 Deus

2173 5178 2416 5233 mittebat
2457 5178 2611 5244 mihi,
2649 5177 2949 5244 prtebebam
2998 5176 3076 5230 illi
3113 5175 3312 5242 cibum,
3354 5187 3633 5244 quousque
3672 5187 3752 5227 re-

2171 5273 2307 5326 cessi
2339 5272 2405 5325 de
2434 5271 2544 5325 illis
2572 5272 2723 5324 locis.

2671 5359 2897 5416 CAPUT
2944 5357 3252 5413 CXXXVII.

2332 5456 2533 5511 Relatis
2564 5454 2760 5508 abbatis
2785 5452 3004 5507 Joannis
3035 5455 3096 5504 de
3121 5452 3297 5506 abbate
3321 5448 3589 5505 Callinico.

2244 5548 2386 5602 Dixit
2418 5547 2610 5602 iterum
2636 5546 2773 5600 idem
2798 5546 2964 5600 abbas
2984 5543 3217 5599 Joannes
3241 5560 3255 5596 :
3279 5541 3412 5599 Cum
3445 5556 3622 5597 essem
3660 5540 3748 5610 ju-

2173 5643 2314 5710 nior,
2357 5640 2638 5711 cupiebam
2688 5653 2911 5708 pergere
2936 5640 3004 5692 ad
3033 5652 3253 5709 magnos
3291 5646 3346 5691 et
3392 5633 3750 5689 nominatissi-

2174 5752 2289 5791 tnos
2312 5737 2521 5801 Patres,
2558 5743 2618 5789 ut
2639 5734 2705 5788 ab
2728 5734 2808 5787 eis
2834 5732 3183 5788 benedicerer
3209 5740 3261 5786 et
3290 5729 3607 5786 :edillcarer.
3646 5728 3749 5781 Au-

2173 5830 2328 5887 diens
2369 5829 2529 5897 igitur
2567 5827 2636 5884 de
2674 5826 2868 5883 abbate
2909 5824 3167 5880 Callinico
3198 5837 3387 5894 magno
3418 5821 3531 5889 illo,
3569 5818 3658 5892 qui
3692 5815 3746 5871 in
