3982 6354
215 331 319 390 189

1508 296 1793 387 Panum
1833 330 2266 387 emanasse.

3395 338 3499 392 I90

217 447 550 507 monasterio
569 448 781 505 abbatis
820 446 978 506 Saba
1014 447 1254 502 inclusus
1280 454 1415 510 erat,
1440 447 1587 501 oravi
1618 462 1804 516 quem-
1834 451 1879 509 Α
1910 447 2196 518 Gregorii?
2242 446 2394 501 Tunc
2427 446 2504 501 ait
2541 447 2608 501 ad
2641 464 2726 505 me
2760 463 2922 507 senex
2950 471 2963 505 :
2990 452 3111 518 Fili,
3146 466 3246 519 ego
3277 454 3394 517 quis
3419 456 3494 507 sit

222 542 345 597 dam
386 556 458 596 ex
507 540 859 595 familiaribus
888 538 1051 605 illius,
1085 546 1145 591 ut
1175 552 1260 592 me
1290 536 1355 590 ad
1386 537 1530 590 illum
1562 536 1803 591 duceret.

217 634 340 690 Abii
380 634 559 703 itaque
583 631 650 686 ad
673 631 844 685 illum.
883 630 1141 684 Assidens
1169 642 1299 683 vero
1330 628 1375 681 is
1400 628 1489 696 qui
1520 643 1604 681 me
1634 627 1806 680 addu-

218 736 373 782 xerat
412 724 577 780 frater
611 723 676 777 ad
717 724 1001 777 fenestram
1043 721 1208 785 senis,
1242 736 1338 788 per
1363 720 1583 773 multam
1623 719 1806 771 horam

218 825 538 895 loquebatur
568 838 691 878 cum
718 836 820 885 eo;
863 835 963 888 ego
1001 833 1129 874 vero
1156 819 1206 871 in
1238 818 1444 885 meipso
1487 817 1806 885 cogitabam,

218 919 346 986 quia
400 929 673 984 nunquam
726 913 936 967 viderat
984 926 1069 963 me
1125 910 1338 971 senior,
1396 921 1465 960 ne
1517 907 1652 960 forte
1700 920 1807 960 non

218 1016 374 1078 grate
428 1006 724 1073 susciperet
748 1018 857 1056 me.
885 1002 1019 1055 Cum
1053 1015 1182 1053 vero
1210 999 1372 1052 frater
1398 999 1487 1051 ille
1511 995 1805 1063 recederet,

219 1100 472 1170 permisit
500 1115 584 1152 me
612 1095 843 1166 ingredi,
880 1102 935 1149 et
976 1096 1214 1149 salutare
1242 1106 1449 1156 senem,
1482 1100 1536 1143 et
1564 1089 1810 1143 benedici

216 1194 290 1249 ab
316 1209 406 1257 eo,
434 1193 617 1246 dicens
657 1190 723 1243 ad
763 1204 883 1243 eum
909 1204 925 1241 :
956 1189 1058 1241 Ora
1104 1195 1158 1241 et
1206 1200 1302 1255 pro
1347 1186 1449 1238 isto
1492 1198 1652 1236 servo
1696 1194 1798 1250 tuo,

217 1286 406 1347 Pater,
436 1286 558 1354 quia
608 1286 745 1338 inter
796 1283 995 1350 primos
1044 1283 1147 1334 huc
1197 1280 1359 1332 venit.
1405 1280 1581 1332 Senex
1630 1283 1810 1329 autem

218 1378 675 1445 dixit:Agnosco
729 1375 903 1438 illum,
957 1373 1051 1426 fili.
1104 1372 1235 1426 Nam
1287 1379 1411 1423 ante
1458 1366 1643 1437 viginti
1687 1367 1808 1420 dies

219 1466 485 1522 descendi
520 1466 587 1519 ad
623 1472 865 1518 sanetum
899 1463 1211 1524 Jordanem,
1245 1470 1300 1515 et
1321 1460 1556 1515 occurrit
1593 1458 1725 1513 mihi
1758 1461 1809 1512 in

219 1560 335 1623 via,
388 1557 731 1613 dicens:0ra
764 1571 859 1625 pro
893 1572 998 1619 ire,
1049 1556 1111 1608 Et
1154 1570 1255 1623 ego
1306 1554 1628 1622 interrogavi
1654 1567 1806 1607 eum:

217 1652 377 1719 Quod
404 1662 485 1705 e~t
534 1665 727 1703 nomen
780 1658 923 1702 tuum
951 1648 973 1699 ?
1001 1649 1194 1716 Aitque
1225 1648 1353 1701 mihi
1379 1664 1394 1702 :
1420 1647 1673 1702 Joannes.
1707 1647 1814 1699 Ex-

224 1755 361 1801 tunc
410 1745 569 1813 igitur
608 1757 839 1813 agnosco
869 1757 1015 1795 eunt.
1050 1741 1161 1794 Iloc
1190 1741 1414 1794 audiens
1443 1755 1543 1808 ego
1565 1739 1808 1807 cognovi,

217 1841 351 1904 quia
380 1842 592 1909 quando
618 1839 843 1905 cogitavi
874 1835 1132 1890 accedere
1154 1835 1220 1887 ad
1253 1836 1423 1901 illum,
1457 1832 1711 1887 revelavit
1735 1831 1808 1885 illi

219 1931 370 1988 Deus
391 1942 446 1986 et
474 1944 669 1985 nomen
699 1942 899 1983 meum.
929 1936 983 1981 et
1006 1926 1125 1993 quis
1145 1940 1344 1980 essem.

717 2020 943 2077 CAPUT
983 2017 1322 2074 CXXXVIII.

216 2114 307 2169 Dc
344 2113 527 2168 abbate
552 2112 737 2183 Sergio
779 2110 1113 2174 anachoreta,
1156 2118 1204 2162 et
1235 2110 1300 2162 de
1330 2109 1576 2163 monacho
1612 2106 1812 2177 gentili,

744 2184 832 2251 qui
870 2182 1155 2250 baptizatus
1193 2188 1285 2232 est.

301 2275 547 2331 Narravit
583 2284 763 2330 autem
794 2274 954 2328 nobis
983 2281 1037 2328 et
1067 2274 1171 2327 hoc
1196 2272 1335 2327 idem
1368 2286 1556 2335 senex,
1586 2270 1772 2325 dicens
1797 2287 1812 2324 :

218 2367 363 2421 Cum
399 2375 547 2421 esset
569 2365 733 2419 abbas
764 2363 982 2433 Sergius
1010 2365 1331 2419 anachoreta
1356 2363 1406 2416 in
1431 2362 1641 2427 Rohan,
1671 2372 1816 2431 post-

218 2472 390 2527 quam
421 2465 728 2512 recesserat
756 2456 824 2510 de
849 2455 1001 2520 Sina,
1037 2455 1182 2509 misit
1212 2455 1312 2508 huc
1342 2471 1393 2507 in
1426 2454 1813 2507 monasterium

215 2547 550 2602 monachum
589 2545 871 2615 quemdam
912 2545 1183 2615 juvenem,
1218 2552 1277 2598 ut
1304 2545 1687 2612 baptizaretur.
1730 2544 1815 2595 In.

223 2638 632 2707 terrogantibus
670 2648 847 2691 autem
880 2640 1034 2691 nobis
1055 2652 1271 2691 causam
1296 2653 1389 2690 cur
1420 2651 1560 2689 nunc
1582 2636 1819 2703 baptiza-

216 2741 401 2795 retur,
427 2731 502 2784 ait
525 2730 677 2784 nobis
700 2730 943 2784 minister
972 2731 1137 2799 ipsius
1164 2729 1369 2782 abbatis
1392 2729 1565 2799 Sergii
1592 2745 1608 2784 ε
1638 2729 1816 2781 Abhas

217 2820 450 2889 Sergius
476 2820 688 2889 quando
716 2819 784 2874 ad
808 2834 905 2873 nos
921 2820 1083 2885 venit,
1102 2820 1291 2873 volens
1319 2818 1371 2872 in
1396 2835 1577 2871 eremo
1604 2832 1821 2871 manere

221 2912 538 2978 nobiscum,
569 2912 711 2966 hunc
738 2910 866 2965 mihi
900 2910 1284 2966 instituendum
1318 2909 1535 2963 tradidit
1559 2928 1571 2962 :
1598 2925 1699 2979 ego
1727 2924 1819 2961 au-

220 3013 340 3059 tem
388 3004 539 3058 illum
586 3003 873 3074 plurimum
916 3001 1194 3066 admonui,
1242 3016 1309 3055 ne
1335 3017 1393 3055 se
1423 3001 1545 3054 huic
1578 3000 1820 3052 instituto

222 3095 632 3151 inconsiderate
654 3110 715 3149 ac
736 3095 854 3149 sine
884 3095 1201 3164 probatione
1232 3093 1523 3147 addiceret.
1557 3092 1687 3145 Cum
1722 3106 1817 3144 au—

1912 538 2078 593 abbas
2116 538 2425 607 Gregorius,
2465 538 2680 604 nescio;
2714 541 2815 597 hoc
2844 552 3047 596 tantum
3078 542 3211 602 scio,
3242 544 3365 611 quia
3393 559 3487 611 pa-

1914 632 2200 685 triarcham
2247 631 2431 700 excepi
2472 633 2522 685 in
2570 634 2879 702 speluncam
2914 650 3106 690 meam.
3139 635 3267 688 Nam
3299 646 3349 690 et
3383 638 3495 704 pal-

1913 725 2042 778 lium
2084 736 2325 779 sanctum
2354 726 2503 779 illum
2547 728 2802 781 ferentem
2853 729 2981 793 vidi,
3028 739 3083 784 et
3124 729 3488 798 Evangelinm.

1912 816 2064 881 Quod
2105 819 2175 870 ita
2208 816 2403 871 factum
2449 828 2567 872 est:
2595 831 2713 886 post
2756 836 2846 875 sex
2897 823 3038 876 enim
3087 837 3256 877 annos
3303 826 3475 891 ipsum

1911 907 2155 961 abbatem
2190 906 2523 976 Gregorium,
2560 910 2628 963 ita
2657 911 2938 968 ordinante
2962 914 3090 976 Deo,
3122 914 3481 982 patriarcham

1914 999 2360 1066 Tbe0politanum
2402 1000 2598 1056 laetum
2653 1004 2911 1071 vidimus,
2976 1007 3113 1062 sicut
3164 1007 3489 1076 praedixerat

1914 1104 2102 1144 senex.

2492 1162 2572 1216 C.\
2587 1163 2718 1219 I'UT
2758 1165 2910 1219 CXL.

2010 1252 2129 1305 Vita
2158 1254 2385 1322 ejusdem
2414 1253 2651 1328 Gregorii
2686 1258 2993 1324 patriarcha:
3019 1259 3396 1327 TheOpolitani.

1988 1343 2245 1397 Dicebant
2282 1345 2496 1414 quidam
2526 1362 2714 1400 senum
2747 1349 2812 1402 de
2846 1350 2945 1403 hoc
2974 1351 3277 1419 patriarcha
3323 1352 3501 1405 Theo-

1916 1436 2156 1505 politano
2184 1436 2462 1506 Gregorio,
2481 1438 2619 1513 quod
2647 1439 2727 1492 his
2753 1442 2982 1495 maxime
3008 1443 3289 1495 virtutibus
3312 1442 3500 1498 fuisset

1922 1528 2172 1599 insignis,
2218 1531 2574 1600 eleemOsynis
2606 1532 2829 1594 scilicet,
2862 1532 3177 1601 iujuriarum
3206 1531 3500 1599 oblivione,

1917 1628 1971 1675 et
1993 1622 2268 1691 lacrymis.
2300 1622 2538 1677 Habebat
2565 1634 2740 1676 autem
2772 1635 2825 1677 et
2855 1626 3284 1690 compassiouem
3335 1627 3499 1677 maxi-

1922 1728 2063 1766 mam
2087 1712 2153 1767 ad
2180 1729 2275 1767 eos
2307 1714 2392 1781 qui
2427 1715 2738 1780 peccahant.
2780 1715 3013 1782 Quarum
3052 1717 3289 1770 omnium
3322 1731 3501 1774 rerum

1841 1814 1887 1874 Β
1921 1818 2019 1858 nos
2042 1818 2186 1859 saeue
2223 1808 2589 1874 experimenta
2623 1808 2877 1875 cepimus.

2483 1921 2710 1975 CAPUT
2749 1921 2929 1976 CXLI.

2210 2012 2448 2066 Prudens
2478 2015 2739 2082 responsio
2758 2015 2953 2067 abbatis
2977 2015 3223 2085 Olympii.

1995 2100 2187 2157 Frater
2232 2105 2445 2172 quidam
2496 2108 2642 2159 venit
2686 2107 2751 2159 ad
2798 2108 3043 2161 abbatem
3093 2106 3397 2177 Olympium
3450 2106 3504 2162 in

1921 2196 2310 2249 monasterium
2348 2197 2558 2249 abbatis
2588 2197 2850 2252 Gerasitni
2897 2214 3060 2267 prope
3094 2199 3413 2261 Iordanem;
3454 2208 3507 2253 et

1919 2280 2051 2335 dixit
2081 2285 2129 2337 ei
2158 2303 2171 2336 :
2196 2284 2367 2350 Abba,
2418 2290 2684 2354 quomodo
2717 2290 2871 2344 sedes
2899 2291 2950 2341 in
2981 2289 3232 2354 spelunca
3267 2290 3365 2342 ista
3394 2304 3508 2357 pro-

1923 2379 2038 2438 pter
2085 2385 2246 2428 iustus
2287 2379 2726 2445 magnitudinem,
2777 2388 2831 2432 et
2876 2380 3172 2450 cyniphes?
3214 2381 3508 2448 Respondit

1921 2465 1969 2518 ei
2019 2480 2180 2519 senex
2206 2486 2224 2523 .'
2250 2468 2376 2532 Fili,
2409 2470 2506 2522 ista
2540 2470 2740 2523 ideirco
2766 2472 2954 2535 tolero,
2987 2485 3042 2525 ut
3074 2475 3259 2525 tuturis
3288 2473 3499 2525 crucia-

1926 2555 2066 2608 tibus
2114 2557 2340 2621 liberer;
2393 2560 2512 2614 ideo
2552 2560 2810 2629 cyniphes
2842 2562 3032 2630 patior,
3066 2571 3123 2614 nt
3152 2561 3508 2615 immortalem

1928 2646 2175 2715 effugiam
2230 2667 2496 2717 vermem;
2537 2651 2789 2707 similiter
2814 2665 2869 2708 et
2889 2665 3074 2708 a'stnm
3108 2656 3246 2709 hunc
3277 2652 3510 2723 perfero,

1925 2740 2238 2805 sempiterni
2272 2742 2410 2809 ignis
2445 2745 2704 2813 supplicia
2753 2755 3028 2810 metuens;
3060 2746 3175 2800 haec
3214 2745 3356 2799 enim
3388 2756 3511 2799 sunt
3568 2798 3571 2803 .

1927 2833 2264 2896 temporalia;
2296 2834 2382 2887 illa
2415 2850 2542 2889 vero
2564 2835 2724 2890 finem
2750 2838 2949 2890 nullum
2981 2837 3198 2892 habent.

2488 2946 2713 2999 CAPUT
2752 2946 2952 3001 CXLII.

2104 3032 2225 3085 Alia
2257 3034 2481 3102 prudens
2506 3039 2770 3105 responsio
2805 3038 3000 3090 abbatis
3029 3039 3331 3091 Alexandri.

2001 3120 2185 3176 Frater
2234 3126 2370 3177 alius
2424 3129 2659 3192 perrexit
2703 3129 2767 3180 ad
2814 3128 3061 3182 abbatem
3111 3128 3514 3196 Alexandrum,

222 3197 340 3243 tem
370 3188 517 3241 illum
551 3188 773 3257 ejusque
798 3191 1149 3242 constantiam
1188 3187 1556 3254 pervidissem,
1602 3201 1819 3240 sumens

1935 3212 2105 3277 ipsius
2138 3216 2446 3268 monasterii
2491 3216 2697 3271 abbatis
2730 3216 2989 3272 Gerasimi
3018 3219 3331 3285 antistitem,
3362 3230 3414 3272 et
3440 3218 3519 3274 ait

224 3294 359 3333 eum
385 3278 489 3339 abii
518 3278 581 3331 ad
606 3293 813 3332 senem.
848 3280 1021 3332 Senex
1045 3286 1222 3330 autem
1253 3292 1372 3330 mox
1406 3286 1460 3329 ut
1486 3276 1615 3328 vidit
1642 3276 1813 3340 illum,

225 3379 519 3439 antequam
550 3369 838 3439 quidquam
869 3370 946 3423 illi
976 3370 1249 3438 loquerer,
1281 3371 1352 3422 ait
1379 3368 1509 3422 mihi
1536 3382 1778 3421 seorsum
1806 3385 1818 3420 :

226 3460 375 3529 Quid
405 3461 518 3514 vult
550 3461 711 3516 frater
754 3460 890 3515 iste?
938 3461 1054 3513 Dixi
1101 3470 1278 3513 autem
1322 3461 1369 3513 ei
1396 3476 1408 3512 :
1435 3460 1563 3513 Orat
1606 3474 1824 3513 manere

237 3553 547 3608 nobiscum.
573 3551 725 3607 Tunc
747 3552 879 3606 dixit
902 3552 1030 3605 mihi
1056 3569 1069 3605 ι
1094 3552 1287 3617 Crede,
1316 3551 1500 3616 frater,
1533 3554 1632 3606 iste
1656 3553 1823 3620 bapti-

233 3656 398 3704 zatus
429 3662 532 3699 non
561 3659 667 3709 est,
697 3646 789 3700 sed
820 3644 993 3698 adduc
1032 3643 1179 3697 illum
1208 3644 1261 3697 in
1290 3645 1670 3696 monasterium
1714 3643 1825 3695 Eu-

234 3742 566 3802 nucbornm,
598 3751 653 3795 et
684 3738 765 3793 fac
795 3738 944 3792 illum
978 3737 1233 3807 baptizari
1268 3738 1318 3791 in
1351 3745 1540 3791 sancto
1569 3735 1822 3790 Jordane.

231 3832 353 3902 Ego
384 3842 561 3886 autem
601 3832 665 3884 ad
693 3830 854 3885 verba
888 3829 1031 3883 senis
1058 3838 1300 3897 stupens,
1349 3826 1667 3895 interrogavi
1716 3828 1823 3879 fra-

237 3934 382 3977 trem
413 3922 531 3992 quis
559 3929 721 3986 esset,
763 3929 817 3973 et
856 3918 995 3973 unde
1024 3928 1187 3972 esset.
1222 3919 1314 3971 Ille
1354 3926 1528 3970 autem
1567 3932 1633 3970 ex
1673 3915 1829 3970 Occi-

236 4015 407 4070 dente
444 4028 505 4067 se
545 4027 668 4067 esse
703 4011 798 4076 ait,
844 4021 1196 4080 parentesque
1242 4010 1440 4063 habere
1477 4009 1721 4078 gentiles,
1763 4020 1828 4061 ac

235 4107 453 4161 nescire
498 4114 671 4157 utrum
708 4103 1003 4172 baptizatus
1033 4112 1195 4163 esset,
1225 4116 1290 4153 an
1321 4116 1445 4153 non.
1476 4100 1625 4154 Tunc
1651 4101 1826 4168 itaque

236 4198 641 4254 eatechizante<
691 4212 833 4259 enni,
886 4196 1108 4249 fecimus
1157 4195 1208 4247 in
1255 4193 1492 4248 Jordane
1545 4192 1824 4262 baptizari,

237 4291 643 4362 permansitque
673 4290 722 4340 in
756 4288 1103 4352 monasterio,
1132 4286 1239 4341 Deo
1269 4285 1466 4355 gratias
1497 4300 1679 4356 agens.

752 4379 979 4435 CAPUT
1016 4379 1306 4434 CXXXIX.

240 4471 530 4527 Pratdictio
552 4472 753 4526 abbatis
783 4471 954 4541 Sergii
977 4472 1040 4542 de
1060 4470 1311 4540 Gregorio
1340 4473 1614 4542 prwposito
1640 4489 1824 4527 mona-

828 4544 970 4595 sterii
1003 4541 1237 4598 Pharon.

316 4614 394 4670 De
438 4615 544 4669 hoc
584 4614 775 4668 abbate
816 4614 1005 4683 Sergio
1044 4615 1363 4667 anachoreta
1397 4614 1635 4667 narravit
1676 4614 1830 4669 nobis

240 4710 414 4763 abbas
443 4708 667 4777 Sergius
697 4708 983 4762 Armenius
1008 4706 1123 4776 ejus
1151 4708 1465 4773 discipulus,
1495 4708 1631 4776 quod
1666 4709 1832 4776 pluri-

246 4818 398 4856 mum
429 4801 531 4856 sibi
574 4803 830 4853 molestus
861 4800 1022 4854 fuerit
1060 4800 1222 4852 abbas
1255 4799 1564 4866 Gregorius,
1595 4799 1685 4867 qui
1715 4808 1831 4853 erat

241 4894 567 4965 praepositus
592 4892 761 4962 90h.
789 4891 1098 4945 monasterii
1129 4891 1356 4957 Pharao,
1396 4899 1451 4942 nt
1485 4890 1634 4944 illum
1665 4890 1828 4945 duce—

241 4995 329 5042 ret
375 4985 443 5038 ad
484 5000 689 5039 senem.
743 4984 840 5038 Die
884 4999 1014 5052 ergo
1058 4983 1284 5050 quadam
1329 4981 1550 5035 adduxit
1586 4982 1733 5035 illum
1761 4983 1826 5036 ad

244 5079 445 5144 ipsum.
503 5078 630 5132 Erat
652 5089 828 5130 autem
858 5091 1020 5128 senex
1051 5085 1175 5127 tunc
1198 5074 1337 5127 circa
1368 5072 1636 5143 regionem
1666 5075 1829 5129 maris

242 5170 458 5224 liurtui.
490 5170 625 5223 Cum
665 5170 825 5237 igitur
851 5168 1078 5220 vidisset
1101 5182 1222 5220 eum
1256 5180 1442 5226 senex,
1476 5165 1828 5221 libentissime

243 5259 517 5325 salutavit,
558 5259 825 5326 allataqne
880 5271 1012 5325 aqua
1071 5257 1203 5310 lavit
1255 5258 1415 5325 pedes
1451 5255 1592 5324 ejus,
1633 5271 1696 5311 ac
1736 5272 1831 5323 per

244 5358 416 5406 totam
456 5348 596 5403 diem
634 5349 929 5404 collocutus
967 5363 1088 5401 eum
1120 5362 1185 5402 eo
1214 5347 1282 5402 de
1310 5348 1665 5403 aedificatione
1696 5349 1827 5403 ani-

245 5457 373 5509 nne,
404 5442 491 5496 die
518 5443 620 5496 alia
650 5441 855 5495 dimisit
898 5456 1042 5494 eum.
1094 5441 1376 5508 Postquam
1415 5456 1541 5494 vero
1570 5443 1835 5497 abscessit

245 5532 415 5589 abbas
441 5532 753 5603 Gregorius,
777 5531 912 5597 dixi,
944 5532 1136 5600 inquit,
1167 5546 1270 5599 ego
1297 5532 1411 5585 seni
1438 5548 1451 5584 :
1479 5531 1616 5593 Scis,
1653 5533 1831 5599 Pater,

246 5625 374 5698 quia
413 5624 807 5680 scandalizatus
848 5638 990 5689 sum,
1032 5623 1171 5692 quod
1196 5637 1316 5676 cum
1345 5622 1601 5690 plurimos
1628 5626 1836 5689 episco-

247 5734 371 5791 pos,
422 5718 791 5789 presbyteros,
833 5724 887 5770 et
931 5715 1066 5769 alios
1105 5713 1346 5768 duxerim
1400 5715 1465 5768 ad
1513 5723 1585 5780 te,
1638 5714 1834 5768 nullius

255 5824 490 5878 unquam
533 5808 746 5867 illorum
789 5807 951 5877 pedes
992 5806 1177 5862 levasti
1222 5805 1323 5861 nisi
1373 5814 1575 5860 tantum
1626 5805 1832 5860 abbatis

1860 4563 1909 4622 D

1937 3302 2015 3355 illi
2045 3320 2058 3353 :
2086 3304 2259 3369 Abba,
2292 3306 2413 3359 volo
2440 3322 2503 3361 ex
2532 3322 2596 3362 eo
2624 3310 2762 3375 loco,
2808 3310 2893 3363 ubi
2941 3309 3142 3378 habito,
3197 3311 3472 3365 discedere
3497 3328 3512 3374 ;

1937 3394 2090 3448 valde
2130 3398 2274 3449 enim
2306 3398 2488 3451 acedia
2521 3409 2574 3453 et
2616 3401 2774 3453 twdio
2797 3401 2958 3454 animi
2992 3401 3193 3455 laboro.
3220 3399 3515 3471 Respondit

1927 3490 1975 3538 ei
2002 3487 2169 3540 abbas
2201 3489 2505 3543 Alexander
2530 3506 2545 3545 :
2572 3490 2738 3555 Istud,
2785 3491 2879 3556 fili,
2913 3493 3123 3562 signum
3148 3502 3229 3547 est
3255 3495 3378 3559 quia
3413 3507 3515 3547 nec

1931 3592 2150 3647 regnum
2181 3580 2462 3646 emlorum,
2495 3597 2591 3636 nec
2621 3593 2877 3638 mtertium
2921 3586 3213 3639 crueiatum
3246 3586 3297 3638 in
3330 3595 3511 3639 mente

1937 3668 2125 3723 habes.
2156 3669 2286 3723 Nam
2310 3673 2352 3724 si
2384 3671 2483 3725 ista
2516 3673 2742 3727 sollicita
2769 3675 3064 3730 intentione
3085 3676 3368 3745 cogitares,
3395 3675 3514 3730 nul-

1934 3759 2041 3812 lam
2066 3760 2118 3814 in
2144 3762 2276 3815 cella
2305 3772 2391 3816 tua
2420 3765 2658 3819 acediam
2690 3767 2941 3822 sentires.

2478 3878 2703 3935 CAPUT
2738 3880 2964 3936 CXLIII.

2010 3976 2129 4032 Vita
2171 3980 2338 4034 David
2378 3981 2633 4036 latronum
2659 3986 2949 4121 [prin-cipis,
2987 3995 3164 4055 postea
3203 3988 3442 4043 monachi

2630 4070 2658 4107 e
2701 4064 2816 4108 eclt.

2630 4064 2816 4108 allecti.

2001 4149 2135 4202 Cum
2178 4146 2513 4201 venissemus
2551 4146 2603 4199 in
2653 4146 3004 4213 Thebaidem,
3051 4148 3403 4205 convenimus
3428 4164 3518 4205 so-

1933 4240 2165 4311 pbistam
2199 4238 2584 4293 Phibamonem
2618 4239 2670 4293 in
2701 4238 2832 4292 urbe
2865 4239 3125 4295 Antinoo.
3165 4241 3517 4312 Narravitque

1938 4332 2096 4387 nobis
2124 4330 2365 4386 utilitatis
2395 4340 2592 4385 nostra:
2613 4331 2783 4400 gratia
2810 4330 2878 4387 de
2909 4332 3116 4386 latrone
3138 4332 3388 4400 quodam,
3419 4348 3516 4387 no-

1936 4425 2081 4479 mine
2108 4425 2300 4491 David,
2351 4424 2440 4493 qui
2472 4422 2609 4491 apnd
2645 4422 3007 4492 Ilermopolim
3039 4423 3294 4491 plurimos
3322 4438 3519 4492 exspo-

1938 4519 2123 4585 liabat,
2170 4518 2348 4587 plures
2393 4517 2551 4570 etiam
2597 4515 2971 4582 interficiebat,
3005 4523 3062 4571 et
3090 4517 3366 4569 innumera
3399 4531 3519 4584 per-

1938 4609 2183 4679 petrabat
2229 4610 2390 4673 mala,
2442 4610 2510 4661 ita
2563 4617 2621 4661 ut
2663 4609 2839 4661 nullus
2880 4609 2929 4663 ei
2953 4608 3006 4661 in
3057 4607 3141 4661 his
3187 4607 3520 4663 crudelitatis

1936 4700 2189 4770 operibus
2214 4698 2446 4753 conferri
2472 4706 2677 4768 posset,
2708 4710 2929 4769 eratque
2960 4699 3350 4754 famosissimas
3379 4698 3520 4755 inter

1934 4806 2145 4847 omnes.
2193 4791 2286 4845 Die
2315 4805 2444 4845 vero
2486 4792 2714 4859 quadam
2760 4806 2878 4846 cum
2923 4799 3201 4845 exerceret
3240 4791 3519 4846 latrocinia

1935 4898 2055 4936 cum
2099 4883 2256 4936 sociis
2298 4881 2417 4949 plus
2458 4897 2615 4949 quam
2668 4881 2912 4950 triginta,
2958 4882 3173 4937 rediens
3212 4882 3264 4937 in
3317 4892 3519 4938 semet.

1938 4976 2143 5044 ipsum,
2196 4982 2658 5042 compunctusque
2708 4975 2762 5027 in
2818 4973 2899 5027 his
2944 4989 3063 5042 quae
3117 4984 3519 5044 perpetraverat

1937 5064 2252 5131 sceleribus,
2278 5064 2477 5119 relictis
2501 5064 2661 5117 sociis
2685 5062 2814 5116 abiit
2834 5062 2899 5117 ad
2928 5066 3334 5122 monasterium.
3357 5066 3522 5121 Cum-

1940 5171 2044 5221 que
2074 5158 2310 5225 pulsaret
2354 5153 2661 5207 monasterii
2705 5152 2949 5221 januam,
3000 5154 3129 5208 exiit
3165 5157 3435 5223 ostiarius,
3464 5166 3517 5212 et

1937 5247 2073 5301 dixit
2112 5247 2161 5301 ei
2189 5265 2202 5300 :
2228 5246 2363 5311 Quid
2409 5245 2523 5297 vis?
2564 5244 2819 5312 Princeps
2860 5253 3039 5299 autem
3090 5246 3353 5301 latronum
3402 5248 3515 5301 ait:

1936 5338 2224 5393 Monachus
2256 5338 2368 5392 fieri
2399 5338 2540 5391 volo.
2592 5337 2865 5407 Ingressus
2912 5352 3036 5393 vero
3079 5340 3332 5394 ostiarius
3382 5355 3523 5394 nun-

1939 5430 2088 5484 tiavit
2162 5428 2343 5484 abbati
2394 5429 2460 5483 de
2521 5428 2631 5483 illo.
2692 5428 2952 5498 Egressus
3017 5429 3084 5483 ad
3123 5430 3270 5483 illum
3327 5430 3517 5496 abbas,

1940 5533 1994 5577 et
2034 5521 2221 5577 videns
2280 5519 2398 5589 quia
2452 5520 2561 5589 jam
2618 5535 2781 5576 senex
2838 5531 3002 5586 esset,
3057 5521 3193 5575 dixit
3241 5522 3290 5575 ei
3340 5539 3352 5575 :
3400 5522 3521 5576 Non

1943 5627 2094 5685 putes
2138 5617 2224 5670 hic
2259 5630 2515 5682 manere;
2549 5615 2776 5671 multum
2823 5617 2966 5671 enim
3010 5617 3246 5671 laborem
3290 5616 3521 5669 tolerant

1944 5710 2155 5774 fratres,
2210 5707 2640 5777 abstinentiaque
2678 5723 2868 5778 magna
2914 5717 3018 5771 est,
3051 5716 3106 5762 et
3132 5716 3187 5761 tu
3213 5722 3333 5762 cum
3366 5706 3525 5761 aliter

1942 5809 2187 5857 assuetus
2215 5800 2312 5865 sis,
2340 5799 2723 5859 districtionem
2756 5799 3065 5857 monasterii
3092 5800 3231 5858 ferre
3254 5813 3359 5854 non
3383 5813 3501 5867 ιιι-ω
