3982 6354
441 346 534 403 191
1611 342 1696 397 DE
1737 340 1914 399 VITIS
1952 339 2027 397 PA

2147 340 2237 397 ΗΜ
2279 338 2484 397 LIBER
2526 342 2591 397 Χ.

3613 341 3727 401 193

436 461 608 516 vales.
638 456 737 514 Ille
765 466 942 515 autem
973 456 1177 521 orabat,
1211 455 1396 511 dicens
1421 474 1434 508 :
1462 454 1655 524 Utique
1685 456 1874 510 faciam
1897 470 2013 508 om-
2047 456 2095 513 Δ
2126 453 2453 508 illustrantur
2472 453 2743 523 operibus.
2769 453 2866 509 Ubi
2891 468 3018 509 vero
3042 454 3183 511 Deus
3203 462 3305 523 est,
3329 458 3451 527 quis
3469 458 3725 518 insidiati

438 553 551 612 nia.
575 550 943 605 tantummodo
975 552 1189 617 suscipe
1211 563 1318 603 me.
1349 548 1513 601 Porro
1540 548 1705 602 abbas
1726 548 1777 601 in
1807 556 2025 601 senten-

446 653 519 698 tta
553 658 644 696 sua
679 642 1013 711 persistebat,
1060 639 1423 695 dicenszNon
1475 648 1625 707 potes
1671 639 1828 693 ferre.
1875 638 2026 692 Tunc

448 746 527 793 ait
556 737 631 791 illi
665 738 929 790 latronum
962 738 1249 804 princeps:
1283 734 1349 788 Ut
1388 733 1546 796 scias,
1585 747 1685 801 ego
1709 747 1826 785 sum
1860 731 2024 784 David

442 831 705 898 princeps
740 829 1026 893 latronum,
1073 837 1126 881 et
1172 828 1368 882 idcirco
1404 826 1522 879 vcni
1559 829 1683 888 hnc,
1717 836 1771 877 ιιι
1797 824 2022 878 άεηεςιιη

445 932 663 989 peccata
697 937 835 976 mea.
868 924 921 976 Si
962 933 1137 975 autem
1184 935 1267 974 me
1308 921 1583 986 Suscipere
1628 921 1883 983 nolueris,
1925 920 2025 973 sub

439 1012 793 1083 jurejurando
820 1013 910 1067 tibi
939 1022 1205 1078 protestor
1232 1027 1325 1080 per
1353 1027 1474 1066 eum
1506 1013 1593 1082 qui
1624 1014 1674 1065 in
1705 1012 1843 1066 cmlo
1870 1013 2022 1065 habi-

448 1116 541 1169 tat,
590 1109 711 1175 quia
755 1120 937 1159 rursus
964 1105 1027 1157 ad
1062 1106 1292 1172 priorem
1324 1114 1517 1158 statum
1552 1104 1824 1167 remeabo,
1855 1113 1907 1158 et
1939 1118 2027 1156 as-

448 1196 675 1263 sumptis
718 1210 922 1248 mecum
950 1195 1111 1249 sociis
1142 1194 1297 1260 meis,
1329 1209 1421 1248 vos
1449 1210 1637 1249 omnes
1667 1196 1983 1250 interliciam
2004 1238 2020 1259 ,

450 1296 729 1355 totumque
775 1288 1157 1340 monasterium
1198 1298 1456 1341 evertam.
1492 1287 1584 1341 llis
1610 1288 1824 1350 auditis,
1858 1290 2024 1343 abbas

444 1379 684 1445 suscepit
707 1392 828 1431 eum
868 1381 1006 1431 intra
1051 1379 1463 1448 monasterium,
1502 1379 1834 1447 tondensque
1875 1380 2023 1433 illuni

412 1456 661 1528 rtradidit
689 1474 739 1526 ei
769 1473 1079 1542 religiosum
1110 1473 1371 1527 habitum.
1400 1474 1566 1540 Coepit
1601 1475 1761 1545 igitur
1785 1474 1836 1527 in
1861 1475 2023 1539 Spiri-

437 1564 532 1617 tali
566 1563 755 1616 militia
786 1574 1074 1617 veteranus
1102 1565 1204 1616 tiro
1237 1578 1495 1629 pugnare,
1527 1572 1579 1616 et
1608 1563 1941 1618 abstinentia:
1962 1579 2025 1619 ac

439 1652 785 1717 obedientize,
821 1652 1247 1720 humilitatisqne
1275 1653 1466 1706 studiis
1495 1661 1719 1707 cunctos
1747 1655 1837 1723 qui
1868 1663 2027 1708 erant

439 1744 493 1798 in
539 1745 871 1797 monasterio
915 1742 1298 1797 transcendere
1347 1744 1525 1811 (erant
1554 1753 1729 1798 autem
1764 1748 1875 1798 fere
1902 1759 2025 1814 snp-

2129 547 2291 610 valet,
2330 557 2422 601 aut
2451 561 2645 601 nocere
2676 547 2904 615 poterit?

2205 639 2341 693 Dixit
2372 643 2561 693 iterum
2596 657 2609 693 :
2637 640 2916 694 llominum
2944 641 3111 696 virtus
3143 657 3247 696 non
3275 641 3328 698 in
3355 651 3547 699 natura
3576 657 3723 702 con-

2127 731 2290 799 sistit,
2320 732 2433 785 haac
2458 732 2600 786 enim
2618 733 2888 785 variahilis
2915 742 3017 797 est,
3050 734 3142 787 sed
3170 734 3222 787 in
3247 737 3523 805 proposito
3545 738 3722 805 picta-

2130 824 2217 886 tis,
2270 832 2324 876 et
2367 824 2417 876 in
2462 823 2552 877 Dei
2600 823 2887 892 atljntorio.
2937 825 3199 880 Curemus
3248 828 3428 896 itaque
3480 831 3725 885 animam

2129 923 2391 977 nostram,
2422 914 2548 977 filii,
2581 915 3025 982 quemadmodum
3057 929 3108 969 et
3131 932 3323 985 corpus
3354 918 3599 974 facimus.

2200 1004 2400 1059 Rursus
2431 1007 2498 1059 ait
2528 1020 2691 1063 senex
2722 1023 2734 1058 ε
2762 1006 3090 1077 Colligamus
3139 1011 3331 1063 anima:
3384 1011 3724 1077 curationes,

2129 1096 2229 1150 hoc
2258 1105 2340 1150 est
2379 1099 2651 1164 petatem,
2693 1097 2977 1164 justitiam,
3012 1098 3388 1166 humilitatem,
3420 1101 3722 1170 subiectio-

2130 1202 2273 1241 nem.
2323 1188 2584 1242 Maximus
2634 1189 2774 1241 enim
2826 1190 3125 1243 animarum
3179 1191 3419 1245 medicus
3472 1192 3724 1248 Christus

2131 1280 2270 1333 Deus
2297 1292 2480 1334 noster
2508 1296 2669 1349 prope
2692 1292 2796 1347 est,
2831 1283 3047 1352 vultque
3067 1299 3257 1339 curare
3290 1299 3409 1339 nos.
3440 1285 3559 1340 Non
3591 1301 3727 1355 ergo

2129 1374 2482 1443 negligantus,
2514 1390 2688 1442 neque
2718 1390 3083 1443 aspernemur.

2206 1466 2292 1520 Ait
2325 1482 2537 1520 rursum
2570 1485 2582 1519 :
2620 1468 2783 1521 Docet
2810 1483 2909 1521 nos
2942 1468 3198 1522 Dominus
3219 1469 3427 1525 sobrios
3449 1485 3513 1525 ac
3541 1470 3728 1539 fruga-

2130 1555 2206 1609 Ies
2227 1571 2367 1619 esse,
2417 1572 2514 1612 nos
2548 1569 2727 1613 autem
2761 1560 2940 1613 miseri
2972 1574 3066 1629 per
3087 1561 3308 1615 delicias
3352 1561 3637 1616 definimus
3662 1564 3722 1617 in

2128 1647 2449 1715 voluptates.

2204 1737 2344 1791 Dixit
2394 1739 2590 1793 iterum
2648 1754 2861 1795 senex:
2908 1741 3358 1796 Commendemus
3420 1756 3518 1795 nos
3574 1741 3728 1813 ipsos

438 1833 675 1903 tuaginta
728 1831 1030 1901 mooachi),
1060 1842 1281 1886 cunctos
1326 1832 1617 1897 aidilicans,
1674 1834 2024 1902 omnibusque
2058 1836 2098 1895 Β
2133 1828 2262 1893 Deo,
2313 1831 2760 1898 quemadmodum
2808 1834 2881 1886 ait
2939 1833 3132 1888 Paulus
3188 1833 3365 1904 (Rom.
3413 1834 3514 1905 vr),
3567 1837 3727 1903 quasi

439 1922 677 1978 existens
702 1923 872 1977 forma
904 1924 1136 1987 virtutis,
1166 1933 1222 1977 et
1243 1923 1541 1977 sanctitatis
1566 1923 1898 1992 exemplum.
1934 1925 2026 1979 Die

442 2030 574 2071 vero
601 2016 830 2085 quadam
863 2015 1089 2069 sedente
1115 2015 1207 2069 illo
1230 2015 1283 2069 in
1313 2030 1409 2069 sua
1450 2016 1664 2081 cellula,
1709 2017 1905 2071 missus
1943 2029 2026 2072 est

441 2103 508 2159 ad
549 2120 671 2159 eum
709 2105 929 2173 angelus
971 2106 1086 2173 Dei,
1119 2105 1345 2160 dicens:
1377 2106 1567 2170 David,
1597 2108 1789 2171 David,
1818 2107 2028 2162 remisit

442 2195 536 2248 tibi
568 2195 706 2250 Deus
748 2206 962 2265 peccata
995 2206 1107 2265 tua,
1135 2205 1189 2251 et
1215 2198 1324 2252 eris
1352 2212 1418 2251 ex
1449 2213 1592 2252 nunc
1621 2197 1771 2266 signa
1794 2197 2022 2255 faciens.

441 2284 540 2350 Qui
584 2286 915 2354 respondens
958 2288 1140 2342 dixit:
1183 2289 1419 2344 Credere
1463 2306 1567 2344 non
1620 2305 1836 2357 possunt
1883 2291 2023 2358 quod

440 2377 619 2431 omnia
652 2388 862 2443 peccata
907 2394 1023 2432 mea
1056 2380 1141 2433 illa
1176 2380 1328 2448 plura
1365 2396 1524 2450 quam
1557 2396 1719 2436 arena
1752 2382 1915 2435 maris
1944 2393 2027 2436 at-

442 2485 547 2540 que
569 2472 833 2539 graviora,
860 2480 964 2525 tam
988 2472 1133 2527 brevi
1161 2482 1400 2541 tempore
1423 2476 1550 2529 mihi
1573 2475 1837 2529 remiserit
1858 2476 2022 2531 Deus.

442 2563 540 2619 Cui
571 2565 792 2634 angelus
817 2564 888 2617 ait
916 2584 928 2617 :
956 2564 1012 2619 Si
1039 2565 1304 2619 sacerdoti
1332 2566 1605 2621 Zacharias
1633 2568 1747 2637 (3|)
1780 2583 1883 2620 non
1908 2584 2025 2622 cre-

444 2654 596 2709 denti
647 2655 801 2719 mihi,
845 2670 965 2709 cum
999 2656 1075 2709 illi
1110 2657 1274 2711 filiutn
1309 2661 1618 2726 pollicerer,
1650 2675 1753 2712 non
1784 2662 2020 2728 peperci,

442 2744 535 2797 sed
562 2743 679 2811 ejus
705 2745 845 2797 vinxi
876 2745 1129 2813 linguam,
1155 2749 1353 2802 docens
1387 2750 1530 2802 illum
1560 2765 1665 2804 non
1687 2750 1886 2804 debere
1907 2766 2027 2806 esse

441 2835 603 2906 905
637 2837 968 2892 incredulum
1002 2840 1085 2892 his
1113 2855 1233 2909 quae
1262 2855 1289 2893 a
1320 2856 1405 2895 me
1434 2842 1769 2907 dicebantur,
1796 2858 1896 2898 nec
1925 2842 2024 2897 tibi

443 2927 659 2994 quidem
694 2929 992 2991 parciturns
1024 2945 1141 2985 sum
1171 2948 1183 2984 :
1210 2932 1412 2988 idcirco
1442 2936 1552 2989 eris
1591 2936 1785 2989 amodo
1817 2951 1920 2989 non
1951 2936 2031 2990 lo-

442 3032 632 3086 quens.
658 3020 828 3074 David
851 3030 1028 3076 autem
1053 3034 1351 3091 prostratus
1378 3026 1522 3080 humi
1550 3027 1626 3080 ait
1654 3045 1666 3078 :
1692 3025 1825 3081 Cum
1851 3043 2028 3083 essem

448 3111 502 3164 in
529 3113 753 3176 saeculo,
785 3115 989 3168 nefaria
1016 3116 1220 3169 scelera
1249 3116 1473 3180 faciens,
1508 3126 1562 3172 ct
1593 3119 1878 3173 humanum
1908 3133 2031 3172 san-

442 3200 654 3269 guinem
706 3201 958 3272 fundens,
1009 3205 1303 3274 loquebar;
1354 3210 1515 3261 modo
1562 3209 1778 3278 quando
1820 3212 2023 3265 servire
2053 3218 2100 3282 ο

446 3292 558 3347 Deo
590 3293 734 3360 volo,
760 3296 1049 3365 laudesque
1070 3296 1149 3350 illi
1175 3296 1390 3363 offerre,
1418 3307 1544 3354 tune
1570 3300 1801 3369 linguam
1826 3315 2023 3368 meam,

442 3399 511 3439 ne
549 3384 755 3455 loquar,
809 3387 976 3459 ligas?
1022 3389 1318 3459 Respondit
1346 3390 1422 3445 illi
1453 3394 1873 3461 angelus:Cum
1925 3395 2028 3449 im-

449 3476 623 3545 plebis
651 3478 968 3547 psalmodia:
993 3494 1278 3548 canonem,
1321 3483 1579 3551 loqueris,
1622 3494 1816 3552 praeter
1861 3501 2027 3540 cano-

444 3583 567 3629 nem
599 3583 727 3623 vero
758 3570 971 3638 penitus
1002 3574 1223 3628 tacebis.
1256 3574 1408 3641 Quod
1445 3585 1498 3631 et
1525 3574 1721 3631 factum
1760 3585 1861 3641 cst,
1906 3578 2027 3647 pln~

443 3660 690 3730 rimaque
717 3678 811 3731 per
841 3664 990 3717 illum
1016 3665 1159 3720 Deus
1192 3666 1449 3721 miracula
1475 3668 1728 3723 ostendit.
1763 3669 2030 3724 Psallebat

446 3752 610 3822 igitur
660 3753 917 3823 psalmos,
950 3755 1154 3809 nullum
1186 3771 1314 3813 vero
1358 3759 1580 3812 verbum
1624 3759 1763 3814 aliud
1809 3762 2030 3817 omnino

448 3842 593 3911 loqui
626 3852 858 3912 poterat,
881 3844 983 3911 Qui
1015 3861 1143 3901 vero
1181 3847 1334 3902 nobis
1366 3849 1463 3903 ista
1509 3852 1763 3917 narravit,
1792 3867 1851 3907 se
1883 3852 2028 3907 illum

448 3927 645 3981 vidisse
675 3932 967 3997 asserebat,
993 3942 1046 3985 et
1074 3932 1240 3986 Deum
1270 3934 1618 4004 glorificasse.

1002 4046 1228 4102 CAPUT
1255 4046 1482 4103 CXLIV.

517 4154 902 4211 Admonitiones
926 4159 1075 4212 unius
1097 4175 1159 4212 ex
1188 4160 1390 4213 senibus
1412 4161 1501 4231 qui
1527 4171 1669 4215 erant
1697 4162 1750 4217 in
1777 4163 1954 4219 Celtis.

518 4267 737 4323 Dicebat
758 4271 969 4340 quidam
989 4286 1020 4327 e
1043 4272 1257 4326 senibus
1282 4272 1532 4328 fratribus
1562 4274 1649 4344 qni
1665 4285 1816 4331 erant
1836 4278 1885 4330 in
1900 4275 2026 4331 Cel-

449 4362 515 4418 lis
549 4379 564 4416 :
613 4362 725 4417 Non
753 4375 1064 4433 appetamus
1092 4365 1360 4436 Egyptiis
1400 4365 1601 4421 servire
1642 4368 2029 4436 voluptatibus,

448 4469 570 4523 qua:
602 4455 860 4509 Pharaoni
894 4456 1193 4525 pernicioso
1225 4468 1451 4526 tyranno
1481 4457 1744 4511 obnoxios
1778 4459 1992 4512 faciunt.

519 4570 874 4626 Dixititerum
909 4589 924 4628 :
958 4572 1167 4627 Utinam
1211 4581 1465 4640 quantum
1502 4571 1659 4627 studii
1701 4574 1839 4627 circa
1891 4574 2028 4628 mala
2064 4598 2110 4657 Β

446 4663 644 4720 habent
700 4666 995 4732 homines,
1065 4673 1269 4718 tantum
1344 4667 1605 4722 haberent
1666 4668 1806 4722 circa
1861 4669 2031 4734 bona;

446 4770 501 4815 et
527 4762 715 4829 ingens
761 4760 825 4814 ad
875 4761 1183 4829 spectacula
1212 4761 1467 4827 studium,
1502 4771 1556 4817 et
1598 4763 1664 4816 ad
1707 4779 1868 4817 vanas
1921 4775 2033 4819 tur-

448 4869 648 4922 pesque
694 4853 1084 4917 solemnitates,
1142 4866 1240 4905 nec
1294 4867 1395 4905 nun
1447 4856 1749 4921 avaritiam,
1808 4867 1860 4910 et
1915 4858 2029 4911 ina-

448 4960 569 4998 nem
638 4946 857 5014 gloriam
918 4957 1077 5015 atqtte
1143 4945 1493 5012 injustitiam,
1552 4949 1905 5004 transferrent
1965 4952 2031 5005 ad

450 5036 701 5091 allectum
752 5040 985 5107 pietatis.
1026 5039 1305 5109 Nunquam
1350 5042 1586 5108 profecto
1635 5042 2033 5110 ignorassemns

452 5137 707 5196 quantum
736 5145 762 5180 a
797 5130 907 5185 Deo
954 5132 1198 5187 honorati
1229 5147 1435 5200 sumus,
1464 5144 1515 5188 et
1547 5145 1728 5188 contra
1763 5135 2034 5191 daemones

448 5234 750 5289 possumus.

524 5332 665 5386 Dixit
696 5333 885 5386 iterum
908 5349 1097 5389 senex:
1121 5337 1230 5392 Deo
1253 5338 1426 5407 majus
1454 5335 1582 5391 nihil
1610 5346 1711 5402 est,
1734 5340 1823 5393 ted
1856 5355 2030 5410 neque

449 5442 569 5497 par,
596 5442 767 5496 neque
796 5428 937 5496 quod
968 5445 1072 5482 non
1097 5430 1327 5485 maxime
1354 5431 1577 5486 inferius
1604 5432 1688 5485 sit.
1722 5432 1860 5497 Quid
1896 5450 2031 5505 ergo

454 5520 565 5573 illis
596 5518 786 5573 fortius
814 5535 875 5574 ac
898 5522 1125 5585 beatius,
1156 5525 1244 5590 qui
1280 5524 1441 5576 Deum
1469 5523 1667 5578 habent
1693 5525 2030 5591 adiutorem?

522 5610 664 5666 Dixit
695 5612 882 5668 iterum
910 5629 924 5667 :
955 5613 1161 5683 Ubique
1183 5614 1395 5681 quidem
1429 5615 1567 5672 Dens
1595 5629 1694 5683 est,
1724 5620 1821 5687 piis
1851 5629 2028 5675 autem

449 5715 506 5759 et
543 5704 596 5758 itt
628 5704 889 5775 Spirituali
917 5707 1180 5761 exercitio
1213 5707 1523 5762 sudantibus
1540 5710 1893 5780 propinquat;
1924 5727 2028 5766 non

447 5796 531 5853 his
574 5797 662 5867 qui
705 5799 1036 5867 professione
1075 5800 1189 5855 sola
1244 5799 1612 5869 honestantnr,
1661 5804 1753 5857 scd
1812 5804 1896 5860 his
1939 5806 2027 5872 qui

2132 1936 2196 1975 ex
2231 1922 2456 1976 mortuis
2506 1923 2775 1991 viventes,
2805 1940 2977 1995 neque
3031 1927 3315 1993 praeteritis
3358 1927 3723 1998 intendentes,

2128 2013 2505 2068 obliviscamur
2541 2017 2843 2082 anteriora;
2876 2018 2967 2071 sed
2990 2020 3281 2073 secundum
3301 2019 3722 2075 destinationem

2130 2117 2509 2171 persequamur
2542 2105 2606 2158 ad
2642 2105 2883 2161 bravizzm
2915 2122 3164 2177 superum
3218 2111 3516 2164 vocationis
3562 2110 3729 2183 (Phi-

2130 2193 2220 2263 lip.
2265 2194 2362 2263 ιιι).

2203 2287 2564 2357 Interrogatus
2605 2289 2690 2342 hic
2714 2292 2881 2343 senex
2908 2305 2934 2343 a
2969 2290 3133 2345 fratre
3154 2290 3409 2358 quodam,
3441 2289 3568 2359 quid
3598 2305 3728 2343 can-

2130 2392 2206 2432 sze
2236 2388 2383 2433 esset
2424 2395 2521 2433 cur
2556 2382 2772 2463 assidite
2807 2380 3074 2450 judicaret
3131 2382 3342 2442 fratres,
3403 2381 3673 2449 respondit
3712 2399 3725 2433 :

2129 2469 2262 2536 Quia
2293 2470 2522 2524 necdum
2554 2480 2604 2524 te
2634 2472 2804 2539 ipsum
2827 2472 3147 2542 cognovisti.
3180 2474 3310 2527 Nam
3339 2474 3429 2543 qui
3457 2487 3519 2529 se
3548 2474 3728 2543 ipsum

2129 2563 2296 2629 novit,
2326 2563 2546 2618 fratrum
2576 2565 2701 2618 vitia
2726 2581 2829 2619 non
2862 2568 3075 2634 aspicit.

2689 2678 2917 2735 CAPUT
2956 2681 3162 2736 CXLV.

2138 2787 2258 2843 Vita
2287 2790 2416 2844 beati
2436 2789 2692 2865 Gennadii
2721 2794 3626 2865 patriarchae‘Constmttinopolitaui,
3656 2808 3745 2849 ει·

2588 2864 2651 2914 de
2665 2867 2779 2934 ejus
2805 2864 2989 2917 [crtare
3017 2862 3281 2918 Charisio-

2203 2973 2543 3026 Accessimus
2596 2973 2647 3027 in
2696 2975 2999 3029 cmnobinzn
3043 2975 3183 3039 quod
3234 2976 3432 3031 dicitur
3484 2962 3722 3043 Salama,

2133 3079 2276 3119 nono
2302 3064 2369 3119 ab
2391 3065 2719 3119 Alexandria
2749 3067 2996 3122 milliario
3027 3070 3232 3122 distins
3260 3110 3274 3133 ,
3316 3069 3731 3139 invcnimusque

2135 3156 2243 3210 illic
2278 3156 2410 3210 duos
2435 3159 2777 3228 presbyteros
2791 3174 2968 3224 senes,
2995 3161 3081 3228 qui
3107 3159 3356 3215 dxernnt
3377 3160 3556 3225 nobis,
3582 3161 3727 3215 Con-

2131 3249 2625 3317 stantinopolitante
2659 3251 2910 3307 Ecclesia:
2937 3268 2997 3307 se
3045 3268 3163 3305 esse
3195 3238 3571 3323 presbyteros,
3603 3270 3731 3309 nar-

2130 3337 2425 3408 rabantqne
2452 3341 2605 3395 nobis
2625 3340 2693 3396 de
2734 3342 2888 3395 beato
2915 3342 3189 3397 Gennadio
3219 3343 3723 3413 Constantinopoli—

2133 3438 2257 3484 tano
2281 3431 2607 3499 patriarcha,
2638 3434 2777 3500 quod
2823 3435 2978 3489 fuerit
3023 3436 3355 3503 mitissimus,
3389 3446 3445 3492 et
3489 3439 3726 3495 mundus

2131 3535 2383 3589 corpore,
2409 3524 2741 3593 multumque
2768 3528 3067 3581 continens.

2207 3612 2465 3668 Dicebant
2492 3625 2543 3669 et
2579 3616 2679 3670 hoc
2711 3619 2865 3671 nobs
2897 3617 2964 3672 de
2986 3619 3123 3687 ipso,
3150 3620 3291 3688 quod
3318 3634 3437 3673 cum
3468 3620 3729 3675 molesta-

2135 3714 2286 3759 retur
2308 3722 2336 3758 a
2369 3707 2613 3775 p’urimis
2645 3708 2712 3762 de
2741 3709 2969 3777 quodam
3001 3710 3197 3764 clerico
3227 3712 3381 3765 nimis
3407 3712 3728 3779 delinquem

2136 3807 2209 3861 te,
2243 3796 2491 3852 Charisio
2535 3801 2773 3863 nomine,
2807 3802 3087 3856 accersivit
3125 3818 3246 3857 eum
3280 3805 3605 3870 patriarcha,
3637 3805 3728 3874 ip-

2136 3901 2365 3956 sumque
2393 3892 2682 3945 emendare
2706 3904 2927 3946 conatus
2955 3902 3056 3947 est.
3083 3894 3215 3947 Cum
3243 3911 3369 3949 vero
3399 3896 3527 3950 nihil
3553 3884 3730 3952 incre-

2140 3980 2318 4048 pando
2350 3983 2652 4049 proliceret,
2699 3984 2941 4050 permisit
2995 3985 3139 4037 illnm
3200 3996 3416 4053 paterna
3464 3998 3516 4042 et
3556 3989 3729 4045 eccle-

2141 4071 2357 4125 siastica
2383 4088 2611 4127 censura
2644 4074 2919 4142 flagcl'a'i.
2957 4076 3238 4145 Poxtquam
3286 4094 3409 4132 vero
3438 4079 3629 4134 didicit
3668 4081 3728 4137 in

2136 4160 2279 4215 nullo
2302 4164 2574 4217 meliorem
2601 4164 2736 4228 fieri,
2761 4180 2931 4234 neque
2961 4181 3054 4232 per
3083 4168 3263 4233 verba,
3298 4182 3470 4237 neque
3496 4184 3590 4237 per
3612 4170 3717 4224 lla-

2135 4252 2269 4322 gella
2293 4254 2533 4322 (vacabat
2558 4255 2696 4308 enim
2735 4255 3032 4310 homicidiis
3053 4266 3106 4311 et
3128 4258 3343 4326 magicis
3373 4256 3713 4328 praestigiis),

2135 4347 2301 4399 misso
2347 4347 2578 4415 quodam
2642 4349 2988 4416 apocrisiario
3034 4365 3132 4403 suo
3186 4352 3343 4417 jussit
3403 4360 3461 4404 ut
3513 4352 3725 4405 diceret

2135 4450 2322 4493 sancto
2354 4440 2571 4509 martyri
2600 4441 2907 4496 Eleutherio
2941 4443 3079 4512 (erat
3104 4445 3243 4496 enim
3278 4444 3517 4498 lectorin
3551 4443 3721 4511 ipsius

2137 4533 2371 4586 oratorio
2389 4532 2884 4603 Charisius):Miles
2909 4542 3049 4598 tuus,
3080 4544 3263 4589 sancte
3292 4535 3384 4590 Dci
3419 4534 3723 4603 Eleutheri,

2140 4627 2363 4679 multum
2389 4637 2637 4692 peccator
2658 4637 2770 4691 est;
2810 4637 2899 4681 aut
2941 4628 3166 4682 emenda
3198 4629 3365 4694 illum,
3397 4638 3487 4681 aut
3513 4627 3728 4684 excide.

2141 4716 2295 4770 Venit
2328 4717 2488 4785 igitur
2512 4720 2893 4785 apocrisiarius
2922 4719 2975 4773 in
3004 4720 3321 4782 oratorium,
3352 4729 3607 4788 stansque
3633 4733 3730 4773 an.

2136 4817 2189 4863 te
2220 4810 2411 4876 altare,
2443 4826 2505 4866 ac
2535 4812 2817 4866 intendens
2844 4812 2909 4865 ad
2942 4813 3245 4881 sepulcrum
3296 4813 3572 4881 martyris,
3623 4828 3728 4867 ex-

2140 4899 2469 4967 tendensque
2522 4917 2736 4955 manttm
2782 4917 2932 4956 suam
2985 4902 3060 4957 ait
3114 4903 3332 4972 martyri
3372 4919 3386 4955 ε
3422 4902 3731 4959 Patriarcha

2139 4990 2448 5044 Gennadius
2496 4991 2763 5059 significat
2799 4993 2991 5058 vobis,
3038 5004 3222 5049 sancte
3268 4992 3466 5047 Christi
3525 5002 3732 5064 martyr

2140 5081 2432 5141 Eleutheri.
2476 5098 2569 5149 per
2591 5098 2675 5136 me
2708 5091 3063 5150 peccatorem,
3086 5084 3209 5153 quia
3242 5084 3394 5137 miles
3423 5091 3544 5136 tuus
3578 5082 3728 5136 mul-

2140 5178 2249 5223 tum
2284 5182 2487 5239 peccat.
2522 5173 2625 5226 Ant
2653 5173 2877 5227 emenda
2908 5173 3078 5236 illum,
3104 5182 3197 5228 aut
3228 5172 3457 5241 pratcide
3494 5187 3639 5226 eum.
3668 5170 3731 5226 In

2136 5261 2431 5314 crastinum
2461 5277 2588 5316 vero
2612 5272 2852 5317 mortuus
2876 5262 3123 5316 inventus
3145 5272 3226 5317 est
3251 5261 3517 5316 scelerum
3543 5258 3731 5329 opifex

2137 5347 2454 5417 Charisius,
2514 5360 2571 5406 et
2627 5367 2812 5405 omnes
2889 5352 3240 5421 obstupefacti
3293 5350 3733 5421 gloriﬁcaverunt

2139 5441 2329 5496 Deum.

2672 5511 2898 5566 CAPUT
2951 5512 3177 5568 CXLVI.

2385 5625 2528 5679 Visio
2559 5624 2770 5695 Eulogii
2800 5626 3107 5696 patriarchae
3124 5625 3485 5680 Alexandrini.

2210 5719 2343 5773 C-um
2373 5732 2618 5773 essemus
2666 5717 2719 5771 in
2750 5718 2938 5773 eodem
2990 5717 3259 5783 cmnobio,
3299 5719 3536 5775 narravit
3567 5719 3727 5776 nobis

2144 5812 2310 5869 abbas
2336 5811 2535 5879 Menas,
2587 5815 2755 5866 cmno'
2783 5810 2814 5864 ii
2848 5808 3013 5879 ipsius
3045 5810 3222 5878 Pater,
3266 5810 3333 5865 de
3371 5821 3560 5868 sancto
3590 5828 3728 5884 papa
