3982 6354
1117 304 1143 323 ο

224 344 331 402 193

227 556 548 610 matutinam
580 553 791 607 laudem
842 552 1139 605 celebraret
1181 552 1232 604 in
1279 550 1616 619 episcopatus
1644 555 1824 601 orato-

228 651 337 715 rio,
364 648 498 703 vidit
524 663 689 717 prope
705 662 764 700 se
790 645 1331 700 assistererJultanum
1360 644 1820 697 archidiaconum.

231 743 401 811 Quem
430 752 485 794 ut
508 740 642 794 vidit
675 738 916 791 turbatus
938 747 1044 802 est,
1078 754 1173 792 cur
1204 736 1389 790 fuisset
1411 750 1570 787 ausus
1595 732 1823 801 ingredi,

233 834 370 889 nihil
403 833 481 887 illi
528 832 808 892 nuntians,
843 832 1008 883 tacuit
1040 840 1238 882 tamen.
1260 828 1351 908 .Et
1398 841 1517 880 cum
1548 825 1828 893 implesset

240 925 530 994 psalmum,
560 922 848 992 prostravit
888 936 945 974 se
966 920 1132 973 humi.
1161 920 1307 973 Fecit
1336 919 1436 971 hoc
1458 918 1622 988 906
1650 918 1823 985 ipsum

238 1025 295 1072 et
325 1016 369 1069 is
391 1015 556 1084 quiin
600 1015 780 1081 specie
825 1011 1021 1065 Iuliani
1076 1008 1434 1064 archidiaconi
1483 1014 1823 1076 apparuerat.

239 1106 447 1163 Deinde
468 1121 589 1159 cum
616 1105 858 1159 oratione
880 1104 1017 1157 facta
1045 1102 1367 1156 surrexisset
1384 1102 1706 1171 patriarcha,
1735 1098 1827 1153 ille

237 1198 588 1253 nihilominus
619 1198 672 1250 in
697 1196 1005 1265 pavimento
1029 1193 1263 1262 jacebat.
1308 1192 1608 1248 Conversus
1649 1200 1826 1244 autem

239 1288 480 1357 pontifex
530 1287 661 1341 dicit
710 1286 784 1341 illi
813 1303 825 1338 :
865 1285 1127 1352 Quamdiu
1162 1300 1265 1338 non
1295 1284 1508 1354 surgis?
1548 1284 1635 1338 Ait
1669 1300 1682 1335 :
1711 1282 1823 1337 Nisi

241 1381 377 1434 mihi
408 1381 521 1448 ipse
543 1393 756 1432 manum
789 1378 1026 1447 porrigas
1055 1385 1110 1431 et
1141 1379 1314 1447 erigas
1336 1392 1442 1444 me,
1474 1391 1692 1445 surgere
1723 1389 1828 1429 non

238 1488 483 1543 possum.
512 1471 664 1525 Tunc
708 1472 946 1525 extendit
991 1486 1206 1523 manum
1248 1485 1397 1524 suam
1459 1470 1733 1538 Eulogius,
1769 1483 1831 1523 ac

245 1575 440 1621 tenens
488 1565 659 1619 erexit
689 1562 862 1629 illum,
895 1564 1165 1633 cmpilque
1194 1565 1388 1619 iterum
1421 1565 1672 1633 psallere.
1706 1563 1832 1616 Post

240 1657 518 1728 paululum
544 1666 721 1711 autem
746 1671 1059 1725 conversus,
1093 1659 1360 1711 neminem
1392 1657 1546 1712 vidit.
1574 1656 1707 1710 Cum
1734 1657 1832 1723 igi-

240 1761 333 1806 tur
363 1751 641 1821 implesset
662 1751 947 1804 matutinas
973 1750 1178 1818 laudes,
1204 1751 1421 1805 vocavit
1444 1750 1830 1804 cubicularium

1496 335 1783 392 PRA'I‘UM
1820 332 2253 390 SPIRITUALE.

225 459 596 518 Alexandrino
619 456 861 527 Eulogio,
892 455 1077 511 dicens
1099 453 1300 509 :Nocte
1320 452 1549 524 quadam
1574 468 1692 508 cum
1720 449 1821 505 sibi
1856 451 1904 510 Α

3413 326 3517 388 194

2441 445 2667 503 CAPUT
2705 444 2984 503 CXLVIII.

1934 563 2077 617 Visio
2117 561 2377 616 Theodori
2405 561 2864 684 episwpiLDama:
2909 563 2972 615 de
3012 560 3191 613 eodem
3226 559 3516 616 beatissimo

2675 648 2816 684 eone.

2675 648 2816 685 eone.

1997 740 2315 797 Theodorus
2338 740 2709 794 sanctissimus
2730 740 3018 807 episcopus
3040 738 3231 792 Darnze
3257 738 3511 801 civitatis,

1927 850 2045 906 qua:
2076 836 2127 887 in
2161 833 2325 904 Libya
2356 842 2461 893 est.
2490 832 2727 885 narravit
2754 831 3159 896 nobis,dieens:
3180 831 3309 884 Cum
3342 845 3517 885 essein

1927 927 2289 982 cubicularius
2324 923 2492 978 sancti
2517 939 2665 992 papa:
2705 923 2935 993 Eulogii,
2964 922 3071 976 vidi
3116 923 3168 975 in
3206 921 3409 973 somnis
3441 922 3518 973 vi-

1928 1034 2048 1072 rum
2097 1017 2375 1073 reverendi
2410 1017 2641 1079 habitus,
2662 1024 2866 1068 statura
2908 1028 3211 1082 procerum,
3244 1012 3513 1065 dicentem

1932 1112 2104 1165 mihi:
2141 1108 2334 1163 Nuntia
2378 1124 2555 1162 meum
2599 1124 2749 1176 papae
2804 1106 3026 1174 Eulogio
3083 1106 3400 1160 adventum.
3436 1103 3516 1156 Ad

1938 1219 2092 1272 quem
2125 1217 2223 1271 ego
2257 1218 2270 1253 :
2303 1201 2433 1266 Quis
2460 1216 2539 1263 es,
2568 1201 2803 1263 domine,
2832 1199 2919 1267 qui
2944 1197 3101 1268 jubes
3134 1207 3190 1251 ut
3242 1195 3521 1252 nuntiem?

1933 1294 2289 1361 Respondens
2322 1294 2411 1347 ille
2438 1293 2572 1347 dixit
2612 1292 2782 1347 mihi:
2812 1294 2922 1361 Ego
2950 1308 3065 1345 sum
3112 1290 3220 1344 Leo
3251 1291 3521 1345 Romanus

1933 1387 2193 1455 pontifex.
2230 1387 2507 1454 Ingressus
2533 1383 2695 1455 igitur
2735 1399 2832 1453 ego
2857 1384 3117 1446 nuntiavi,
3143 1381 3327 1436 dicens
3353 1398 3366 1434 :
3396 1383 3520 1437 San-

1932 1479 2205 1532 ctissimus
2232 1487 2287 1531 et
2314 1476 2653 1530 beatissimus
2683 1491 2818 1544 papa
2848 1475 2955 1530 Leo
2981 1475 3231 1528 Romana:
3250 1476 3393 1529 sedis
3421 1490 3521 1526 an-

1936 1572 2085 1625 tiStes
2133 1571 2425 1625 ceuvenire
2479 1584 2575 1623 vos
2621 1567 2755 1621 vult.
2784 1568 2916 1621 Cum
2973 1566 3074 1620 hoc
3128 1567 3359 1620 audisset
3388 1579 3521 1633 papa

1939 1663 2213 1731 Eulogius,
2237 1676 2533 1730 exsurgens
2582 1663 2830 1715 concitus
2860 1658 3097 1712 cucurrit
3142 1658 3193 1712 in
3241 1671 3523 1713 occursum

1936 1754 2073 1823 ejus.
2106 1753 2519 1821 SalutanteSque
2550 1765 2609 1805 se
2638 1750 2889 1813 invicem,
2918 1750 3161 1802 oratione
3193 1748 3350 1811 facta,
3378 1761 3527 1802 rese-

241 1857 425 1907 suum,
457 1842 799 1910 dixitque'illi
833 1860 846 1894 :
879 1841 985 1895 Cur
1015 1859 1118 1896 non
1151 1842 1474 1895 annuntiasti
1506 1842 1828 1896 miltiarchi-
1862 1825 1909 1884 Β
1937 1846 2319 1901 σει-υηι,Τυιιο
2336 1859 2464 1899 vero
2494 1841 2707 1898 divinus
2730 1849 2784 1895 et
2807 1840 3034 1895 eximius
3056 1840 3164 1895 Leo
3186 1839 3527 1892 dixitsancto

249 1933 466 1989 diaconi
494 1932 829 2002 ingressum;
865 1933 957 1987 sed
990 1934 1059 1987 ita
1086 1949 1188 1986 non
1225 1934 1495 1986 nuntiatus
1526 1932 1740 1985 intravit
1767 1931 1832 1986 ad

245 2040 337 2080 me
352 2025 451 2079 hac
478 2025 667 2079 nocte?
695 2033 747 2078 at
774 2024 863 2078 ille
886 2040 1059 2093 neque
1089 2023 1288 2078 vidisse
1313 2038 1372 2077 se
1402 2023 1632 2091 aliquem
1662 2037 1835 2091 neque

243 2118 545 2188 ingressum
574 2130 693 2170 esse
724 2117 1072 2171 asseveravit.
1103 2116 1217 2169 Non
1251 2115 1479 2170 credidit
1501 2114 1828 2182 patriarcha,

245 2210 343 2265 sed
373 2209 449 2264 ait
475 2226 488 2262 :
527 2209 669 2264 Voca
700 2208 829 2263 mihi
876 2208 978 2264 huc
1003 2208 1302 2263 ostiarium.
1333 2208 1428 2261 Cui
1453 2206 1685 2261 venienti
1714 2205 1788 2259 ait
1820 2222 1831 2259 :

251 2301 444 2357 Nonne
467 2302 738 2372 ingressus
768 2312 851 2356 est
877 2302 979 2355 huc
1007 2299 1712 2355 Julianusareltidiaconus?
1745 2298 1836 2353 Ille

248 2408 382 2449 vero
422 2409 543 2448 cum
573 2396 879 2463 iuramento
905 2394 1211 2448 afﬁrmabat
1240 2394 1389 2447 illum
1419 2409 1596 2462 neque
1627 2393 1835 2462 ingres-

247 2501 364 2542 sum
398 2503 572 2558 neque
618 2502 893 2557 egressum
925 2501 1068 2541 esse.
1112 2486 1298 2540 Tacuit
1330 2487 1543 2555 quidem
1577 2496 1702 2540 tunc
1743 2502 1837 2554 pa-

256 2577 491 2634 triarcha
524 2597 537 2633 :
573 2594 730 2633 mane
763 2590 943 2634 autem
978 2578 1138 2642 facto,
1163 2577 1403 2632 ascendit
1436 2578 1838 2632 archidiaconus

250 2668 514 2732 Julianus,
549 2678 606 2722 ut
649 2668 921 2735 adoraret,
956 2667 1198 2735 dixitque
1228 2667 1302 2720 illi
1354 2666 1585 2733 pontifex
1606 2682 1631 2720 τ
1662 2667 1839 2733 Quare

252 2777 361 2825 non
385 2764 613 2816 servasti
649 2762 911 2825 ordinem,
937 2760 1319 2815 archidiacone
1341 2759 1572 2829 Iuliane,
1599 2762 1692 2816 sed
1717 2760 1835 2816 abs.

256 2871 363 2923 que
402 2856 593 2910 nuntio
647 2855 936 2910 ascendisti
982 2855 1048 2909 ad
1090 2871 1174 2909 me
1215 2866 1369 2909 nocte
1421 2857 1557 2910 ista?
1586 2857 1685 2923 Qui
1716 2857 1791 2910 ait
1825 2875 1836 2909 :

260 2945 366 3003 Per
394 2946 665 3001 orationes
694 2945 895 3000 domini
917 2946 1037 3009 mei,
1071 2962 1242 3014 neque
1265 2948 1365 3001 huc
1393 2948 1633 3012 ascendi,
1669 2963 1841 3017 neque

253 3036 321 3091 de
351 3037 512 3091 domo
562 3037 834 3103 descendi,
882 3037 984 3091 nisi
1018 3036 1147 3090 hora
1180 3038 1275 3091 ista
1302 3046 1528 3090 tantum.
1572 3037 1843 3092 lntellcxit

256 3138 383 3183 tunc
429 3144 651 3199 magnus
683 3130 934 3200 Eulogius
975 3129 1244 3184 Iulianum
1290 3144 1350 3185 se
1402 3129 1603 3185 vidisse
1634 3140 1838 3198 marty-

1941 1937 2162 2006 Eulogio
2197 1953 2211 1991 :
2242 1934 2360 1991 Scis
2381 1949 2546 2004 quare
2570 1933 2673 1987 huc
2703 1932 2943 1987 venerim
2973 1930 3037 1984 ad
3070 1931 3205 1984 vos?
3236 1927 3529 1998 Respondit

1945 2030 2034 2084 ille
2077 2028 2253 2082 :Non.
2287 2028 2376 2082 Ait
2419 2027 2520 2096 ipsi
2553 2044 2566 2081 :
2604 2024 2741 2080 Veni
2781 2032 2840 2079 ut
2886 2024 3034 2079 vobis
3066 2014 3263 2093 gratias
3291 2035 3530 2093 agerem,

1943 2121 2068 2185 quia
2096 2122 2198 2176 rite
2237 2129 2292 2175 et
2322 2119 2604 2189 magnifice
2626 2133 2723 2187 pro
2752 2117 2976 2187 epistola
3006 2131 3126 2171 mea
3157 2114 3531 2184 respondistis,

1941 2228 2098 2281 quam
2127 2211 2453 2281 scripseram
2486 2210 2550 2264 ad
2584 2210 2803 2263 fratrem
2832 2223 3008 2263 meum
3043 2207 3352 2263 Flavianum
3384 2205 3529 2261 Con-

1940 2302 2477 2372 atantinopolitanum
2529 2300 2921 2371 patriarcham,
2952 2312 3170 2355 sensum
3225 2297 3437 2366 quidem
3480 2304 3532 2355 et

1941 2394 2263 2450 sententiam
2295 2406 2469 2445 meam
2494 2390 2819 2461 aperientes,
2840 2389 3211 2444 haereticorum
3235 2395 3411 2442 autem
3435 2400 3531 2442 ora

1942 2486 2303 2539 obstruentes.
2336 2483 2484 2537 Scito
2512 2493 2711 2545 autem,
2737 2480 2923 2546 frater,
2956 2481 3080 2549 quia
3109 2494 3213 2534 non
3244 2477 3376 2532 mihi
3408 2488 3529 2531 tan-

1945 2588 2056 2631 tum
2074 2584 2307 2629 vestrum
2324 2572 2560 2628 divinum
2585 2574 2823 2627 laborem
2843 2572 3189 2641 studiumque
3204 2568 3529 2632 contulistis,

1943 2667 2039 2722 sed
2080 2667 2242 2721 etiam
2273 2680 2525 2734 supremo
2574 2664 2796 2718 culmini
2844 2662 3208 2733 apostolorum
3259 2660 3438 2727 Petro,
3481 2667 3533 2715 et

1945 2758 2045 2827 ipsi
2096 2772 2206 2827 pra:
2253 2757 2506 2812 omnibus
2550 2772 2667 2826 quae
2708 2770 2739 2809 a
2770 2756 2924 2809 nobis
2952 2753 3269 2824 prtcdicatur
3293 2750 3529 2820 veritati,

1944 2866 2063 2922 qua:
2085 2861 2167 2905 est
2190 2849 2437 2904 Christus
2464 2850 2602 2901 Dens
2626 2858 2829 2902 noster.
2858 2847 2959 2900 Ista
2974 2860 3078 2900 non
3106 2843 3273 2898 semel
3302 2852 3533 2908 tantum,

1948 2943 2044 2998 sed
2086 2943 2168 2996 bis
2198 2951 2387 3010 terque
2416 2940 2784 3008 conspiciens,
2812 2939 2947 2992 trina
2995 2936 3325 3005 apparitione
3355 2935 3533 2988 firma.

1947 3045 2027 3089 tus
2059 3034 2305 3089 enarravi
2326 3042 2512 3087 sancto
2538 3046 2689 3101 papre
2713 3030 2954 3100 Enlogio.
2985 3028 3086 3094 Qui
3113 3043 3234 3082 eum
3267 3027 3530 3091 audisset,

1949 3126 2276 3194 lacrymatus
2304 3134 2407 3189 est,
2432 3122 2837 3191 extendensque
2867 3123 2918 3174 in
2938 3121 3135 3176 caelum
3164 3133 3353 3173 manus
3382 3132 3530 3187 suas,

260 3238 401 3288 rem,
435 3223 736 3280 hortantem
765 3240 824 3280 se
863 3225 927 3279 ad
968 3226 1293 3281 erectionem
1335 3227 1515 3295 templi
1562 3225 1666 3290 sui,
1698 3225 1839 3296 quod
1866 3206 1914 3269 ὓ
1950 3219 2059 3273 Deo
2087 3218 2285 3287 gratias
2313 3217 2502 3271 retulit
2532 3215 2713 3272 dicens
2744 3232 2758 3269 :
2794 3215 3004 3270 Gratias
3033 3214 3124 3268 tibi
3145 3230 3265 3284 ago,
3290 3212 3531 3267 domina-

263 3332 327 3372 ex
369 3324 611 3385 tempore
651 3318 814 3372 ferme
844 3319 1135 3372 resolutum
1166 3327 1217 3371 et
1246 3318 1601 3387 antiquatum,
1633 3318 1838 3371 ruinam

260 3411 345 3465 sui
373 3411 705 3475 minabatur;
738 3426 1031 3481 magnaque
1072 3426 1192 3465 cum
1221 3412 1497 3468 alacritate
1536 3414 1841 3467 amantissi-

264 3518 388 3557 mus
425 3504 676 3574 martyris
728 3504 963 3573 porrexit
1002 3518 1209 3565 manus,
1251 3503 1473 3574 ejusque
1501 3504 1670 3560 erexit
1710 3516 1843 3561 tem-

258 3597 431 3666 plum,
465 3612 493 3649 a
524 3596 883 3650 fundamentis
912 3597 1084 3664 ipsum
1116 3598 1422 3651 instaurans
1460 3607 1509 3651 et
1557 3600 1844 3668 omnigeno

254 3697 453 3744 ornatu
482 3686 777 3753 illustrans,
813 3699 867 3741 ut
894 3702 1048 3741 sacro
1077 3690 1295 3757 martyri
1327 3687 1697 3747 conveniebat.
1752 3728 1757 3731 -

797 3800 1025 3859 CAPUT
1064 3802 1314 3857 CXLVII.

259 3894 525 3949 Ilirabilis
550 3894 837 3948 emendatio
860 3894 1089 3963 epistola
1110 3893 1241 3946 beati
1268 3892 1451 3947 Leonis
1484 3893 1701 3948 Romani
1722 3909 1845 3963 pott-

644 3966 793 4033 tiﬁcis
819 3965 887 4017 ad
911 3962 1219 4017 Flavianum
1241 3968 1463 4034 scriptae.

337 4056 586 4112 Narravit
612 4056 769 4110 nobis
791 4062 847 4109 et
878 4054 979 4109 hoc
1000 4054 1165 4108 abbas
1192 4054 1372 4110 Menas
1394 4053 1634 4123 ejusdem
1666 4069 1846 4110 emno-

216 4134 335 4204 'bii
380 4149 560 4215 Pater,
599 4148 813 4203 audisse
869 4162 929 4201 se
970 4147 1219 4201 eumdem
1274 4148 1521 4202 abbatem
1568 4146 1842 4217 Eulogium

259 4240 687 4296 Alexandrinum
740 4238 1094 4308 patriarcham
1139 4238 1407 4294 dicentem
1472 4254 1485 4291 :
1545 4236 1677 4292 Cum
1724 4254 1847 4306 pro-

261 4337 433 4391 fectus
480 4349 655 4389 essem
703 4332 1241 4401 Constantinopolim,
1275 4332 1467 4386 fruitus
1516 4345 1632 4385 sum
1660 4342 1846 4385 contu-

261 4428 458 4483 bernio
501 4427 683 4480 dutnni
712 4426 952 4495 Gregorii
984 4426 1206 4479 Romani
1236 4426 1620 4489 archidiaconi,
1653 4426 1846 4479 summi

260 4528 317 4574 et
344 4518 630 4587 singularis
655 4520 783 4581 viri;
812 4520 1155 4585 narravitque
1179 4518 1303 4570 mihi
1325 4517 1392 4571 de
1417 4518 1754 4572 sanctissimo
1784 4533 1847 4572 ac

1945 3326 2026 3365 lOl'
2046 3310 2256 3366 Christe
2281 3309 2419 3363 Deus
2449 3318 2651 3376 noster,
2675 3308 2794 3377 quia
2819 3322 2938 3361 cuau
2968 3306 3215 3375 indignus
3234 3304 3357 3370 sim,
3389 3301 3528 3358 veri-
3596 3324 3603 3325 ί

1945 3401 2065 3454 tatis
2095 3410 2199 3454 tute
2230 3414 2530 3468 praeconem
2582 3414 2666 3453 me
2695 3396 2875 3453 facere
2929 3396 3182 3467 dignatus
3211 3411 3288 3462 es,
3342 3404 3397 3451 et
3429 3410 3530 3464 per

1944 3496 2214 3547 orationes
2242 3507 2522 3547 servorum
2551 3499 2761 3546 tuorum
2807 3491 2948 3544 Petri
2979 3503 3042 3544 ac
3071 3488 3286 3554 Leonis,
3318 3501 3533 3558 parvant

1945 3595 2000 3638 et
2026 3584 2290 3639 modicam
2315 3581 2650 3637 alacritatem
2677 3592 2936 3645 nostram,
2955 3592 3200 3649 tanquam
3226 3580 3331 3635 duo
3350 3578 3525 3633 viduae

1945 3678 2171 3742 minuta,
2200 3688 2407 3729 summa
2428 3682 2482 3728 et
2503 3671 2757 3727 ineffabili
2780 3671 3105 3740 benignitate
3124 3678 3211 3723 tua
3252 3669 3530 3739 suscipere

1947 3765 2193 3836 dignatus
2223 3778 2306 3820 es.
2506 3830 2729 3887 CAPUT
2763 3826 2972 3885 CXLIX

1950 3946 2220 4017 Stupenda
2251 3944 2433 3997 relatio
2473 3944 2627 4017 Amos
2665 3939 2970 4017 patriarcha
2997 3939 3423 4017 Jerosolymt'tant
3470 3938 3535 3993 de

2205 4016 2526 4069 sanctissima
2556 4012 2726 4066 Leone
2755 4012 2992 4082 pontiﬁce
3025 4009 3278 4064 Romano.

2020 4149 2152 4204 Cum
2184 4148 2555 4204 descendisset
2579 4147 2743 4202 abbas
2776 4148 2997 4201 Ammos
3024 4145 3440 4217 Jerosolymam,
3468 4156 3527 4202 et

1949 4243 2251 4310 patriarcha
2309 4239 2588 4294 ordinatus
2635 4248 2801 4302 esset,
2842 4237 3003 4308 907
3035 4246 3297 4293 venerunt
3347 4252 3537 4292 omnes

1952 4333 2395 4387 monasteriorum
2423 4331 2591 4386 eremi
2614 4330 2856 4394 abbates,
2883 4340 2937 4383 ut
2956 4328 3245 4384 adorarent
3274 4345 3420 4396 eum,
3452 4330 3537 4383 itt-

1953 4433 2034 4479 ter
2065 4441 2197 4494 quos
2228 4426 2370 4480 adfui
2402 4435 2455 4480 et
2484 4442 2583 4496 ego
2604 4440 2726 4478 cum
2747 4424 2940 4479 abbate
2963 4439 3103 4478 tneo.
3133 4422 3412 4492 Caepitque
3442 4437 3537 4490 pa-

1955 4519 2184 4571 triarcha
2228 4517 2408 4571 dicere
2465 4517 2707 4586 patribus
2738 4534 2752 4568 :
2783 4515 2946 4570 Orate
3002 4531 3095 4583 pro
3146 4530 3263 4575 me,
3320 4513 3536 4580 Patres;

261 4609 575 4663 beatissimo
606 4609 785 4664 Leone
824 4608 937 4680 (52)
972 4610 1210 4663 flontano
1238 4612 1510 4678 pontifice,
1543 4612 1725 4664 dicens
1754 4611 1842 4664 ha-
1879 4581 1926 4638 υ
1957 4626 2205 4679 magnum
2250 4609 2390 4663 enim
2442 4624 2578 4662 onus
2628 4618 2683 4662 et
2716 4607 3050 4663 intolerabile
3079 4606 3208 4661 mihi
3239 4606 3538 4675 injttnctutn

261 4698 379 4753 beri
425 4701 685 4768 scriptum
719 4702 769 4754 in
804 4701 1027 4754 ecclesia
1063 4701 1297 4754 Romana
1322 4743 1336 4765 ,
1383 4702 1522 4770 quod
1568 4717 1687 4755 cum
1718 4704 1850 4758 scri-

262 4793 463 4861 psisset
490 4793 771 4861 epistolam
802 4792 869 4846 ad
911 4803 1151 4846 sanctum
1204 4793 1511 4848 Flavianum
1542 4794 1850 4849 Constanti-

265 4887 635 4954 nopolitauum
684 4888 993 4957 episeOpum
1037 4897 1222 4941 contra
1264 4887 1452 4954 impios
1486 4887 1759 4957 Eutychen
1787 4905 1851 4943 ac

261 4977 600 5042 Nestorium,
649 4980 884 5046 posuerit
932 4993 1049 5032 eam
1101 4994 1261 5044 super
1292 4976 1550 5031 tumulum
1596 4980 1848 5048 principis

262 5070 632 5133 aposmlorum
666 5067 834 5135 Petri,
867 5079 922 5125 et
961 5070 1291 5123 orationibus
1321 5083 1383 5122 ac
1406 5069 1599 5139 vigiliis
1636 5082 1688 5125 et
1712 5070 1850 5140 jeju-

265 5155 371 5211 niis
398 5174 618 5225 vacans,
643 5160 878 5213 oraverit
909 5159 1083 5226 ipsum
1114 5174 1379 5213 summum
1411 5162 1733 5228 apostolum,
1762 5162 1846 5216 di-

265 5263 400 5302 cens
429 5266 443 5303 :
477 5249 533 5303 Si
578 5249 704 5319 quid
737 5258 795 5304 ut
824 5250 983 5304 homo
1011 5250 1091 5305 vel
1126 5249 1298 5304 minus
1341 5262 1495 5304 caute
1544 5255 1716 5321 posai,
1768 5254 1849 5309 vel

263 5340 431 5396 etiam
450 5342 626 5408 omisi,
658 5353 745 5407 tu,
774 5343 859 5397 cui
896 5358 924 5396 a
972 5342 1198 5399 Domino
1230 5344 1335 5398 Deo
1365 5343 1639 5400 Salvatore
1671 5355 1855 5401 nostro

265 5431 398 5487 Jesu
428 5420 727 5489 Christo‘et
750 5435 911 5491 sedes
958 5434 1071 5489 haec
1099 5443 1153 5490 et
1180 5437 1402 5490 ecclesia
1430 5439 1717 5492 commissa
1748 5450 1851 5504 est,

263 5529 517 5585 emenda.
561 5529 688 5586 Pest
718 5531 1066 5601 quadraginta
1094 5545 1221 5585 vero
1250 5530 1363 5585 dies
1384 5533 1625 5600 apparuit
1652 5534 1699 5588 ei
1724 5549 1852 5602 apo-

262 5624 443 5681 stolus
472 5628 667 5690 oranti,
714 5635 770 5681 et
818 5626 952 5681 dixit
979 5624 1027 5680 ei
1061 5625 1263 5694 :Legi,
1312 5633 1368 5679 et
1412 5624 1713 5687 emendavi.
1750 5628 1852 5683 Su-

264 5733 530 5790 mensque
559 5720 838 5790 epistolam
887 5721 955 5775 de
993 5720 1237 5789 sepulcro
1259 5719 1395 5774 beati
1443 5719 1604 5785 Petri,
1639 5723 1852 5791 aperuit

265 5826 391 5868 cant
423 5821 478 5869 et
506 5811 708 5870 invenit
738 5814 1023 5884 apostolica
1060 5829 1215 5869 manu
1247 5814 1606 5870 emendatam.

1955 4714 2057 4771 eSt,
2083 4702 2478 4771 sacertlutiique
2503 4701 2735 4771 dignitas
2762 4717 2847 4755 me
2879 4709 3043 4755 terret
3068 4698 3374 4753 immodice.
3392 4699 3537 4753 Petri

1954 4797 2095 4849 enim
2128 4805 2181 4849 et
2210 4795 2354 4848 Pauli
2388 4803 2443 4849 et
2470 4797 2721 4849 similium
2763 4804 2846 4849 est
2878 4809 3063 4862 regere
3095 4793 3387 4847 rationales
3416 4793 3536 4847 ani-

1956 4904 2107 4953 mas;
2158 4904 2260 4955 ego
2290 4899 2466 4942 autem
2511 4887 2698 4942 infelix
2738 4897 2985 4956 peccator
3032 4901 3171 4940 sum.
3206 4887 3329 4940 Plus
3355 4897 3535 4942 autem

1953 4994 2112 5049 quam
2142 4989 2336 5033 caetera
2366 4978 2526 5033 timeo
2555 4979 2946 5033 ordinationum
2972 4977 3269 5038 sarcinam;
3301 4993 3421 5032 nam
3456 4978 3538 5031 in-

1957 5074 2077 5129 veni
2107 5074 2367 5142 scriptum
2423 5074 2545 5139 quia
2580 5071 2919 5126 beatissimus
2964 5080 3017 5124 et
3054 5072 3276 5140 aequalis
3325 5072 3535 5142 angelis

1958 5182 2090 5234 papa
2140 5167 2268 5231 Leo,
2319 5165 2405 5234 qui
2456 5167 2814 5218 Hounanorttm
2872 5163 3127 5218 Ecclesiae
3173 5163 3404 5233 prtefuit,
3438 5180 3534 5234 per

1954 5258 2301 5327 quadraginta
2332 5258 2447 5311 dies
2472 5256 2834 5325 perseveravit
2861 5256 2928 5311 ad
2958 5258 3265 5326 sepulcrum
3298 5260 3532 5328 apostoli

1958 5351 2129 5417 Petri,
2161 5350 2353 5422 vigiliis
2381 5362 2433 5404 et
2474 5350 2811 5405 orationibus
2838 5350 3111 5417 insistens,
3145 5364 3441 5425 petensque
3469 5356 3538 5410 ab

1953 5448 2202 5517 apostolo
2230 5459 2284 5501 ut
2311 5463 2408 5517 pro
2435 5462 2492 5501 se
2510 5445 2646 5514 apud
2671 5445 2837 5501 Deum
2871 5448 3245 5515 intercederet,
3270 5460 3327 5504 ut
3348 5449 3537 5504 dimit-

1957 5550 2198 5596 terentur
2222 5540 2325 5594 sibi
2352 5549 2567 5609 peccata
2591 5553 2706 5594 sua.
2729 5539 3069 5612 Impletisque
3092 5542 3281 5598 diebus
3302 5542 3534 5612 quadra-

1957 5634 2127 5705 ginta,
2156 5631 2405 5701 apparuit
2444 5632 2492 5685 ci
2546 5635 2819 5701 aposto‘us
2865 5633 3075 5699 Petrus,
3118 5634 3302 5689 dicens
3333 5651 3347 5687 :
3376 5632 3537 5687 Oravi

1959 5741 2057 5790 pro
2082 5737 2156 5791 te,
2178 5734 2230 5779 et
2258 5722 2477 5778 dimissa
2508 5734 2633 5779 sunt
2674 5725 2770 5780 tibi
2793 5726 2972 5780 omnia
3000 5733 3214 5796 peccata
3256 5731 3366 5790 tua,
3398 5737 3539 5792 prte-

1960 5827 2202 5887 terquam
2258 5815 2615 5883 impositionis
2682 5831 2963 5872 tnanuutn'
3021 5815 3122 5870 IIJC
3176 5816 3319 5870 enim
3363 5816 3533 5871 solum
