3982 6354
527 338 635 397 195

1697 334 1786 389 DE
1826 333 2001 392 VITIS
2040 332 2324 390 PATRUM
2364 333 2568 391 LIBER
2610 336 2677 391 X.

3700 339 3797 396 I96

519 454 618 510 abs
648 463 701 508 te
721 450 1045 523 requiretur,
1070 448 1190 505 sive
1212 448 1374 517 bene,
1438 447 1552 502 sive
1612 446 1857 502 fortassis
1885 447 2038 503 aliter
2059 446 2110 502 ἱιΙ
2141 454 2187 509 Α
2216 450 2666 521 considerateque
2690 449 2915 521 judicio,
2946 457 3001 506 et
3031 464 3219 522 magna
3246 449 3652 520 longanimitate
3678 467 3797 523 pro-

516 558 721 619 cgem'
1127 610 1356 667 canor
1394 610 1500 663 cn.

706 728 828 783 Vita
851 735 901 780 et
927 725 1172 779 sanctitas
1196 723 1416 793 episcopi
1444 722 1656 775 civitatis
1684 719 1928 775 Rumclli.

593 838 844 894 Narravit
868 836 1023 892 nobis
1047 836 1209 890 abbas
1232 832 1545 888 Theodorus
1563 832 1857 897 Romanus,
1882 832 2103 886 dicens:

519 931 617 987 Est
647 934 830 1000 procul
875 945 903 982 a
961 928 1196 982 Romana
1252 925 1385 979 urbe
1440 924 1600 978 breve
1655 925 1931 995 Oppidum,
1964 923 2105 994 quod

519 1020 820 1075 Rutnellum
873 1017 1069 1072 dicitur
1100 1031 1113 1069 :
1148 1016 1199 1068 itt
1258 1028 1323 1067 eo
1369 1013 1624 1082 oppidulo
1677 1015 1963 1083 episcopos
1991 1022 2107 1068 erat

519 1126 730 1180 magna:
761 1109 973 1161 virtutis
1000 1117 1053 1161 et
1083 1104 1280 1159 meriti.
1314 1103 1410 1158 Die
1435 1120 1561 1173 ergo
1589 1103 1815 1172 quadam
1843 1105 2108 1159 habitato-

519 1214 609 1254 res
635 1199 814 1269 Oppidi
864 1195 1086 1266 itigresst'
1137 1194 1346 1248 suntad
1395 1193 1761 1246 beatissimum
1805 1191 2104 1245 Romanum

521 1293 810 1347 antistitem
862 1292 1182 1359 Agapetum,
1234 1295 1549 1340 accusantes
1577 1284 1884 1353 episcopum
1926 1298 2101 1350 suum,

519 1402 580 1441 nc
631 1384 913 1439 dicentes:
958 1382 1091 1448 Quia
1142 1380 1194 1433 in
1245 1378 1579 1432 sanctiﬁcato
1621 1392 1743 1430 vase
1795 1376 2098 1429 mandttcat.

516 1474 755 1533 Pontilex
785 1484 960 1527 autem
984 1474 1099 1525 solo
1128 1470 1308 1523 auditu
1342 1471 1647 1539 perculsus,
1683 1470 1842 1521 mittit
1874 1468 2007 1518 duos
2036 1480 2103 1519 ex

513 1569 744 1633 clericis,
772 1576 831 1622 ut
852 1566 1088 1621 vinctum
1111 1563 1445 1631 episc0pum,
1476 1570 1534 1615 et
1563 1561 1782 1629 pedibus
1812 1559 1912 1614 iter
1941 1572 2105 1628 agen-

514 1671 623 1715 tem
650 1661 874 1714 Romam
907 1656 1257 1725 perducerent
1284 1669 1299 1719 ;
1353 1652 1652 1707 venientem
1684 1665 1811 1705 vero
1846 1651 2104 1704 continuo

513 1752 661 1806 misit
682 1751 1043 1804 incarcerem.
1060 1746 1187 1800 Cum
1202 1760 1327 1815 ergo
1342 1754 1448 1798 tres
1470 1745 1582 1798 dies
1601 1745 1651 1796 in
1675 1757 1890 1798 carcere
1905 1743 2106 1810 egisset

514 1846 822 1913 episcopus,
856 1841 1005 1894 venit
1038 1840 1339 1893 Dominicus
1363 1838 1499 1892 dies.
1531 1838 1595 1891 Et
1621 1853 1738 1889 cum
1761 1852 1897 1906 papa
1919 1836 2095 1906 quies-

513 1949 709 2003 ceret,
763 1936 1104 1987 illucescente
1154 1931 1433 1985 Dominico
1485 1931 1575 1986 die
1621 1932 1753 1985 vidit
1800 1932 1851 1984 in
1897 1933 2098 1985 somnis

514 2027 799 2100 quemdam
832 2036 1091 2080 astantem
1123 2025 1246 2089 sibi,
1282 2039 1343 2077 ac
1376 2022 1640 2077 dicentem
1675 2040 1689 2075 :
1738 2023 1844 2076 llac
1874 2023 1962 2076 die
1992 2022 2099 2075 Do”

514 2120 709 2174 minica
743 2132 913 2185 neque
946 2126 998 2168 tu
1050 2114 1242 2169 oll'eras
1294 2114 1584 2167 salutarem
1645 2116 1892 2179 hostiam,
1928 2128 2099 2178 neque

513 2212 648 2265 alius
674 2208 932 2277 quispiam
975 2206 1347 2273 episcoporum
1394 2206 1482 2273 qui
1514 2212 1637 2258 sunt
1682 2206 1732 2257 in
1782 2206 1912 2257 urbe
1973 2206 2095 2267 ista,

512 2303 613 2356 nisi
645 2302 789 2355 solus
820 2300 1098 2367 episcopus
1143 2313 1303 2365 quem
1355 2297 1519 2349 habes
1550 2311 1765 2350 carcere
1798 2297 2094 2359 inclusum;

513 2397 661 2450 illum
710 2393 849 2447 enim
884 2390 1039 2444 hodie
1067 2390 1260 2443 oll‘erre
1288 2389 1427 2442 Volo.
1464 2390 1879 2459 Expevgefactns
1919 2401 2095 2441 autem

511 2501 667 2557 papa,
693 2494 747 2539 et
769 2485 834 2536 de
862 2484 1064 2536 visione
1091 2496 1247 2551 quant
1274 2482 1473 2532 viderat
1498 2481 1772 2543 litcsitans,
1796 2481 2007 2533 dicebat
2036 2481 2087 2532 in

512 2581 691 2646 seipso
721 2594 735 2632 :
763 2576 943 2629 Talem
972 2583 1155 2628 contra
1185 2574 1332 2625 illum
1356 2574 1756 2625 accusationem
1786 2574 2015 2640 suscepi,
2041 2582 2098 2625 et

512 2672 628 2741 ipse
675 2673 835 2725 habet
860 2670 1092 2725 olle-rte!
1145 2669 1300 2723 Venit
1329 2668 1487 2737 igitur
1538 2667 1586 2720 ei
1645 2666 1879 2721 secundo
1912 2681 2012 2718 vox
2045 2665 2095 2718 in

512 2763 737 2828 tisione,
761 2762 942 2817 dicens
968 2778 984 2813 :
1014 2760 1126 2813 Dixi
1154 2760 1242 2812 tibi
1278 2769 1334 2811 ut
1360 2759 1642 2825 episcopus
1671 2756 1760 2824 qui
1790 2765 1872 2810 est
1904 2758 1955 2809 in
1980 2771 2097 2809 car-

510 2870 636 2909 cere
665 2854 811 2909 solus
835 2852 1047 2907 oll'erat.
1112 2849 1415 2917 Ambigenti
1462 2848 1635 2902 adhuc
1665 2849 1824 2902 tertio
1855 2849 2099 2915 apparuit

509 2947 578 3003 illi
602 2947 789 3002 eadem
834 2953 1100 3014 repetens.
1135 2942 1549 3009 Expet-gefactus
1591 2951 1767 2993 autem
1821 2939 2087 3006 pontifex,

510 3041 655 3095 misit
684 3039 736 3090 in
787 3050 1080 3100 carcerem,
1134 3044 1186 3085 et
1212 3031 1470 3085 accersito
1496 3030 1560 3082 ad
1583 3045 1640 3082 se
1670 3030 1944 3098 episcopo,
1973 3044 2096 3096 per-

511 3131 827 3187 eontabatur
881 3144 1025 3195 eum,
1076 3126 1260 3181 (licens
1318 3142 1330 3177 :
1389 3125 1540 3189 Quod
1600 3132 1684 3176 est
1732 3137 1864 3189 opus
1915 3120 2098 3173 tuum?

513 3221 807 3290 Episcopus
837 3227 1013 3272 autem
1046 3216 1119 3270 illi
1148 3215 1278 3269 nihil
1308 3215 1446 3267 aliud
1480 3214 1772 3282 reSpondit,
1808 3216 1904 3265 nsi
1932 3229 1945 3263 :
1970 3212 2099 3266 Pec-
2126 3206 2173 3270 C

514 3322 663 3365 calor
685 3326 826 3363 sum.
850 3310 982 3362 Cum
1009 3322 1139 3361 vero
1162 3308 1416 3375 episcotio
1441 3306 1765 3373 persuadere
1791 3322 1894 3357 non
1923 3318 2099 3372 posset

514 3412 572 3455 nt
602 3402 747 3454 aliud
806 3401 1028 3467 dicet-ct,
1084 3410 1206 3451 tunc
1252 3399 1325 3450 ait
1363 3398 1425 3448 ad
1457 3413 1577 3450 eum
1609 3413 1738 3466 papa
1775 3414 1785 3447 :
1821 3398 1990 3451 llotlie
2042 3407 2095 3452 tu

514 3496 709 3550 offerre
735 3496 915 3549 debes.
951 3494 1083 3547 Cum
1117 3508 1243 3559 ergo
1286 3503 1471 3545 sancto
1502 3494 1655 3545 altari
1704 3495 2001 3559 aSsisteret,
2044 3504 2099 3550 et

515 3604 650 3658 papa
681 3604 842 3657 prope
870 3587 1015 3638 illum
1047 3594 1264 3649 astaret,
1302 3585 1539 3637 ἀίω-θυῖε
1567 3586 1735 3637 altare
1766 3588 2097 3640 circumdan-

515 3680 674 3741 tibus,
704 3679 864 3746 cmpit
887 3686 1065 3729 sancta
1095 3677 1373 3728 missarum
1398 3675 1657 3728 solemnia
1693 3678 2000 3746 episcopus.
2033 3679 2099 3733 Et

512 3789 629 3826 cum
656 3772 978 3837 complesset
997 3771 1290 3821 orationem
1321 3767 1629 3832 oblationis,
1664 3779 1946 3838 antequam
1968 3786 2097 3826 con-

513 3866 749 3919 cluderet
780 3863 971 3932 ipsam,
1021 3864 1183 3930 cmpit
1212 3862 1468 3925 secundo,
1516 3877 1579 3914 ac
1629 3862 1884 3930 deinceps
1914 3866 2093 3931 tertio,

513 3968 569 4012 ct
598 3967 787 4026 quarto
816 3955 996 4009 dicere
1027 3954 1197 4023 ipsam
1229 3963 1428 4007 sancta:
1459 3954 1746 4009 oblationis
1775 3957 2092 4013 orationem.

515 4051 732 4105 Cunctis
759 4063 887 4103 vero
910 4063 1027 4101 eam
1068 4062 1268 4101 moram
1296 4048 1522 4099 moleste
1545 4046 1860 4113 ferentibus,
1894 4047 2019 4102 dicit
2046 4048 2094 4103 ei

515 4140 751 4211 pontifex
782 4156 797 4193 :
831 4138 965 4205 Quid
996 4136 1099 4191 hoc
1128 4147 1229 4203 est,
1260 4138 1398 4206 quod
1448 4136 1557 4206 jam
1591 4152 1781 4207 quarto
1810 4140 1945 4194 hanc
1974 4156 2095 4194 ora-

516 4231 715 4284 tionem
747 4228 953 4293 dixisti,
979 4242 1077 4280 nec
1103 4241 1221 4281 eam
1253 4227 1529 4281 concludis
1556 4229 1578 4281 ?
1622 4229 1769 4284 Tunc
1816 4231 2096 4298 respondit

516 4323 798 4392 episcopus
824 4337 837 4371 ε
868 4319 1087 4388 Ignosce
1118 4320 1268 4383 mihi,
1296 4319 1452 4374 Pater
1474 4331 1686 4386 sancte;
1712 4322 1830 4388 quia
1856 4337 1958 4375 non
1988 4323 2093 4377 vidi

515 4416 665 4486 juxta
722 4414 1159 4469 consuetudinem
1216 4415 1385 4468 sancti
1437 4414 1666 4482 Spiritus
1718 4418 2036 4471 descensum
2072 4459 2089 4484 ,

518 4509 721 4560 idcirco
750 4522 855 4559 non
889 4505 1169 4558 terminavi
1201 4506 1518 4559 orationem.
1548 4505 1675 4569 Sed,
1705 4516 1885 4560 sancte
1908 4508 1977 4561 mi
2001 4510 2095 4561 do-

518 4598 682 4659 mine,
737 4596 1020 4648 diaconum
1072 4594 1219 4647 illum
1251 4609 1415 4662 prope
1449 4609 1532 4647 me
1581 4595 1943 4661 assistentent,
2002 4599 2090 4666 qui
2128 4594 2176 4651 D

518 4687 783 4741 ﬂabellum
818 4685 933 4755 (53)
963 4694 1126 4749 tenet,
1158 4684 1225 4737 ab
1256 4685 1409 4738 altari
1443 4700 1695 4750 remove;
1724 4701 1822 4754 ego
1849 4690 1989 4741 enim
2018 4690 2093 4743 illi

519 4783 700 4835 dicere
733 4795 836 4833 non
865 4780 1054 4833 audeo.
1088 4779 1235 4830 Tunc
1286 4778 1439 4845 jussu
1490 4778 1594 4831 divi
1628 4780 1845 4846 Agapeti
1880 4783 2100 4835 recessit

525 4876 807 4937 diaconus,
834 4882 888 4925 et
924 4872 1177 4924 continuo
1210 4870 1343 4923 vidit
1374 4871 1653 4936 episeopus
1678 4878 1733 4923 et
1766 4888 1895 4939 papa
1926 4875 2097 4927 sancti

522 4965 748 5031 Spiritus
773 4965 1077 5017 adventum.
1108 4961 1212 5015 Sed
1247 4971 1300 5014 et
1330 4962 1527 5024 velnm,
1560 4962 1699 5029 quod
1730 4964 1881 5015 altari
1912 4979 2097 5030 super-

526 5056 834 5123 impositum
863 5067 1000 5119 erat,
1049 5055 1188 5107 ultro
1216 5052 1480 5106 sublatum
1517 5062 1620 5117 est,
1648 5054 1881 5122 texitque
1909 5068 2100 5121 papam

522 5160 577 5200 et
602 5149 909 5217 episcopum
941 5154 993 5197 et
1018 5145 1272 5197 diaconos
1295 5157 1481 5196 oumes
1512 5145 1599 5212 qui
1631 5153 1820 5198 sancto
1836 5146 1989 5199 altari
2017 5161 2105 5200 as-

526 5242 729 5302 tabant,
763 5239 909 5307 quasi
936 5253 1030 5307 per
1058 5247 1162 5292 tres
1193 5238 1373 5291 horas.

597 5351 748 5407 Tunc
774 5351 1107 5405 venerandus
1138 5352 1428 5421 Agapetus,
1457 5351 1631 5419 agnita
1661 5351 1940 5405 sanctitate
1960 5352 2102 5421 epis-

526 5445 645 5514 copi
673 5459 742 5497 ex
769 5454 1041 5513 perspecto
1066 5443 1342 5505 miraculo,
1369 5457 1637 5511 quamque
1681 5440 1868 5495 falsam
1899 5445 2102 5497 calum-

525 5538 668 5590 niatn
730 5549 1007 5603 perpessus
1054 5544 1195 5588 esset
1241 5548 1590 5602 cognoscens,
1638 5535 1777 5601 quod
1833 5534 1982 5588 illutn
2034 5536 2103 5589 ita

527 5636 813 5683 vexaverat
836 5626 997 5682 tristis
1020 5626 1260 5690 effectos,
1287 5627 1467 5679 statuit
1493 5641 1595 5679 non
1616 5625 1725 5694 jam
1755 5626 1985 5695 amplius
2010 5641 2105 5695 per

524 5719 925 5786 subt’eptionem
982 5717 1250 5787 quidpiam
1308 5730 1513 5783 agere,
1566 5716 1657 5770 sed
1719 5731 1838 5772 cum
1896 5725 2108 5773 maturo

2209 542 2425 598 cedere.

2810 614 2892 668 CA
2906 612 2939 665 P
2950 612 3038 667 UT
3074 611 3204 670 CLI.

2211 701 2412 758 Relatto
2441 702 2634 757 abbatis
2650 700 2879 775 Joannis
2904 703 3079 757 Persa:
3126 704 3190 758 de
3217 704 3510 760 beatissimo
3540 703 3786 775 Gregorio

2636 774 2884 828 Romam
2924 775 3064 827 urbis
3101 775 3358 845 episcopo.

2280 862 2621 918 Perreximus
2644 864 2710 920 ad
2742 866 2987 920 abbatem
3043 865 3306 921 Joannem
3334 866 3578 934 Persam,
3614 882 3795 923 narra-

2211 955 2394 1023 vitque
2421 954 2575 1010 nobis
2603 957 2669 1010 de
2697 972 2891 1025 magno
2913 958 3172 1029 Gregorio
3198 958 3509 1013 beatissimo
3539 959 3793 1015 Romana

2209 1046 2356 1102 urbis
2409 1047 2685 1116 episcopo,
2742 1048 2925 1103 dicens
2959 1066 2974 1103 :
3007 1047 3140 1104 Cum
3192 1050 3412 1106 ivissem
3459 1050 3706 1116 Romam.
3739 1064 3792 1107 ut

2209 1136 2489 1192 adorarem
2519 1138 2583 1193 ad
2613 1139 2917 1206 sepulcrum
2936 1150 3241 1194 sanctorum
3260 1140 3627 1206 apostolorum
3653 1140 3790 1196 Petri

2206 1240 2262 1283 et
2294 1228 2466 1293 Pauli,
2497 1239 2804 1299 starentque
2850 1231 2940 1285 die
2967 1230 3197 1301 quadam
3251 1232 3303 1285 in
3332 1231 3512 1285 medio
3538 1231 3787 1299 civitatis,

2206 1320 2369 1374 audio
2388 1334 2574 1389 papam
2595 1319 2912 1389 Gregorium
2936 1336 3026 1388 per
3045 1320 3219 1374 locum
3239 1320 3384 1373 illum
3405 1321 3783 1385 transiturum;

2205 1413 2431 1480 cogitavi
2461 1413 2638 1481 itaque
2664 1413 2889 1466 adorare
2916 1412 3083 1465 illum.
3117 1412 3248 1464 Cum
3300 1421 3478 1465 autem
3512 1427 3678 1480 prope
3707 1427 3787 1465 me

2205 1511 2351 1557 esset
2398 1518 2554 1573 papa,
2611 1503 2920 1569 videretque
2965 1517 3052 1557 me
3102 1502 3349 1571 progredi
3399 1510 3456 1556 ut
3511 1502 3787 1557 adorarent

2205 1592 2353 1647 illum
2384 1595 2596 1663 (loquor
2627 1594 2735 1648 lleo
2768 1604 2902 1648 teste
2928 1635 2941 1659 ,
2977 1592 3219 1663 fratres),
3255 1593 3457 1661 primus
3514 1593 3631 1662 ipse
3673 1608 3789 1662 pro-

2205 1686 2395 1739 stravit
2414 1699 2472 1738 se
2501 1684 2644 1738 ltutui
2670 1699 2849 1737 Coram
2870 1698 2977 1748 me,
2998 1697 3170 1751 neque
3200 1692 3324 1737 ante
3353 1685 3611 1739 surrexit.
3635 1697 3785 1749 quam

2206 1791 2291 1829 me
2320 1777 2493 1845 primo
2528 1774 2824 1830 surrexisse
2854 1783 3119 1829 cerneret.
3153 1775 3217 1827 Et
3244 1789 3365 1827 cum
3417 1775 3580 1849 multa
3613 1773 3783 1827 humi-

2133 1836 2174 1895 Β
2204 1867 2349 1921 litate
2384 1869 2625 1922 salutans
2656 1883 2759 1931 me,
2791 1881 2950 1920 manu
2998 1882 3093 1920 sua
3139 1868 3236 1919 tria
3285 1846 3604 1920 numismata
3629 1868 3784 1920 tradi-

2202 1959 2519 2027 dit,jubens
2549 1958 2677 2013 mihi
2705 1958 2833 2012 dare
2878 1973 3211 2027 quacunque
3266 1968 3418 2011 erant
3463 1958 3781 2011 necessaria.

2204 2050 2509 2105 Glorilieavi
2540 2052 2719 2120 itaque
2755 2052 2920 2122 908
2945 2051 3133 2113 Deum,
3158 2050 3296 2115 quod
3323 2057 3525 2102 tantam
3555 2050 3631 2102 illi
3655 2065 3777 2103 con-

2209 2142 2403 2195 tulerat
2444 2141 2819 2207 humilitatem,
2847 2152 2897 2192 ct
2923 2137 3372 2203 misericordiam,
3397 2146 3451 2193 et
3471 2138 3781 2193 charitatetn

2198 2232 2262 2286 ad
2294 2248 2503 2287 omnes.

2788 2298 3014 2355 CAPUT
3048 2297 3198 2353 CLII.

2216 2414 2328 2469 l'ita
2366 2427 2412 2470 et
2468 2416 2603 2469 dicta
2643 2412 2877 2467 Marcelli
2919 2414 3219 2482 Srytltiotw,
3261 2410 3455 2466 abbatis
3494 2415 3782 2467 monasterii

2852 2485 2902 2537 Η
2913 2487 3144 2538 om'diou.

2273 2597 2615 2651 Acci-ssimus
2638 2595 2700 2649 ad
2732 2596 2976 2648 abbatem
3035 2594 3343 2649 Marcellum
3372 2594 3707 2664 Scytltiotam
3731 2593 3780 2648 in

2201 2692 2581 2743 monasterium
2617 2687 2911 2750 blonidion,
2964 2687 3256 2756 volensque
3298 2689 3479 2739 senior
3532 2684 3781 2753 prodesse

2203 2782 2378 2845 nobis,
2433 2782 2686 2847 narravit,
2731 2780 2954 2833 dicens:
2984 2780 3207 2845 Quando
3254 2793 3400 2832 eram
3432 2779 3484 2831 in
3518 2776 3780 2846 provincia

2207 2888 2323 2927 mea
2350 2878 2485 2942 (erat
2508 2884 2686 2926 autent
2718 2887 2782 2926 ex
2804 2870 3073 2940 Apamia),
3101 2871 3282 2937 auriga
3300 2871 3513 2941 quidam
3530 2871 3779 2935 illicerat.

2203 2964 2421 3017 nomine
2447 2962 2800 3016 l’hileretnus.
2828 2962 3067 3028 Quadam
3088 2976 3217 3030 ergo
3246 2960 3335 3014 die
3358 2976 3480 3015 cum
3506 2971 3781 3031 superatus

2201 3055 2414 3122 inisset,
2439 3064 2785 3108 surrexerunt
2807 3056 2893 3123 qui
2922 3070 2982 3107 ex
3010 3065 3159 3122 parte
3188 3058 3302 3122 ejus
3335 3061 3511 3119 erant,
3544 3055 3779 3108 clamau-

2211 3158 2289 3201 tes
2324 3150 2373 3199 ei
2408 3165 2421 3201 :
2458 3147 2785 3200 Phileremns
2814 3160 3063 3199 cononam
3099 3146 3149 3197 in
3197 3144 3412 3199 civitate
3439 3161 3546 3197 non
3574 3143 3778 3215 accipit.

2205 3239 2337 3295 Cum
2393 3240 2571 3309 itaque
2623 3241 2885 3293 venissem
2931 3237 3269 3307 postmodum
3322 3236 3375 3292 in
3424 3236 3695 3307 Scythim,
3740 3237 3779 3291 si

2205 3329 2420 3401 quando
2445 3345 2530 3382 me
2563 3329 2799 3398 pulsaret
2823 3329 3074 3396 cogitatio
3121 3342 3265 3391 mea,
3313 3336 3369 3381 ut
3396 3327 3706 3382 recederent
3728 3327 3775 3382 in

2203 3422 2493 3485 civitatem,
2527 3430 2617 3474 aut
2651 3420 2848 3482 villam,
2879 3420 3130 3473 continuo
3160 3420 3401 3473 dicebam
3446 3419 3495 3472 in
3533 3418 3774 3488 tneipso:

2205 3517 2475 3580 Marcelle,
2503 3515 2835 3567 Pbileremns
2874 3529 3125 3566 coronam
3175 3512 3225 3564 in
3273 3513 3485 3565 civitate
3511 3526 3617 3564 non
3648 3508 3778 3565 acci-

2203 3612 2300 3679 pit.
2333 3609 2397 3662 Et
2428 3608 2623 3662 Christi
2655 3608 2822 3674 gratia
2858 3607 2958 3659 iSIa
2984 3605 3238 3674 cogitatio
3266 3605 3388 3657 fecit
3418 3614 3473 3656 ut
3502 3605 3570 3659 de
3601 3603 3775 3674 Scythi

2203 3718 2309 3755 non
2340 3703 2626 3771 egrederer
2685 3716 2778 3768 per
2827 3714 2995 3751 annos
3044 3698 3257 3766 triginta
3304 3696 3560 3765 quinque,
3613 3696 3777 3748 d0nec

2203 3795 2482 3848 venientes
2501 3793 2708 3845 barbari
2727 3790 3200 3859 apprehenderunt
3225 3804 3332 3856 tne,
3354 3798 3407 3841 et
3427 3788 3777 3842 vendiderunt

2206 3887 2513 3958 Pentapoli,
2545 3886 2896 3952 Scytltimqne
2917 3885 3313 3936 tlesnlavernut.

2276 3980 2418 4032 ldo'ttt
2462 3978 2624 4029 abbas
2666 3975 2943 4028 Marcellus
2983 3977 3130 4042 quasi
3160 3975 3226 4027 de
3254 3973 3357 4025 alio
3386 3988 3519 4026 sene
3546 3980 3779 4025 morante

2204 4074 2256 4128 in
2286 4072 2473 4143 St‘yllll
2530 4072 2665 4137 (ipse
2710 4078 2884 4121 autem
2941 4068 3077 4132 erat)
3132 4067 3363 4119 narravit
3409 4066 3596 4119 dicens
3648 4062 3779 4133 quod

2204 4162 2595 4232 nocteqoadam
2614 4158 2905 4213 surrexerit
2936 4168 2990 4210 ut
3022 4160 3252 4226 psalmos
3277 4173 3341 4210 ex
3365 4171 3513 4210 more
3540 4166 3774 4212 caneret.

2201 4256 2450 4323 Cumque
2504 4254 2732 4321 psallere
2784 4253 3054 4318 etrpisset,
3084 4250 3283 4303 audivit
3330 4264 3515 4302 vocem
3544 4248 3776 4303 buccinae

2204 4349 2353 4418 quasi
2386 4346 2633 4400 bellicum
2660 4343 2981 4411 clangentis,
3015 4342 3361 4409 turbatusque
3387 4356 3551 4395 senex
3583 4341 3777 4411 cogita-

2202 4439 2311 4503 bat,
2345 4438 2528 4492 dicens
2563 4453 2574 4487 :
2611 4435 2759 4489 Unde
2788 4434 2890 4488 hoc
2921 4435 2973 4488 in
3007 4435 3125 4487 loco
3154 4449 3252 4487 vox
3278 4435 3517 4487 buccinae
3548 4444 3775 4501 perstre-

2206 4532 2320 4601 pit?
2351 4530 2550 4583 milites
2579 4528 2665 4579 hic
2688 4542 2792 4580 non
2820 4537 2965 4590 sunt,
2993 4527 3190 4580 bellum
3215 4526 3337 4578 hinc
3363 4526 3536 4579 abest.
3565 4526 3633 4579 Et
3662 4539 3776 4579 cum

2204 4627 2303 4679 ista
2354 4638 2534 4677 secum
2592 4623 2846 4683 volveret,
2890 4620 3098 4672 ιιιιτιιιοιι
3151 4634 3314 4685 prope
3364 4619 3511 4671 illum
3559 4620 3776 4672 veniens

2203 4718 2333 4772 dixit
2364 4718 2451 4769 ei:
2489 4716 2684 4783 Utique
2739 4715 2931 4768 bellum
2981 4723 3081 4767 est.
3112 4713 3166 4766 Si
3213 4729 3339 4781 ergo
3391 4715 3687 4780 Oppugnari
3717 4727 3775 4767 ac

2204 4825 2505 4879 repugnare
2551 4826 2653 4862 nou
2681 4814 2780 4874 vis,
2816 4809 2969 4871 vade,
3002 4805 3201 4868 dormi,
3230 4818 3279 4860 et
3309 4821 3412 4859 non
3440 4809 3778 4877 oppugnaba-

2209 4904 2302 4958 ris.

2279 4994 2420 5047 Dixit
2449 4995 2637 5046 iterum
2669 5007 2832 5045 senex
2878 5006 2892 5042 :
2923 4989 3133 5043 Credite
3163 4986 3315 5052 mihi,
3352 4989 3523 5057 filioli,
3553 4990 3685 5044 nihil
3716 4991 3778 5045 ita

2210 5086 2507 5153 perturbat,
2556 5093 2609 5136 et
2666 5082 2917 5145 concitat,
2965 5089 3019 5134 et
3073 5079 3266 5143 irritat,
3328 5088 3379 5134 et
3430 5080 3697 5145 vulnerat,
3736 5092 3783 5135 et

2210 5175 2409 5246 perdit,
2442 5186 2601 5242 atque
2650 5174 2949 5234 contristat,
2996 5181 3051 5225 et
3103 5181 3286 5224 contra
3336 5185 3433 5225 nos
3486 5181 3784 5227 commovet

2210 5265 2503 5330 dtetnones,
2540 5266 2820 5333 ipsumque
2844 5263 3157 5331 perditionis
3183 5271 3452 5315 auctorem
3504 5263 3779 5323 Satanam,

2209 5354 2347 5410 sicut
2404 5366 2656 5424 perpetua
2714 5357 3037 5423 psalmorum
3088 5353 3384 5408 meditatio.
3437 5351 3566 5405 Nam
3618 5353 3784 5406 omnis

2213 5447 2425 5516 quidem
2451 5447 2628 5500 divina
2655 5447 2929 5514 Scriptura
2957 5446 3100 5500 utilis
3123 5445 3276 5499 nobis
3297 5456 3378 5499 eat
3397 5442 3785 5512 contriStatque

2216 5553 2320 5591 non
2348 5538 2690 5591 mediocriter
2722 5537 3019 5605 daemones,
3051 5554 3153 5590 ttott
3180 5547 3353 5591 tamen
3384 5536 3453 5589 ita
3482 5533 3623 5588 sicut
3655 5536 3784 5607 psal-

2215 5632 2430 5683 terium.
2460 5628 2609 5682 Sicut
2630 5628 2771 5683 enim
2802 5630 2852 5683 in
2877 5629 3030 5698 plebe
3050 5630 3094 5684 si
3121 5645 3223 5683 una
3255 5644 3374 5699 pars
3406 5627 3587 5683 laudet
3620 5629 3782 5695 impe-

2214 5730 2467 5782 ratorem.
2517 5719 2619 5774 alia
2651 5735 2773 5788 pars
2819 5721 2888 5775 ob
2936 5721 2987 5776 id
3043 5737 3149 5777 non
3193 5723 3560 5785 contristatur,
3620 5733 3780 5786 nequi
