3982 6354
212 5084 221 5127 l

232 318 331 374 I97

1476 318 1761 377 PRA'I‘UM
1799 319 2022 377 SPIBIT
2035 321 2236 380 UALE.

3399 331 3502 390 198

230 440 481 491 movetur
502 440 692 489 eontra
722 429 1041 499 laudantes;
1070 445 1191 487 eum
1219 445 1349 487 vero
1395 431 1462 486 ad
1505 433 1728 501 injurias
1756 442 1811 489 et
1837 439 1885 495 Α
1988 436 2134 490 Dixit
2162 437 2355 491 iterum
2412 450 2577 493 senex
2609 456 2620 490 :
2651 439 2941 510 Fugiamus
2990 451 3218 498 matrem
3249 448 3493 505 omnium

234 521 592 582 contumelias
622 537 728 577 non
771 521 1095 577 laudantium
1125 522 1375 577 conversi
1417 522 1635 591 fuerint,
1684 531 1813 577 tunc

233 616 497 671 adversus
526 628 619 670 eos
646 614 981 681 excitantur;
1036 615 1107 669 ita
1151 623 1207 669 et
1252 614 1525 669 dmmones
1571 630 1677 669 non
1739 614 1813 669 ita

230 712 639 760 commoventur
658 718 830 775 neque
850 705 1235 759 contristantur
1263 706 1317 757 in
1337 704 1457 758 aliis
1495 705 1809 773 Scripturis,

229 794 681 864 quemadmodum
711 796 765 848 in
794 795 1033 863 psalmis.
1065 794 1197 848 Nam
1223 808 1343 847 cum
1378 795 1611 862 psalmos
1639 793 1809 849 medi-

230 896 429 952 tamur,
481 885 671 954 partim
702 885 916 953 quidem
965 883 1118 939 nobis
1170 885 1299 951 ipsis
1351 884 1517 938 Deum
1551 884 1812 940 laudando

232 989 474 1042 oramus,
494 976 685 1043 partim
697 990 826 1029 vero
840 974 1139 1029 maledictis
1160 975 1491 1044 insequimur
1514 974 1805 1030 daemones.

231 1064 305 1121 Ut
324 1081 446 1119 eum
471 1066 699 1120 dicimus
720 1080 737 1122 :
762 1066 1015 1121 Miserere
1034 1067 1159 1132 mei,
1181 1065 1344 1125 Deus.
1369 1066 1660 1120 secundum
1691 1081 1814 1121 ma-

225 1171 390 1227 gnam
413 1156 832 1211 misericordiam
852 1166 1014 1221 tuam,
1032 1167 1080 1211 et
1099 1157 1388 1211 secundum
1412 1157 1809 1213 multitudinem

228 1250 633 1303 miserationum
650 1246 855 1303 tuarum
871 1249 988 1304 dele
1004 1250 1333 1319 iniquitatem
1354 1265 1521 1303 meam
1539 1248 1709 1319 (Psal.
1731 1249 1808 1320 ι).

230 1339 306 1393 Ει
335 1341 526 1394 iterum
555 1357 569 1392 :
598 1339 674 1393 Ne
701 1340 945 1408 projicias
966 1355 1053 1394 me
1074 1355 1103 1392 a
1145 1340 1281 1395 facie
1330 1351 1438 1407 tua,
1493 1352 1546 1395 et
1566 1341 1811 1410 spiritum

228 1442 477 1486 sanctum
496 1442 641 1485 tuum
661 1448 725 1486 ne
742 1432 954 1487 auferas
970 1448 997 1485 a
1017 1449 1100 1487 me
1124 1431 1335 1503 (Ibid.).
1358 1435 1421 1488 Et
1438 1450 1453 1489 :
1476 1435 1551 1488 Ne
1564 1434 1813 1503 projicias

226 1537 320 1576 me
349 1524 401 1577 in
432 1533 670 1591 tempore
687 1523 1000 1589 senectutis,
1020 1539 1139 1577 cum
1177 1524 1430 1579 defecerit
1456 1526 1624 1580 virtus
1669 1542 1808 1590 mea,

225 1627 302 1666 ne
329 1611 667 1682 derelinquas
705 1628 788 1667 me
832 1612 1002 1683 (Psal.
1036 1614 1184 1686 ιη),
1217 1617 1374 1671 nobis
1398 1616 1531 1685 ipsis
1573 1632 1809 1670 oramus.

226 1702 384 1757 Tunc
401 1718 529 1758 vero
543 1706 910 1772 persequimur
935 1705 1227 1772 daemones,
1248 1720 1368 1761 cum
1397 1708 1620 1761 dicimus
1637 1705 1809 1776 (Psal.

225 1793 430 1862 van):
464 1794 728 1862 Exsurgat
749 1794 911 1858 Deus,
932 1805 986 1849 et
1008 1795 1329 1863 dissipentur
1358 1796 1560 1849 inimici
1588 1796 1725 1864 ejus,
1760 1805 1815 1850 et
1844 1812 1892 1870 Β
1917 1819 2122 1874 naeuus
2147 1836 2159 1873 ε
2196 1818 2464 1884 profecto,

223 1883 435 1956 fugiant
483 1887 572 1956 qui
593 1888 822 1941 oderunt
845 1902 965 1941 eum
994 1902 1022 1940 a
1048 1887 1180 1942 facie
1197 1887 1332 1956 ejus.
1351 1889 1417 1942 Et
1438 1903 1622 1942 rursus
1653 1886 1816 1942 :Vidi

224 1981 466 2046 impium
515 1981 966 2048 superexaltatum
1028 1990 1084 2035 et
1139 1982 1408 2035 elevatum
1439 1983 1575 2035 sicut
1624 1980 1816 2035 cedros

226 2069 469 2135 Libani;
527 2079 580 2126 et
636 2070 880 2135 transivi,
934 2080 988 2125 et
1043 2086 1168 2126 ecce
1213 2086 1320 2126 non
1370 2083 1530 2136 erat;
1589 2072 1809 2141 quaesivi

222 2172 377 2226 eum,
409 2167 463 2213 et
490 2175 592 2213 non
635 2169 717 2214 est
754 2159 1000 2215 inventus
1044 2160 1191 2214 locus
1238 2162 1354 2230 ejus
1402 2160 1573 2232 (Psaf.
1607 2162 1813 2231 ιχινι).

225 2251 299 2305 Et
351 2251 523 2305 illud:
557 2250 775 2306 Gladius
832 2268 1021 2307 eorum
1079 2253 1243 2307 intret
1282 2256 1334 2307 in
1366 2255 1526 2308 corda
1572 2254 1807 2322 ipsorqu

228 2339 447 2411 (lbid.).
488 2341 555 2395 Et
594 2344 782 2396 iterum
816 2361 827 2395 :
865 2343 1061 2398 Lacum
1106 2346 1336 2414 aperuit,
1364 2356 1417 2399 et
1443 2344 1627 2399 effodit
1668 2361 1813 2411 eum,

223 2444 283 2485 et
310 2432 494 2485 incidit
524 2432 572 2485 iu
596 2430 801 2486 foveam
824 2448 979 2502 quam
1001 2434 1139 2488 fecit.
1162 2437 1512 2502 Convertatur
1534 2436 1686 2488 dolor
1701 2436 1816 2503 ejus

226 2522 283 2576 in
306 2536 466 2593 caput
488 2525 622 2592 ejus,
651 2534 705 2578 et
728 2526 779 2578 in
802 2527 1053 2580 verticem
1084 2527 1248 2597 ipsius
1289 2528 1539 2597 iniquitas
1578 2528 1692 2596 ejus
1717 2529 1815 2583 de-

232 2616 460 2670 scendet
483 2614 653 2685 (Psat.
679 2616 795 2685 vn).

311 2707 457 2761 Dixit
488 2709 681 2761 iterum
713 2724 872 2763 senex
917 2724 932 2763 :
963 2708 1181 2764 Credite
1207 2709 1361 2777 mihi,
1414 2710 1529 2777 lilii,
1578 2711 1806 2767 dicenti.

228 2800 698 2865 Quemadmodum
730 2815 919 2870 magna
950 2800 1064 2855 laus
1093 2811 1146 2856 et
1176 2818 1366 2871 magna
1422 2803 1588 2873 gloria
1632 2814 1688 2859 et
1730 2820 1816 2859 re-

238 2908 406 2961 gnum
437 2892 938 2948 estabrenuntianti
967 2894 1185 2960 sacculo,
1214 2903 1269 2948 et
1297 2895 1653 2950 monasticum
1685 2897 1817 2949 arri-

230 2985 403 3052 pienti
435 2984 756 3051 institutum,
785 2986 907 3054 quia
950 2986 1266 3054 pretiosiora
1289 2996 1413 3040 sunt
1442 2987 1814 3041 intellectualia

229 3089 395 3143 quam
421 3074 690 3128 sensibilia
714 3091 727 3140 ;
754 3075 824 3129 ita
856 3090 1044 3144 magna
1070 3074 1313 3130 confusio
1330 3086 1383 3129 et
1409 3075 1706 3145 ignominia
1736 3089 1817 3132 est

231 3167 505 3221 monacho
528 3167 616 3235 qui
643 3167 895 3236 relinquit
924 3168 1281 3221 monasticam
1313 3168 1578 3233 habitum,
1604 3169 1813 3223 etiamsi
1846 3200 1890 3260 ρ
2067 3168 2076 3178 ’
2119 3167 2329 3182 “⁴”“’“³’“
2382 3167 2454 3182 ’ν’

527 3256 571 3275 ε-
608 3265 813 3275 μ--.ᾼῇ
1927 3232 1975 3273 et
2002 3235 2164 3273 senex
2191 3235 2205 3272 :
2236 3219 2461 3275 Prorsus

227 3254 499 3310 efficiatur
527 3256 836 3324 imperator.

306 3352 450 3404 Dixit
479 3351 667 3406 iterum
704 3369 716 3405 :
754 3353 924 3406 llomo
975 3352 1268 3407 similitudo
1298 3352 1390 3406 Dei
1434 3352 1618 3407 Iuitab
1648 3350 1819 3420 initio,

231 3440 410 3495 factus
440 3450 523 3495 est
553 3451 731 3495 autem
762 3442 1055 3496 similitudo
1105 3442 1288 3497 beStite
1338 3452 1620 3512 postquam
1649 3459 1677 3495 a
1708 3444 1821 3498 Deo

230 3534 431 3588 excidit
451 3532 599 3603 (Gen.
620 3535 680 3605 ι).

304 3627 512 3681 Rursus
535 3628 608 3680 ait
639 3644 654 3681 ;
680 3627 852 3681 Etiam
912 3637 1096 3682 natura
1124 3628 1317 3681 excitat
1341 3628 1818 3700 concupiscentias,

231 3722 455 3783 fratres,
488 3723 581 3776 sed
630 3721 771 3792 jugis
795 3731 846 3775 et
896 3722 1101 3777 intenta
1150 3722 1469 3775 abstinentia
1511 3720 1608 3775 has
1657 3723 1818 3778 etiam

230 3813 557 3882 cxsunguh.

307 3906 453 3957 Dixit
483 3904 674 3957 iterum
698 3917 859 3957 senex
894 3920 909 3956 :
944 3902 1185 3971 Agnosce
1209 3904 1579 3970 experimento
1613 3903 1811 3957 bonam

232 3999 424 4062 vitam,
454 4010 625 4064 neque
652 3996 757 4063 jam
786 4006 842 4047 ttt
872 3994 1129 4048 invalidus
1162 3994 1370 4047 timeas.

305 4091 391 4143 Ait
421 4105 609 4143 rursus
641 4106 653 4141 :
680 4089 797 4141 Noli
840 4089 1042 4153 mirari,
1068 4089 1109 4142 si
1143 4089 1299 4140 homo
1322 4102 1441 4141 eum
1473 4087 1567 4153 sis,
1596 4086 1819 4156 angelus

231 4183 354 4235 fieri
388 4182 577 4250 possis.
603 4182 881 4249 Proposita
896 4184 1037 4234 enim
1066 4182 1250 4235 tibiest
1279 4198 1370 4250 par
1396 4182 1599 4249 angelis
1623 4180 1812 4249 gloria,

229 4290 465 4343 eamque
491 4276 812 4343 agonutheta
839 4286 1022 4327 noster
1045 4278 1372 4329 certantibus
1392 4275 1638 4343 Spondet.

302 4362 453 4416 Dixit
480 4364 671 4418 iterum
700 4380 863 4420 senex
897 4384 908 4417 :
940 4366 1079 4418 Nihil
1104 4368 1174 4419 ita
1210 4368 1315 4420 Deo
1346 4368 1637 4421 monachos
1669 4366 1815 4419 fami-

227 4455 397 4509 liares
429 4455 612 4517 efficit,
646 4467 702 4509 ut
733 4456 953 4521 pulchra
973 4465 1029 4511 et
1051 4456 1272 4510 honesta
1301 4467 1354 4511 et
1387 4457 1493 4511 Deo
1518 4459 1815 4525 gratissima

226 4546 476 4608 castitas,
508 4561 628 4613 quae
672 4547 806 4599 sicut
837 4558 1053 4601 sanctus
1084 4559 1134 4600 et
1167 4547 1377 4599 divinus
1407 4546 1635 4615 Spiritus
1679 4560 1816 4600 alte-
1852 4581 1897 4635 ὓ

237 4643 422 4688 statur
453 4651 547 4704 per
580 4638 788 4690 beatum
825 4638 1066 4702 Paulum,
1096 4639 1426 4692 honestatem
1467 4649 1521 4693 et
1567 4655 1818 4706 [erseve-

230 4727 461 4780 rantiam
509 4727 706 4797 jugiter
750 4730 970 4784 vacaudi
1032 4730 1257 4784 Domino
1303 4733 1418 4784 sine
1471 4730 1818 4785 distractione

229 4824 455 4885 praestat
489 4814 539 4885 (1
566 4815 686 4872 Cor.
714 4821 830 4887 vti).

302 4932 657 4987 Dixititerum
716 4955 728 4987 :
784 4934 926 5000 Filii,
964 4936 1293 4991 dimittamus
1322 4937 1534 5006 nuptias
1566 4952 1815 5005 procrea-

226 5027 540 5091 tiouemque
570 5024 859 5079 liberorum
907 5028 986 5080 his
1018 5032 1104 5097 qui
1150 5040 1364 5084 terrena
1416 5030 1726 5099 respiciunt,
1763 5039 1815 5081 et

231 5117 519 5182 praesentia
553 5115 883 5183 desiderant,
910 5135 1008 5173 nec
1033 5118 1207 5176 futura
1258 5122 1605 5187 meditantur,
1656 5130 1816 5191 atque

224 5207 292 5260 ad
323 5220 647 5263 mteruorum
668 5210 929 5264 bonorum
957 5213 1361 5281 acquisitionem
1388 5231 1491 5268 non
1509 5213 1810 5278 attendunt,

222 5309 281 5353 et
304 5315 331 5351 a
365 5300 753 5368 temporalibus
775 5313 835 5356 et
865 5307 1252 5360 momentaneis
1278 5307 1408 5373 eripi
1443 5316 1736 5376 nequeunt.

300 5400 451 5454 Dixit
480 5400 669 5455 iterum
707 5417 720 5454 :
754 5401 1089 5460 Festiuemus
1119 5421 1148 5459 a
1173 5391 1373 5459 carnali
1418 5409 1520 5461 vita
1551 5408 1804 5477 migrare,

222 5491 384 5549 sicuti
405 5494 635 5548 carnalis
659 5493 816 5549 lsrael
838 5496 904 5551 ab
920 5496 1169 5568 Egyptia
1193 5502 1446 5555 servitute
1463 5500 1656 5572 (Exod.
1677 5500 1806 5568 xtv).

298 5586 389 5641 Ait
437 5602 620 5644 rursus
662 5604 677 5641 ε
723 5589 984 5644 Praeclara
1020 5600 1074 5646 et
1107 5593 1276 5648 dulcia
1322 5595 1413 5649 Dei
1467 5611 1685 5649 munera
1722 5595 1813 5646 ha-

224 5676 420 5733 bemus
467 5682 766 5752 proposita,
798 5681 1008 5751 fratres,
1058 5700 1155 5753 pro
1186 5688 1427 5742 stecnlari
1462 5689 1687 5743 molesta
1720 5701 1812 5742 vo-

226 5765 453 5841 luptate.

1924 529 2187 584 malorum
2216 528 2489 585 avaritiam
2525 532 2574 602 (Ι
2606 532 2742 587 Tim.
2770 534 2868 605 vt).

2478 642 2704 700 CAPUT
2751 644 2927 701 CLIII.

1958 733 2241 804 Responsio
2281 732 2525 788 Monachi
2576 738 2869 858 motiqsterii
2907 739 3112 809 Raythu
3159 739 3230 793 ad
3257 739 3470 811 fratrem

2563 822 2698 858 δαῖεν
2723 824 2883 858 arem.

2563 822 2883 861 surcularem.

1987 894 2151 964 909
2174 894 2288 947 Duo
2308 893 2504 951 fratres
2530 898 2813 952 saaculares
2833 909 2988 954 erant.
3006 900 3466 971 Constantinopoli
3488 948 3504 972 ,

1917 986 2141 1040 multum
2174 986 2432 1056 religiosi,
2469 989 2798 1058 multumque
2836 990 3160 1060 jejunautes.
3212 993 3361 1051 Unus
3406 995 3508 1067 igi-

1918 1089 2005 1135 tur
2031 1096 2098 1135 ex
2134 1080 2217 1135 his
2248 1081 2466 1135 veniens
2493 1082 2544 1135 in
2574 1082 2808 1147 Ravthu.
2849 1086 3048 1139 saeculo
3082 1088 3501 1154 abrenuntiavit,

1916 1182 1969 1227 et
1999 1171 2171 1228 factus
2200 1182 2286 1227 est
2311 1173 2626 1227 monachus.
2656 1172 2785 1228 Post
2804 1174 3188 1241 aliiuantulum
3214 1194 3340 1233 vero
3365 1190 3502 1235 tem-

1915 1264 2062 1335 poris
2088 1264 2233 1320 venit
2254 1275 2307 1320 et
2334 1265 2606 1320 saecularis
2635 1266 2799 1320 frater
2824 1267 2941 1334 ejus
2985 1267 3036 1320 in
3074 1268 3304 1338 Raythu,
3338 1280 3396 1324 ut
3426 1271 3501 1322 vi-

1915 1359 2068 1415 deret
2116 1360 2332 1414 fratrem
2363 1373 2517 1413 suum
2552 1360 2889 1415 monachum.
2920 1358 3055 1415 Cum
3097 1376 3227 1429 ergo
3264 1377 3503 1418 morare-

1917 1460 2003 1503 tur
2042 1448 2181 1519 apud
2218 1465 2364 1515 eum,
2417 1450 2551 1503 vidit
2579 1451 2851 1504 smcularis
2883 1451 3097 1505 fratrem
3128 1466 3280 1505 suum
3314 1468 3503 1505 mona-

1915 1540 2075 1594 chum
2120 1556 2179 1595 se
2224 1540 2555 1595 reﬁcientem
2606 1555 2744 1596 nona
2798 1542 2949 1607 hora,
3005 1544 3503 1617 scandalizatusque

1916 1632 2050 1686 dixit
2092 1632 2209 1686 illi:
2260 1634 2463 1700 Frater,
2512 1650 2631 1689 cum
2686 1648 2834 1690 esses
2886 1637 3178 1703 surcularis,
3232 1652 3500 1708 nunquam

1921 1733 2046 1780 ante
2077 1726 2209 1782 solis
2231 1741 2481 1782 occasum
2511 1728 2760 1783 sumebas
2787 1728 2985 1783 cibum.
3014 1729 3160 1783 Tunc
3192 1731 3264 1784 ait
3289 1730 3363 1784 illi
3393 1746 3509 1785 tuo-

2514 1819 2700 1883 frater,
2731 1821 2943 1890 quando
2993 1836 3141 1876 eram
3188 1823 3239 1876 in
3284 1823 3501 1886 saeculo,

1915 1927 2071 1968 aures
2095 1928 2229 1967 mete
2259 1914 2565 1967 nutriebant
2594 1930 2678 1969 me
2704 1932 2717 1980 ;
2752 1930 2887 1968 vana
2918 1915 3061 1970 enim
3088 1916 3359 1971 hominum
3392 1920 3506 1987 glo-

1915 2005 1992 2060 ria
2020 2014 2072 2061 et
2102 2004 2218 2059 laus
2242 2022 2345 2058 non
2369 2005 2715 2059 mediocriter
2744 2021 2829 2060 me
2856 2006 3183 2076 reﬁciebant,
3202 2007 3504 2079 jejuniique

1917 2097 2154 2152 laborem
2188 2095 2443 2152 leviorem
2475 2097 2789 2152 reddebant.

2482 2208 2710 2264 CAPUT
2760 2208 2938 2264 CLIV.

2137 2300 2255 2353 Vita
2304 2299 2558 2355 Theodori
2598 2304 2882 2366 mentiaris,
2908 2302 3128 2357 hominis
3162 2303 3280 2357 Dei.

1993 2394 2217 2448 Dicebat
2260 2394 2427 2447 abbas
2470 2393 2727 2447 Jordanes
2778 2394 3051 2449 solitarius
3091 2413 3105 2449 :
3160 2397 3291 2451 Tres
3348 2397 3508 2452 simul

1917 2484 2255 2539 anachoretm
2287 2485 2618 2553 perreximus
2643 2484 2708 2538 ad
2730 2485 2974 2538 abbatem
3003 2485 3278 2540 Nicolaum
3307 2486 3359 2541 in
3393 2497 3477 2541 tor
3496 2515 3509 2526 ο

1918 2585 2124 2631 rentem
2159 2578 2480 2631 Betasimum
2510 2577 2692 2647 (inter
2712 2586 2952 2631 sanctum
2985 2580 3126 2631 enim
3160 2562 3509 2648 Elpidium.et

1916 2669 2299 2723 monasterium
2327 2667 2466 2737 quod
2489 2668 2686 2722 dicitur
2708 2668 3144 2737 Peregrinorum,
3174 2670 3226 2723 in
3251 2670 3508 2738 spelunca

1922 2758 2251 2827 morabatur)
2279 2758 2685 2828 iuvenimusque
2704 2774 2825 2813 cum
2858 2759 2952 2813 illo
2982 2760 3291 2814 smcularem
3322 2776 3511 2830 quem-

1918 2849 2060 2904 dam.
2090 2849 2452 2917 Loquentibus
2475 2857 2650 2902 autem
2672 2849 2825 2903 nobis
2840 2850 2907 2904 de
2929 2849 3123 2903 animae
3153 2850 3344 2915 salute,
3370 2836 3510 2904 dixit

1919 2942 2084 2995 abbas
2105 2940 2354 2994 Nicolaus
2378 2939 2649 2995 saeculari:
2681 2941 2773 2995 Dic
2799 2940 2952 2995 nobis
2978 2950 3030 2994 et
3061 2949 3114 2994 tu
3136 2940 3357 3010 aliquid.
3380 2942 3512 2995 lies-

1921 3034 2108 3102 pondit
2133 3034 2437 3099 saecularis,
2471 3041 2525 3086 et
2571 3032 2681 3086 ait:
2714 3032 2849 3100 Quid
2892 3033 3045 3088 vobis
3093 3034 3348 3102 prodesse
3390 3049 3513 3103 pos-

1924 3127 2083 3180 sum?
2115 3126 2329 3182 Utinam
2372 3129 2454 3182 vel
2487 3127 2616 3181 mihi
2649 3129 2749 3196 ipsi
2795 3128 3052 3198 prodesse
3082 3129 3337 3183 valerem.
3372 3129 3513 3184 Dixit

2486 3221 2679 3289 aliquid
2704 3220 2941 3276 dicturus
2963 3235 3041 3275 es.
3067 3220 3217 3276 Tune
3245 3224 3318 3275 ait
3341 3238 3509 3279 smcu-

1928 3310 2054 3365 laris
2087 3330 2101 3367 :
2137 3312 2315 3367 llabeo
2349 3311 2532 3380 viginti
2560 3312 2695 3367 duos
2718 3328 2908 3381 annos,
2935 3328 2997 3369 ex
3022 3329 3127 3384 quo
3154 3326 3513 3383 prieterquam

1929 3401 2164 3455 Sabhato
2189 3412 2244 3457 et
2278 3404 2553 3457 Dominico
2580 3404 2665 3458 die
2696 3421 2965 3474 nunquam
2997 3422 3083 3460 me
3112 3406 3192 3459 sol
3229 3407 3515 3460 comeden-

1928 3505 2032 3547 tem
2075 3493 2223 3548 vidit.
2271 3495 2424 3548 Eram
2458 3506 2634 3551 autem
2677 3498 3036 3551 mercenarius
3074 3498 3125 3551 in
3160 3498 3283 3552 villa
3334 3500 3514 3557 divitis

1928 3584 2182 3649 hominis,
2219 3587 2380 3653 iniqui
2411 3597 2462 3640 et
2492 3589 2657 3654 avari,
2690 3605 2807 3641 cum
2841 3605 2945 3657 quo
2976 3590 3143 3642 mansi
3175 3591 3329 3643 annis
3356 3590 3514 3659 quiu—

1925 3676 2120 3743 decim,
2150 3678 2237 3731 die
2278 3689 2542 3745 noctuque
2570 3696 2820 3747 operatus,
2851 3697 3021 3750 neque
3051 3682 3349 3735 mercedem
3383 3682 3513 3737 mihi

1924 3770 2151 3824 reddere
2198 3758 2433 3836 volebat,
2484 3773 2576 3827 sed
2610 3787 2704 3839 per
2744 3788 2912 3824 annos
2962 3774 3198 3837 singulos
3244 3773 3515 3841 afﬂigebat

1926 3881 2032 3919 non
2068 3866 2428 3922 mediocriter.
2462 3868 2641 3933 itaque
2672 3866 2786 3920 dixi
2842 3869 2891 3920 in
2926 3867 3129 3935 meipso
3156 3883 3169 3920 :
3198 3867 3513 3936 Theodore,

1924 3960 1966 4010 si
2007 3959 2315 4012 toleraveris
2358 3959 2497 4012 hunc
2534 3961 2725 4023 virum,
2772 3974 2866 4027 pro
2897 3959 3177 4027 mercede,
3219 3975 3377 4028 quam
3418 3959 3514 4014 tibi

1924 4051 2105 4115 debet,
2131 4052 2389 4104 cmimum
2416 4066 2636 4117 regnum
2669 4050 2761 4105 tibi
2793 4051 3133 4120 prmparabit.
3167 4050 3384 4107 Servavi
3421 4068 3516 4104 au-

1926 4153 2034 4197 tem
2070 4154 2121 4197 et
2150 4158 2343 4211 corpus
2367 4160 2540 4197 meum
2566 4144 2817 4197 ruundum
2849 4160 2876 4197 a
2912 4144 3130 4199 muliere
3155 4161 3320 4215 usque
3344 4146 3395 4199 in
3421 4146 3517 4201 ho-

1922 4238 2164 4291 diernum
2204 4237 2367 4291 diem.
2407 4237 2526 4291 Ilmc
2566 4254 2663 4293 nos
2703 4254 2823 4292 cum
2859 4239 3269 4307 audivissemus,
3302 4242 3513 4311 magni-

1927 4328 2026 4383 ﬁce
2058 4328 2301 4383 aediﬁcati
2327 4343 2532 4383 sumus.

2492 4420 2722 4475 CAPUT
2769 4420 2923 4476 CLV.

1963 4510 2165 4565 Relatio
2199 4511 2394 4564 abbatis
2420 4510 2665 4565 Jorrlanis
2711 4514 2772 4564 de
2815 4515 2974 4565 tribus
3017 4514 3292 4567 Saracenis
3317 4517 3479 4584 quire
3554 4558 3563 4566 .

2414 4584 2626 4634 invicem
2656 4586 3033 4652 interfecerunt.

1995 4670 2215 4725 Dicebat
2233 4679 2287 4725 et
2311 4672 2410 4726 hoc
2434 4672 2587 4726 nobis
2614 4674 2680 4728 tle
2709 4675 2898 4727 abbate
2919 4675 3137 4728 Nieolao
3182 4675 3346 4729 abbas
3388 4676 3510 4729 Jor-

1929 4762 2096 4818 danes
2122 4779 2134 4814 :
2161 4763 2441 4831 Narrabat,
2470 4765 2659 4833 inquit,
2701 4779 2887 4831 senex,
2914 4768 3036 4834 quia
3068 4767 3361 4835 imperante
3384 4766 3513 4820 fide—

1921 4856 2125 4911 lissimo
2163 4858 2484 4925 imperatore
2513 4858 2775 4925 Mauritio,
2815 4859 3027 4925 quando
3055 4857 3319 4911 Namanes
3348 4857 3512 4912 Sara-

1918 4963 2173 5003 cenorum
2206 4949 2438 5005 nationis
2467 4949 2573 5001 dnx
2618 4949 2849 5017 pnedam
2900 4948 3025 5016 egit,
3081 4963 3201 5000 eum
3230 4947 3509 5002 circuirem

1919 5051 2019 5105 ego
2049 5052 2215 5105 prone
2247 5038 2519 5092 Arnonem
2563 5050 2613 5093 et
2646 5037 2929 5100 Aidonem,
2972 5040 3175 5106 aspicio
3212 5039 3510 5095 Saracenos

1920 5136 2048 5186 tres.
2075 5128 2336 5184 habentes
2368 5146 2547 5183 secum
2594 5144 2757 5181 unum
2790 5129 3181 5183 adulescentem
3210 5131 3359 5185 valde
3398 5132 3508 5186 for-

1920 5234 2148 5283 mosum,
2174 5235 2435 5275 annorum
2466 5221 2631 5274 ferme
2660 5219 2870 5287 viginti,
2898 5221 3125 5275 \iuetum
3155 5232 3313 5292 atque
3342 5225 3513 5294 capti-

1918 5327 2063 5365 vum.
2114 5311 2183 5366 Ut
2228 5329 2353 5382 ergo
2395 5314 2529 5365 vidit
2556 5328 2642 5365 me
2670 5312 3006 5378 adolescens,
3058 5314 3185 5369 flere
3232 5316 3422 5384 erepit,
3453 5322 3509 5371 et

1918 5417 2093 5469 orare,
2125 5414 2183 5456 ut
2212 5403 2280 5456 ab
2310 5405 2387 5458 eis
2416 5405 2562 5456 illum
2594 5404 2918 5469 acciperem.
2944 5402 3055 5473 Ego
3083 5414 3260 5460 autem
3284 5407 3504 5460 Sarace-

1923 5508 2018 5547 nos
2051 5509 2239 5563 rogare
2265 5498 2424 5561 capi,
2454 5504 2510 5547 ut
2536 5495 2866 5548 dimitterent
2893 5512 3033 5550 eum.
3064 5496 3212 5552 Unus
3238 5508 3415 5552 autem
3444 5497 3511 5552 il-

1920 5588 2093 5644 lorum
2123 5591 2307 5645 Graeco
2337 5605 2584 5645 sermone
2616 5593 2912 5662 respondit,
2936 5600 2989 5647 et
3015 5594 3087 5645 ait
3113 5610 3125 5645 :
3165 5593 3280 5645 Non
3325 5592 3505 5645 dimit-

1922 5684 2083 5737 timus
2114 5698 2262 5737 eutu.
2295 5681 2361 5735 Et
2386 5696 2486 5750 ego
2516 5697 2725 5738 rursum
2751 5685 2854 5738 illis
2874 5684 2981 5738 dixi
3009 5701 3021 5736 :
3053 5684 3289 5752 Accipite
3312 5696 3418 5748 me,
3447 5690 3506 5736 et

1922 5775 2062 5830 hunc
2093 5775 2363 5837 dimittite,
2397 5774 2518 5843 quia
2564 5776 2920 5848 fatigationem
2976 5791 3079 5829 noa
3122 5781 3372 5831 sustinet.
3420 5775 3508 5829 Ait
