3982 6354
497 327 599 386 199

1676 325 1764 381 DE
1803 319 1980 379 VITIS
2016 314 2301 375 PATBUM
2340 312 2542 371 LIBER
2582 313 2648 368 Χ.

3653 304 3752 361 100

489 444 623 500 mihi
647 452 703 500 et
746 454 860 509 ipse
891 455 1121 497 rursus:
1153 438 1267 494 Non
1307 438 1620 495 dimittimus
1661 454 1807 495 eum.
1838 436 1953 490 Dixi
1994 434 2073 489 eis
2102 434 2153 493 Α
2181 432 2266 496 tis,
2298 439 2453 485 sexto
2504 428 2673 483 ferme
2721 423 2895 492 lapide
2939 423 3006 479 ab
3034 422 3117 479 eis
3157 421 3380 489 distans,
3413 421 3559 479 eirea
3600 421 3761 479 maris

489 534 648 588 tertio
674 549 690 586 :
725 531 817 586 Vel
850 531 1071 600 pretium
1103 545 1196 599 pro
1227 531 1317 583 illo
1344 546 1447 584 non
1480 529 1754 599 accipitis?
1785 529 1915 581 Date
1940 524 2073 579 mihi

488 625 679 686 illum,
734 629 787 675 et
839 620 1092 689 quidquid
1145 619 1434 689 petieritis,
1480 634 1577 687 ego
1632 618 1848 672 afferam
1901 617 2070 670 vobis.

492 714 834 784 Respondit:
863 712 976 765 Non
1013 725 1291 778 possumus
1323 710 1414 762 tibi
1439 710 1567 762 dare
1598 708 1740 761 illum
1765 726 1779 773 ,
1804 705 2074 760 sacerdoti

491 806 634 861 enim
663 816 846 858 nosuo
873 802 1238 872 promisimus,
1260 800 1381 869 quia
1414 799 1459 853 si
1502 800 1627 867 quid
1674 800 1951 864 pulchrum
1983 813 2072 851 ce-

491 897 749 969 perimus,
783 894 1070 948 oneremus
1102 892 1227 945 illud
1255 892 1324 957 ei,
1360 901 1417 944 ut
1462 892 1632 959 ipsnnt
1664 891 1716 943 in
1756 890 2075 943 sacriﬁcium

492 987 700 1043 oﬂ‘crat.
733 986 833 1041 Sed
863 986 993 1039 vade
1013 983 1165 1053 jam:
1198 998 1317 1036 nam
1359 984 1402 1036 si
1440 998 1643 1036 moram
1677 982 1887 1045 feceris,
1921 989 2079 1049 caput

496 1090 641 1133 tuum
674 1079 725 1131 in
763 1087 958 1131 terram
982 1076 1276 1143 projiciam.
1316 1075 1467 1128 Tunc
1492 1084 1787 1142 prostratus
1812 1088 1910 1140 ego
1932 1073 2074 1125 lmmi

496 1168 603 1223 dixi
634 1186 647 1220 :
682 1168 922 1221 Salvator
952 1176 1134 1220 noster
1168 1166 1383 1219 Christe
1414 1164 1578 1226 Deus,
1609 1165 1813 1217 salvum
1848 1164 1926 1215 fac
1965 1177 2079 1215 ser-

494 1275 617 1314 vum
648 1268 815 1312 tuutn.
851 1259 914 1310 Et
956 1257 1209 1311 continuo
1238 1266 1346 1309 tres
1397 1254 1647 1310 Saraceni
1697 1254 1961 1307 daemonio
1991 1269 2073 1305 re-

493 1353 622 1421 pleti
648 1351 933 1420 evaginatis
954 1350 1147 1420 gladiis
1168 1364 1227 1402 se
1257 1350 1488 1402 invicem
1510 1347 1881 1402 conciderunt.
1912 1351 2078 1398 Assu-

496 1458 752 1512 mensque
797 1457 895 1511 ego
938 1440 1336 1493 adolescentem
1401 1441 1451 1491 in
1506 1439 1812 1505 speluncam
1862 1451 2073 1500 meam,

494 1535 658 1593 refovi
700 1536 867 1599 illum,
898 1544 953 1588 et
987 1534 1096 1603 jam
1145 1532 1310 1585 noluit
1342 1531 1595 1585 recedere
1626 1544 1656 1584 a
1711 1546 1826 1594 me;
1867 1529 1959 1583 sed
1990 1544 2078 1582 re-

494 1628 742 1683 nuntians
770 1626 990 1689 steculo,
1041 1638 1162 1677 cum
1211 1631 1412 1690 septem
1441 1637 1609 1675 annos
1639 1622 1689 1674 in
1742 1621 1921 1674 habitu
1963 1636 2080 1673 mo-

494 1720 697 1774 nastico
723 1716 1026 1787 implesset.
1057 1713 1338 1783 requievit.
1384 1714 1510 1767 Erat
1548 1722 1725 1768 autem
1755 1727 1950 1782 genere
1975 1713 2083 1765 'l‘v-

494 1823 622 1866 ms'
1066 1876 1293 1933 CAPUT
1348 1875 1525 1931 CLVI.

610 1992 891 2062 Responsio
916 1991 1190 2063 cujusdam
1213 1992 1362 2046 Senis
1390 1990 1459 2044 ad
1482 1991 1609 2045 duas
1630 1991 1975 2062 philosophos.

569 2104 687 2159 Duo
717 2103 1015 2174 philosOphi
1063 2112 1326 2159 venerunt
1374 2105 1661 2175 aliquando
1689 2106 1754 2160 ad
1797 2121 2003 2172 senem,
2032 2113 2087 2161 et

498 2200 725 2254 orabant
753 2215 873 2255 eum
904 2210 951 2253 ut
985 2202 1064 2255 eis
1090 2200 1308 2254 verbum
1338 2199 1709 2254 :edilicationis
1738 2201 1961 2255 diceret.
1992 2201 2088 2255 Se-

504 2305 607 2345 nex
635 2306 765 2345 vero
789 2292 1013 2346 tacebat.
1044 2291 1274 2345 Rursum
1308 2291 1607 2361 philosophi
1636 2293 1884 2346 dixerunt
1908 2312 1918 2345 :
1946 2292 2087 2347 Nihil

501 2383 798 2449 respondes
827 2383 996 2449 nobis,
1033 2382 1227 2438 Pater?
1257 2382 1406 2437 Tunc
1434 2398 1596 2438 senex
1627 2384 1761 2438 dixit
1786 2385 1864 2439 eis
1889 2403 1901 2437 :
1935 2385 2087 2451 Quod

501 2473 725 2527 studiosi
752 2475 966 2543 quidem
1013 2476 1130 2529 sitis
1170 2476 1508 2545 eloquentiae,
1542 2478 1689 2542 scio;
1723 2478 1863 2546 quod
1909 2489 2087 2533 autem

502 2560 608 2617 nuit
636 2565 746 2618 veri
778 2566 891 2619 sitis
924 2565 1255 2634 philosophi,
1295 2567 1526 2621 affirmo.
1560 2568 1806 2635 Quanditt
1836 2569 1979 2622 enim
2010 2569 2083 2622 lo-

502 2656 592 2723 qui
623 2656 854 2721 discitis,
887 2660 1039 2727 quasi
1090 2659 1236 2728 loqui
1268 2661 1554 2713 nesciatis?
1583 2662 1661 2715 Sit
1688 2676 1815 2730 ergo
1859 2664 2093 2730 philoso-

503 2744 645 2814 phiae
672 2757 863 2801 vestrae
893 2763 1025 2815 opus
1054 2764 1263 2816 semper
1289 2749 1535 2804 meditari
1561 2761 1811 2817 mortem,
1846 2752 2087 2806 silentiu-

502 2852 606 2905 que
633 2848 687 2893 et
714 2839 874 2909 quieti
898 2856 991 2896 vos
1018 2842 1356 2896 assuefacite.

1062 2934 1292 2989 CAPU‘I‘
1344 2934 1542 2991 CLVII.

504 3023 707 3079 Relatio
757 3025 977 3080 duarum
1020 3031 1387 3082 monachorum
1437 3032 1732 3085 monasterii
1779 3032 2096 3088 Subevorum

707 3096 958 3164 Syrorum
984 3098 1047 3151 de
1066 3116 1209 3162 cane,
1232 3104 1314 3168 qui
1337 3102 1487 3171 fratri
1515 3104 1647 3155 viam
1670 3104 1907 3157 ostendit.

580 3186 917 3243 Perreximus
938 3205 1036 3259 ego
1059 3201 1111 3243 et
1138 3192 1375 3259 sophista
1394 3193 1724 3262 Sophronias
1749 3197 1797 3248 in
1827 3209 2095 3252 monaste-

511 3277 652 3331 rium
701 3278 1004 3334 Calamonis
1056 3282 1207 3349 juxta
1261 3294 1502 3337 sanctum
1533 3285 1845 3352 Iordanem,
1884 3288 1951 3340 ad
1998 3290 2095 3342 ab-

512 3368 695 3423 batem
742 3371 1123 3436 Alexandrum,
1175 3374 1575 3443 iuvenimusque
1620 3378 1758 3444 apud
1804 3394 1925 3431 eunt
1962 3380 2097 3435 duos

510 3464 805 3517 monachos
837 3464 1143 3520 monasterii
1168 3466 1497 3522 Subevorum
1528 3470 1807 3539 Syrorum.
1840 3472 2098 3528 Narraveo

509 3563 637 3611 runt
675 3566 854 3611 autem
895 3558 1069 3623 nobis,
1118 3560 1357 3615 dicentes
1389 3579 1401 3613 :
1455 3564 1591 3617 Ante
1628 3563 1722 3617 hos
1751 3565 1939 3619 decem
1981 3566 2095 3620 dies

515 3648 663 3702 venit
710 3648 921 3716 quidam
968 3651 1369 3720 peregrinorum
1418 3667 1697 3723 susceptor
1726 3657 2097 3726 eleemosynas

517 3754 764 3810 crogans,
796 3753 851 3796 et
891 3743 1108 3797 veniens
1157 3745 1209 3798 iu
1240 3745 1437 3800 Subiba
1471 3746 1741 3810 Besortmr,
1777 3749 1920 3803 dedit
1949 3750 2100 3804 eulo-

512 3831 672 3902 giam.
703 3832 923 3901 Rogavit
950 3833 1109 3902 igitur
1131 3835 1371 3889 abbatem
1400 3838 1923 3900 mona‘stcrii,dicens
1952 3854 1964 3891 :
1992 3839 2098 3895 Fac

514 3925 850 3988 charitatem,
882 3933 935 3979 et
967 3926 1114 3979 mitte
1156 3926 1207 3980 in
1240 3932 1537 3994 proximum
1573 3932 1951 3985 monasterium
2000 3932 2101 4004 Sy-

517 4030 723 4078 rorum,
750 4024 806 4067 ut
833 4016 1090 4083 accipiant
1123 4019 1285 4088 910
1310 4031 1361 4072 et
1390 4020 1486 4087 ipsi
1513 4022 1785 4075 venientes
1809 4024 2097 4093 eulogtam,

516 4116 568 4158 et
598 4106 841 4158 nuntient
872 4113 1195 4162 monasterio
1225 4111 1519 4165 Charembe
1558 4125 1613 4166 tit
1642 4116 1855 4168 veniant
1894 4125 1948 4170 et
1978 4117 2100 4186 ipsi.

517 4196 664 4250 Tunc
702 4198 869 4250 abbas
908 4199 1051 4253 misit
1088 4199 1307 4254 fratrem
1364 4204 1427 4255 ad
1469 4204 1716 4259 abbatem
1765 4208 2100 4263 Stthevorum

517 4288 804 4359 Syrorum.
833 4290 1107 4346 Proiectus
1144 4296 1317 4360 itaque
1346 4294 1529 4363 frater,
1562 4298 1690 4350 dixit
1723 4302 1770 4352 ei
1798 4315 1812 4353 :
1847 4301 1976 4354 Veni
2009 4317 2102 4355 us-

518 4397 618 4451 que
648 4384 711 4435 ad
770 4384 1149 4437 monasterium
1200 4387 1476 4450 Besorum,
1530 4394 1713 4442 nuntia
1746 4409 1872 4445 vero
1912 4404 1963 4446 ct
1991 4409 2103 4446 mo-

519 4476 753 4528 nasterio
782 4475 1101 4540 Charembc,
1137 4487 1192 4529 ut
1222 4479 1437 4532 veniant
1464 4492 1517 4534 et
1540 4483 1657 4549 ipsi.
1698 4482 1983 4553 Iirsptitttlil
2019 4499 2104 4539 se-

520 4580 659 4619 nex:
694 4565 898 4628 Frater,
936 4567 1170 4635 ignosce,
1204 4570 1323 4637 quia
1370 4574 1566 4625 nuliunt
1601 4574 1771 4626 habeo
1803 4591 1957 4643 quem
1989 4575 2108 4629 niit-

524 4667 655 4721 tam,
688 4659 778 4711 sed
811 4658 893 4711 fac
925 4658 1210 4725 perfectam
1255 4662 1590 4731 charitatem,
1621 4676 1673 4719 et
1706 4658 1925 4733 pergens
1960 4669 2106 4735 ipse,

525 4762 707 4808 nuntia
738 4753 837 4806 eis.
871 4757 957 4807 Ait
984 4762 1157 4807 autem
1185 4753 1349 4808 frater
1377 4773 1389 4809 :
1422 4757 1700 4826 Nunquam
1728 4760 1850 4814 illuc
1877 4761 2107 4827 perrexi,

523 4861 622 4899 net:
655 4849 790 4898 viam
812 4846 946 4898 scio.
974 4846 1123 4898 Tunc
1155 4849 1228 4899 ait
1256 4863 1418 4901 senex
1447 4852 1622 4902 catuio
1645 4865 1741 4902 suo
1767 4867 1778 4901 :
1817 4850 1957 4903 Vade
1986 4865 2107 4903 cum

525 4936 689 4990 fratre
713 4937 812 4990 isto
843 4952 1009 5004 usque
1039 4938 1104 4991 ad
1136 4940 1515 4993 monasterium
1539 4941 1857 5005 Charembe,
1894 4951 1948 4994 nt
1979 4957 2112 4994 nun-

528 5032 623 5082 tiet
670 5031 747 5082 eis
794 5030 935 5097 quod
968 5030 1095 5083 vult.
1136 5032 1279 5085 Abiit
1304 5048 1434 5102 ergo
1464 5050 1612 5087 canis
1651 5049 1769 5086 cum
1798 5034 1977 5097 fratre,
2015 5034 2112 5087 do-

529 5134 629 5171 nec
658 5120 847 5173 statuit
878 5121 1027 5171 illum
1057 5120 1205 5190 juxta
1231 5125 1535 5178 monasterii
1580 5125 1819 5195 januan‘i.
1853 5125 2109 5180 Ostendec

527 5217 651 5262 runt
697 5220 872 5262 autem
925 5212 1081 5265 nobis
1104 5223 1159 5266 et
1186 5229 1370 5268 canem
1415 5217 1619 5285 ipsum,
1652 5221 1739 5287 qui
1783 5220 1879 5273 ista
1926 5234 2111 5272 narra-

530 5307 753 5365 verunt;
787 5298 1052 5355 habebant
1077 5303 1216 5357 enim
1258 5306 1403 5358 illum
1434 5322 1637 5361 secum.

1126 5418 1350 5475 CAPUT
1392 5417 1610 5473 CLVIII.

534 5503 612 5557 De
633 5506 781 5559 asino
802 5508 889 5577 qui
915 5511 1222 5563 monasterio
1252 5524 1544 5583 nuncupata
1570 5512 1779 5565 Mardes
1802 5513 1906 5566 inse
1938 5513 2119 5567 vieba'.

604 5596 753 5651 Mons
800 5607 885 5653 est
913 5600 1052 5654 circa
1082 5616 1229 5655 mare
1261 5601 1544 5668 Mortuum,
1579 5604 1669 5672 qui
1709 5605 1917 5656 Mardos
1960 5619 2120 5656 voca-

535 5700 642 5759 tur,
682 5691 927 5747 excelsus
956 5692 1127 5747 valde.
1178 5693 1239 5747 In
1271 5709 1347 5763 eo,
1379 5705 1559 5750 monte
1608 5697 1946 5749 anachoreta:
1977 5710 2124 5749 com-

536 5794 853 5841 morantur:
883 5795 967 5841 est
990 5795 1164 5843 autem
1198 5786 1305 5845 illis
1328 5796 1379 5847 et
1404 5787 1583 5845 hortus
1609 5788 1671 5843 ad
1700 5787 1933 5845 radicem
1963 5803 2121 5844 mon-

2182 521 2434 575 labium:
2483 519 2704 588 proinde
2758 516 2951 570 habent
2995 514 3334 570 anachoreta:
3372 523 3427 568 et
3455 513 3563 569 iltic
3613 512 3764 569 mini-

2178 625 2373 669 strum.
2421 613 2747 679 Quacunque
2777 623 2904 675 ergo
2932 607 3059 660 hora
3108 606 3293 659 volunt
3332 605 3395 658 ad
3422 604 3641 659 hortum
3673 619 3764 672 pro

2180 707 2417 762 oleribus
2445 705 2675 765 mittere,
2699 707 2945 755 sternunt
2966 698 3197 759 asinum,
3220 707 3274 750 et
3293 696 3474 749 dicunt
3501 696 3550 749 ei
3578 713 3592 747 :
3621 693 3763 751 Vade

2179 801 2230 853 in
2264 799 2475 852 hortum
2528 795 2592 847 ad
2644 793 2968 852 ministrum,
2999 799 3052 841 et
3106 788 3238 842 affer
3266 788 3422 841 nobis
3469 787 3641 840 olera.
3668 784 3765 851 Qui

2179 907 2302 946 mox
2350 890 2413 942 ad
2442 887 2781 941 hortulanum
2829 886 2972 939 solus
3014 882 3178 949 vadit,
3233 890 3488 950 stansque
3540 878 3761 947 anteia-

2182 997 2366 1047 nuam,
2395 981 2571 1046 capite
2619 976 2810 1046 pulsat.
2844 975 3033 1028 Statim
3064 972 3222 1042 igitur
3250 985 3500 1040 egressus
3528 968 3765 1021 hortula-

2181 1087 2282 1125 nus
2308 1072 2478 1139 ipsum
2510 1069 2748 1122 oleribus
2771 1074 2979 1129 onerat,
3009 1072 3369 1131 onustumque
3397 1060 3644 1115 dimittit.
3676 1058 3763 1113 Vi-

2180 1168 2414 1234 dereque
2456 1176 2537 1218 est
2562 1164 2771 1217 asinum
2796 1160 3031 1229 quotidie
3078 1159 3249 1213 solum
3273 1156 3685 1219 ascendentem,
3715 1163 3766 1208 et

2180 1257 2620 1319 descendentem,
2653 1266 2704 1307 et
2736 1253 3120 1306 ministrantem
3161 1248 3376 1304 senibus
3424 1256 3650 1310 tantum.
3683 1245 3766 1299 alii

2181 1365 2309 1403 vero
2341 1347 2468 1400 nulli
2515 1348 2919 1414 obsequentem.

2756 1455 2979 1510 CAPUT
3019 1452 3199 1508 CLIX.

2266 1548 2383 1603 Vita
2428 1549 2626 1602 abbatis
2658 1547 2936 1617 Sophronii
2972 1544 3223 1617 solitarii.
3255 1553 3300 1596 et
3328 1540 3702 1617 admonitiones

2570 1620 2620 1672 Μ
2628 1615 2740 1672 ense
2766 1620 2908 1671 ducis
2929 1617 3140 1670 cmmbii
3174 1615 3456 1670 Seueriani.

2259 1713 2477 1767 Dicebat
2502 1711 2666 1763 abbas
2698 1710 2876 1763 Menas
2905 1709 3127 1761 antistes
3154 1707 3381 1761 cmnobii
3424 1708 3633 1761 abbatis
3674 1706 3768 1761 Se-

2118 1790 2162 1849 Β
2191 1806 2389 1863 veriani
2437 1806 2504 1861 de
2552 1805 2745 1860 abbate
2782 1803 3082 1872 Sophronio
3137 1801 3394 1865 solitario,
3446 1802 3588 1871 quod
3627 1801 3764 1855 circa

2190 1916 2336 1954 mare
2379 1899 2641 1953 Mortuum
2675 1908 2912 1951 moratus
2940 1897 3008 1950 sit
3057 1894 3228 1949 nudus
3271 1909 3364 1962 per
3392 1908 3561 1948 annos
3604 1891 3767 1948 ferme

2188 1990 2541 2060 septuaginta,
2577 1988 2766 2042 herbas
2797 1987 2850 2041 in
2880 1990 3057 2042 cibum
3088 2002 3327 2042 sumens.

2264 2082 2328 2136 Et
2357 2083 2455 2136 hoc
2484 2096 2667 2136 rursus
2696 2081 2762 2135 de
2794 2080 2888 2135 illo
2914 2080 3143 2144 dicebat,
3194 2080 3406 2133 audisse
3436 2094 3494 2133 se
3542 2093 3766 2132 narran-

2191 2185 2296 2231 tem
2324 2190 2526 2239 senem,
2552 2183 2607 2229 et
2628 2174 2893 2228 dicentem
2921 2191 2934 2226 :
2962 2172 3118 2227 Oravi
3154 2172 3432 2225 Dominum
3470 2186 3537 2224 ne
3567 2170 3766 2224 dmino-

2191 2284 2288 2324 nes
2335 2268 2603 2337 Spelunca
2631 2279 2766 2320 mea:
2815 2264 3249 2333 propinquarent.
3282 2262 3617 2331 Aspiciebam
3648 2275 3768 2314 vero

2191 2366 2462 2419 dmmones
2507 2362 2804 2425 venientes,
2836 2369 3142 2425 stantesque
3181 2370 3209 2408 a
3244 2356 3398 2424 longe
3448 2354 3619 2407 tribus
3665 2354 3770 2406 fere

2199 2458 2407 2522 stadiis,
2445 2470 2616 2525 neque
2642 2456 2865 2508 ulterius
2894 2452 3319 2522 appropinquare
3346 2448 3605 2502 valentes.

2270 2549 2413 2603 Idem
2445 2549 2609 2602 abbas
2637 2547 2818 2601 Menas
2853 2546 3063 2600 dicebat
3092 2542 3318 2599 ctenobii
3349 2538 3640 2595 fratribus:
3674 2538 3772 2593 Fu-

2200 2647 2425 2714 gianms,
2459 2642 2572 2707 ﬁlii,
2602 2641 2938 2695 sazcularium
2981 2638 3279 2705 colloquia;
3311 2634 3487 2688 solent
3510 2631 3654 2688 enim
3686 2648 3773 2686 uo-

2199 2754 2325 2793 cere
2344 2739 2641 2805 junioribus
2665 2734 2959 2789 monachis.

2268 2831 2487 2885 Dicebat
2517 2831 2707 2882 iterum
2749 2842 2911 2879 senex
2947 2839 2962 2877 :
3005 2822 3191 2877 Omnis
3237 2829 3366 2875 atlas
3414 2817 3773 2888 pmniteutiam

2197 2939 2353 2994 agere
2377 2923 2554 2985 debet,
2583 2920 2812 2989 jchnes
2857 2916 3011 2970 sinml
3042 2932 3102 2969 ac
3125 2928 3305 2974 senes,
3352 2920 3407 2964 ut
3450 2922 3653 2964 (eterna
3683 2909 3775 2963 vita

2199 3020 2297 3074 frui
2329 3034 2449 3071 cum
2483 3014 2645 3083 gforia
2671 3020 2724 3064 et
2755 3010 2907 3062 laude
2933 3022 3269 3061 mereamur:
3294 3004 3519 3074 juvenes
3546 3000 3775 3072 quidem.

2202 3114 2322 3184 quia
2355 3112 2406 3163 in
2438 3107 2568 3161 ﬂore
2606 3104 2803 3167 :ctatis,
2828 3118 2948 3155 cum
2977 3101 3142 3153 fervet
3174 3095 3604 3164 coacupiscentia
3625 3133 3641 3157 ,
3677 3107 3778 3147 cer-

2200 3207 2368 3260 vicem
2400 3216 2550 3258 suam
2594 3199 2691 3253 sub
2728 3198 2910 3266 jngum
2960 3192 3228 3262 pudicitia:
3270 3191 3568 3253 miserunt;
3629 3201 3779 3241 senes

2204 3309 2351 3357 vero,
2376 3292 2494 3361 quia
2529 3288 2765 3342 inolitam
2796 3285 2893 3339 sibi
2925 3299 2990 3337 ex
3039 3282 3217 3333 multis
3255 3278 3588 3343 temporibus
3620 3278 3780 3330 malo-

2199 3401 2315 3442 rum
2356 3381 2788 3451 anticipationem
2824 3372 3115 3430 transferre
3144 3375 3208 3425 ad
3228 3371 3449 3425 meliora
3475 3376 3779 3439 potuerunt.

2767 3489 2992 3546 CAPUT
3041 3487 3195 3541 CLX.

2251 3590 2517 3660 Quomodo
2548 3587 2748 3641 daemon
2778 3583 3077 3660 apparuerit
3104 3580 3309 3660 quidam
3355 3579 3463 3633 seni
3492 3577 3545 3630 in
3576 3582 3744 3647 forma

2770 3656 2916 3725 pueri
2945 3653 3230 3722 nigerrimi.

2274 3754 2522 3809 Narravit
2555 3750 2705 3805 nobis
2734 3722 2901 3801 abbas
2934 3744 3149 3805 Paulus,
3179 3722 3400 3795 antistes
3429 3738 3665 3795 cmnubii
3697 3737 3785 3791 ab-

2204 3848 2345 3903 batis
2367 3843 2692 3913 Theognosti
2716 3882 2730 3907 ,
2773 3838 2893 3909 quia
2922 3837 3115 3891 dixerit
3161 3849 3327 3888 senex
3370 3831 3585 3901 quidam
3616 3847 3629 3881 :
3660 3829 3783 3885 Cum

2209 3943 2296 3998 die
2326 3940 2554 4010 quadam
2604 3935 2848 3990 sederem
2911 3931 2963 3985 in
3012 3929 3202 3983 cellula
3257 3941 3398 3989 mea,
3432 3937 3788 3995 operarerquo

2210 4034 2454 4088 manibus
2480 4030 2613 4084 meis
2643 4027 2908 4097 (texebam
2939 4032 3113 4075 autem
3136 4020 3451 4081 canistrum,
3477 4025 3532 4069 et
3552 4016 3785 4086 psalmos

2208 4122 2565 4195 repetebam),
2595 4135 2722 4174 ecce
2770 4132 2861 4186 per
2910 4114 3194 4168 fenestram
3228 4109 3500 4179 ingressus
3534 4117 3618 4159 cst
3648 4104 3789 4175 quasi

2209 4234 2340 4288 puer
2388 4215 2657 4281 1Etlti0ps,
2705 4221 2758 4263 et
2788 4218 2932 4260 stans
2985 4217 3167 4257 coram
3215 4215 3322 4263 me,
3371 4199 3566 4252 saltare
3596 4198 3789 4265 cmpit,

2211 4310 2567 4381 psallentique
2610 4304 2739 4360 mihi
2771 4302 2901 4355 dixit
2929 4317 2941 4351 :
2994 4298 3189 4359 Senex,
3238 4309 3413 4347 nonne
3444 4292 3582 4346 bene
3613 4289 3790 4345 salto?

2211 4409 2319 4472 Ego
2351 4416 2526 4457 autem
2553 4399 2681 4453 nihil
2713 4392 2987 4463 respondi.
3014 4390 3221 4442 Rursus
3251 4387 3323 4439 ait
3354 4384 3478 4437 mihi
3508 4401 3520 4435 :
3558 4383 3674 4437 Non
3706 4382 3791 4436 tibi

2216 4502 2385 4569 placet
2414 4496 2527 4548 haec
2565 4489 2779 4546 saltatio
2834 4482 2987 4539 mea?
3016 4479 3158 4533 Nihil
3213 4488 3391 4531 autem
3451 4472 3791 4543 respondenti

2218 4564 2349 4645 mihi
2380 4588 2453 4641 ait
2481 4602 2493 4637 :
2533 4586 2672 4637 Ecce
2706 4590 2859 4647 putas
2891 4587 2940 4630 te
2962 4617 2977 4640 ,
3009 4575 3148 4628 male
3176 4587 3337 4625 senex
3359 4610 3374 4634 ,
3406 4583 3657 4636 magnum
3695 4564 3788 4619 ali-

2217 4682 2341 4753 quid
2366 4695 2544 4750 agere.
2576 4677 2706 4730 Dico
2734 4674 2846 4737 tibi,
2882 4671 3006 4739 quia
3035 4680 3087 4723 et
3117 4668 3167 4721 in
3198 4663 3533 4735 sexagesimo
3570 4658 3755 4730 quinto
3776 4703 3790 4727 ,

2218 4786 2271 4831 et
2320 4777 2370 4828 in
2422 4769 2754 4839 sexagesimo
2784 4774 2933 4819 sexto
2986 4770 3042 4817 et
3095 4762 3148 4813 in
3198 4757 3535 4826 sexagesimo
3569 4754 3793 4821 septimo

2219 4868 2422 4937 psalmo
2449 4861 2659 4917 errasti.
2694 4861 2843 4912 ’l‘nnc
2883 4869 3107 4923 surgens
3152 4865 3251 4921 ego
3302 4862 3484 4904 coram
3531 4846 3645 4901 Deo
3674 4843 3796 4899 ado-

2218 4960 2329 5016 ravi
2359 4964 2702 5027 prosternens
2735 4967 2839 5015 mc,
2866 4957 2918 5002 et
2946 4947 3034 4999 ille
3065 4943 3299 4999 evanuit.

2771 5060 2993 5116 CAPUT
3042 5057 3223 5113 CLXI.
3314 5102 3315 5109 η

2292 5165 2409 5219 Vita
2440 5162 2636 5216 abbatis
2674 5158 2826 5213 Isaac
2872 5154 3096 5216 Thebtci,
3148 5162 3193 5205 et
3244 5151 3498 5220 quomodo
3520 5150 3676 5202 etiam
3704 5149 3747 5203 ei

2430 5234 2668 5305 apparuit
2703 5234 2899 5282 da’mon
2932 5229 2983 5277 in
3025 5227 3195 5294 ﬁgura
3226 5222 3581 5275 adolescentis.

2296 5328 2465 5399 Lycos
2492 5322 2777 5378 Thebaidis
2808 5318 2991 5372 civitas
3021 5326 3105 5369 est
3136 5332 3147 5367 :
3183 5315 3249 5367 ab
3279 5314 3377 5367 hac
3410 5325 3566 5366 mons
3594 5309 3797 5380 quidam

2226 5435 2313 5473 sex
2347 5416 2577 5470 niiltilms
2606 5426 2856 5481 passuum
2890 5409 3071 5470 distat,
3096 5405 3437 5473 habitantque
3461 5403 3514 5455 in
3537 5416 3603 5457 eo
3628 5413 3799 5457 moria.

2226 5514 2309 5568 chi
2334 5512 2420 5565 alii
2448 5510 2658 5579 quidem
2687 5508 2738 5560 in
2768 5502 3059 5573 speluncis,
3085 5500 3173 5554 alii
3204 5508 3381 5552 autem
3406 5496 3459 5549 in
3487 5495 3658 5549 cellis.
3684 5494 3799 5547 Pro-

2230 5604 2355 5659 fecti
2414 5617 2542 5671 ergo
2596 5615 2692 5653 nos
2746 5598 2892 5663 illuc,
2938 5593 3284 5648 convenimus
3328 5588 3576 5642 abbatem
3632 5586 3799 5646 Isaac,

2230 5696 2519 5751 Thebaeum
2548 5706 2779 5762 genere;
2817 5687 3161 5757 narravitque
3184 5683 3338 5739 nobis
3361 5682 3561 5748 senior,
3589 5680 3798 5734 dicens:

2227 5792 2366 5846 Ante
2392 5800 2560 5842 annos
2598 5780 2978 5854 quinquaginta
3028 5780 3161 5837 duos
3200 5793 3320 5834 cum
3351 5788 3610 5846 operarer
3644 5784 3799 5829 cono-
