3982 6354
183 334 281 395 5101

1437 322 1721 381 PBATUM
1759 320 2191 378 SPIBITUaLE.

3358 306 3466 372 20!

184 454 397 522 pionem
422 449 564 521 (54),
596 450 646 503 in
669 446 961 503 laborando
981 445 1156 502 erravi
1176 487 1191 509 ,
1223 444 1620 514 atﬂigebarque,
1649 441 1771 511 quia
1803 460 1851 512 Α
1880 438 1970 493 bet
1998 439 2118 493 leo?
2151 437 2217 492 Et
2246 446 2319 490 att
2348 450 2475 490 imm
2505 454 2516 487 :
2546 433 2701 489 Male.
2735 432 2800 487 Et
2828 431 2939 487 dixi
2968 430 3035 486 ad
3060 446 3182 487 etut:
3205 474 3217 486 .
3250 433 3467 498 Quare?

183 559 423 600 errorem
475 558 572 597 nec
617 541 855 608 reperire
896 555 993 595 nec
1019 539 1309 596 emendare
1350 538 1616 590 valebam.
1662 534 1772 589 To-

194 649 304 692 tuttt
334 652 465 706 ergo
493 637 635 691 diem
661 636 991 704 consumpsi,
1027 648 1112 688 tne
1140 631 1336 686 frustra
1372 630 1658 685 concidens
1680 670 1695 692 ,
1726 638 1779 681 et

187 730 317 799 quid
364 743 577 797 agerem
626 725 953 796 ignorabam.
986 724 1053 778 Et
1091 739 1212 777 cum
1268 721 1379 776 fere
1409 721 1775 789 desperarem,

188 834 319 874 ecce
358 834 452 885 per
481 814 768 870 fenestram
820 816 1092 884 ingressus
1121 813 1435 866 adolescens
1479 812 1553 863 ait
1605 808 1775 863 mihi:

190 912 435 971 Errasti;
468 909 560 964 sed
594 909 660 962 da
693 908 819 961 milii
848 921 980 976 opus
1005 915 1059 958 ut
1089 905 1216 958 illud
1248 905 1534 973 corrigam.
1560 900 1661 955 Aio
1682 916 1778 954 au-

191 1014 301 1059 tem
330 1003 395 1057 ad
424 1002 570 1056 illum
602 1019 615 1055 :
650 1000 793 1054 Vade
825 1001 968 1061 hinc,
999 999 1139 1052 absit
1168 997 1268 1050 hoc
1294 1011 1321 1048 a
1352 1011 1456 1049 me.
1489 993 1783 1062 Respondit

192 1098 324 1149 mihi
350 1106 403 1149 et
436 1096 549 1163 ipse
580 1113 592 1145 :
640 1092 799 1146 Certe
829 1092 1080 1144 damnum
1130 1088 1222 1143 tibi
1247 1097 1350 1151 est,
1396 1087 1440 1141 si
1482 1086 1621 1141 male
1646 1100 1782 1152 Opus

193 1187 382 1243 facias.
409 1186 558 1241 Tunc
602 1184 711 1238 dixi
734 1184 781 1238 ei
811 1202 821 1235 :
849 1182 963 1237 Noli
995 1182 1063 1235 de
1096 1183 1197 1234 hoc
1225 1180 1339 1247 ipse
1361 1192 1545 1232 curam
1574 1189 1779 1246 gerere.

195 1284 280 1335 Ait
311 1281 375 1334 ad
412 1294 498 1334 nte.
526 1280 705 1333 denuo
737 1295 749 1329 :
797 1277 1052 1331 Misereor
1098 1274 1195 1339 tui,
1225 1272 1347 1341 quia
1370 1270 1605 1325 laborem
1635 1279 1781 1323 tuum

193 1373 398 1443 perdis.
430 1372 494 1426 Et
523 1369 773 1438 respondi
826 1369 899 1422 illi
931 1383 945 1421 ς
983 1366 1119 1422 Male
1149 1380 1253 1420 nnc
1283 1364 1508 1433 venisti,
1538 1373 1592 1418 et
1625 1372 1699 1429 tu,
1732 1371 1787 1416 et

193 1466 285 1533 qui
320 1474 373 1519 te
425 1465 781 1517 adduxerunt.
829 1460 969 1514 Dixit
1017 1468 1193 1514 autem
1222 1458 1350 1511 mihi
1380 1474 1395 1510 :
1430 1455 1567 1511 Vere
1613 1464 1666 1508 ttt
1701 1470 1787 1510 tne

194 1558 302 1610 huc
349 1555 641 1617 adduxisti,
685 1560 741 1606 et
776 1567 926 1607 meus
968 1566 1049 1606 es.
1095 1550 1196 1604 Aio
1217 1549 1283 1603 ad
1316 1549 1467 1602 illum
1507 1562 1646 1617 ego:
1680 1547 1788 1601 Cur

196 1646 343 1703 hoc?
372 1644 664 1713 Itespoudtt
695 1643 785 1697 ille
814 1642 943 1695 mihi
976 1657 989 1694 :
1037 1640 1169 1708 Quia
1198 1649 1305 1695 tres
1340 1639 1455 1694 dies
1483 1637 1788 1692 Dominicos

195 1741 351 1807 egisti
396 1737 820 1795 cetntttunicans,
863 1744 917 1788 et
949 1733 1196 1787 inimicus
1236 1746 1293 1786 es
1321 1731 1481 1786 vicini
1528 1730 1623 1785 lui.
1675 1731 1786 1784 Dixi

190 1844 371 1893 autem
402 1831 474 1883 illi
504 1848 515 1881 :
553 1828 811 1883 Mentiris.
840 1826 990 1882 Tunc
1027 1828 1141 1896 ipse
1168 1826 1297 1879 mihi
1328 1841 1341 1877 :
1374 1824 1486 1879 Non
1516 1824 1785 1889 mentior;
1820 1852 1864 1910 Β

194 1939 319 1977 nam
347 1930 563 1992 propter
594 1921 897 1975 lenticulam
947 1919 1116 1973 iratus
1145 1933 1205 1971 es
1261 1915 1357 1969 illi.
1396 1914 1461 1969 Et
1504 1930 1605 1983 ego
1634 1931 1787 1978 sum,

193 2017 285 2083 qui
320 2028 547 2083 praesum
583 2014 672 2065 ira:
701 2019 755 2065 et
790 2009 1064 2064 memoria:
1123 2008 1457 2077 injutiarutn.
1497 2007 1565 2060 Es
1597 2006 1792 2060 amudo

200 2121 377 2161 naeus.
409 2107 571 2177 911
603 2105 695 2158 llis
724 2119 823 2173 ego
846 2102 1063 2165 auditis,
1087 2116 1211 2156 mox
1234 2114 1480 2167 egressus
1504 2098 1748 2154 (‘ellnlatn
1773 2135 1790 2161 ,

196 2202 306 2255 sbii
338 2201 405 2253 ad
456 2202 696 2263 fratrem,
730 2207 787 2252 et
830 2202 1124 2267 prostratus
1165 2195 1351 2247 abillo
1383 2193 1589 2246 veniam
1642 2191 1790 2260 petii,

207 2292 648 2358 ri-eom-iliatique
692 2305 897 2343 sumus.
932 2288 1201 2341 Reversus
1230 2293 1406 2340 autem
1448 2284 1620 2337 inveni
1644 2284 1793 2336 illum

210 2384 536 2441 Jestruxisse
578 2393 632 2437 et
664 2382 1048 2452 l‘OllOPIOIIeID,
1080 2389 1133 2433 et
1171 2390 1403 2434 stoream
1434 2377 1485 2430 in
1532 2392 1633 2446 qua
1674 2389 1797 2446 pio-

212 2488 410 2533 stratus
451 2492 620 2546 erant,
654 2475 793 2547 quod
833 2473 1079 2529 charitati
1103 2484 1299 2528 nostra:
1328 2471 1612 2527 invideret.

782 2589 1008 2646 CAPUT
1036 2588 1240 2645 CLXII.

214 2684 494 2740 Rcwomio
537 2683 729 2738 abbatis
758 2682 1018 2736 Theodori
1066 2680 1446 2747 Pentapolitani
1474 2697 1628 2749 super
1653 2681 1796 2735 solu-

687 2756 824 2807 tione
853 2755 1173 2807 abstinentia:
1202 2752 1326 2805 vini.

280 2850 484 2915 Quinto
511 2848 719 2901 decimo
749 2846 817 2899 ab
861 2844 1183 2900 Alexandria
1230 2843 1480 2899 milliario
1527 2858 1799 2901 monaste-

212 2941 347 2995 rium
380 2950 485 3003 est,
514 2941 653 3006 quod
688 2949 905 2993 vocatur
935 2938 1216 3002 Calamun,
1242 2938 1380 2991 inter
1407 2938 1666 2991 Octavum
1701 2938 1829 2992 de-'

209 3035 412 3087 simum
444 3044 498 3086 et
529 3032 803 3098 Maphora.
848 3031 903 3085 In
938 3030 1040 3083 hue.
1070 3030 1297 3083 vidimus
1325 3030 1575 3083 abbatem
1621 3029 1797 3084 Theo-

210 3128 404 3177 Jornm
458 3122 915 3190 Pentapnltanum
965 3123 1103 3189 (erat
1152 3129 1329 3173 autem
1371 3120 1645 3173 nobiscum
1693 3120 1799 3174 So-

211 3214 394 3283 phista
426 3212 784 3283 Sophmnius)
823 3226 874 3267 et
909 3214 1349 3277 intertogavimus
1396 3227 1518 3266 eum
1546 3229 1559 3267 :
1595 3214 1798 3267 Domn-
1831 3238 1877 3303 ρ
1908 3212 1981 3303 'ci‘

216 3315 328 3369 est,
366 3305 546 3369 Pater,
578 3305 790 3375 quoties
817 3305 896 3357 vel
927 3307 1021 3370 ipsi
1046 3304 1113 3357 ad
1142 3304 1371 3374 aliquem
1403 3305 1690 3373 tergintus,
1723 3308 1803 3358 vel

211 3402 401 3471 siquis
431 3400 573 3454 venit
603 3400 665 3452 ad
701 3414 820 3463 nos,
855 3399 958 3451 viui
991 3400 1368 3451 abstinentiam
1401 3398 1659 3452 solvere?
1690 3398 1802 3453 Ile-

212 3494 435 3564 SpOttdit
486 3493 640 3547 nobis
691 3493 973 3556 Senior,et
1016 3491 1126 3545 ait:
1181 3492 1317 3545 Non.
1361 3486 1462 3545 A’iu
1511 3500 1686 3547 autem
1736 3491 1805 3545 ad

212 3602 343 3645 eum
394 3604 407 3637 :
446 3586 512 3640 Et
552 3583 817 3647 quomodo
861 3584 1064 3653 antiqui
1129 3583 1314 3638 Patres
1361 3584 1671 3639 solvebant?
1702 3583 1806 3640 Ile-

213 3694 334 3747 spo:
360 3678 619 3732 ditsenex
644 3695 656 3729 :
691 3677 904 3745 Antiqui
936 3676 1142 3740 I‘atres,
1170 3686 1226 3728 ut
1255 3678 1427 3745 magni
1451 3686 1505 3730 et
1532 3684 1801 3744 potentes,

212 3781 271 3826 et
299 3771 513 3825 solvere
563 3779 824 3838 poterant,
881 3777 936 3822 et
983 3769 1176 3822 iterum
1221 3768 1414 3837 ligare;
1447 3776 1626 3822 nostra
1673 3782 1805 3822 vero

215 3862 515 3933 generatio,
566 3862 678 3925 titii,
730 3862 938 3915 solvere
968 3874 1031 3914 ac
1062 3859 1230 3929 ligare
1262 3874 1367 3913 non
1400 3858 1627 3925 suflicit;
1680 3874 1802 3913 nam

215 3958 262 4011 si
292 3960 566 4011 solvamus
603 3956 759 4009 ritum
792 3954 1128 4008 abstinentia:
1160 3961 1379 4021 nosttte,
1427 3968 1533 4006 non
1578 3954 1805 4021 amp‘ius

218 4051 346 4106 vita:
378 4061 575 4105 nostra:
603 4050 862 4119 relgiosa:
893 4047 1260 4100 austeritatem
1288 4048 1547 4102 retinens.

789 4138 1013 4193 CAPUT
1042 4136 1269 4193 CLXIII.

598 4233 718 4287 Vita
746 4233 939 4286 abbatis
966 4230 1121 4284 Pauli
1154 4230 1430 4285 Ilclladicz.

293 4329 517 4384 Dicebat
541 4326 707 4382 abbas
752 4325 1073 4388 Alexander,
1125 4323 1435 4377 monasterii
1477 4322 1803 4391 Calamonis,

216 4422 361 4492 quod
389 4430 473 4476 est
518 4436 684 4490 prope
713 4420 1023 4484 Jordanem,
1061 4418 1248 4470 Pater:
1286 4415 1378 4469 Die
1426 4416 1651 4486 quadam
1683 4433 1802 4470 cum

217 4531 398 4571 (35th
448 4514 588 4583 apud
618 4514 860 4567 abbatem
894 4510 1114 4564 I’aulum
1163 4508 1491 4564 Ilelladicttm
1527 4507 1578 4561 itt
1609 4510 1806 4576 ει)οέωο

1883 528 2211 598 Respondit:
2264 525 2539 582 f’raeterita
2586 524 2675 580 die
2729 524 2876 579 venit
2903 523 3026 589 huc,
3077 531 3132 577 ut
3161 520 3346 579 darem
3389 524 3468 580 illi

1883 622 2226 683 ntanducare,
2257 620 2444 674 videns
2491 632 2617 672 vero
2648 618 2763 685 ejus
2814 627 3053 672 mentum
3097 616 3355 686 sanguine
3383 616 3469 672 in-

1885 714 2102 778 fcctutn,
2134 713 2250 766 dixi
2296 712 2408 766 illi:
2455 712 2589 779 Quid
2617 710 2739 763 est?
2789 709 3109 763 Inoltetlietts
3140 710 3283 764 fuisti
3314 710 3468 776 mihi,

1882 816 1937 861 et
1989 820 2180 860 carnes
2234 802 2586 858 manducasti.
2644 801 2960 858 Benedictus
3016 802 3310 865 Dominus,
3364 816 3470 856 non

1878 896 1987 966 jam
2047 896 2221 950 tribuo
2260 894 2353 948 tibi
2402 903 2458 948 ut
2484 895 2740 949 emnedas
2773 894 2948 948 cibum
2983 893 3199 948 Patrum
3231 896 3471 949 carnimn

1883 988 2204 1050 devoratur;
2235 984 2449 1040 recede.
2484 985 2575 1038 Ille
2605 1000 2731 1037 vero
2753 982 3030 1039 discedere
3057 984 3289 1040 nolebat.
3322 985 3364 1038 Τ
3371 999 3473 1040 unc

1886 1087 2106 1144 accepto
2140 1075 2393 1139 funiculo,
2452 1075 2727 1144 triplicans
2774 1074 2950 1139 illum,
3009 1086 3115 1130 tres
3162 1076 3236 1130 illi
3290 1076 3471 1147 plagas

1883 1183 2002 1223 cum
2027 1183 2093 1223 eo
2116 1167 2257 1230 dedi,
2290 1175 2342 1219 ct
2369 1168 2615 1221 recessit.

2432 1256 2659 1312 CAPUT
2689 1256 2914 1312 CLXIV.

1888 1352 2171 1423 Responsio
2198 1351 2393 1405 abbatis
2427 1349 2648 1472 νὶειςῗὶῑε
2686 1349 2911 1430 solitarii
2948 1364 3015 1400 aa
3047 1366 3345 1405 monamum
3375 1367 3473 1422 pu-

2516 1438 2557 1472 81
2611 1438 2851 1472 ummem.

2516 1438 2851 1475 διιιιιιιιηιειη.

1960 1515 2147 1570 Frater
2178 1515 2323 1568 ven?t
2369 1513 2435 1568 ad
2478 1513 2724 1568 abbatem
2772 1514 3037 1570 Victorem
3088 1515 3386 1570 Solitariam
3420 1519 3472 1575 in

1889 1607 2270 1661 monasterium
2302 1605 2494 1669 Elusm,
2525 1614 2578 1659 et
2614 1604 2743 1658 dixit
2772 1606 2820 1660 ei
2844 1625 2857 1661 :
2882 1606 3016 1673 Quill
3049 1607 3259 1673 faciam,
3293 1609 3473 1678 Pater,

1892 1697 2015 1767 quia
2062 1697 2368 1750 dominatur
2422 1695 2551 1749 mihi
2603 1695 2778 1764 passio
2826 1698 3308 1763 pusillanimitatis?
3342 1702 3477 1757 fles.

1894 1786 2075 1856 pendit
2105 1804 2269 1842 senex
2300 1806 2311 1839 :
2347 1786 2560 1840 Morbus
2591 1786 2783 1841 animm
2818 1799 2921 1842 εει.
2964 1788 3113 1843 Sicut
3149 1790 3291 1845 enim
3334 1793 3477 1862 capti

1895 1879 1979 1949 [an
2002 1896 2101 1932 non
2130 1878 2318 1950 :Pgri?j
2349 1879 2518 1933 oculis
2551 1878 2764 1948 quando
2794 1880 2960 1949 magis
3008 1881 3279 1950 patiuntur
3301 1923 3317 1948 ,
3352 1885 3473 1951 plus

1896 1973 1998 2028 sibi
2047 1972 2293 2026 videntur
2343 1974 2521 2025 lumen
2572 1971 2790 2039 intueri,
2836 1973 2926 2042 qui
2957 1988 3084 2027 vero
3115 1990 3275 2030 sanos
3325 1975 3482 2035 habet

1894 2063 2099 2129 oculos,
2147 2062 2454 2129 modicum;
2506 2063 2577 2116 ita
2627 2072 2680 2118 et
2739 2061 3103 2133 pusillanimes
3156 2080 3220 2121 ex
3269 2067 3480 2123 modica

1897 2155 2185 2209 tentatioue
2221 2153 2326 2207 cito
2358 2154 2757 2222 perturbantur,
2786 2164 2840 2209 et
2880 2169 3123 2225 magnam
3169 2156 3312 2211 illam
3357 2172 3481 2215 esse

1897 2246 2235 2310 existimant;
2268 2245 2356 2313 qui
2384 2260 2510 2300 vero
2532 2246 2706 2301 anima
2731 2247 2843 2300 sani
2867 2259 3009 2314 sunt,
3041 2250 3211 2317 magis
3238 2252 3289 2304 in
3315 2258 3483 2307 tenta-

1901 2337 2131 2393 tionibus
2161 2338 2416 2408 gaudent.

2446 2417 2672 2476 CAPUT
2709 2420 2912 2476 CLXV.

2217 2513 2334 2568 Vita
2373 2515 2581 2568 latronis
2629 2515 2909 2583 nuncupati
2937 2512 3153 2586 Cyriaci.

1971 2604 2217 2661 Narravit
2258 2605 2470 2676 quidam
2504 2606 2583 2660 vir
2638 2606 2809 2660 fidelis
2854 2606 2922 2662 dc
2979 2608 3183 2662 latrone
3230 2611 3483 2680 quodam,

1903 2697 2129 2769 Cyriaco
2187 2700 2446 2765 nomine,
2502 2700 2591 2769 qui
2661 2698 2937 2753 latrocinia
3004 2702 3290 2757 exercebat
3342 2705 3482 2759 circa

1900 2789 2129 2860 Emaus,
2163 2808 2279 2860 qua:
2308 2800 2389 2845 est
2420 2791 2708 2860 Nicopolis,
2755 2792 2841 2859 qui
2874 2791 3008 2845 adeo
3059 2793 3389 2847 truculentus
3430 2803 3485 2848 et

1903 2882 2152 2935 immanis
2182 2882 2297 2950 fuit,
2324 2893 2376 2936 ut
2409 2883 2560 2952 lupus
2592 2895 2888 2937 vocaretur.
2927 2884 3019 2935 llic
3070 2899 3250 2937 secum
3300 2885 3485 2938 habuit

1907 2974 2039 3027 alios
2094 2974 2355 3027 latrocinii
2390 2976 2587 3039 socios,
2642 2991 2742 3027 nou
2791 2974 2962 3027 solum
2996 2973 3345 3042 Chrisiianos,
3400 2994 3463 3031 ve

1906 3081 2020 3118 rum
2052 3074 2105 3118 et
2158 3065 2376 3119 .luda:os
2418 3076 2472 3121 et
2518 3065 2903 3120 Samaritanos.
2938 3066 3174 3133 Quadam
3225 3082 3354 3137 ergo
3402 3069 3489 3122 die

1908 3156 2134 3226 pre-fecti
2166 3168 2295 3212 sunt
2323 3158 2534 3227 quidam
2564 3174 2627 3212 ex
2661 3174 2788 3227 agro
2819 3158 3135 3227 Nicopnleos
3168 3162 3217 3214 in
3250 3171 3487 3216 sanctam

1982 3250 2179 3305 ‘itatem
2205 3265 2392 3321 magna
2426 3249 2775 3317 ltebdomada,
2814 3263 2867 3305 ιιι
2897 3268 2990 3321 per
3019 3252 3338 3321 baptismum
3369 3256 3489 3308 illit-

1911 3344 2179 3396 minareut
2224 3344 2360 3396 lilios
2390 3358 2536 3398 suos.
2584 3342 2733 3409 Quod
2764 3360 2885 3400 eum
2922 3344 3195 3410 fecissent,
3227 3355 3281 3400 et
3310 3362 3490 3403 rever-
3522 3324 3523 3327 Ἴ

1911 3444 2149 3489 terentur
2176 3434 2226 3487 in
2249 3449 2431 3503 agrum
2455 3449 2632 3500 suum,
2664 3442 2723 3488 ut
2749 3435 3089 3490 celebrarent
3115 3445 3358 3491 sam-tum
3389 3438 3491 3495 Re-

1908 3524 2470 3589 surrrectionisdiem,
2520 3538 2864 3581 occurrerunt
2911 3526 3014 3580 illis
3042 3527 3309 3594 latroneS,
3342 3529 3491 3598 prin-

1908 3616 2025 3685 cipe
2071 3632 2166 3669 suo
2209 3616 2465 3672 absente:
2499 3628 2551 3671 et
2596 3617 2693 3671 viii
2745 3618 2958 3688 quidem
2992 3619 3111 3690 fuga
3160 3631 3489 3688 evaserunt;

1908 3712 2161 3767 mulieres
2213 3720 2412 3779 autem,
2474 3711 2721 3782 proiectis
2769 3730 2936 3781 nuper
2992 3713 3272 3783 bapt'zatis
3326 3716 3488 3781 liliis,

1909 3811 2195 3857 tenuerunt
2226 3804 2435 3858 Hebraei
2467 3814 2522 3857 ct
2559 3803 2897 3869 Samaritani,
2949 3814 3004 3857 et
3051 3807 3350 3861 habuerunt
3376 3822 3488 3862 eas.

1910 3894 2254 3963 Fugientibus
2302 3896 2461 3965 igitur
2506 3895 2634 3949 viris
2684 3895 2869 3949 obvius
2922 3894 3019 3948 fuit
3048 3896 3312 3952 latronum
3345 3900 3492 3967 priu-

1908 3998 2056 4054 eeps.
2110 3993 2164 4041 et
2229 3983 2301 4037 ait
2344 3984 2491 4039 illis:
2540 3984 2650 4039 Cur
2699 3981 2923 4055 fugitis?
2979 3986 3054 4041 Illi
3102 4001 3280 4042 autem
3338 3990 3490 4044 dixe-

1909 4086 2054 4140 runt,
2085 4074 2206 4145 quid
2237 4075 2334 4129 sibi
2357 4074 2934 4147 contigisset.Sumens
2953 4092 3080 4148 ergo
3106 4078 3224 4133 illos
3255 4079 3395 4135 venit
3420 4081 3486 4133 ad

1909 4170 2082 4224 socios
2110 4184 2257 4234 sum,
2286 4167 2669 4239 inveniensque
2692 4171 2918 4225 infantes
2943 4170 2993 4224 in
3028 4172 3245 4227 hmnmn
3284 4171 3493 4245 projeco

1909 4271 2011 4322 tos,
2042 4274 2161 4313 cum
2185 4260 2488 4314 scist-italus
2518 4270 2660 4315 esset
2691 4262 2907 4330 quinam
2938 4261 3039 4315 hoc
3067 4259 3341 4329 fecissent,
3370 4279 3492 4320 sce-

1909 4353 2031 4406 lexis
2055 4351 2339 4405 decollavit
2363 4362 2632 4416 auctores,
2659 4353 2993 4422 reddeusque
3021 4354 3148 4409 viris
3178 4355 3316 4410 lilios
3344 4356 3491 4424 (nam

1909 4458 2126 4508 uxores,
2175 4444 2297 4513 quia
2352 4443 2637 4513 inquinata:
2670 4443 2893 4509 fuerant,
2924 4446 3163 4512 recipere
3193 4448 3332 4515 passi
3385 4462 3492 4503 non

1909 4537 2054 4606 sunt)
2081 4537 2306 4591 salvavit
2334 4552 2427 4591 eos
2459 4537 2721 4591 latronum
2774 4539 3044 4606 princeps,
3076 4546 3129 4592 et
3156 4539 3367 4594 reduxit
3397 4553 3488 4595 nso

218 4608 414 4675 Ipsius,
466 4620 594 4660 cete
622 4605 836 4674 quidam
888 4602 1109 4656 veniens
1162 4602 1407 4668 pulsavit,
1453 4615 1807 4670 egressusque
1836 4631 1889 4691 Β
1916 4602 2110 4700 ψωέιά
2141 4646 2324 4698 agrum
2367 4647 2543 4684 suum.
2595 4630 2721 4684 P05,
2774 4602 3040 4685 ‘mmﬁu'lm
3073 4646 3197 4685 vero
3239 4631 3495 4702 ,emporis
3532 4608 3533 4611 ‘

217 4700 402 4755 senior
453 4698 661 4767 aperuit
707 4697 780 4761 ei,
808 4704 861 4750 et
894 4694 1169 4765 proferens
1199 4709 1387 4764 panem
1418 4703 1472 4748 et
1498 4695 1643 4750 cicer
1666 4693 1810 4748 infu-

218 4809 368 4853 sum,
404 4790 578 4859 posuit
617 4797 741 4842 ante
774 4788 941 4851 illum,
970 4797 1024 4841 et
1067 4787 1443 4840 manducaliat.
1488 4785 1599 4855 Ego
1626 4794 1805 4841 autem

217 4883 471 4952 putabant
501 4882 623 4949 quia
670 4893 982 4950 peregrtnus
1012 4886 1179 4942 esset,
1209 4889 1261 4931 et
1292 4880 1558 4945 asiticietts
1589 4894 1682 4945 per
1726 4882 1805 4931 le-

221 4989 483 5038 ltCStt‘altt,
517 4971 621 5026 vidi
647 4972 769 5041 quia
813 4972 900 5026 leo
943 4981 1079 5024 erat.
1114 4969 1226 5024 llixi
1258 4970 1434 5037 itaque
1479 4972 1594 5024 seni
1627 4987 1643 5025 :
1673 4968 1804 5034 Cur,

215 5069 402 5133 Pater,
460 5066 663 5134 prazhes
709 5064 784 5117 illi
839 5063 1183 5127 manducare,
1239 5061 1323 5115 dic
1368 5061 1495 5114 mihi
1548 5066 1804 5116 oausam?

216 5159 316 5226 Qni
346 5160 422 5211 ait
449 5157 579 5209 mihi
606 5173 621 5209 :
649 5158 781 5220 Quia
815 5155 960 5209 illnttt
987 5157 1163 5207 tttouui
1189 5163 1245 5206 ut
1274 5154 1539 5207 neminem
1563 5153 1800 5218 laederet,

218 5267 392 5321 neque
453 5253 748 5317 hominem,
811 5265 984 5318 neque
1034 5248 1357 5317 jumentum,
1410 5249 1624 5302 dicens:
1673 5245 1803 5301 Veni

211 5345 478 5411 quotidie,
511 5357 563 5397 et
592 5344 731 5397 dabo
762 5344 855 5396 tibi
886 5343 1061 5396 cibum
1091 5351 1256 5395 tuum.
1296 5341 1361 5394 Et
1389 5356 1514 5396 ecce
1539 5341 1650 5409 jam
1680 5356 1802 5410 sep-

212 5438 379 5491 tituus
412 5434 497 5488 hic
526 5434 726 5488 mensis
758 5444 864 5499 est,
892 5452 956 5488 ex
982 5449 1088 5505 quo
1113 5434 1196 5488 bis
1226 5434 1460 5503 qumidie
1488 5432 1723 5497 advenit,
1748 5441 1804 5488 et

209 5527 381 5585 (Icili
410 5528 731 5578 tttanduCare

290 5617 524 5672 Itnrsum
558 5625 679 5685 post
707 5631 900 5683 paucos
944 5616 1059 5672 dies
1095 5618 1298 5687 perrexi
1326 5617 1390 5671 ad
1424 5634 1567 5675 eum.
1594 5618 1800 5685 volens,

216 5710 279 5765 ab
310 5710 405 5765 illo
453 5726 635 5761 eruere
689 5724 781 5761 vas
808 5709 1116 5774 'vinarium,
1158 5710 1209 5762 id
1260 5710 1452 5780 quiipe
1503 5718 1620 5763 erat
1660 5710 1803 5762 senis

216 5819 346 5875 opus
370 5843 388 5871 ,
435 5812 492 5858 et
518 5801 625 5855 dixi
656 5802 735 5856 ei:
769 5802 903 5868 Quid
934 5811 1036 5870 est,
1088 5803 1281 5859 Pater?
1310 5803 1577 5875 quomodo
1616 5818 1676 5859 se
1707 5804 1801 5857 ha-

460 5912 734 5973 ΡΑτιιοι.
782 5910 1064 5970 LXXIV.

1915 4732 2094 4775 tentus
2122 4735 2197 4774 es:
2234 4720 2496 4773 latronum
2532 4723 2800 4791 princeps,
2829 4723 3041 4791 egitque
3072 4722 3122 4775 in
3152 4738 3370 4778 carcere
3398 4725 3496 4780 de-

1910 4829 2026 4870 cem
2076 4828 2269 4877 aunos,
2328 4814 2611 4881 nullusque
2655 4816 2951 4884 principum
2998 4815 3147 4869 illmn
3179 4816 3391 4883 occidit,
3423 4819 3492 4873 ad

1912 4917 2239 4973 postremum
2292 4920 2417 4959 vero
2444 4906 2605 4960 etiam
2637 4907 2915 4960 absolutus
2962 4915 3063 4958 est.
3099 4905 3315 4963 Dicebat
3362 4926 3495 4977 ergo

1909 5010 2154 5064 semper:
2181 4995 2311 5061 Quia
2363 5003 2579 5063 propter
2629 4996 2856 5049 infantes
2893 4996 3011 5048 illos
3050 5011 3285 5051 amaram
3332 4976 3493 5072 effligi

1914 5100 2162 5141 mortem.
2191 5086 2521 5154 ASpiciebam
2554 5087 2695 5140 enim
2731 5086 2848 5139 illos
2874 5087 3175 5157 frequenter
3203 5088 3254 5143 in
3286 5095 3493 5148 somnis

1913 5176 2154 5232 dicentes
2184 5178 2310 5230 milii
2339 5195 2353 5231 :
2403 5177 2518 5234 Noli
2547 5179 2755 5241 timere,
2787 5192 2884 5231 nos
2914 5193 3009 5247 pro
3036 5190 3085 5234 te
3112 5180 3490 5239 satisfacimus.

1912 5268 2097 5323 Loculi
2131 5279 2307 5324 autem
2348 5280 2527 5333 postea
2573 5284 2693 5323 cum
2741 5270 2832 5322 illo
2864 5286 3047 5325 ~~unius
3088 5286 3188 5341 ego
3227 5282 3279 5327 et
3326 5274 3493 5327 abbas

1909 5358 2143 5413 Joannes
2175 5360 2456 5429 presbyter
2498 5361 2807 5415 monasterii
2860 5361 3260 5429 Eunuclnrum,
3292 5375 3345 5418 et
3377 5367 3491 5419 tunc

1909 5452 2097 5504 eadem
2133 5451 2285 5503 nobis
2314 5450 2426 5519 ipse
2457 5451 2712 5515 narravit,
2742 5455 3047 5519 glorilirans
3087 5455 3272 5509 Deum.

2450 5545 2677 5603 CAPUT
2706 5548 2935 5602 CLXVI.

1914 5638 2033 5691 Vita
2082 5639 2293 5691 latronis
2343 5638 2581 5689 monachi
2617 5639 2784 5707 effecti
2822 5649 2866 5693 ct
2926 5651 3103 5708 postia
3150 5642 3206 5693 in
3249 5641 3488 5695 swculari

2461 5708 2635 5761 habitu
2658 5712 2913 5764 decollati.

1976 5800 2139 5873 912
2174 5799 2389 5855 Dicebat
2418 5798 2581 5854 abbas
2609 5800 2889 5857 Sabbatius
2915 5823 2930 5857 :
2961 5800 3095 5855 Cum
3132 5800 3381 5858 sederem
3428 5804 3484 5855 in

3008 5914 3047 5969 7
