3982 6354
490 370 597 431 203
1658 357 1748 413 DE
1790 353 1967 411 VITIS
2002 348 2284 407 PATRUM
2325 352 2523 409 LiBEll
2564 354 2631 410 Χ.
3669 344 3772 405 ωδ

491 481 816 543 monasterio
864 482 1071 537 abbatis
1126 476 1371 543 Firmiui,
1414 474 1557 531 venit
1593 472 1730 527 latro
1769 471 1981 543 quidam
2007 468 2073 523 ad
2107 467 2157 528 Δ

494 580 742 634 abbatem
799 575 1071 629 Zosimnm
1121 570 1363 634 Cilicem,
1395 577 1449 624 et
1494 565 1713 637 rogabat
1740 580 1923 620 senem
1950 604 1965 627 ,
1997 561 2080 617 di-

494 686 663 727 cens:
725 667 833 722 Fac
877 664 1216 727 charitatem,
1248 676 1344 732 per
1387 659 1552 714 Deum
1610 666 1663 711 te
1697 668 1905 726 precor,
1958 654 2080 723 quia

495 762 681 818 multis
709 758 1010 815 homicidiis
1033 754 1293 812 obnoxius
1318 767 1456 807 sum.
1482 749 1588 805 Fac
1618 763 1704 803 me
1727 745 2074 808 monachum,

495 866 551 912 ut
574 855 683 925 jam
718 854 928 908 tandem
978 850 1233 905 desistam
1277 860 1307 899 a
1360 842 1649 899 sceleribus
1695 841 1850 896 meis.
1898 839 2081 895 Senex

499 962 634 1005 vero
671 946 962 1002 exhortans
993 942 1162 1006 illum,
1195 938 1320 993 fecit
1369 938 1711 1000 monachum,
1742 943 1797 991 et
1840 944 2074 989 sanctum

498 1040 546 1095 ei
578 1039 819 1094 habitum
851 1035 1018 1091 dedit.
1055 1033 1179 1087 Post
1203 1029 1468 1084 modicum
1500 1043 1630 1082 vero
1661 1027 1917 1095 temporis
1945 1024 2085 1079 dixit

496 1131 563 1186 ad
598 1131 743 1185 illum
776 1127 994 1183 senior:
1022 1121 1191 1178 Crede
1219 1119 1375 1185 mibi,
1422 1118 1516 1185 liii,
1550 1133 1655 1171 non
1691 1127 1841 1184 potes
1874 1116 1959 1170 bic
1990 1116 2084 1167 ba-

500 1222 668 1277 bitare
695 1238 709 1286 ;
740 1233 859 1274 nam
889 1217 934 1272 si
965 1211 1195 1269 audierit
1224 1209 1490 1281 princeps,
1538 1207 1741 1263 tenebit
1767 1215 1818 1261 te
1845 1223 1858 1272 ;
1890 1206 2071 1260 simili-

501 1323 581 1369 ter
609 1321 786 1366 autem
808 1317 862 1364 et
886 1304 1174 1362 adversarii
1203 1303 1279 1357 tui
1306 1301 1571 1356 necabunt
1593 1309 1660 1354 te.
1692 1298 1797 1354 Sed
1824 1297 1946 1352 audi
1969 1311 2078 1363 me,

501 1413 555 1459 ct
581 1404 769 1458 ducam
815 1409 868 1455 te
897 1399 950 1453 in
998 1396 1300 1452 cmnobium
1353 1393 1563 1447 abbatis
1616 1390 1872 1446 Dorothei
1919 1403 2084 1459 prope

498 1498 695 1554 Gazam
724 1507 776 1551 et
799 1494 1104 1563 Majumam.
1146 1490 1273 1546 Illuc
1295 1490 1452 1559 igitur
1479 1487 1593 1542 ivit.
1622 1485 1722 1541 Ubi
1755 1500 1874 1540 cum
1909 1498 2081 1538 mora-

503 1599 587 1644 tus
618 1595 763 1643 esset
787 1585 942 1639 annis
983 1597 1204 1647 novem,
1258 1579 1633 1648 didicissetque
1664 1575 1997 1646 psalterium,
2025 1583 2083 1629 et

506 1686 750 1732 cunctam
783 1673 1133 1729 monasticam
1158 1669 1609 1731 observationem,
1641 1668 1801 1722 rediit
1821 1680 2007 1720 rursus
2031 1665 2082 1719 in

502 1766 721 1822 Firmini
756 1763 1166 1827 monasterium,
1197 1760 1260 1815 ad
1295 1775 1502 1825 senem,
1536 1767 1589 1814 et
1616 1760 1689 1814 ait
1716 1758 1815 1813 illi:
1847 1756 1958 1812 Fac
1987 1758 2086 1811 mi-

2701 465 2927 525 CAPUT
2969 464 3245 523 CLXVIII.

2539 557 2687 614 Dicta
2711 559 2908 613 abbatis
2946 557 3228 612 Alexandri
3256 555 3410 609 senis.

2259 650 2481 705 Dicebat
2510 651 2676 707 abbas
2716 650 3022 707 Alexander
3050 663 3214 704 senex
3264 645 3550 701 fratribus:
3582 642 3772 703 Patres

2186 742 2353 796 nostri
2385 742 2597 797 deserta
2646 752 2702 799 et
2743 742 3113 798 tribulationes
3156 737 3641 810 persequebantur,
3673 749 3775 793 nos

2184 842 2358 891 autem
2389 837 2637 891 civitates
2664 844 2721 892 et
2745 836 2985 906 requiem
3015 834 3310 903 sequimur.

2258 925 2407 981 Dixit
2436 927 2625 982 iterum
2658 941 2858 983 senex:
2893 926 3005 983 Sub
3035 925 3280 981 Patribus
3310 923 3512 978 nostris
3538 921 3769 979 virtutes

2185 1018 2300 1075 iste
2327 1020 2614 1090 vigebant,
2650 1021 2862 1076 nuditas
2892 1030 2946 1078 et
2977 1022 3287 1086 humilitas;
3320 1018 3374 1074 in
3405 1019 3563 1074 nobis
3594 1027 3771 1074 autem

2184 1112 2409 1166 avaritia
2437 1122 2489 1167 et
2520 1112 2769 1182 superbia
2797 1122 3007 1183 regnat.

2257 1207 2345 1262 Ait
2373 1223 2591 1263 rursus:
2622 1208 2807 1265 Patres
2840 1210 3007 1264 nostri
3040 1223 3312 1279 nunquam
3347 1207 3510 1262 facies
3540 1220 3667 1261 suas
3690 1204 3773 1261 la-

2187 1298 2421 1365 vabant;
2458 1314 2554 1355 nos
2605 1311 2783 1357 autem
2836 1302 3042 1357 lavacra
3089 1302 3297 1372 publica
3346 1300 3643 1370 balneaque
3672 1299 3775 1355 fre-

2186 1402 2526 1461 quentamus.

2262 1487 2405 1541 Dixit
2436 1487 2625 1543 iterum
2674 1503 2842 1544 senex
2872 1506 2883 1541 :
2919 1486 3031 1543 IIeu
3058 1487 3209 1554 mibi,
3244 1486 3357 1553 lilii,
3405 1486 3526 1555 quia
3550 1497 3774 1538 conver-

2187 1577 2453 1632 sationem
2486 1592 2612 1633 vere
2643 1579 2933 1648 angelicam
2965 1578 3347 1634 dcstruximus.
3382 1580 3468 1632 Ait
3499 1584 3679 1630 autem
3709 1574 3771 1629 ad

2190 1667 2338 1722 illum
2370 1668 2537 1723 abbas
2570 1668 2881 1724 Vincentius
2911 1669 3202 1738 discipulus
3230 1669 3386 1738 ejus:
3420 1666 3623 1721 Infirmi
3655 1679 3773 1734 pro-

2192 1757 2328 1812 fecto
2358 1773 2565 1825 sumus,
2608 1758 2785 1814 Pater.
2816 1758 2951 1814 Dicit
2978 1759 3029 1815 ei
3057 1774 3220 1814 senex
3248 1775 3260 1812 :
3294 1756 3430 1826 Quid
3458 1756 3614 1822 dicis,
3646 1754 3775 1809 Vin-

500 1858 847 1915 scricordiam
901 1871 1135 1921 mecum,
1180 1853 1356 1919 Pater,
1391 1868 1442 1909 et
1491 1852 1557 1907 da
1605 1852 1736 1907 mibi
1769 1852 2082 1906 vestimenta
2114 1839 2163 1900 Β
2188 1849 2351 1914 centi,
2392 1850 2513 1919 quia
2562 1850 2758 1905 infirmi
2788 1852 3015 1905 sumus?
3058 1849 3229 1906 Crede
3261 1848 3409 1913 mihi,
3464 1848 3560 1912 ﬁli,
3592 1846 3772 1915 Olym-

500 1965 619 2006 mea
648 1948 946 2012 saecularia,
992 1956 1048 2003 et
1095 1945 1275 2015 recipe
1331 1945 1643 2000 monastica.
1690 1944 1880 1999 Senior
1908 1953 2084 1999 autem

502 2043 668 2097 tristis
698 2040 915 2096 ell‘ectns
944 2040 1019 2094 ait
1048 2038 1157 2097 illi:
1187 2040 1316 2106 Cur,
1344 2038 1454 2092 lili?
1481 2038 1578 2106 Qui
1604 2037 1933 2108 respondens
1971 2037 2043 2091 ait
2070 2055 2082 2090 :

501 2133 639 2188 Ecce
671 2147 860 2187 novem
895 2131 974 2202 (ut
999 2131 1160 2193 nosti,
1195 2130 1375 2199 Pater)
1418 2144 1587 2185 annos
1613 2131 1694 2199 egi
1728 2130 1779 2185 in
1814 2128 2082 2195 coenobio,

503 2237 558 2281 et
601 2235 859 2297 quantum
913 2225 1056 2294 potui
1103 2225 1360 2295 jejunavi,
1407 2237 1459 2281 et
1488 2226 1823 2282 continenter
1850 2226 1980 2293 vixi,
2034 2234 2088 2281 et

499 2333 619 2374 cum
649 2318 793 2372 omni
824 2318 1022 2388 quiete,
1055 2326 1110 2372 et
1134 2317 1322 2373 timore
1359 2316 1447 2372 Dei
1481 2316 1551 2372 fui
1575 2317 1627 2372 in
1654 2318 2004 2387 subjectione,
2033 2326 2087 2371 et

499 2410 612 2465 scio
641 2408 763 2478 quia
812 2408 957 2464 illius
999 2408 1205 2463 infinita
1258 2408 1468 2463 bonitas
1523 2409 1686 2462 multa
1716 2416 1932 2477 peccata
1967 2421 2085 2462 mea

500 2503 707 2559 remisit
729 2502 861 2557 mihi
886 2520 901 2569 ;
932 2510 1305 2557 verumtamen
1336 2501 1537 2570 aspicio
1564 2499 1760 2569 saepius
1806 2498 2084 2569 puerulum

498 2604 785 2659 astantem,
813 2603 866 2648 et
886 2593 1150 2647 dicentem
1176 2590 1304 2646 mibi
1330 2608 1343 2644 :
1378 2591 1486 2646 Cur
1508 2604 1593 2645 me
1621 2590 1906 2645 occidisti?
1934 2589 2087 2644 Hunc

498 2696 685 2741 autem
708 2686 908 2755 aspicio
956 2685 1007 2738 in
1039 2684 1264 2751 somnis,
1312 2693 1363 2738 et
1410 2682 1463 2737 in
1489 2682 1735 2748 ecclesia,
1767 2689 1822 2736 et
1871 2695 1990 2735 cum
2021 2682 2086 2736 ad

500 2780 935 2836 communionem
987 2792 1168 2849 pergo,
1217 2785 1273 2833 et
1306 2778 1357 2832 in
1404 2775 1692 2832 refectorio
1738 2776 1852 2831 haec
1899 2776 2084 2832 eadem

498 2871 631 2926 mihi
668 2871 932 2926 dicentem
962 2888 976 2937 ;
1008 2879 1063 2926 et
1090 2870 1175 2923 vel
1215 2884 1320 2924 una
1347 2871 1479 2924 liora
1509 2884 1613 2925 non
1645 2868 1772 2923 sinit
1799 2883 1887 2923 me
1930 2868 2077 2936 quie-

504 2978 677 3019 scere.
711 2963 834 3018 Ideo
860 2964 1058 3031 itaque,
1090 2961 1265 3029 Pater,
1302 2961 1448 3017 abire
1478 2962 1621 3026 volo,
1650 2970 1711 3016 ut
1740 2977 1835 3032 pro
1862 2962 2085 3030 puerulo

502 3055 721 3110 moriar.
755 3054 974 3110 Frustra
1005 3053 1171 3119 enim,
1201 3062 1256 3108 et
1282 3054 1401 3108 sine
1425 3053 1533 3107 ulla
1564 3067 1722 3107 causa
1749 3053 1920 3108 occidi
1948 3067 2084 3123 pue-

502 3148 676 3201 rulum
706 3148 899 3217 ipsum.
950 3145 1190 3216 Sumptis
1231 3161 1359 3217 ergo
1408 3146 1738 3202 vestimentis
1764 3146 1898 3213 suis,
1929 3147 2081 3203 exiit.

2191 1938 2289 2006 pici
2319 1953 2546 2008 corpore
2574 1950 2628 1995 et
2658 1939 2861 1994 robusti
2889 1954 3093 2002 sumus.
3126 1939 3220 1993 sed
3254 1940 3428 1992 anima
3466 1945 3652 1991 nostra
3677 1937 3772 1990 im-

2190 2028 2377 2083 becilla
2408 2037 2512 2083 est.

2288 2120 2428 2175 Dixit
2484 2121 2731 2176 iterum:
2792 2120 3018 2175 Multum
3085 2124 3374 2175 comedere
3434 2127 3487 2173 et
3546 2115 3771 2181 bibere,

2186 2220 2241 2266 et
2301 2212 2437 2267 bene
2494 2214 2675 2267 vestiri
2735 2227 3079 2281 possumus;
3138 2213 3406 2267 abstinere
3481 2218 3659 2265 autem
3720 2218 3772 2264 et

2191 2304 2457 2358 humiliari
2479 2319 2582 2359 non
2614 2305 2888 2360 valemus.

2261 2395 2465 2450 Rursus
2488 2395 2656 2450 dixit:
2686 2397 2776 2450 Vae
2800 2396 2914 2461 tibi,
2946 2393 3272 2458 Alexander,
3301 2408 3382 2449 va:
3403 2392 3537 2459 tibi;
3570 2401 3763 2462 quanta

2195 2486 2298 2541 erit
2326 2486 2573 2541 confusio
2605 2495 2689 2540 tua
2722 2487 2935 2556 quando
2962 2488 3143 2541 caeteri
3172 2485 3588 2541 coronabantur.

2747 2596 2972 2655 CAPUT
3010 2598 3239 2655 CLXIX.

2194 2691 2312 2746 Vita
2333 2693 2464 2747 senis
2492 2694 2766 2763 cujusdam
2795 2692 2950 2817 σαριὲ
2957 2691 3118 2775 oculis
3142 2691 3197 2743 in
3243 2687 3553 2745 monasterio
3582 2687 3773 2741 abbatis

2956 2779 3069 2817 iscr.

2263 2853 2393 2907 Erat
2421 2867 2586 2908 senex
2615 2852 2832 2922 quidam
2869 2852 2919 2907 in
2952 2853 3136 2923 Scytbi
3166 2863 3352 2920 captus
3375 2850 3544 2905 oculis
3575 2851 3628 2904 in
3660 2865 3771 2905 mo—

2191 2945 2427 3001 nasterio
2477 2945 2686 3005 abbatis
2732 2945 2890 3000 Sisei.
2928 2945 3165 3000 Distabat
3193 2953 3368 2999 autem
3392 2942 3524 2997 cella
3552 2942 3719 3011 ipsius
3746 2956 3774 2995 a

2193 3050 2353 3107 puteo
2383 3038 2493 3093 fere
2521 3038 2667 3093 mille
2696 3038 2965 3108 passibus,
2995 3049 3044 3093 et
3078 3050 3345 3107 nunquam
3390 3049 3583 3105 passus
3613 3043 3695 3090 est
3724 3042 3774 3087 ut

2200 3132 2304 3185 sibi
2326 3131 2463 3185 alius
2492 3131 3045 3201 afl‘erretaquam,sed
3078 3131 3215 3185 facto
3246 3132 3389 3195 fune,
3421 3144 3586 3183 unum
3615 3128 3776 3197 ipsius

502 3242 570 3293 Ει
597 3216 738 3294 cum,
763 3240 841 3293 sic
871 3238 1086 3293 indutus
1131 3216 1374 3309 ρετεείςρι
1405 3238 1723 3309 υίοεμοιίιη,
1772 3248 1948 3296 tentus
1977 3249 2082 3306 εει,
2114 3216 2159 3277 C
2189 3233 2351 3292 caput
2378 3223 2444 3277 ad
2474 3233 2691 3293 puteum
2722 3223 2922 3294 ligavit,
2951 3233 3003 3277 et
3032 3223 3261 3277 alzerum
3291 3221 3343 3275 in
3371 3220 3509 3275 cella
3533 3234 3649 3275 sua.
3680 3218 3769 3274 Ja-

504 3340 557 3384 et
585 3333 826 3399 sequenti
850 3330 936 3386 die
965 3329 1277 3386 decollatus.

1038 3462 1263 3521 CAPUT
1305 3465 1556 3520 CLXVII.

732 3577 853 3635 Vita
878 3588 924 3632 et
949 3595 1082 3633 mors
1115 3579 1312 3634 abbatis
1350 3579 1606 3636 Poemenis
1636 3583 1874 3639 solitarii.

582 3691 803 3746 Dicebat
832 3690 995 3746 abbas
1036 3692 1423 3763 Agathonicus,
1454 3694 1682 3750 antistes
1711 3696 1940 3751 ctenobii
1969 3710 2090 3753 cas-

506 3786 618 3841 telli
640 3785 810 3841 sancti
836 3784 1008 3841 Patris
1036 3788 1202 3842 nostri
1246 3787 1431 3842 Sabae:
1455 3788 1718 3844 Descendi
1756 3790 1844 3844 die
1864 3790 2090 3862 quadam

505 3880 560 3934 in
592 3878 761 3947 ltuba,
795 3888 852 3933 nt
881 3894 1161 3949 pergerem
1194 3880 1259 3935 ad
1285 3880 1532 3936 abbatem
1568 3883 1874 3938 Premenem
1907 3883 2094 3938 solita-

505 3971 666 4025 rium.
693 3970 825 4025 Cum
853 3986 979 4042 ergo
1006 3971 1330 4042 reperissem
1360 3988 1506 4041 eum,
1530 3982 1580 4028 et
1615 3973 1872 4029 dixissem
1900 3973 1975 4028 illi
2002 3990 2094 4030 co-

504 4062 791 4132 gitationes
817 4078 985 4130 meas,
1009 4077 1134 4119 sero
1156 4065 1359 4119 dimisit
1381 4081 1465 4119 me
1488 4066 1539 4119 in
1564 4080 1722 4119 unam
1747 4067 2091 4135 speluncam;

507 4164 624 4210 erat
644 4163 821 4209 autem
847 4155 1042 4222 hiems;
1068 4155 1271 4226 fuitque
1291 4167 1448 4212 nocte
1482 4156 1753 4228 illafrigus
1780 4159 2091 4227 maximum,

508 4262 571 4305 ac
614 4249 776 4305 nimia
829 4249 878 4305 vi
928 4251 1129 4320 algoris
1180 4250 1407 4322 obrigui.
1457 4252 1688 4308 Veniens
1734 4269 1862 4323 ergo
1891 4253 1959 4307 ad
2007 4267 2095 4308 me

507 4355 665 4398 mane
694 4343 897 4411 senior,
927 4345 1003 4399 ait
1035 4344 1164 4399 mihi
1196 4364 1207 4397 :
1234 4345 1371 4412 Quid
1403 4359 1504 4411 est,
1538 4347 1650 4402 fili?
1678 4347 1778 4403 Aio
1804 4348 1869 4402 ad
1902 4348 2089 4402 illum:

509 4430 729 4503 Ignosce
779 4434 934 4503 mibi,
982 4435 1163 4505 Pater,
1214 4436 1401 4491 duram
1433 4439 1629 4508 pertuli
1657 4449 1864 4494 noctem
1909 4454 1975 4496 ex
2001 4441 2095 4495 fri-

509 4537 657 4594 gore.
710 4523 853 4579 Dixit
903 4536 1080 4580 autem
1139 4526 1299 4581 mihi:
1330 4528 1463 4600 Ego,
1519 4528 1613 4596 fili,
1674 4530 1840 4601 frigus
1888 4531 2094 4586 nullum

511 4590 677 4672 sensi.
713 4616 936 4671 Miratus
965 4629 1084 4671 sum
1130 4616 1285 4673 valde
1315 4590 1417 4673 hoc
1448 4590 1709 4685 audiens,
1739 4590 1854 4677 erat
1898 4623 2095 4693 quippe
2122 4590 2177 4651 D

513 4707 709 4759 nudus.
754 4706 821 4760 Et
849 4706 955 4759 dixi
986 4704 1052 4761 ad
1079 4719 1237 4762 eum:
1295 4707 1397 4766 Fac
1447 4709 1780 4778 charitatem,
1826 4715 2095 4783 quomodo

511 4806 711 4851 tantam
744 4796 959 4868 frigoris
1004 4800 1345 4868 asperitatem
1375 4817 1481 4857 non
1510 4804 1765 4858 sensisti?
1819 4806 1964 4861 Dixit
1990 4822 2097 4862 au-

513 4900 619 4943 tem
651 4890 816 4943 mibi:
851 4890 1008 4946 Venit
1037 4891 1144 4958 leo,
1170 4901 1224 4948 et
1244 4893 1740 4965 obdormivitjuxta
1775 4914 1881 4965 me,
1904 4909 1952 4953 et
1984 4901 2098 4971 ipse

514 4996 601 5035 me
632 4980 896 5035 calefecit.
932 4983 1310 5041 Verumtamen
1329 4984 1451 5041 dico
1480 4987 1600 5051 tibi,
1623 4987 1787 5043 frater
1806 5030 1822 5057 ,
1846 4989 2097 5059 quoniam

513 5088 541 5154 τι
576 5071 704 5126 feris
732 5071 1069 5130 devorandas
1101 5091 1240 5132 sum.
1272 5078 1372 5135 Aio
1401 5080 1467 5135 ad
1498 5082 1644 5136 illum
1670 5100 1683 5136 :
1720 5082 1845 5151 Cur,
1877 5083 2100 5154 qutcso?

515 5152 580 5215 fit
608 5161 744 5216 dixit
766 5164 927 5219 mibi:
957 5164 1012 5219 In
1040 5169 1314 5235 provincia
1344 5181 1523 5227 nostra
1567 5186 1688 5229 cum
1718 5152 2102 5246 essemlerant

514 5267 692 5313 autem
742 5259 901 5315 ambo
947 5261 1166 5334 Galatae)
1224 5274 1403 5333 pastor
1431 5268 1608 5322 ovium
1652 5286 1823 5337 eram,
1874 5278 1929 5326 et
1975 5286 2103 5325 con-

515 5352 707 5421 tempsi
741 5360 1103 5410 transeuntem
1133 5366 1472 5430 peregrinum
1497 5403 1514 5427 ,
1548 5371 1603 5416 et
1647 5378 1676 5416 a
1728 5366 1952 5418 canibus
2002 5380 2103 5419 co-

516 5454 718 5501 mestus
738 5446 987 5503 est.Cum
1011 5450 1152 5505 enim
1176 5451 1321 5507 illum
1342 5455 1555 5510 salvare
1576 5469 1818 5525 possem,
1843 5472 1945 5511 non
1964 5454 2098 5523 feci;

514 5536 610 5590 sed
639 5535 818 5593 dimisi
846 5552 992 5605 eum,
1023 5549 1077 5594 et
1105 5554 1137 5593 a
1164 5542 1391 5597 canibus
1418 5544 1720 5616 discerptus
1748 5559 1851 5611 est,
1882 5548 2100 5617 scioque

514 5626 634 5697 quia
664 5637 721 5682 et
764 5642 865 5699 ego
914 5630 986 5684 ita
1031 5630 1169 5685 mori
1198 5631 1393 5688 debeo.
1449 5637 1602 5704 Quod
1659 5649 1714 5693 et
1746 5638 1940 5695 factum
1980 5647 2098 5705 est;

515 5727 637 5788 post
668 5728 778 5776 tres
808 5721 951 5778 enim
988 5736 1160 5780 annos
1192 5738 1220 5778 a
1268 5724 1477 5793 bestiis,
1527 5738 1584 5786 ut
1613 5729 1842 5800 dixerat,
1890 5739 1945 5787 et
1991 5731 2102 5800 ipse

516 5810 814 5881 discerptus
844 5822 948 5869 est.

2193 3315 2349 3369 ecbat
2392 3323 2568 3369 autem
2600 3313 2742 3369 funis
2794 3316 2845 3369 in
2895 3323 3058 3369 terra.
3094 3311 3319 3380 Quando
3364 3325 3495 3381 ergo
3524 3309 3775 3380 pergebat

2194 3407 2407 3463 haurire
2458 3407 2558 3462 sibi
2590 3421 2801 3475 aquam,
2853 3420 3014 3475 supra
3062 3403 3239 3459 funem
3289 3404 3620 3459 ambulabat.
3668 3403 3773 3457 lloc

2192 3510 2370 3557 autem
2393 3500 2830 3565 faciebatsenex,
2865 3493 3213 3553 ut'inveniret
3234 3506 3470 3567 puteum.
3506 3496 3638 3550 Cum
3686 3506 3775 3545 au-

2193 3602 2299 3647 tem
2329 3606 2489 3647 arena
2522 3598 2740 3659 propter
2758 3597 2977 3645 ventum
3007 3589 3306 3657 operuisset
3355 3587 3563 3649 funem,
3623 3594 3772 3638 tene-

2193 3682 2285 3737 bat
2310 3682 2481 3751 ipsum
2514 3690 2765 3747 manu,et
2794 3682 3124 3745 excutiebat,
3149 3689 3202 3735 et
3225 3694 3412 3734 rursus
3436 3678 3588 3733 illum
3614 3674 3775 3746 913

2197 3775 2251 3829 in
2282 3784 2423 3829 terra
2456 3776 2689 3844 ponebat
2717 3817 2733 3843 ,
2766 3784 2821 3829 et
2863 3788 3025 3844 super
3054 3787 3174 3826 cum
3206 3769 3541 3824 ambulabat.
3592 3767 3776 3821 Frater

2197 3878 2373 3922 autem
2404 3868 2618 3937 quidam
2664 3867 2887 3937 rogabat
2926 3880 3133 3929 senem,
3167 3875 3225 3917 ut
3247 3879 3305 3919 se
3333 3861 3672 3931 permitteret
3702 3859 3775 3912 illi

2199 3963 2393 4017 aﬂerre
2410 3978 2623 4032 aquam.
2644 3964 2739 4019 Cui
2773 3962 3050 4032 respondit
3079 3976 3279 4016 senex:
3313 3959 3439 4024 Fili,
3465 3958 3649 4028 viginti
3676 3956 3779 4025 jam

2196 4064 2249 4109 et
2267 4053 2372 4109 duo
2389 4054 2514 4109 anni
2531 4064 2658 4109 sunt
2684 4070 2750 4109 ex
2776 4070 2883 4124 quo
2905 4055 3034 4108 milii
3058 4068 3271 4123 semper
3288 4052 3359 4107 ita
3383 4054 3537 4108 bausi
3563 4065 3775 4121 aquam,

2197 4155 2252 4201 et
2280 4147 2516 4202 laborem
2541 4163 2717 4202 meum
2758 4158 2812 4201 tu
2845 4146 3003 4201 modo
3032 4146 3245 4201 auferre
3274 4144 3391 4199 vis?

2757 4259 2984 4315 C.\PU'I‘
3021 4259 3227 4315 CLXX.

2240 4348 2360 4404 Vita
2388 4351 2662 4421 cujusdam
2693 4361 2883 4404 sancta?
2926 4351 3153 4405 mulieris
3181 4354 3233 4405 in
3273 4366 3443 4406 eremo
3472 4351 3746 4422 defuncta.

2273 4441 2514 4498 Distabat
2545 4445 2610 4499 ab
2641 4444 2986 4515 .Ierosolymis
3017 4445 3129 4500 fere
3162 4446 3347 4516 viginti
3379 4460 3632 4515 passuum
3672 4444 3781 4499 mil-

2201 4532 2340 4587 libus
2387 4535 2767 4588 monasterium
2808 4534 3099 4603 quoddam,
3131 4536 3271 4605 quod
3316 4536 3633 4605 Sampsonis
3660 4536 3782 4591 dicis

2205 4631 2310 4676 tur.
2348 4622 2423 4676 Ex
2453 4623 2552 4677 hoc
2580 4628 2902 4679 monasterio
2928 4625 3032 4680 duo
3064 4626 3248 4682 Patres
3274 4627 3520 4682 abierunt
3546 4628 3612 4682 ad
3643 4642 3785 4682 mon.

2208 4724 2311 4767 tem
2342 4715 2467 4769 Sina
2499 4716 2759 4770 orationis
2779 4719 2965 4787 gratia,
2991 4720 3300 4788 reversique
3321 4717 3376 4773 in
3406 4722 3785 4776 monasterium

2208 4818 2563 4859 narraverunt
2598 4808 2753 4861 nobis
2798 4807 3037 4863 dicentes
3068 4826 3082 4863 :
3109 4810 3237 4865 Cum
3270 4810 3698 4866 adoravissemus
3740 4816 3787 4867 in

2207 4909 2392 4954 sancto
2440 4910 2665 4967 monte,
2714 4913 2766 4955 et
2805 4901 2916 4970 jam
2961 4911 3395 4967 reverteremur,
3428 4905 3652 4973 contigit
3699 4920 3789 4960 nos

2209 4991 2376 5046 eremi
2419 4991 2573 5046 devia
2620 4993 2856 5046 errando
2897 4993 3068 5063 sequi,
3100 4994 3509 5065 lerebamurque
3555 4996 3699 5050 sicut
3742 4997 3789 5050 in

2208 5085 2396 5154 pelago
2434 5098 2530 5153 per
2572 5083 2804 5138 mediam
2852 5084 3194 5139 solitudinem
3226 5085 3340 5140 dies
3370 5086 3652 5157 plurimos.
3701 5087 3790 5142 Dis

2208 5191 2338 5231 vero
2367 5177 2597 5246 quadam
2625 5177 2914 5247 aspicimus
2937 5178 3004 5233 de
3032 5179 3318 5248 longinquo
3345 5181 3656 5248 speluncam
3684 5182 3791 5236 bre-

2208 5281 2347 5331 vem,
2378 5267 2443 5320 ad
2471 5281 2628 5336 quam
2658 5269 2959 5336 tendentes,
2988 5284 3107 5324 cum
3134 5269 3242 5338 jam
3273 5271 3543 5339 spelunca
3575 5275 3789 5340 propin-

2207 5373 2514 5428 quaremns,
2549 5360 2819 5414 cernimus
2862 5362 3114 5431 exiguum
3158 5362 3355 5418 fontem
3378 5404 3394 5430 ,
3427 5373 3480 5419 et
3508 5364 3651 5419 circa
3683 5363 3793 5421 fon-

2212 5459 2317 5505 tem
2348 5451 2540 5506 herbas
2564 5453 2824 5519 modicas,
2852 5462 2906 5507 et
2933 5454 3150 5523 veStigia
3176 5454 3436 5521 hominis;
3465 5455 3791 5512 dicebamus-

2209 5560 2310 5613 que
2338 5546 2474 5614 apud
2507 5562 2602 5601 nos
2627 5547 2804 5616 ipsos:
2834 5547 2972 5601 Vere
3003 5548 3104 5603 hoc
3134 5548 3186 5603 in
3217 5548 3334 5603 loco
3353 5562 3541 5601 servus
3570 5548 3663 5603 Dei
3692 5559 3787 5608 est.

2211 5638 2441 5707 Ingressi
2473 5640 2634 5710 igitur
2665 5642 2929 5696 neminem
2961 5641 3221 5707 vidimus;
3254 5641 3590 5696 solummodo
3616 5651 3790 5698 autem

2209 5730 2484 5801 cujusdam
2528 5731 2789 5801 vagientis
2832 5748 3020 5789 vocem
3065 5733 3437 5790 audiebamus.
3486 5731 3623 5788 Cum
3670 5747 3786 5802 ergc

2213 5824 2300 5879 diu
2333 5824 2730 5893 qumsissemus,
2764 5826 3065 5881 invenimus
3088 5826 3248 5883 veluti
3278 5825 3621 5898 prtesepium,
3650 5835 3707 5883 et
3739 5825 3789 5877 in
