3982 6354
210 362 323 423 ξοδ

1477 360 1759 418 ΡΠΑἸὶἷΜ
1800 358 2214 417 SI‘IRITUALE

3385 347 3491 407 5205

214 496 285 535 rio
323 484 589 551 jacentem
641 475 962 547 quemdam,
1009 475 1599 545 appropinquantesque
1644 490 1800 530 servo
1833 479 1876 533 Λ
1908 487 2119 542 cunque
2149 471 2332 535 vellet,
2356 469 2442 523 die
2465 477 2731 547 noctuque
2759 458 3066 533 procedere,
3092 467 3337 534 quamvis
3358 466 3495 521 hanc

220 577 340 641 Dei,
373 577 690 646 rogabamus
720 584 776 627 ut
802 575 1109 643 loqueretur
1138 571 1312 625 nobis.
1350 569 1482 623 Cum
1511 585 1640 623 vero
1669 568 1803 622 nihil

216 669 574 738 reSponderet
616 666 792 729 nobis,
826 674 949 719 tunc
998 665 1313 719 accedentes
1354 662 1623 716 tenuimus
1656 677 1802 725 eum,

216 771 277 817 et
304 775 501 831 corpus
529 759 741 829 quidem
774 759 940 827 ipsius
970 758 1143 811 adhuc
1172 765 1287 811 erat
1330 757 1563 810 calidum
1586 798 1599 819 ,
1631 755 1805 808 anima

220 860 397 906 autem
427 850 492 905 ad
525 850 807 905 Dominum
855 849 1194 919 migraverat.
1249 847 1400 902 Tunc
1431 864 1557 901 vero
1587 850 1809 917 agnovi-

221 958 364 1008 mus,
387 943 510 1012 quia
534 943 587 996 in
617 943 865 1013 ingressu
896 953 1081 995 nostro
1110 941 1242 994 intra
1268 941 1574 1009 speluncam
1602 955 1811 1013 requie-

217 1045 391 1090 verat.
427 1034 681 1090 Fodimus
725 1050 853 1105 ergo
903 1034 953 1087 in
1004 1034 1117 1103 ipsa
1163 1034 1439 1101 spelunca,
1474 1048 1716 1103 unusque
1746 1048 1810 1088 ex

216 1129 378 1183 nobis
410 1126 645 1196 pallium,
676 1140 782 1195 quo
829 1133 947 1179 erat
1000 1124 1240 1189 indutus,
1274 1123 1500 1193 accepit,
1530 1134 1584 1177 ut
1613 1124 1664 1177 in
1699 1125 1814 1192 ipso

214 1219 365 1273 senis
382 1232 577 1285 corpus
596 1217 917 1271 involveret.
944 1214 1229 1269 Sumcotes
1251 1225 1427 1269 autem
1453 1215 1580 1268 illud
1604 1214 1671 1269 de
1696 1215 1814 1269 loco

216 1311 275 1365 in
303 1324 411 1379 quo
438 1308 669 1378 iacebat,
695 1323 815 1361 cum
852 1308 1024 1377 ipsum
1072 1323 1138 1361 ex
1181 1323 1328 1360 more
1374 1321 1708 1371 curaremus,
1736 1308 1816 1359 in-

217 1404 468 1456 venimus
518 1415 641 1456 esse
692 1401 1008 1463 mulierem,
1061 1408 1114 1455 et
1154 1400 1570 1469 glorificavimus
1627 1400 1812 1455 Deum.

216 1494 610 1563 Completoque
636 1507 797 1562 super
831 1493 959 1546 illud
989 1492 1184 1555 ofﬁcio,
1220 1493 1580 1562 sepelivimus.

772 1604 1004 1661 CAPUT
1042 1604 1275 1660 CLXXI.

230 1720 353 1773 Vita
381 1722 600 1773 duorum
629 1720 941 1790 mirabiliter:
964 1720 1208 1780 virorum,
1241 1717 1496 1773 Theodori
1524 1718 1821 1790 philosophi

784 1803 832 1843 et
864 1789 1000 1843 Zoili
1035 1791 1258 1844 lectoris.

303 1886 474 1940 Erant
504 1886 554 1939 in
585 1883 911 1940 Alexandria
933 1883 1040 1937 duo
1066 1885 1160 1936 viri
1186 1883 1479 1939 mirabiles.
1510 1897 1821 1951 magnaque
1856 1863 1899 1920 Β

222 1977 483 2042 virtutis,
535 1976 700 2031 abbas
758 1976 962 2031 scilicet
1008 1974 1333 2030 Theodorus
1377 1974 1726 2044 philosophus
1769 1983 1825 2029 et

225 2069 417 2123 Zoilus
446 2069 615 2123 lector
640 2085 652 2122 :
681 2068 800 2121 Fuit
822 2077 1001 2122 autem
1030 2067 1183 2122 nobis
1207 2082 1327 2122 cum
1350 2076 1576 2136 utroque
1608 2080 1817 2119 summa

228 2160 589 2224 familiaritas,
617 2173 739 2213 cum
771 2158 939 2214 altero
969 2158 1184 2229 quidem
1212 2157 1512 2227 disciplinm
1538 2166 1593 2211 et
1620 2155 1826 2209 studiu-

227 2270 351 2309 rum
383 2254 583 2323 gratia;
615 2268 735 2309 cum
763 2252 933 2307 altero
962 2266 1113 2316 vero,
1140 2249 1281 2319 quod
1322 2249 1621 2302 communis
1669 2246 1823 2300 nobis

226 2354 380 2400 esset
406 2346 572 2413 patria
614 2356 669 2397 et
709 2343 976 2397 educatio.
1007 2342 1181 2411 Atque
1206 2340 1372 2394 abbas
1400 2338 1617 2409 quidem
1648 2337 1825 2392 Thea-

224 2436 396 2491 dorus
414 2434 543 2489 nihil
565 2433 893 2504 possidebat,
924 2433 1025 2487 nisi
1051 2432 1320 2502 penulam,
1339 2441 1391 2487 et
1415 2445 1613 2503 paucos
1632 2431 1822 2486 libros:

222 2525 534 2581 dormiebat
560 2536 738 2580 autern
772 2527 824 2579 in
858 2525 1113 2592 scabello,
1144 2540 1205 2579 ac
1248 2528 1299 2578 in
1330 2539 1703 2595 quamcunque
1734 2538 1826 2578 ec-

227 2617 897 2688 clesiamingrediebator.
923 2617 1002 2672 Ad
1029 2618 1270 2671 ultimum
1293 2632 1424 2670 vero
1443 2616 1603 2669 etiam
1628 2615 1825 2669 sweulo

225 2713 559 2767 renuntiavit
584 2714 635 2764 in
664 2712 910 2765 coenobio
935 2710 1184 2772 Saleimc,
1205 2710 1385 2777 ibique
1407 2708 1569 2762 vitam
1593 2708 1827 2777 gloriae

228 2800 340 2856 fine
370 2801 653 2855 ceuclusit.
688 2801 878 2855 Lector
904 2811 1080 2855 autem
1114 2800 1296 2853 Zoilus
1336 2808 1391 2853 et
1421 2799 1535 2867 ipse
1564 2798 1825 2868 tequalem

228 2888 558 2961 pra-ferebat
589 2900 976 2961 paupertatem.
1006 2890 1149 2944 Nihil
1172 2892 1313 2943 enim
1342 2890 1456 2959 ipse
1481 2905 1689 2959 quoque
1718 2904 1830 2959 pos-

224 2985 443 3039 sitiebat
478 2996 671 3055 praeter
695 2993 961 3040 vetustam
1006 2983 1252 3053 penulam
1291 2992 1344 3037 et
1380 2996 1589 3051 panem
1627 2981 1827 3046 libros;

227 3080 521 3134 exercebat
540 3089 715 3134 autem
741 3094 800 3134 se
822 3079 875 3133 in
902 3077 1186 3131 scribendo
1210 3076 1397 3130 libros.
1424 3074 1490 3128 Et
1517 3074 1630 3143 ipse
1652 3083 1827 3127 autem

226 3181 644 3227 consummatus
672 3171 725 3226 in
757 3169 1008 3234 Domino,
1038 3169 1277 3238 sepultus
1306 3176 1388 3221 est
1420 3167 1474 3219 in
1504 3165 1830 3220 monaSIei-io

230 3264 445 3318 abbatis
478 3263 719 3317 Palladii.

313 3365 391 3419 De
442 3364 646 3417 duobus
691 3355 832 3429 istis‘,
864 3362 1152 3418 Theodoro
1185 3361 1391 3416 scilicet
1435 3359 1755 3430 philosopho
1780 3370 1829 3414 et

232 3454 387 3508 Zoilo
413 3454 633 3516 lecture,
663 3463 945 3524 pergentes
984 3452 1197 3522 quidam
1227 3451 1443 3505 Patrum
1478 3452 1544 3505 ad
1576 3451 1830 3504 domuum

236 3548 496 3603 Cosmam
519 3547 918 3612 scholasticum,
935 3548 1393 3615 interrogaterunt
1409 3560 1554 3609 eum,
1569 3545 1828 3600 dicentes:

230 3640 371 3706 Quis
398 3655 587 3696 eorum
620 3638 790 3708 magis
822 3640 873 3692 in
921 3637 1184 3707 spirituali
1229 3636 1488 3692 exercitio
1531 3637 1833 3690 laboravit?

234 3732 341 3799 Qui
374 3732 450 3784 ait
476 3729 542 3784 ad
578 3729 699 3784 illos
725 3744 741 3784 :
765 3728 972 3784 Similia
999 3730 1212 3798 quidem
1238 3726 1453 3782 fuerunt
1480 3730 1760 3795 utriusque
1782 3736 1835 3781 et

235 3822 515 3884 alimenta,
545 3832 599 3877 et
629 3830 944 3887 stramenta,
966 3831 1017 3876 et
1046 3821 1374 3882 indumenta,
1402 3835 1689 3888 rerumque
1716 3835 1834 3874 om-

241 3917 393 3972 nium
427 3916 817 3986 superfluarum
846 3913 1168 3992 abstinentia
1200 3956 1214 3980 ,
1245 3924 1297 3966 et
1326 3911 1558 3976 nuditas,
1585 3920 1639 3966 et
1666 3912 1837 3963 Immi-

240 4012 392 4077 Iitas,
411 4020 465 4065 et
490 4011 763 4080 frugalitas
782 4024 802 4063 .°
825 4008 916 4063 sed
955 4008 1121 4062 abbas
1149 4007 1463 4062 Theodorus
1488 4006 1838 4076 philosophus

243 4105 607 4160 discalceatus
636 4104 688 4158 in
722 4118 909 4173 magna
959 4101 1323 4156 imbecillitate
1370 4101 1648 4154 oculorum
1686 4110 1839 4155 vetus

241 4212 409 4253 omne
438 4212 741 4264 novumque
761 4195 1162 4250 Testamentum
1194 4194 1404 4248 didicit.
1440 4192 1634 4247 llabuit
1659 4202 1835 4248 tamen

236 4288 675 4355 consolationem
704 4288 944 4354 fratrum,
974 4286 1383 4341 contubernium
1412 4296 1467 4342 et
1497 4287 1838 4343 visitationes

238 4379 572 4439 amicorum,
613 4378 1086 4443 avocationemque
1131 4378 1383 4443 multam,
1424 4394 1543 4432 cum
1594 4378 1833 4443 doceret,

242 4483 467 4528 etcum
519 4481 853 4540 Operaretur.
884 4471 1015 4526 Zoili
1066 4485 1195 4526 vero
1239 4471 1456 4525 lectoris
1506 4487 1611 4525 non
1666 4471 1835 4525 solum

246 4564 284 4619 I1
326 4564 587 4633 spitalitas
637 4563 896 4616 laudanda
922 4603 938 4626 ,
970 4578 1153 4618 verum
1185 4563 1345 4617 etiam
1378 4563 1613 4617 solitudo
1641 4562 1758 4632 ejus
1786 4570 1838 4615 et

241 4656 512 4710 immensa
545 4654 806 4722 fatigatio,
836 4654 1054 4722 orisque
1083 4653 1322 4708 custodia
1375 4654 1532 4724 digna
1563 4668 1825 4708 common

242 4748 469 4802 datione
495 4755 596 4801 est.
621 4746 713 4799 Ille
744 4745 885 4800 enim
916 4745 1032 4799 sine
1061 4745 1353 4799 amicorum
1387 4745 1838 4815 familiariumque

245 4838 607 4896 contubernio
651 4850 809 4907 atque
836 4838 1184 4904 commercio,
1214 4838 1281 4891 ab
1329 4838 1473 4892 omni
1501 4841 1836 4894 smculiarum

248 4944 437 4985 rerum
486 4929 697 4982 actione
739 4927 988 4991 feriatus,
1025 4927 1157 4980 nulli
1203 4928 1435 4995 seipsum
1479 4929 1755 4999 refrigerio
1785 4940 1839 4983 et

247 5022 602 5077 oblectationi
637 5021 909 5089 permisit,
945 5036 1011 5075 ne
1043 5020 1321 5074 minimum
1364 5021 1577 5089 quidem
1620 5023 1687 5075 ab
1732 5021 1839 5075 ullo

250 5115 610 5169 ministerium
657 5112 973 5177 admittens;
1030 5114 1145 5181 ipse
1206 5112 1347 5166 enim
1394 5113 1698 5182 coquebat,
1729 5113 1843 5181 ipse

256 5205 509 5269 lavabat,
561 5203 704 5257 nulla
755 5202 1039 5258 lectionum
1089 5204 1309 5272 capiens
1364 5204 1582 5268 solatia,
1629 5214 1843 5272 paratus

254 5313 473 5365 semper
503 5295 621 5350 aliis
648 5295 891 5366 obsequi,
920 5296 1227 5363 nullamque
1258 5297 1460 5352 habens
1482 5312 1662 5352 curam
1684 5308 1845 5353 msttts

258 5401 349 5443 aut
370 5390 607 5458 frigoris,
622 5399 712 5442 aut
733 5403 1004 5457 corporea:
1024 5387 1371 5453 infirmitatis,
1388 5387 1618 5443 mundus
1635 5404 1847 5459 semper

261 5500 292 5537 a
327 5482 457 5545 risu,
486 5492 536 5535 et
562 5477 1233 5544 tristitia,eteffusione,et
1253 5494 1450 5548 angore
1482 5478 1843 5550 existens,qui

265 5583 467 5643 praeter
510 5570 808 5625 indumenti
850 5570 1215 5637 asperitatem,
1258 5572 1415 5626 etiam
1445 5587 1474 5625 a
1512 5573 1850 5628 multitudine

261 5665 636 5739 pediculorum
685 5663 1048 5719 indesinenter
1079 5664 1515 5720 consumebatur.
1545 5664 1741 5719 Habuit
1772 5674 1842 5720 ta-

263 5776 387 5815 men
412 5768 465 5815 et
494 5758 597 5814 iste
622 5757 742 5828 plus
769 5771 927 5826 quam
970 5755 1117 5824 prior
1143 5771 1209 5812 ex
1239 5757 1577 5824 processibus
1608 5771 1712 5813 non
1740 5771 1851 5812 me-

260 5852 448 5911 diocre
478 5850 835 5921 refrigerium,
870 5848 1073 5905 habens
1104 5850 1407 5907 facultatem
1439 5852 1665 5908 liberam
1718 5867 1851 5923 quo-

1162 6085 1189 6095 ‘-

1912 563 2214 617 liberlatetn
2246 572 2298 616 et
2327 561 2521 615 laboris
2562 558 2871 628 magnitudo
2903 557 3245 623 retuntlebat,
3276 570 3332 613 et
3374 574 3498 615 raro

1913 670 2166 724 preressu
2181 654 2519 708 sateularium
2542 650 2955 705 familiaritatem
2974 650 3310 705 exeludcbat.
3329 651 3500 708 Unus-

1912 751 2138 821 quisque
2166 750 2326 821 igitur
2358 748 2658 803 mercedem
2681 747 2950 815 propriam
2973 745 3218 815 accipiet,
3240 755 3295 801 et
3314 761 3500 801 secun-

1915 842 2043 920 dum
2079 839 2291 895 labores
2312 834 2651 908 pr0|~rios,ei
2671 836 2821 905 juxta
2850 836 3257 891 resurrectionis
3284 852 3501 892 incusu-

1915 945 2023 997 ras,
2054 938 2107 984 et
2147 929 2523 984 intellectualis
2568 926 2925 998 spiritalisque
2968 927 3240 982 munditiae
3266 940 3318 984 et
3344 932 3502 985 mini-

1916 1025 2215 1093 strationis,
2246 1036 2299 1079 et
2329 1024 2536 1080 timoris
2566 1022 2694 1085 Dei,
2725 1037 2789 1077 ac
2832 1023 3129 1089 charitatis,
3164 1034 3217 1079 et
3242 1040 3503 1096 coiiipuu-

1917 1117 2130 1181 ctiouis,
2165 1129 2219 1173 et
2260 1117 2404 1188 jugis
2455 1116 2786 1184 psalmolite,
2820 1124 2872 1169 et
2901 1117 3183 1183 orationis,
3218 1128 3272 1172 et
3321 1119 3495 1175 inten-

1919 1210 2139 1264 tissima:
2200 1208 2369 1275 fidei,
2431 1217 2486 1263 et
2538 1206 2761 1261 occulta:
2820 1207 3129 1263 hominibus
3186 1210 3505 1281 latentisque

1919 1302 2155 1357 virtutis.

2448 1370 2675 1428 CAPUT
2715 1371 2971 1427 CLXXII.

2246 1464 2366 1518 Vita
2392 1465 2627 1532 prmdicti
2654 1463 2852 1520 Comm:
2872 1464 3182 1520 scholastici.

2000 1558 2072 1611 De
2122 1558 2225 1611 isto
2264 1558 2463 1613 domno
2492 1555 2686 1612 Cosma
2728 1557 3069 1623 scholastice,
3094 1561 3245 1613 multi
3290 1562 3504 1631 quidem

1926 1650 2110 1715 multa,
2144 1658 2198 1703 et
2242 1650 2344 1703 alia
2388 1650 2499 1713 alii,
2530 1659 2584 1705 et
2626 1649 2793 1720 915
2837 1650 3053 1720 plurimi
3097 1652 3325 1721 plurima
3353 1656 3507 1710 nobis

1926 1744 2241 1798 retulerunt.
2271 1744 2402 1811 Qua:
2425 1760 2555 1798 vero
2594 1759 2693 1798 nos
2714 1744 2968 1813 vidimus,
3003 1752 3058 1798 et
3078 1760 3194 1814 quae
3224 1745 3507 1816 diligenter

1928 1836 2159 1891 assecuti
2205 1851 2409 1900 sumus,
2452 1851 2513 1892 ea
2559 1844 2765 1889 tantum
2811 1850 2909 1905 pro
2959 1836 3248 1905 legentium
3282 1840 3507 1894 utilitate

1928 1927 2334 1984 conscribimus.
2364 1928 2493 1983 Erat
2520 1928 2659 1983 enim
2685 1929 2767 1983 vir
2793 1929 2894 1983 iste
2917 1931 3154 1993 humilis.
3184 1932 3508 1999 misericors,

1925 2023 2220 2086 abstinens,
2254 2026 2422 2090 virgo,
2455 2023 2689 2092 quietus,
2725 2026 2840 2079 sine
2876 2025 2975 2091 ira,
3005 2028 3239 2094 socialis,
3273 2033 3513 2101 peregri-

1927 2127 2115 2167 norum
2140 2124 2437 2183 susceptor,
2458 2123 2668 2168 amator
2683 2130 2998 2184 pauperum.
3016 2116 3307 2174 Plurimum
3331 2121 3512 2191 itaque

1927 2207 2082 2260 nobis
2112 2207 2353 2260 utilitatis
2383 2207 2609 2261 contulit
2639 2209 2720 2261 vir
2751 2208 2851 2263 iste
2883 2209 3163 2274 mirabilis,
3196 2228 3299 2265 non
3336 2214 3511 2267 solum

1927 2314 1991 2355 ex
2018 2310 2256 2369 aspectu,
2287 2299 2381 2355 sed
2422 2301 2583 2354 etiam
2612 2316 2675 2355 ex
2706 2301 2950 2357 doetrina
2984 2318 3101 2368 sua,
3120 2312 3174 2358 et
3204 2304 3343 2373 quod
3369 2320 3515 2375 mag-

1928 2407 2049 2446 nam
2075 2392 2294 2447 haberet
2319 2392 2578 2448 librorum
2604 2394 2813 2463 copiam
2838 2410 2999 2464 super
3028 2412 3213 2452 omne:
3236 2398 3323 2467 qui
3360 2409 3515 2453 erant

1929 2484 1980 2538 in
2007 2483 2357 2550 Alexandria,
2377 2498 2577 2555 eosque
2599 2495 2847 2555 prompte
2869 2502 2931 2541 ac
2957 2486 3185 2543 libenter
3206 2489 3517 2544 volentibus

1929 2578 2380 2634 accommodaret.
2439 2580 2565 2635 Erat
2611 2591 2787 2636 autem
2830 2591 2885 2637 et
2930 2582 3061 2637 nihil
3107 2582 3429 2653 possidens;
3464 2584 3517 2639 in

1930 2678 2039 2723 tota
2088 2684 2318 2739 namque
2356 2670 2520 2725 domo
2564 2673 2680 2739 ejus
2720 2672 2852 2726 nihil
2898 2673 3126 2729 vidisses
3174 2675 3314 2730 aliud
3356 2691 3515 2744 quam

1931 2759 2119 2825 libros,
2145 2770 2200 2815 et
2226 2762 2485 2829 scabella,
2511 2771 2566 2817 et
2612 2762 2888 2832 lectulum,
2920 2775 2970 2819 et
3003 2781 3264 2820 mensam.
3296 2766 3519 2822 Licebat

1932 2868 2064 2907 vero
2095 2852 2341 2907 omnibus
2372 2852 2598 2922 ingredi,
2632 2864 2685 2908 et
2715 2853 3046 2925 interrogare
3075 2871 3193 2925 qua:
3225 2855 3290 2910 ad
3320 2858 3519 2911 utilita-

1937 2956 2041 3000 tem
2066 2944 2417 3014 pertinerent,
2450 2953 2505 2999 et
2537 2946 2737 3015 legere.
2775 2947 2968 3001 Diebus
2990 2955 3169 3001 autem
3200 2948 3423 3016 singulis
3446 2949 3521 3003 iu-

1936 3038 2142 3091 trabam
2170 3036 2236 3091 ad
2276 3051 2396 3091 eum
2427 3038 2561 3105 ipse,
2588 3047 2659 3105 et,
2690 3047 2825 3094 teste
2872 3040 3117 3106 veritate,
3151 3057 3419 3111 nunquam
3453 3044 3517 3097 ad

1937 3131 2084 3185 illum
2128 3130 2402 3198 illgl‘eSSlIS
2446 3144 2585 3194 sum,
2610 3134 2738 3200 quin
2779 3131 2949 3199 ipsum
2990 3142 3084 3187 aut
3115 3135 3405 3201 legentem,
3434 3145 3525 3189 aut

1858 3237 1906 3299 ς
1937 3224 2260 3278 scribentem
2303 3233 2490 3279 contra
2540 3224 2754 3281 Judmos
2797 3226 3112 3282 invenirem.
3159 3229 3350 3297 Magno
3376 3230 3521 3285 enim

1938 3315 2169 3371 fervebat
2200 3316 2319 3371 zelo
2340 3319 2686 3373 convertendi
2718 3327 2930 3386 gentem
2958 3320 3099 3375 illam
3124 3321 3187 3376 ad
3218 3322 3521 3379 veritatem.

1936 3406 2062 3460 Ideo
2088 3415 2142 3461 et
2176 3424 2319 3477 saepe
2350 3411 2494 3463 misit
2526 3426 2611 3465 me
2640 3410 2706 3464 ad
2742 3411 2993 3466 llebrreos
3021 3415 3302 3483 quosdam,
3334 3426 3392 3470 ut
3433 3432 3525 3485 per

1937 3495 2144 3551 litteras
2176 3498 2281 3552 illis
2307 3500 2665 3567 colloquerer.
2686 3500 2799 3555 Non
2824 3501 2967 3557 enim
3003 3503 3155 3562 facile
3184 3506 3349 3563 domo
3370 3524 3523 3576 egre-

1934 3589 2179 3644 diebatur
2214 3591 2351 3660 ipse.

2007 3684 2085 3737 Ad
2116 3684 2256 3737 hunc
2289 3683 2546 3739 domnum
2571 3684 2820 3739 Cosmam
2858 3687 3237 3744 scholasticum
3273 3689 3364 3745 die
3392 3706 3524 3761 qua-

1936 3772 2057 3827 dam
2103 3775 2373 3842 profectus
2422 3789 2577 3836 sum;
2627 3790 2857 3844 cumque
2883 3777 3012 3831 mihi
3045 3793 3229 3847 magna
3263 3780 3329 3834 ad
3377 3781 3523 3837 illum

1938 3874 2081 3919 esset
2133 3866 2349 3926 fiducia,
2374 3867 2699 3935 interrogavi
2732 3882 2876 3932 eum,
2910 3869 3095 3923 dicens
3123 3887 3136 3923 :
3162 3870 3267 3926 Fac
3293 3872 3528 3927 charita-

1940 3970 2067 4021 lent,
2097 3960 2186 4013 dic
2227 3959 2357 4013 mihi
2390 3970 2641 4027 quantum
2677 3961 2932 4029 temporis
2964 3962 3126 4017 habes
3162 3964 3213 4017 in
3245 3968 3345 4020 hoc
3374 3966 3527 4021 insti-

1941 4063 2073 4107 ltth.
2099 4052 2322 4108 Tacenti
2346 4068 2499 4115 vero,
2530 4062 2583 4108 et
2607 4053 2738 4107 nihil
2771 4056 3138 4122 respondenti,
3170 4074 3380 4113 rursum
3411 4060 3521 4115 dixi

1940 4148 2014 4201 illi
2043 4164 2055 4200 :
2082 4147 2183 4202 Per
2209 4147 2485 4201 dominum
2518 4147 2604 4202 dic
2633 4147 2789 4201 mihi.
2819 4148 2950 4201 Cum
2982 4161 3158 4205 autem
3191 4167 3248 4206 se
3281 4152 3368 4207 ille
3391 4168 3524 4223 pau-

1941 4241 2103 4294 lulum
2133 4241 2232 4295 sub
2257 4240 2469 4294 silentio
2504 4239 2876 4308 continuisset,
2906 4240 2982 4294 ait
3009 4242 3136 4295 mihi
3167 4260 3179 4295 :
3208 4243 3445 4312 Triginta
3469 4252 3526 4299 et

1940 4342 2049 4388 tres
2068 4348 2238 4386 annos
2263 4332 2451 4387 habeo.
2470 4331 2621 4399 Quod
2644 4347 2744 4402 ego
2767 4333 3007 4395 audiens,
3027 4333 3315 4399 glorilicavi
3333 4336 3521 4390 Deum.

2016 4426 2161 4480 Alias
2192 4425 2383 4479 iterum
2414 4425 2617 4479 accessi
2650 4426 2712 4477 ad
2742 4425 2913 4485 illum,
2939 4432 2994 4479 et
3021 4425 3342 4494 interrogavi
3376 4442 3523 4496 eum,

1943 4519 2167 4573 dicens:
2194 4517 2297 4571 Fac
2331 4516 2618 4583 perfectam
2669 4517 3016 4583 eharitatem,
3049 4518 3218 4571 sciens
3249 4517 3370 4584 quia
3402 4534 3529 4587 pro-

1872 4613 1917 4672 D
1945 4621 2065 4680 pler
2095 4611 2207 4663 u‘ili
2236 4618 2375 4663 atem
2408 4610 2599 4663 anima:
2624 4610 2894 4679 interrogo
2919 4619 2988 4663 te.
3023 4611 3114 4664 Dic
3142 4608 3292 4671 mihi,
3316 4624 3525 4679 qu.eso,

1950 4703 2001 4755 in
2035 4709 2182 4754 tanto
2213 4710 2454 4768 tempore
2485 4700 2709 4753 instituti
2740 4701 2836 4763 lui,
2862 4699 3054 4769 quietis
3079 4708 3131 4753 et
3159 4700 3527 4766 continentite,

1948 4792 2075 4863 quid
2107 4792 2330 4861 adeptus
2359 4791 2453 4847 es?
2485 4791 2576 4845 Ille
2604 4807 2734 4844 vero
2766 4790 3137 4861 ingemiscens,
3167 4799 3222 4845 et
3244 4805 3310 4844 ex
3341 4790 3529 4845 intimo

1946 4882 2419 4950 curdesuspirans,
2438 4880 2512 4934 ait
2533 4881 2659 4934 mihi
2682 4881 2844 4948 :Qoid
2872 4888 3045 4948 potest
3068 4880 3346 4936 srecularis
3369 4881 3531 4936 homo

1951 4974 2161 5027 virtutis
2201 4971 2443 5039 adipisci,
2472 4980 2528 5026 et
2578 4974 2806 5025 maxime
2839 4970 3076 5025 residens
3115 4970 3165 5025 iu
3208 4972 3368 5029 domo
3398 4975 3533 5027 sua?

1952 5068 2063 5137 Ego
2091 5077 2265 5121 autem
2299 5080 2485 5119 rursHs
2532 5064 2676 5119 illum
2727 5070 3001 5133 rogabam,
3030 5067 3212 5124 (licens
3239 5087 3250 5122 :
3279 5069 3379 5124 Per
3429 5070 3532 5123 Do-

1950 5160 2153 5214 minum
2176 5159 2262 5213 (lic
2285 5159 2435 5222 mihi,
2462 5167 2520 5211 ut
2541 5159 2655 5227 ipse
2679 5172 2888 5226 quoque
2911 5160 3205 5228 proficiam.
3229 5162 3378 5216 'I‘unc
3401 5177 3533 5217 vero

1954 5250 2175 5306 multum
2203 5260 2421 5304 coactus
2451 5264 2479 5301 a
2506 5264 2591 5302 me
2612 5288 2625 5310 ,
2656 5247 2791 5301 dixit
2818 5266 2831 5303 :
2861 5250 3078 5319 Ignosce
3111 5255 3272 5321 mihi;
3298 5255 3396 5308 tria
3431 5253 3533 5309 ista

1951 5350 2271 5397 consecutus
2308 5355 2449 5404 sum,
2492 5352 2596 5393 non
2633 5338 2850 5407 jurare,
2893 5357 2998 5396 non
3038 5345 3274 5414 mentiri,
3314 5360 3419 5401 non
3460 5344 3536 5401 ri-

1954 5436 2102 5490 dere.

2467 5501 2693 5559 CAPUT
2731 5503 3008 5562 CLXXIII.

1958 5598 2174 5655 Factum
2201 5602 2383 5652 mirum
2416 5598 2669 5653 Theodori
2696 5602 3040 5663 anachoreta',
3068 5607 3154 5671 qui
3181 5605 3412 5657 oratione
3437 5606 3539 5659 sua

2309 5671 2362 5723 in
2389 5672 2521 5724 mari
2550 5672 2750 5727 dulcem
2779 5690 2965 5743 aquam
2992 5674 3176 5741 e/Tecit.

2026 5759 2362 5815 Anachoreta
2400 5760 2614 5829 quidam
2644 5749 2761 5817 crat
2798 5764 2849 5817 in
2880 5763 3121 5832 partibus
3148 5762 3416 5827 Iordanis,
3447 5777 3539 5819 no-

1956 5853 2102 5907 mine
2131 5850 2469 5919 'I‘heodorus,
2500 5853 2799 5910 eunuchus.
2835 5855 2929 5909 llic
2960 5856 3276 5910 necessitate
3303 5855 3532 5926 quadam
