3982 6354
475 335 575 388 267

1624 336 1707 389 Dr.
1751 338 1921 391 \"I'I'IS
1963 333 2247 389 PATllUM
2291 331 2486 389 LIBER
2533 336 2598 386 Χ.

3640 337 3745 397 208

474 447 780 518 eonipu'sus
808 457 889 505 est
916 446 1429 518 Constantinopolim
1478 462 1717 517 pergere,
1749 448 2050 519 ingressus-
2082 451 2127 510 Λ
2156 446 2501 512 Alexandria,
2536 445 2774 502 narravit
2802 447 2975 515 nobis,
3009 447 3234 505 dicens:
3280 447 3415 505 Cum
3442 464 3623 506 essem
3658 451 3747 524 ju-

475 558 579 610 que
605 552 690 596 est
719 554 929 596 navem.
962 538 1094 595 Cum
1142 556 1270 595 vero
1321 534 1475 594 na'vis
1504 537 1701 592 diutius
1727 539 2056 594 detineretur

476 634 529 687 in
559 632 765 703 pelago,
792 631 988 687 defecit
1029 647 1187 701 aqua,
1220 642 1478 698 erantque
1530 638 1707 683 nauta:
1734 641 1785 683 et
1811 639 2057 684 vectores

472 723 525 779 lu
558 740 745 795 magna
787 724 1056 778 anxietate
1080 733 1134 779 et
1162 722 1554 791 desperatione.
1605 722 1843 792 Surgens
1871 731 2056 777 autem

473 819 820 880 anachoreta,
848 824 902 869 et
949 813 1257 884 expandens
1286 815 1338 867 in
1366 813 1562 868 ccclum
1605 828 1792 867 manus
1835 827 1959 866 suas
1988 812 2053 866 ad

476 911 670 972 Deum,
700 908 788 976 qui
838 907 1007 960 salvat
1055 908 1121 959 de
1170 916 1342 959 morte
1384 905 1589 959 animas
1640 914 1886 968 nostras,
1918 906 2053 957 facta

471 1001 734 1065 oratione,
766 996 992 1068 signavit
1029 1011 1173 1050 mare
1214 996 1366 1065 signo
1408 998 1604 1059 crucis,
1629 1007 1682 1051 et
1732 997 1808 1050 ait
1840 995 2011 1050 nautis
2040 1013 2049 1048 :

475 1088 794 1143 Benedictus
848 1085 1134 1149 Dominus,
1168 1083 1373 1139 haurite
1419 1094 1673 1154 quantum
1725 1099 1876 1153 aqua:
1916 1100 2054 1154 'opus

472 1183 698 1239 habetis.
754 1180 1215 1250 Impleveruntqne
1267 1178 1442 1231 omnia
1494 1192 1617 1255 vasa
1666 1191 1759 1229 sua
1808 1177 1875 1231 de
1922 1176 2053 1230 mari

473 1291 608 1344 aqua
640 1275 811 1337 du'ci;
850 1284 901 1326 et
931 1287 1115 1325 omnes
1146 1270 1580 1340 glorificaverunt
1611 1271 1794 1323 l‘euin.

990 1385 1217 1442 CAPUT
1259 1385 1535 1439 CLXXIV.

478 1477 691 1531 Furtum
721 1479 945 1531 nancteri
978 1479 1072 1531 viri
1099 1478 1345 1545 religiosi,
1383 1480 1469 1545 qui
1507 1476 1730 1547 plumam
1758 1492 1789 1528 a
1835 1474 2053 1529 Domino

1110 1558 1391 1617 impetravit

541 1641 719 1696 Abbas
769 1639 1061 1710 Gregorius
1108 1641 1428 1694 anachoreta
1476 1641 1712 1694 narravit
1758 1639 1944 1706 nobis,
1975 1639 2054 1692 di-

470 1747 597 1788 cens
623 1748 634 1787 :
658 1731 793 1787 Cum
823 1748 887 1787 ex
922 1732 1174 1804 Byzantio
1203 1731 1604 1797 descenderem,
1640 1733 1912 1799 ingressus
1934 1746 2053 1783 sum

2158 539 2332 605 venis,
2364 537 2796 608 indisciplinatus
2833 541 2983 595 valde
3006 552 3055 596 et
3082 541 3348 612 inquietus
3377 541 3470 597 fui.
3503 544 3601 599 Bie
3624 561 3751 617 ergo

2157 628 2385 696 quadam
2417 627 2845 697 persecutionem
2873 629 3013 699 passi
3043 645 3140 699 pro
3161 642 3340 685 nostra
3364 631 3751 705 inquietudine,

2158 714 2388 783 fugimus
2413 717 2464 771 in
2509 718 2844 773 Palmstinam
2875 735 2974 789 ego
3001 731 3054 776 et
3084 737 3275 776 novem
3299 724 3423 789 alii;
3450 725 3592 781 inter
3613 742 3748 797 quos

2161 820 2299 860 ttnus
2330 808 2541 875 quidam
2571 816 2688 861 erat
2718 809 3034 877 industrius,
3069 810 3205 865 alius
3232 823 3408 868 autem
3459 814 3745 876 llebraus.

2159 894 2291 951 Cum
2324 914 2451 969 ergo
2476 902 2810 955 venissemus
2834 917 2884 955 In
2914 918 3175 968 eremuin,
3208 904 3504 960 infirmatus
3530 919 3611 962 est
3644 908 3749 963 He-

2159 987 2339 1043 brazus
2394 1007 2561 1057 usque
2609 992 2672 1046 ad
2723 1002 2972 1061 mortem,
3006 1002 3060 1048 et
3091 995 3197 1048 Deo
3229 1005 3386 1065 teste,
3438 998 3489 1052 in
3556 1015 3748 1068 magno

2160 1095 2396 1135 maerore
2424 1083 2698 1137 constituti
2748 1099 2984 1153 eramus,
3018 1087 3317 1141 nescientes
3346 1088 3471 1158 quid
3503 1090 3578 1144 illi
3610 1089 3751 1145 face-

2156 1187 2361 1228 remus.
2396 1173 2772 1231 Verumtamen
2811 1187 2867 1230 ut
2887 1187 2969 1231 est
2997 1180 3327 1233 consuetudo
3375 1182 3595 1237 socialis
3623 1183 3750 1237 eba-

2158 1265 2353 1331 ritatis,
2385 1282 2489 1319 non
2518 1267 2661 1320 illum
2707 1266 3064 1334 deseruimus,
3116 1270 3209 1323 sed
3257 1273 3621 1342 unusquisque
3649 1291 3747 1329 no-

2155 1369 2324 1411 strum
2357 1373 2451 1428 pro
2476 1358 2678 1413 viribus
2705 1359 3073 1424 ferebateum,
3103 1360 3348 1418 vnlentes
3397 1365 3482 1419 vel
3535 1367 3587 1419 in
3616 1363 3747 1420 civi-

2161 1455 2347 1515 tatem,
2382 1448 2463 1502 vel
2488 1451 2536 1501 in
2570 1448 2867 1517 emporium
2900 1450 3049 1505 illum
3086 1451 3314 1517 ducere,
3347 1469 3413 1508 ne
3450 1466 3751 1515 moreretur

2160 1538 2211 1593 in
2246 1555 2451 1595 eremo.
2483 1541 2615 1596 Cum
2649 1558 2775 1597 vero
2821 1542 3135 1600 adolescens
3162 1560 3226 1599 ex
3260 1546 3432 1601 inedia
3478 1559 3534 1605 et
3580 1550 3748 1607 vehe-

2160 1630 2493 1686 meritissima
2528 1634 2699 1701 febre,
2732 1635 3192 1706 immoderatoque
3220 1637 3400 1694 labore
3429 1649 3486 1695 et
3512 1643 3602 1697 siti
3637 1659 3748 1713 pra

2158 1722 2288 1778 solis
2328 1727 2752 1797 aestutntusjam
2779 1730 2888 1785 fere
2918 1731 3184 1784 resolutus
3233 1741 3378 1787 esset
3404 1743 3568 1805 atque
3615 1736 3749 1791 deﬁ-

474 1825 647 1879 navim
675 1842 686 1876 :
717 1825 934 1877 intravit
970 1825 1242 1878 autem'et
1279 1824 1450 1877 scriba
1495 1823 1708 1893 quidam
1739 1837 1860 1877 cum
1892 1836 2056 1876 uxore

2164 1823 2330 1881 ceret,
2363 1816 2726 1885 propinquans
2755 1819 2821 1872 ad
2847 1820 3071 1887 exitum,
3101 1836 3272 1891 neque
3296 1825 3499 1889 portari
3542 1838 3746 1896 posset,

474 1934 591 1987 sua,
609 1920 938 1988 profecturus
958 1917 1022 1971 ad
1040 1927 1275 1971 sanctam
1300 1917 1569 1972 civitatem
1588 1915 1846 1970 orationis
1869 1930 2050 1970 causa.

476 2011 600 2066 Erat
642 2022 818 2063 autem
860 2007 1139 2063 nauclerus
1185 2007 1466 2078 religiosus
1511 2008 1689 2072 valde,
1722 2010 2055 2076 multumque

473 2105 741 2172 jejunans.
766 2100 897 2156 Cmn
927 2117 1053 2172 ergo
1080 2101 1673 2172 navigareiuus,scrib:e
1696 2106 1832 2155 servi
1861 2098 2055 2153 fruStra

475 2194 863 2250 consumebant
891 2208 1104 2262 aquam.
1138 2193 1423 2262 Postquam
1459 2208 1585 2247 vero
1616 2193 1666 2246 in
1696 2190 1928 2245 medium
1960 2204 2050 2255 pe.

475 2288 622 2358 lagus
673 2288 945 2351 Venimus,
991 2284 1187 2339 defecit
1229 2284 1381 2339 nobis
1428 2299 1594 2354 aqua,
1637 2297 1960 2352 eramusque
2003 2284 2055 2335 in

475 2394 666 2450 magna
699 2380 931 2433 tristitia.
965 2378 1029 2432 Et
1056 2388 1171 2432 erat
1212 2376 1517 2432 miserabile
1551 2378 1938 2446 spectaculum,
1977 2373 2058 2428 vi-

474 2472 604 2527 dere
628 2470 902 2537 mulieres,
926 2479 980 2525 et
1006 2484 1219 2540 pueros,
1248 2481 1302 2525 et
1341 2467 1572 2523 infantes
1611 2468 1697 2522 siti
1722 2475 2053 2528 arescentes,

475 2572 530 2617 et
557 2561 717 2616 veluti
746 2569 985 2616 mortuos
1010 2560 1271 2629 jaccutes.
1300 2561 1430 2613 Cum
1456 2575 1584 2629 ergo
1610 2559 1723 2612 dies
1747 2571 1857 2612 tres
1881 2557 1932 2610 in
1960 2556 2059 2610 hac

475 2653 795 2710 necessitate
824 2653 1159 2717 fecissemus,
1186 2652 1358 2707 scriba
1391 2652 1507 2721 ipse
1529 2650 1925 2706 tribulationem
1950 2666 2055 2703 non

474 2748 766 2813 sustinens,
793 2747 985 2801 educto
1007 2746 1209 2817 gladio,
1244 2754 1297 2800 et
1327 2755 1517 2800 nautas
1539 2754 1595 2818 et
1623 2745 1933 2799 nauclerum
1964 2759 2058 2797 vo-

474 2840 616 2896 lebat
644 2838 914 2894 occidere.
946 2838 1164 2893 Dicebat
1192 2839 1333 2892 enim
1361 2852 1377 2890 :
1405 2837 1466 2892 ili
1495 2845 1619 2891 sunt
1643 2844 1841 2892 nostra:
1875 2836 2056 2905 perdi.

473 2933 632 2988 tionis
656 2940 923 3001 auctores,
948 2933 1069 3003 quia
1094 2946 1199 2985 non
1229 2940 1575 3001 sumpserunt
1595 2947 1786 3001 aquam
1817 2930 1882 2984 ad
1908 2928 2058 2985 solli-

473 3026 740 3081 cientiam.
774 3025 888 3096 Ego
929 3037 1105 3079 autem
1158 3023 1376 3078 orabam
1421 3022 1652 3078 scribam
1684 3024 1869 3079 dicens
1897 3038 1911 3076 :
1938 3022 2057 3078 Noli

473 3120 576 3174 hoc
597 3117 795 3183 facere,
818 3116 911 3172 sed
939 3117 1105 3185 magis
1126 3117 1479 3187 deprecemur
1500 3116 1782 3170 Dominum
1814 3127 2056 3171 nosmim

2160 1903 2500 1961 decrevimus
2529 1925 2648 1962 cum
2682 1910 2865 1964 multis
2915 1911 3164 1983 lacrymis
3203 1911 3352 1968 illum
3379 1915 3652 1973 dimittere
3693 1918 3746 1973 iu

2159 2010 2365 2063 eremo,
2393 2009 2446 2051 et
2471 1999 2780 2068 abscedere,
2814 2013 3111 2058 metuentes
3152 2017 3221 2057 ne
3264 2019 3364 2058 nos
3405 2007 3513 2076 ipsi
3535 2023 3747 2078 quoque

2158 2092 2247 2145 siti
2273 2093 2649 2150 deficeremus.
2682 2096 2811 2151 Cum
2839 2100 2996 2165 igitur
3028 2099 3177 2156 illum
3204 2103 3256 2157 in
3286 2117 3447 2157 arena
3476 2104 3747 2169 plorantes

2166 2184 2555 2253 posuissemus,
2580 2186 2891 2257 videretque
2920 2205 3015 2243 nos
3044 2192 3192 2247 abire
3243 2196 3406 2261 velle,
3458 2194 3622 2263 cmpit
3648 2208 3747 2251 nos

2160 2277 2429 2346 adjurare,
2483 2280 2697 2335 dicens:
2729 2280 2830 2335 Per
2864 2282 3025 2336 Deum
3056 2285 3144 2354 qui
3175 2284 3300 2340 fecit
3326 2289 3520 2343 castum
3550 2298 3605 2342 et
3634 2297 3743 2343 ter-

2168 2383 2303 2432 ram,
2339 2384 2432 2437 per
2463 2369 2629 2424 Deum
2676 2375 2763 2441 qui
2816 2373 3088 2430 inclinavit
3128 2377 3315 2443 ccelos,
3362 2387 3418 2434 et
3470 2379 3746 2434 descendit

2165 2477 2261 2528 pro
2288 2465 2458 2517 salute
2478 2465 2691 2517 humani
2724 2469 2955 2535 generis,
2986 2484 3079 2537 per
3109 2470 3272 2523 Deum
3297 2472 3384 2538 qui
3407 2471 3744 2539 judicaturus

2160 2563 2241 2608 est
2268 2555 2414 2606 vivos
2445 2563 2496 2608 et
2522 2564 2779 2621 mortuos,
2812 2559 2975 2613 nolite
3004 2563 3108 2628 pati
3142 2571 3197 2615 ut
3227 2562 3484 2617 Hebraeus
3527 2566 3744 2631 moriar,

2161 2645 2255 2701 sed
2289 2656 2538 2715 tanquam
2564 2646 2849 2704 ChriStiaui
2876 2653 3031 2707 facite
3063 2669 3268 2710 niecum
3299 2655 3739 2725 misericordiam,

2160 2750 2212 2792 et
2237 2739 2501 2807 baptizatc
2531 2757 2635 2806 tne,
2663 2752 2718 2796 ut
2747 2742 3081 2800 Christianus
3103 2750 3168 2801 de
3198 2747 3297 2801 hac
3327 2750 3430 2801 vita
3452 2765 3665 2814 exeam,
3689 2760 3743 2805 et

2118 2833 2123 2838 ’
2165 2830 2229 2882 ad
2268 2827 2546 2882 Dominum
2575 2847 2807 2901 pergam.
2844 2835 2950 2888 Nos
2984 2851 3106 2888 vero
3132 2837 3440 2893 dicebamus
3464 2840 3550 2894 ei:
3585 2839 3740 2904 Vere,

2165 2921 2350 2986 frater,
2382 2938 2487 2975 non
2520 2924 2641 2977 licet
2673 2924 2827 2978 nobis
2868 2925 2967 2979 hoc
3014 2926 3211 2995 facere,
3264 2930 3550 2985 sa'cnlares
3597 2930 3739 2985 cnim

2160 3028 2376 3079 sumus;
2412 3016 2511 3068 hoc
2562 3025 2741 3069 autem
2794 3014 3171 3086 episcoporum
3205 3034 3277 3095 σει
3311 3018 3743 3091 ιιι-ρεὺγιετιτυηι

2161 3120 2296 3174 Opus
2326 3120 2434 3171 est;
2462 3106 2555 3160 sed
2585 3121 2757 3175 neque
2787 3124 2920 3177 aqua
2947 3111 3032 3165 hic
3062 3119 3165 3164 est.
3216 3111 3306 3166 Ille
3337 3126 3463 3166 vero
3493 3113 3743 3181 persiste-

474 3211 657 3266 Jesum
704 3223 888 3264 verum
939 3209 1126 3273 Deum,
1151 3210 1239 3278 qui
1293 3208 1419 3263 τηρίι
1448 3224 1640 3279 magna
1682 3220 1735 3264 ει
1768 3209 2052 3274 mirabilia,
2086 3196 2131 3257 C
2169 3195 2257 3249 bat
2305 3197 2552 3251 similiter
2590 3199 2844 3266 adjurans
2899 3215 3017 3265 nos,
3045 3210 3100 3255 et
3143 3202 3287 3269 plura
3319 3206 3478 3256 etiam
3507 3218 3629 3257 cum
3672 3204 3744 3257 lae

475 3317 701 3368 q'nrttm
734 3316 839 3357 non
868 3310 949 3354 est
979 3316 1251 3355 numerus.
1313 3301 1452 3356 Ecce
1495 3302 1638 3355 enim
1671 3312 1727 3357 et
1757 3304 2060 3368 nauclerus,

476 3400 534 3445 ut
560 3392 729 3459 vides,
764 3392 977 3446 tertium
1011 3391 1150 3444 hunc
1180 3392 1290 3461 agit
1316 3391 1456 3444 diem
1482 3432 1496 3456 ,
1523 3391 1729 3462 jejunio
1754 3403 1808 3446 et
1835 3392 2062 3445 orationi

478 3499 693 3540 vacans.
723 3484 965 3552 Cumque
990 3484 1342 3553 acquievisset
1363 3484 1557 3550 scribi,
1586 3493 1773 3555 quarta
1803 3484 1890 3538 die
1920 3485 2062 3538 circa

477 3586 683 3632 sextam
736 3576 921 3630 horam
982 3588 1208 3643 surgens
1264 3574 1587 3640 nauclerus,
1632 3573 1885 3627 clamavit
1935 3588 2067 3628 voce

478 3685 689 3740 magna,
717 3668 939 3724 dicens:
965 3666 1146 3723 Gloria
1181 3665 1273 3720 tibi
1300 3707 1315 3731 ,
1347 3665 1561 3721 Christe
1592 3666 1732 3720 Dens
1762 3678 1964 3729 noster,
1995 3666 2063 3719 ita

478 3773 538 3816 ut
564 3776 754 3816 omnes
787 3761 1109 3815 miraremur
1140 3759 1193 3814 in
1218 3775 1347 3813 voce
1369 3759 1555 3828 ipsius.
1589 3759 1839 3829 Dixitque
1867 3759 2063 3814 nautis:

480 3851 788 3908 Subntittite
810 3851 1150 3906 membranas
1168 3848 1302 3922 (55).
1330 3849 1528 3904 Etcum
1549 3846 1924 3919 explicui-sent
1948 3864 2061 3913 eas,

476 3958 603 3999 ecce
631 3945 800 3997 nul:es
822 3957 979 4011 supra
1007 3956 1196 3996 navem
1224 3941 1466 4007 venit-ns,
1490 3952 1695 3995 tantum
1726 3942 1859 4012 pluit
1885 3957 2061 4011 aqum,

477 4036 652 4091 donec
699 4038 1051 4105 impleverunt
1101 4052 1222 4089 vasa
1271 4037 1336 4089 ad
1386 4044 1760 4091 necessrtatem
1803 4047 2060 4090 nostram.

483 4129 611 4182 Erat
640 4136 816 4181 autem
849 4128 1161 4181 miraculum
1190 4127 1394 4195 grande
1414 4138 1467 4182 et
1499 4127 1755 4196 terribile,
1786 4128 1927 4197 quod
1961 4143 2053 4182 ve-

480 4220 712 4273 lilicante
742 4234 900 4284 nave,
928 4219 1096 4273 nubes
1117 4218 1204 4272 illa
1236 4229 1656 4289 consequeretur
1684 4236 1803 4285 nos,
1826 4230 1880 4273 et
1908 4230 2060 4275 extra

480 4326 668 4367 navem
700 4328 805 4367 non
834 4312 1063 4381 plueret.

1015 4400 1242 4457 CAPUT
1280 4400 1532 4457 CLXXV.

550 4491 754 4546 Relatio
780 4493 844 4547 de
870 4491 1076 4547 Zenone
1103 4492 1413 4562 imperatore
1433 4493 1537 4545 viro
1568 4493 1987 4563 eleemosynario.

2168 3291 2369 3359 crymis
2399 3290 2676 3359 adjiricns,
2708 3304 2772 3344 ac
2800 3290 2985 3344 dicens
3013 3309 3028 3348 :
3080 3292 3275 3359 Nolite,
3303 3294 3615 3363 Christiani,
3663 3309 3744 3349 me

2170 3384 2381 3449 privare
2431 3381 2531 3434 hoc
2567 3382 2818 3434 divinitus
2851 3382 3059 3436 iuilulto
3106 3399 3345 3439 munere.
3372 3384 3506 3438 Cum
3538 3401 3665 3455 ergo
3694 3384 3745 3440 iu

2169 3487 2359 3542 magna
2403 3474 2738 3526 lia~sitationc
2765 3488 3027 3540 essemus,
3062 3475 3350 3530 industrius
3379 3478 3469 3530 ille
3497 3479 3746 3531 divmitu!

2171 3567 2456 3634 inSpiratus
2480 3566 2553 3619 ait
2585 3565 2736 3619 nobis
2769 3580 2783 3619 :
2817 3566 3016 3635 Erigite
3065 3569 3235 3633 illum,
3267 3578 3321 3623 et
3366 3570 3575 3624 exuite.
3611 3569 3741 3624 Erc-

2173 3660 2350 3710 ximus
2377 3660 2557 3725 itaque
2590 3671 2710 3712 cum
2741 3676 2805 3711 m.
2829 3677 2933 3728 gno
2975 3659 3156 3713 labore
3207 3662 3379 3727 illum,
3402 3670 3745 3731 erectumque

2169 3758 2412 3805 tenentes
2463 3751 2731 3807 exuimus.
2785 3754 3079 3808 ilthSlritts
3145 3768 3323 3810 autem
3383 3756 3472 3810 ille
3522 3755 3747 3824 impleas

2172 3844 2354 3895 ambas
2382 3859 2571 3898 manus
2595 3860 2717 3899 suas
2742 3861 2900 3899 arena
2958 3845 3031 3917 (fil
3056 3845 3096 3914 ),
3157 3849 3311 3901 tertio
3359 3847 3545 3901 clfudit
3592 3861 3746 3916 super

2173 3947 2255 3999 ca,
2278 3943 2329 3987 ut
2360 3934 2505 4003 ejus,
2536 3934 2717 3989 dit-ens
2740 3936 2811 3990 ita
2841 3954 2852 3989 :
2890 3936 3190 4005 Baptizatur
3217 3939 3531 3993 'l‘liendorus
3560 3941 3612 3991 in
3655 3954 3745 3991 no-

2172 4025 2316 4079 mine
2345 4026 2465 4079 l’atr
2487 4044 2535 4092 s,
2567 4038 2619 4082 et
2648 4027 2787 4091 Filii,
2835 4039 2889 4082 et
2917 4029 3145 4095 Spiritus
3191 4029 3381 4082 sancti.
3422 4030 3591 4083 Nobis
3623 4042 3744 4083 vero

2174 4132 2269 4186 per
2297 4119 2501 4188 singula
2527 4120 2738 4175 nomina
2768 4130 2966 4175 sancta:
2996 4133 3044 4174 et
3070 4121 3538 4174 consubstantialis
3558 4131 3615 4175 et
3634 4121 3745 4174 add

2177 4213 2361 4264 randa:
2402 4212 2680 4266 Trinitatis
2742 4214 3189 4280 reqondemibus
3237 4217 3406 4267 Amen
3453 4213 3742 4278 (Dominus

2169 4302 2308 4356 Deus
2341 4306 2490 4359 testis
2517 4316 2619 4368 est,
2651 4307 2885 4374 fratres),
2918 4307 2990 4359 ita
3016 4305 3270 4360 cominuo
3300 4307 3510 4361 sanavit
3546 4316 3602 4362 et
3624 4322 3741 4361 eor-

2168 4397 2266 4451 rob
2286 4399 2437 4451 .ravit
2468 4413 2589 4451 eum
2620 4399 2865 4455 Christus
2896 4401 3033 4455 Deus
3061 4413 3261 4464 noSter,
3311 4411 3367 4454 ut
3398 4403 3601 4455 nullum
3639 4404 3743 4471 jam

2167 4489 2219 4543 in
2250 4506 2315 4546 eo
2346 4491 2584 4561 priSiinas
2631 4494 2957 4548 inlirmitatis
2995 4506 3295 4549 remaneret
3346 4495 3625 4562 indicium,
3666 4501 3744 4553 vel

546 4582 793 4638 Narravit
823 4583 978 4638 nobis
1008 4583 1224 4654 quidam
1249 4585 1463 4638 Patrum
1494 4582 1560 4637 de
1590 4583 1805 4639 Zenone
1836 4584 2059 4654 iinpera-
2089 4573 2139 4632 Ι)
2166 4582 2551 4652 qualiscunque
2606 4588 2902 4654 passionis;
2958 4586 3051 4640 sed
3106 4601 3269 4642 sanus
3297 4597 3351 4642 et
3402 4588 3587 4643 valens
3629 4605 3744 4643 cum

476 4686 614 4745 tore,
647 4676 831 4731 dicens
858 4674 1001 4745 quod
1046 4675 1327 4730 mulierem
1357 4677 1639 4745 quamdam
1673 4677 1726 4730 in
1758 4677 1862 4730 lilia
1892 4676 2059 4746 ipsius

475 4769 732 4837 iniuriose
779 4769 1042 4823 tractavit.
1098 4766 1223 4821 llaec
1268 4776 1443 4822 autem
1493 4768 1715 4822 vacabat
1760 4770 1811 4823 in
1862 4772 2057 4839 templo

477 4862 714 4917 Domina:
758 4871 957 4917 nostra:
1007 4870 1205 4914 sancta:
1247 4859 1341 4914 Dei
1386 4860 1692 4930 genitricis,
1738 4875 1897 4914 orans
1939 4877 2057 4916 eam

471 4952 637 5024 915
666 4963 721 5006 et
745 4953 1062 5021 deprecans,
1083 4960 1138 5007 et
1164 4967 1285 5007 cum
1312 4951 1562 5021 lacrymis
1583 4951 1766 5007 dicens
1792 4971 1805 5008 :
1836 4952 2056 5007 Vindici.

478 5060 565 5099 me
592 5046 660 5098 de
689 5042 902 5098 Zenone
931 5046 1274 5113 imperatore.
1325 5041 1456 5096 Cutn
1490 5058 1618 5111 ergo
1660 5044 1837 5097 multis
1870 5043 2060 5099 diebus

478 5138 580 5192 hoc
607 5136 832 5202 faceret,
864 5139 1110 5208 apparuit
1139 5140 1189 5193 ei
1218 5145 1403 5191 sancta
1436 5135 1528 5191 Dei
1552 5137 1807 5206 genitrix,
1839 5138 2056 5192 ilicens:

476 5225 650 5282 Crede
677 5227 828 5294 mihi,
863 5228 1053 5283 mulier
1077 5272 1092 5297 ,
1125 5229 1384 5282 ultionem
1416 5234 1558 5281 tuam
1588 5241 1730 5294 szepe
1760 5227 1936 5283 facere
1967 5244 2059 5282 vo-

477 5317 571 5382 lui,
604 5315 696 5370 sed
728 5331 915 5371 manus
954 5315 1071 5385 ejus
1118 5317 1361 5387 prohibet
1393 5330 1501 5372 me.
1552 5318 1681 5372 Erat
1724 5322 1867 5371 enim
1910 5318 2060 5373 valde

478 5406 811 5473 misericors,
839 5418 892 5462 et
924 5408 1291 5479 eleemosynas
1325 5410 1544 5463 faciens.

992 5516 1217 5573 CAPUT
1267 5517 1547 5575 CLXXVI.

476 5605 707 5683 Pulchra
728 5609 911 5683 relatio
931 5607 1123 5662 abbatis
1156 5608 1371 5683 Andreas
1392 5612 1455 5683 de
1483 5612 1654 5683 iterem
1688 5613 1807 5665 viris
1835 5616 2059 5683 peregri-

545 5681 801 5746 nantibus,
834 5682 963 5732 inter
1001 5696 1126 5748 quos
1156 5681 1253 5749 fuit
1294 5691 1340 5733 ct
1378 5681 1670 5735 adolescens
1712 5681 1983 5738 lubricus».

551 5781 728 5838 Abbas
751 5782 992 5839 Andreas
1011 5785 1196 5839 Uctavl
1217 5784 1411 5839 decimi
1434 5784 1574 5854 (sic),
1598 5800 1718 5840 cum
1741 5803 1981 5844 essemus
2005 5794 2057 5844 in

2165 4677 2310 4730 omni
2364 4678 2642 4732 alacritate
2695 4689 2748 4732 et
2811 4677 2999 4732 llorido
3024 4689 3265 4747 aspectu,
3295 4683 3435 4747 quod
3486 4681 3744 4752 reliquum

2163 4778 2280 4823 erat
2328 4769 2569 4836 itineris,
2620 4784 2713 4840 per
2762 4785 3004 4825 eremum
3045 4771 3341 4825 ambulavit
3383 4789 3601 4840 semper
3653 4789 3746 4829 nos

2166 4872 2510 4940 prmccdcns,
2543 4872 2615 4926 ita
2648 4881 2701 4926 ut
2729 4872 3056 4927 admirantes
3086 4873 3245 4927 talem
3275 4886 3330 4930 et
3381 4885 3486 4927 lam
3520 4877 3745 4929 subitam

2165 4966 2543 5028 mutationem,
2600 4980 2789 5018 omnes
2842 4955 3241 5019 laudaverimus'
3265 4974 3321 5020 et
3368 4969 3747 5037 glorilicaveri-

2164 5072 2283 5111 mus
2315 5058 2638 5112 ineffabilem
2681 5060 3015 5127 majestatem
3047 5069 3099 5113 et
3133 5061 3516 5132 benignitatem
3549 5062 3745 5118 Christi

2165 5148 2256 5204 Dei
2290 5152 2477 5204 nostri.
2513 5150 2802 5207 Venientes
2832 5163 3006 5207 autem
3062 5157 3396 5220 Ascali'nem,
3432 5155 3749 5211 adduximus

2162 5257 2282 5297 eum
2314 5243 2382 5297 ad
2431 5246 2643 5298 beatum
2692 5260 2754 5299 ac
2800 5255 3044 5300 sanctum
3101 5246 3407 5319 Dionysium
3456 5249 3575 5318 ejus
3605 5250 3748 5304 urbs

2164 5335 2493 5404 episcopum,
2528 5345 2807 5391 narrantes
2838 5352 2954 5404 quae
2980 5336 3128 5390 fratri
3162 5341 3211 5391 in
3248 5337 3330 5392 via
3375 5322 3764 5411 (νυιιιίεἰςδθηι.’

2170 5427 2375 5492 Quibus
2405 5428 2628 5493 auditis,
2662 5438 2877 5482 sanctus
2928 5430 3379 5501 admirandusque
3432 5431 3735 5504 Dionysius,

2170 5529 2391 5586 stupens
2420 5520 2484 5572 ad
2540 5530 2648 5572 tam
2698 5534 2892 5572 novum
2951 5520 3351 5591 manditmnque
3406 5522 3740 5589 miraculum,

2166 5618 2457 5663 coiivocato
2486 5610 2632 5663 clero
2662 5609 2904 5676 exposuit
2949 5611 2997 5663 ei
3032 5620 3199 5665 totum
3232 5614 3523 5684 negmium.
3567 5627 3621 5669 ut
3658 5616 3745 5669 dc-

2166 5710 2470 5767 cerneient,
2523 5709 2694 5754 utrum
2725 5701 2915 5756 effusio
2956 5702 3043 5755 illa
3086 5718 3263 5757 arenze
3292 5707 3579 5774 reputanda
3609 5714 3743 5762 esset

2167 5792 2316 5846 fratri
2340 5792 2391 5847 in
2419 5794 2758 5862 baptismum,
2795 5810 2859 5848 an
2893 5810 3021 5848 non.
3054 5795 3113 5849 Et
3149 5796 3234 5851 alii
3259 5798 3477 5868 quidem
3507 5799 3739 5857 dicebant

3756 5107 3771 5167 ἐ
