3982 6354
270 336 379 396 ποθ

1532 331 1813 388 PRATL'M
1855 328 2066 384 SPlIlH
2086 328 2289 385 UALE.

3440 320 3545 377 210

270 457 470 514 debere
495 456 733 527 reputari
764 454 837 509 illi
864 453 914 506 in
961 451 1276 522 baptismum
1312 458 1524 519 propter
1565 446 1857 503 inauditam
1888 445 1934 504 Α
1963 440 2108 508 deut,
2143 458 2190 500 et
2226 445 2529 513 ubicunque
2562 460 2685 517 eum
2716 459 2837 500 esse
2883 445 3225 513 contigisset,
3259 442 3546 496 indiscrete

272 554 516 609 miraculi
571 551 1021 622 magnitudinem;
1070 547 1161 603 alii
1216 561 1343 602 vero
1399 543 1668 603 dicebant,
1721 541 1858 595 Non.

272 647 579 713 Theologns
609 645 804 714 quippe
835 640 1124 710 Gregorius
1154 640 1330 692 omnia
1356 637 1672 703 baptismate
1713 631 1866 683 dinu-

276 745 449 792 merat
479 734 717 805 (δωρον.
752 732 1004 787 Nazianz.
1030 740 1163 784 orat.
1185 728 1277 791 59,
1305 741 1420 796 quae
1463 734 1569 787 est,
1598 720 1662 776 In
1689 729 1866 775 sancta

273 832 518 900 Lumina)
548 849 562 884 :
586 829 917 898 Baptizabat,
946 825 1215 893 inquiens,
1246 822 1477 891 Moyses,
1502 818 1594 873 sed
1626 815 1678 871 iu
1705 828 1862 883 aqua.

273 938 328 982 et
349 935 503 980 antea
537 924 587 979 in
614 925 770 987 nube,
805 931 858 975 et
902 921 953 974 in
1008 918 1166 972 mari.
1198 915 1492 980 Baptizavit
1538 920 1592 968 et
1632 910 1867 966 Joannes

276 1031 386 1072 non
414 1018 523 1085 jam
551 1014 764 1083 quidem
791 1011 1035 1077 Judaice,
1063 1023 1165 1062 n0n
1219 1007 1361 1063 enim
1394 1005 1446 1058 in
1477 1017 1614 1072 aqua
1668 1003 1867 1065 solum,

277 1110 378 1165 sed
410 1109 532 1164 etin
566 1106 898 1175 pmnitentia.
931 1103 1171 1171 Baptizat
1194 1109 1370 1155 autem
1400 1108 1453 1152 et
1482 1097 1657 1160 Jesus,
1692 1094 1785 1148 sed
1818 1094 1869 1146 in

276 1201 483 1272 Spiritu
512 1210 718 1254 sancto.
755 1197 896 1252 Istud
930 1196 1185 1266 perfectio
1210 1203 1311 1248 est.
1342 1192 1465 1247 Scio
1514 1199 1570 1246 et
1621 1199 1868 1259 quartum

279 1294 604 1361 baptismum
655 1307 750 1361 per
805 1290 1117 1359 martyrium
1169 1298 1222 1342 et
1272 1285 1604 1353 sanguinem.
1641 1281 1768 1338 Scio
1818 1289 1869 1334 ct

277 1387 547 1456 quintum.
574 1384 929 1453 laerymarum
971 1380 1193 1435 scilicet.
1240 1377 1365 1431 Ilaec
1408 1377 1517 1430 ille.
1552 1376 1669 1442 Quo
1712 1373 1873 1443 igitur

282 1477 502 1540 borum,
528 1475 603 1529 illi
650 1473 981 1543 ittqniehant,
1016 1471 1117 1525 iste
1147 1469 1444 1538 baptizatus
1474 1476 1575 1531 est,
1609 1473 1665 1519 ut
1708 1464 1869 1518 etiam

281 1567 451 1637 ipsius
480 1565 740 1632 baptisma
789 1563 1124 1626 roboremus,
1157 1560 1392 1614 maxime
1438 1572 1558 1611 cum
1616 1556 1870 1609 Dominus

278 1663 346 1716 ad
378 1658 727 1717 Nicodemum
760 1658 940 1710 dicat:
974 1655 1081 1709 Nisi
1132 1653 1250 1722 quis
1281 1659 1437 1706 natus
1487 1648 1647 1705 fuerit
1699 1648 1872 1701 denuo

280 1768 346 1808 ex
378 1767 512 1819 aqua
543 1760 596 1803 et
625 1749 846 1819 Spiritu,
872 1762 977 1799 non
1001 1744 1217 1798 intrabit
1246 1743 1296 1795 in
1326 1756 1545 1809 regnum
1571 1738 1661 1792 Dei
1688 1736 1868 1807 (.Ioeu.

1967 534 2419 590 communicabat.
2448 536 2687 601 Quadam
2714 536 2874 605 igitur
2897 536 2986 589 die
3018 535 3263 604 apparuit
3297 549 3346 589 et
3378 549 3542 605 ange-

1969 629 2050 682 lus
2087 628 2199 693 Dei,
2236 629 2458 683 dicens:
2494 629 2607 694 Dic,
2637 611 2823 691 series,
2849 630 2890 681 si
2920 638 3164 682 mortuus
3194 626 3388 690 fueris,
3414 643 3546 694 quo-

1970 718 2129 772 tnodo
2151 718 2229 773 vis
2256 720 2577 787 sepeliamus
2598 719 2691 775 te?
2722 720 3028 791 ntIEgyptii
3059 719 3305 773 monachi
3327 718 3549 781 faciunt,

1972 823 2038 862 an
2072 819 2127 862 ut
2174 810 2603 879 Jerosolytnitze?
2662 812 2840 867 Senex
2892 823 3068 864 autem
3127 809 3405 879 respondit
3451 811 3549 863 ei:

1972 899 2187 955 Nescio.
2217 901 2367 957 'I‘unc
2391 903 2463 957 ait
2492 902 2714 973 angelus
2741 921 2751 955 :
2802 903 3010 971 Cogita,
3036 911 3089 958 et
3139 901 3407 967 delibera;
3436 908 3556 968 post

1977 1003 2082 1049 tres
2108 1005 2286 1050 antem
2320 996 2681 1052 hebdomadas
2712 998 2945 1058 veniam,
2968 1005 3024 1051 el.
3052 997 3200 1053 dices
3227 996 3374 1050 mihi.
3430 995 3554 1049 I‘cr-

1973 1100 2104 1157 gens
2134 1102 2235 1158 ego
2262 1102 2425 1143 senex
2458 1089 2522 1143 ad
2550 1089 2734 1154 alium,
2761 1089 2998 1144 narravit
3035 1090 3083 1145 ei
3113 1105 3231 1158 quae
3276 1087 3377 1143 sibi
3406 1087 3438 1141 d
3465 1103 3529 1141 xc
3556 1120 3557 1125 η

1975 1179 2325 1247 ratangelus.
2353 1180 2503 1248 Quod
2531 1196 2649 1235 cum
2703 1181 2939 1237 audisset
2989 1195 3174 1245 senex,
3227 1180 3559 1248 stupefactus

1976 1284 2041 1325 ex
2070 1272 2277 1338 auditu,
2310 1272 2621 1341 diutiusque
2644 1273 2925 1328 intendens
2956 1276 3008 1327 in
3041 1288 3184 1339 eum,
3218 1286 3281 1326 ac
3308 1270 3558 1326 ditinitus

1977 1362 2267 1433 inspiratus
2290 1364 2425 1417 dixit
2454 1364 2500 1419 ei
2537 1379 2551 1416 :
2589 1363 2684 1420 Ubi
2712 1366 2878 1419 sumis
2902 1376 3088 1419 sancta
3140 1362 3427 1434 mysteria?
3455 1361 3560 1416 Rc—

1976 1456 2246 1525 spoudens
2278 1457 2367 1511 ille
2388 1457 2494 1511 ait:
2529 1456 2846 1526 libicunque
2895 1456 3069 1511 inveni
3095 1475 3127 1509 ι.
3159 1455 3312 1510 'I‘unc
3364 1455 3437 1507 ait
3483 1454 3559 1508 illi

1976 1561 2140 1601 senex
2168 1563 2181 1601 :
2213 1547 2328 1603 Non
2363 1545 2456 1602 tibi
2511 1549 2649 1602 ultra
2687 1548 2962 1619 conlingat
3016 1559 3070 1601 ιιι
3118 1555 3271 1603 extra
3321 1553 3559 1600 sanctam

1977 1640 2291 1696 catholicam
2323 1650 2379 1696 et
2430 1642 2781 1710 atostolitam
2817 1641 3111 1695 Ecclesiant
3158 1638 3557 1704 communices,

1979 1731 2065 1785 ubi
2120 1731 2464 1786 nominantur
2516 1742 2718 1787 sanctae
2766 1741 2995 1801 quatuor
3042 1731 3271 1803 synodi,
3324 1728 3559 1795 Nicaeus,

282 1843 407 1913 in)?
440 1844 530 1897 “is
562 1842 651 1895 alii
702 1838 921 1895 οοηη-ειιι
944 1839 1139 1893 cuba";
1179 1836 1297 1892 sic;
1347 1832 1483 1900 Quid
1531 1830 1707 1900 ergo?
1746 1830 1874 1896 Quia
1913 1825 1954 1883 Β
1982 1831 2341 1876 trecentorum
2372 1823 2557 1878 decem
2588 1832 2641 1878 cl
2671 1835 2791 1877 octo
2842 1824 3086 1889 Patrum;
3116 1820 3563 1887 Constantinopo-

281 1951 377 1990 scr
400 1943 547 2004 plum
575 1934 643 1987 de
679 1932 937 2002 apostolis
968 1946 1071 1983 non
1101 1937 1203 1993 est,
1260 1928 1402 1997 quod
1449 1922 1696 1993 baptizati
1743 1922 1872 1986 sint,

281 2028 489 2084 idcirco
543 2042 647 2080 ttou
705 2027 906 2079 intrant
963 2023 1015 2077 in
1069 2038 1289 2093 regnum
1341 2020 1468 2076 Dei?
1528 2018 1628 2072 Alii
1688 2030 1876 2071 rursus

208 2117 223 2125 ’
282 2130 505 2176 econtra
539 2120 859 2184 inferebant,
888 2117 1167 2172 dicentes:
1202 2114 1275 2168 Ita
1307 2127 1459 2179 sane,
1517 2110 1592 2165 illi
1627 2106 1877 2178 baptizali

285 2221 431 2275 sunt,
466 2210 603 2266 sicut
626 2222 679 2267 et
708 2210 959 2265 Clemens
982 2208 1320 2264 Stromatetts
1352 2207 1594 2260 ntemin't
1617 2204 1667 2257 in
1693 2203 1878 2272 quinto

290 2304 704 2376 IIypOIyposeon
737 2311 787 2366 ⁸,
820 2301 1170 2368 apostolicum
1205 2300 1348 2353 enim
1398 2295 1524 2351 illud
1554 2296 1755 2350 dictum
1787 2307 1881 2348 er-

291 2411 519 2468 ponens,
552 2411 658 2464 quo
687 2394 899 2457 dicitur,
935 2393 1146 2447 Gratias
1171 2407 1270 2460 ago
1303 2389 1435 2453 Deo,
1460 2389 1584 2458 quia
1613 2388 1879 2442 neminem

290 2501 529 2545 veStrum
560 2489 816 2556 baptizavi
844 2486 893 2559 (I
920 2485 1039 2541 Cor.
1072 2484 1111 2555 ι)
1136 2503 1149 2541 :
1172 2485 1442 2547 Christus,
1468 2481 1655 2553 inquit,
1689 2481 1883 2535 dicitur

292 2582 509 2637 Petrum
536 2581 709 2634 solum
741 2580 1061 2645 baptizasse,
1091 2577 1282 2632 Petrus
1303 2575 1595 2637 Andream,
1625 2573 1881 2629 Jacohutu

294 2684 347 2729 et
367 2670 654 2738 Joannem,
681 2673 754 2726 illi
779 2683 955 2725 autem
998 2671 1253 2741 relquos.
1313 2669 1437 2723 lla'c
1473 2668 1633 2738 igitur
1677 2676 1732 2721 et
1781 2667 1882 2720 alia

295 2769 525 2841 plurima
556 2782 675 2822 eum
706 2768 843 2821 dicta
883 2774 1084 2829 essent,
1110 2764 1280 2817 visum
1310 2771 1395 2818 est
1445 2762 1602 2816 beato
1632 2760 1884 2832 Dionysio

294 2864 510 2918 mittere
537 2861 755 2915 fratrem
790 2860 939 2912 illum
967 2859 1031 2911 ad
1055 2867 1297 2911 sanctum
1328 2853 1638 2912 Iordanem.
1672 2852 1887 2921 illicque

294 2952 584 3023 baptizari;
604 2951 1114 3008 iudustriumantem
1134 2947 1281 3002 illum
1300 2946 1564 3002 ordinavit
1581 2946 1876 3000 diaconum.

810 3040 1035 3097 CAPUT
1073 3038 1375 3093 CLXXVII.

297 3135 449 3193 Mala
487 3152 622 3190 mars
652 3135 887 3189 monac/ti
936 3132 1193 3204 .Egyptii,
1235 3133 1319 3199 qni
1369 3131 1599 3184 habitare
1638 3130 1797 3182 voluit
1835 3128 1888 3182 in

778 3206 904 3259 cella
933 3205 1138 3273 Evagrii
1172 3204 1414 3258 llwrctirt'.

371 3298 537 3371 916
566 3297 785 3353 Dicebat
811 3298 974 3350 abbas
1002 3295 1237 3350 Joannes
1266 3294 1401 3348 Cilix
1434 3290 1889 3348 contmotantibus

298 3391 459 3447 nobis
488 3390 539 3444 in
567 3388 716 3443 Nono
737 3388 1071 3442 A’exaudrize
1103 3404 1115 3439 :
1154 3385 1312 3440 Venit
1362 3384 1429 3439 ad
1479 3398 1576 3438 nos
1604 3383 1889 3452 Egyptins

300 3484 621 3545 monachus,
654 3481 1002 3550 narravitque
1030 3477 1202 3543 nobis,
1248 3477 1437 3532 dicens
1466 3491 1480 3530 :
1516 3475 1591 3529 Ad
1620 3483 1889 3529 monaste-

301 3574 447 3629 rium
479 3571 801 3627 Cellularutn
836 3570 998 3625 frater
1042 3585 1110 3625 ex
1141 3570 1431 3639 lenginqua
1460 3568 1677 3638 regione
1706 3581 1891 3635 perve-

302 3665 409 3728 nit,
440 3666 629 3720 volens
676 3665 747 3718 ibi
799 3664 1059 3728 habitare,
1120 3672 1520 3732 prostratusque
1576 3660 1895 3729 presbytero

301 3758 513 3825 orabat,
547 3768 606 3810 ut
636 3757 686 3810 in
713 3756 921 3825 Evagrii
947 3756 1077 3810 cella
1111 3764 1435 3809 moraretur.
1473 3753 1760 3821 Presbyter
1801 3764 1897 3804 au-

303 3860 416 3905 tem
447 3849 654 3904 dicebat
683 3863 788 3903 non
821 3862 977 3917 posse
1006 3863 1127 3902 eum
1170 3846 1278 3901 illic
1315 3844 1577 3911 habitare,
1609 3843 1895 3898 recedens-

304 3955 416 4010 que
456 3940 754 4011 presbyter,
810 3939 884 3992 ait
941 3937 1128 3991 fratri:
1183 3937 1307 4001 Fili,
1338 3935 1550 3989 daemon
1599 3935 1895 3988 acerrimus

302 4031 417 4087 illic
447 4030 666 4095 habitat,
720 4031 812 4098 qui
851 4030 993 4083 enim
1021 4028 1233 4084 seduxit
1282 4027 1585 4097 Evagrium,
1618 4036 1673 4080 et
1713 4042 1742 4080 a
1774 4040 1898 4080 vera

304 4125 417 4179 fide
448 4123 692 4185 removit,
728 4123 1057 4193 immisitque
1088 4122 1163 4175 illi
1206 4120 1471 4189 scelerata
1500 4120 1773 4189 dogmata,
1806 4120 1899 4175 ille

305 4231 419 4270 non
453 4215 712 4284 permittit
740 4215 968 4284 aliquem
998 4214 1067 4268 ibi
1101 4212 1319 4268 morari.
1354 4211 1540 4267 Frater
1568 4223 1747 4267 autem
1780 4229 1899 4281 pcr-

304 4309 559 4374 sistebat,
581 4308 768 4363 dicens
799 4325 811 4362 :
843 4307 1089 4362 Profecto
1106 4306 1151 4361 si
1176 4306 1263 4361 hic
1293 4320 1503 4372 maneo,
1532 4308 1581 4359 itt
1605 4305 1689 4359 illa
1723 4320 1899 4359 mora-

308 4412 468 4456 turus
497 4415 637 4455 sum.
669 4401 816 4454 Tunc
840 4400 1119 4471 presbyter
1164 4410 1380 4454 coactus
1408 4400 1541 4453 dixit
1579 4401 1627 4454 ei
1658 4417 1670 4452 :
1697 4399 1902 4453 .ludicio

310 4509 406 4549 tuo
439 4495 608 4558 vade,
641 4505 696 4549 et
723 4510 842 4549 eam
874 4494 1079 4563 accipe.
1128 4493 1279 4548 Sedit
1308 4492 1469 4563 igitur
1501 4493 1663 4547 frater
1694 4493 1746 4546 iit
1792 4492 1905 4547 celo

1979 1908 2164 1980 Iit'ana,
2202 1924 2486 1970 centumet
2508 1916 2882 1987 quinquaginta
2906 1933 2919 1981 ;
2946 1914 3210 1983 Epltesiua
3244 1912 3433 1983 prima,
3463 1911 3564 1964 du-

1979 2018 2291 2072 centorum;
2325 2007 2804 2070 Chalcedonensis,
2836 2015 3211 2062 sescentorum
3243 2014 3293 2059 et
3327 2001 3564 2071 triginta.

1980 2096 2112 2152 Cum
2144 2107 2321 2153 autem
2352 2098 2558 2154 venerit
2595 2100 2836 2169 angelus,
2877 2101 2961 2154 die
3008 2100 3098 2154 ei:
3155 2098 3307 2153 Sicut
3353 2096 3567 2157 Jeroso:

1986 2191 2182 2261 lymita:
2214 2190 2429 2257 sepeliri
2460 2196 2601 2247 vo'o.
2645 2192 2773 2247 Post
2827 2201 2936 2246 tres
2986 2192 3146 2262 igitur
3201 2176 3567 2245 hebdomadas

1985 2283 2130 2338 venit
2152 2284 2390 2353 angelus,
2416 2295 2471 2339 et
2492 2283 2627 2339 divit
2657 2284 2768 2339 seni
2796 2271 2839 2338 ε’
2867 2283 3003 2351 Quid
3038 2294 3125 2339 est
3166 2283 3377 2339 senex?
3425 2282 3571 2351 cogi-

1988 2376 2149 2430 tasn?
2186 2376 2330 2430 Dixit
2359 2385 2534 2431 autem
2589 2376 2663 2431 illi
2714 2391 2924 2431 senex:
2974 2376 3123 2432 Sicut
3176 2375 3571 2445 Jerosolytnitm

1988 2467 2131 2521 volo.
2172 2467 2305 2522 Dicit
2352 2467 2402 2521 ei
2449 2468 2714 2535 angelus:
2771 2469 2931 2533 Bene,
2994 2468 3150 2522 bene.
3210 2469 3273 2521 lit
3318 2465 3573 2521 continuo

1988 2558 2505 2629 reddiditSpii-itum.
2534 2560 2643 2615 lIoe
2674 2572 2848 2615 autem
2876 2570 2908 2615 te
2933 2569 3040 2614 tum
3067 2560 3263 2614 factum
3286 2568 3386 2623 est,
3409 2572 3475 2611 ne
3498 2558 3573 2612 la-

1988 2652 2147 2708 bores
2164 2668 2291 2708 suos
2309 2653 2579 2723 perderet,
2602 2662 2654 2709 et
2670 2668 2790 2708 cum
2812 2654 3077 2709 ltmreticis
3100 2654 3572 2709 condemnaretur.

2503 2767 2730 2822 CAPUT
2767 2765 3050 2821 CLXXIX.

1997 2858 2115 2913 Vita
2138 2860 2537 2912 sanct'monialis
2560 2859 2779 2928 femina,
2805 2875 2917 2927 qure
2944 2867 3051 2911 erat
3081 2874 3142 2912 ex
3158 2868 3337 2911 sancta
3356 2858 3573 2912 civitate.

2066 2949 2406 3004 I’etrexinus
2444 2950 2507 3002 ad
2558 2951 2802 3005 abbatem
2846 2948 3115 3003 Joannem
3171 2949 3573 3015 attaeltoretattt,

1993 3041 2081 3110 qui
2112 3040 2411 3109 appellatus
2460 3050 2542 3096 cst
2594 3040 2823 3105 Rutilus,
2877 3042 3218 3111 narravitquc
3268 3040 3446 3105 nobis,
3498 3040 3581 3096 di-

1994 3149 2161 3190 cens:
2193 3135 2386 3189 Audivi
2418 3134 2663 3191 abbatem
2713 3134 2972 3191 Joannem
3024 3134 3306 3189 Moabitam
3362 3149 3578 3190 narran-

1914 3205 1963 3269 (ἶ
1996 3241 2126 3297 tem,
2150 3246 2212 3285 ac
2237 3230 2507 3285 dicentem
2536 3247 2549 3285 :
2580 3227 3036 3287 -Sanctimonialis
3066 3228 3309 3298 quadam
3362 3239 3478 3283 erat
3525 3230 3579 3284 in

1992 3335 2179 3377 sancta
2209 3322 2446 3387 civitate,
2473 3321 2716 3389 τειίεἰιιεει
2757 3322 2931 3386 Valde,
2988 3330 3041 3375 ct
3071 3320 3364 3376 secundum
3411 3321 3576 3376 Deum

1995 3413 2303 3485 proficiens.
2338 3412 2531 3466 Invidit
2577 3428 2707 3482 ergo
2733 3413 2976 3466 diabolus
3006 3411 3221 3484 virgini,
3254 3410 3582 3481 immisitque

1992 3504 2171 3573 juveni
2200 3504 2410 3557 cuidam
2450 3503 2714 3571 impurum
2747 3512 2801 3557 et
2830 3502 3153 3557 diabolicutu
3201 3502 3255 3558 iu
3285 3517 3405 3557 eant
3436 3518 3574 3556 antu

1997 3610 2133 3650 rem.
2171 3594 2329 3664 Virgo
2359 3606 2537 3649 autent
2570 3594 2657 3648 illa
2691 3594 2951 3649 mirabilis
2980 3610 3103 3649 cunt
3126 3594 3327 3650 diaboli
3377 3595 3581 3651 sensis-

1998 3696 2080 3739 set
2105 3684 2346 3748 ittsidias,
2387 3684 2743 3752 perditionem
2772 3684 3128 3739 adolescentis
3155 3684 3426 3750 miserata,
3449 3700 3583 3738 sutu-

2001 3784 2093 3839 pto
2120 3775 2295 3828 cilicio
2349 3790 2474 3840 uno,
2530 3773 2819 3843 tantisque
2860 3773 3049 3829 inlusis
3081 3775 3316 3839 cibariis,
3352 3775 3585 3829 renitatd

2000 3880 2261 3931 eretnutn,
2290 3865 2617 3919 adolescenti
2644 3881 2707 3919 ex
2768 3879 2986 3920 recessu
3016 3880 3115 3921 suo
3148 3868 3382 3935 quietem
3414 3881 3442 3920 a
3471 3876 3588 3923 ten.

2004 3959 2204 4013 latione
2235 3974 2296 4012 ac
2316 3958 2541 4011 salutem
2565 3972 2801 4026 parans,
2835 3966 2889 4012 et
2918 3959 3017 4013 sibi
3066 3958 3165 4027 ipsi
3206 3975 3271 4014 ex
3298 3958 3590 4014 solitnd'no

2003 4054 2346 4109 securitatem
2379 4063 2432 4108 et
2460 4062 2743 4123 augmenta
2800 4053 3132 4110 meritorum.
3171 4056 3321 4112 ‘I‘ost
3368 4063 3592 4113 multum

2005 4160 2134 4201 vero
2167 4145 2423 4215 temporis
2454 4160 2550 4215 per
2573 4146 3035 4215 diSpensationcm
3058 4148 3170 4214 Dei,
3199 4165 3264 4204 ne
3311 4150 3477 4216 ipsius
3498 4168 3594 4204 ex-

2006 4240 2207 4293 cellens
2257 4237 2596 4293 conversatio
2651 4248 2893 4296 manerct
2942 4241 3239 4312 incognita.
3290 4243 3419 4297 vifit
3475 4258 3593 4297 eam

2007 4330 2332 4384 anachoreta
2362 4330 2577 4399 quidam
2607 4331 2657 4384 in
2688 4332 2975 4387 solitudine
3002 4332 3271 4397 Jordanis,
3302 4340 3357 4385 ct
3379 4333 3450 4386 ait
3474 4334 3549 4387 illi
3586 4353 3597 4386 :

2008 4427 2166 4494 Quid,
2199 4435 2391 4491 mater,
2412 4427 2464 4479 in
2494 4429 2590 4480 hac
2618 4426 2903 4481 solitudine
2935 4427 3066 4482 facis
3094 4428 3117 4481 ?
3153 4428 3240 4482 Illa
3272 4443 3399 4483 vero
3433 4427 3600 4483 latere

2010 4522 2387 4574 anaeltoretam
2418 4520 2660 4589 cupiens,
2684 4521 2757 4575 ait
2783 4521 2857 4575 illi
2887 4538 2900 4575 :
2936 4522 3157 4593 Ignosce
3188 4523 3336 4585 mihi,
3372 4523 3491 4592 quia
3524 4539 3600 4576 cr-

311 4586 427 4641 Iula
467 4600 569 4638 una
612 4586 974 4649 ltebdomada;
1039 4585 1392 4654 venienteque
1450 4584 1727 4638 Dominico
1778 4583 1886 4649 die,

2014 4611 2124 4666 ravi
2143 4611 2209 4664 de
2228 4613 2344 4675 via;
2372 4612 2464 4666 sed
2484 4626 2578 4681 per
2606 4612 2913 4677 Dominum,
2940 4612 3115 4679 Pater,
3153 4614 3234 4667 fac
3263 4614 3600 4679 cltaritatem,
3634 4624 3637 4627 λ

312 4679 553 4747 perrexit
582 4680 648 4733 ad
679 4687 919 4733 sanctam
946 4678 1227 4732 ecclesiam
1262 4695 1275 4731 ε
1312 4679 1500 4733 videns
1546 4688 1721 4732 autem
1753 4677 1901 4732 illuni

316 4770 605 4842 presbyter
657 4772 963 4825 consolatus
1008 4779 1125 4836 est;
1175 4770 1441 4826 sollicitus
1491 4771 1633 4824 enim
1667 4785 1762 4840 pro
1815 4770 1907 4825 illo

316 4874 455 4919 crat.
489 4864 746 4918 Veniente
767 4876 943 4918 autem
970 4863 1075 4917 alio
1103 4863 1189 4918 die
1214 4863 1511 4921 Dominico.
1539 4879 1644 4919 non
1670 4864 1813 4917 venit
1841 4864 1907 4917 ad

315 4957 630 5012 ecclesiam.
681 4956 922 5025 Cumque
975 4956 1122 5011 illum
1171 4970 1278 5009 non
1330 4956 1534 5009 videret
1587 4955 1906 5026 presbyter,

320 5052 630 5111 tuisitduos
679 5051 893 5118 fratres,
950 5061 1008 5106 ut
1035 5050 1281 5106 viderent
1307 5064 1405 5104 cur
1451 5065 1558 5104 non
1581 5049 1814 5103 venisset
1844 5050 1910 5101 ad

321 5146 633 5209 ecclesiam.
680 5145 780 5211 Qui
827 5145 1103 5202 venientes
1153 5144 1218 5196 ad
1270 5143 1540 5208 cellulam,
1598 5145 1914 5197 invenerunt

321 5235 543 5291 fratrem
574 5235 771 5306 injecto
801 5234 927 5290 fune
957 5236 1193 5304 seipsum
1224 5234 1537 5288 sulfoeasse.

817 5345 1046 5402 CAPUT
1085 5345 1413 5402 CLXXVIII.

445 5440 564 5495 Vita
604 5442 737 5496 senis
764 5440 976 5496 muabii
1012 5438 1367 5505 Scholarium,
1404 5438 1498 5492 viri
1538 5436 1807 5503 simplicis.

400 5535 651 5589 Narravit
682 5535 837 5590 nobis
866 5533 1032 5587 abbas
1063 5531 1352 5601 Gregorius
1383 5527 1662 5599 presbyter
1681 5527 1921 5584 C(Bnnbii

327 5629 690 5699 Scholarium,
722 5627 863 5699 quod
895 5629 965 5683 ibt
990 5642 1156 5682 senex
1189 5639 1433 5693 magnus,
1462 5638 1773 5695 magnthue
1795 5624 1919 5678 abs-

332 5720 575 5779 tinentiae
601 5729 840 5781 moratus
865 5718 935 5773 sit
978 5726 1140 5773 :erat
1176 5723 1357 5770 autem
1404 5717 1631 5785 simplex
1674 5714 1815 5771 circa
1864 5712 1924 5768 li-

2013 4713 2068 4759 et
2098 4704 2317 4757 ostende
2348 4703 2492 4757 illam
2532 4702 2686 4757 mihi.
2733 4703 2829 4758 Ille
2858 4719 2987 4757 vero
3015 4704 3271 4758 dit-initus
3299 4704 3365 4759 de
3396 4702 3481 4756 illa
3513 4705 3607 4756 ad-

2019 4795 2363 4857 monitus,ait
2391 4795 2441 4849 ei
2471 4814 2483 4846 :
2539 4795 2711 4850 Crede
2742 4795 2895 4861 mihi,
2932 4805 3126 4854 mater,
3161 4810 3265 4849 non
3316 4804 3368 4850 tu
3418 4799 3608 4851 errasti

2018 4891 2085 4945 de
2108 4891 2213 4954 via,
2240 4903 2414 4958 neque
2442 4888 2579 4942 viaul
2610 4891 2861 4959 requiris.
2892 4889 3072 4957 Itaque
3099 4890 3275 4944 sciens
3301 4889 3422 4957 quia
3455 4906 3609 4946 men.

2018 4981 2229 5036 dacium
2252 4980 2321 5035 de
2350 4980 2563 5035 diabolo
2584 4993 2665 5035 cst
2687 4980 2868 5050 (Joan.
2900 4981 3035 5050 rut),
3067 4979 3154 5035 dic
3176 4980 3301 5035 mihi
3329 4983 3608 5037 veritatem

2017 5090 2193 5131 causae
2225 5083 2443 5143 propter
2491 5088 2647 5143 quam
2684 5074 2786 5127 huc
2807 5071 3021 5127 venisti.
3049 5074 3198 5129 Tune
3224 5074 3295 5129 ait
3323 5076 3397 5130 illi
3427 5074 3612 5144 virgo:

2022 5168 2245 5238 Ignosce
2268 5166 2421 5229 mihi,
2453 5165 2585 5218 abba
2614 5183 2625 5217 :
2650 5163 2967 5220 adolescens
2987 5166 3201 5235 quidam
3224 5166 3615 5221 scandalizatus

2028 5268 2110 5315 est
2139 5260 2190 5314 iu
2224 5274 2331 5325 me,
2365 5267 2420 5313 et
2451 5267 2730 5325 propterea
2761 5256 2883 5311 veni
2915 5257 2965 5311 in
3011 5259 3150 5313 hanc
3198 5273 3462 5324 eremum,
3495 5273 3615 5315 me-

2032 5352 2133 5408 lius
2164 5352 2476 5407 existimans
2496 5351 2580 5405 ltic
2597 5350 2752 5418 mori,
2781 5366 2938 5418 quam
2959 5353 3338 5410 oITcndiculnm
3366 5355 3616 5424 cuiquam

2032 5444 2170 5509 ﬁeri,
2198 5442 2350 5513 juxta
2388 5441 2627 5510 Apostoli
2679 5457 2862 5497 vocem
2909 5441 2997 5511 (ll
3053 5443 3177 5499 Cor.
3211 5448 3305 5514 vi).
3368 5445 3503 5500 Dicit
3541 5445 3617 5500 illi

2032 5537 2225 5591 iterum
2255 5531 2434 5589 senior
2460 5550 2472 5585 :
2498 5532 2567 5587 Et
2587 5544 2841 5602 quantum
2864 5522 3231 5606 temporis'ltie
3255 5537 3419 5591 habes
3440 5537 3463 5589 ἲ
3486 5536 3615 5603 Qua:

2030 5628 2109 5682 ait
2162 5627 2235 5682 illi
2266 5644 2279 5680 :
2310 5625 2490 5680 IIabeo
2535 5627 2703 5697 gratia
2734 5627 2935 5684 Christi
2987 5643 3159 5683 annos
3189 5628 3376 5684 decem
3405 5636 3461 5682 et
3488 5641 3614 5697 sep-

2040 5730 2168 5775 tem.
2202 5718 2430 5773 Rursum
2460 5718 2534 5774 ait
2558 5719 2623 5775 ad
2656 5721 2794 5776 illam
2840 5720 3159 5777 anatltoreta
3195 5737 3210 5775 :
3244 5721 3308 5776 Et
3333 5719 3495 5789 unde;
3524 5736 3618 5775 mt-

408 5823 435 5853 ι
458 5812 632 5873 Clem.
660 5812 946 5884 Alexand.,
982 5810 1017 5866 Ι.
1039 5826 1071 5865 v
1101 5808 1363 5883 Ilypotyp.
1395 5824 1497 5866 non
1528 5816 1720 5867 exstat.
1750 5807 1879 5865 Vide
1912 5809 2134 5886 Niceph.
2159 5813 2193 5870 I.
2220 5828 2275 5879 tt,
2296 5827 2343 5870 c.
2365 5810 2421 5878 5,
2457 5828 2518 5869 ex
2546 5798 2790 5879 Evodio;
2818 5814 3009 5869 Baron.
3046 5821 3084 5870 t.
3116 5811 3153 5880 Ι,
3183 5827 3272 5869 an.
3305 5812 3501 5869 Chliin
3532 5815 3594 5869 Μ
