3982 6354
447 347 543 404 2H

1607 352 1694 407 DE
1735 350 1913 407 VITIS
1952 348 2235 407 PATI‘IUII
2276 349 2477 405 LIBER
2518 351 2581 405 X.

3626 351 3722 406 21?.

450 464 641 519 triris?
675 463 767 520 Illa
790 480 915 521 vero
936 464 1168 522 cilicium
1198 476 1255 521 et
1282 466 1455 521 inlusa
1483 466 1597 537 (37)
1631 465 1929 536 proferens,
1953 464 2032 518 di-
2061 468 2106 525 Α
2136 475 2447 527 sueverunt,
2472 465 2716 536 spinosas
2747 465 2966 522 frutices
2995 465 3319 535 plantmtes.
3349 464 3574 521 Tantam
3597 481 3723 521 vero

448 559 525 613 xit
552 559 892 614 anachoretae
929 576 946 615 :
1000 559 1139 614 Ecce
1184 559 1413 615 cilicium
1462 559 1626 625 istud,
1682 558 1823 627 quod
1855 557 2027 624 vides,

447 665 656 705 mecum
685 650 755 706 de
780 651 997 707 civitate
1026 651 1159 707 exiit
1185 658 1240 707 et
1259 651 1357 705 ista
1383 665 1545 720 pauca
1579 650 1775 704 inlusa.
1810 648 2028 703 Talem-

448 756 551 811 que
577 741 1028 811 dispensationem
1068 744 1122 797 in
1169 758 1254 797 me
1282 742 1535 797 humilem
1585 741 1823 796 ostendit
1870 742 2030 805 Dens,

447 845 504 888 ut
536 844 681 890 tanto
713 845 954 905 tempore
976 837 1091 890 istis
1119 836 1343 899 nutriar,
1374 850 1547 905 neque
1577 834 1857 888 imminuta
1901 834 2031 886 sint.

448 929 517 983 Et
540 929 644 983 hoc
672 936 850 986 autem
883 930 1038 996 scito,
1065 930 1244 994 Pater,
1275 929 1401 998 quia
1430 928 1508 983 sic
1547 943 1632 981 me
1662 927 1822 998 917
1868 925 2033 993 ipsius

450 1021 752 1090 benignitas
805 1023 1057 1092 protexit,
1091 1031 1149 1075 ut
1191 1036 1286 1090 per
1318 1022 1448 1075 istos
1497 1020 1685 1075 decem
1736 1028 1790 1073 et
1827 1026 2032 1087 septem

447 1127 618 1166 annos
645 1113 820 1168 nullus
869 1113 1028 1167 homo
1056 1129 1144 1167 me
1167 1113 1384 1177 viderit,
1437 1112 1537 1166 nisi
1571 1122 1623 1165 ιιι
1661 1111 1805 1165 solus
1837 1110 2032 1176 hodie;

449 1219 553 1275 ego
583 1213 759 1260 autem
791 1205 1113 1272 aSpiciebam
1147 1220 1356 1259 omnes.
1406 1206 1475 1259 Et
1506 1205 1622 1257 hate
1652 1204 1877 1258 audiens
1906 1216 2036 1256 ana-

450 1295 692 1360 choreta,
719 1294 1000 1365 magniﬁce
1028 1296 1346 1365 glorilicavit
1381 1294 1569 1349 Deum.

981 1406 1207 1461 CAPUT
1247 1404 1507 1460 CLXXX.

460 1496 573 1552 Vita
610 1496 828 1552 Ioannis
870 1498 988 1570 (58)
1027 1499 1372 1566 anachoretaa,
1412 1499 1500 1567 qni
1538 1498 1591 1552 in
1630 1497 1874 1566 spelunca
1901 1496 2037 1553 υίιιω

958 1570 1159 1626 Sec/uss
1197 1572 1515 1624 morabatur.

516 1661 763 1717 Narravit
810 1663 967 1718 nobis
1008 1664 1381 1719 sanctissimus
1429 1664 1717 1736 Dionysius
1760 1664 2037 1736 presbyter

446 1762 643 1809 sanctte
690 1754 936 1810 ecclesiae
984 1755 1433 1821 Ascalonitarum,
1482 1768 1537 1813 et
1565 1772 1841 1813 sacrorum
1874 1773 2032 1811 vaso-

2135 557 2321 610 semita
2353 557 2442 611 illa
2471 573 2579 625 pra:
2610 558 2853 614 sentibus
2894 558 3193 628 angustiam
3247 557 3497 625 habebat,
3538 570 3595 612 ut
3639 559 3719 612 vix

2137 663 2297 701 unum
2329 649 2560 718 aliquem
2602 666 2828 705 vacuum
2858 660 2913 706 et
2942 651 3251 721 expeditum
3306 652 3531 718 pedibus
3580 653 3722 706 ince-

2135 743 2352 800 dentem
2394 748 2712 814 susciperet,
2743 757 2796 801 et
2828 762 2894 801 ne
2924 748 3069 801 illum
3101 746 3317 818 quidem
3345 746 3461 800 sine
3494 746 3720 814 impedi-

2136 846 2317 891 mento
2348 836 2513 891 libere
2542 838 2770 893 transire
2799 838 3154 906 permitteret.
3186 837 3321 892 Cum
3353 852 3481 908 ergo
3509 838 3613 892 sibi
3648 837 3717 891 iti-

2136 927 2308 982 vicem
2354 929 2876 998 appropinquassent
2920 945 3085 984 senex
3126 939 3179 984 et
3225 930 3334 995 leo,
3367 945 3539 999 neque
3561 944 3724 983 senex

2136 1026 2282 1072 retro
2309 1019 2487 1085 rediit,
2527 1029 2583 1073 ut
2609 1019 2748 1073 leoni
2780 1021 3062 1073 transitum
3095 1019 3325 1075 liberum
3350 1018 3526 1085 daret,
3556 1034 3725 1089 neque

2140 1120 2355 1180 propter
2387 1110 2580 1166 nimias
2614 1113 2819 1167 semitae
2852 1111 3126 1183 angttStias
3154 1111 3239 1166 leo
3268 1112 3460 1166 reverti
3496 1120 3720 1180 poterat.

2139 1217 2311 1271 neque
2339 1211 2620 1271 utrumque
2642 1202 2799 1257 simul
2825 1204 3052 1258 transire
3072 1204 3291 1257 omnino
3315 1204 3570 1271 poSsibiIe
3588 1213 3720 1257 erat.

2148 1295 2342 1349 \‘idens
2365 1296 2525 1364 igitur
2556 1296 2638 1350 leo
2662 1297 2754 1351 Dei
2783 1310 2997 1351 servum
3032 1297 3320 1365 procedere
3348 1296 3643 1362 volentem,
3669 1306 3721 1350 et

2137 1403 2473 1459 nequaquam
2516 1398 2660 1443 retro
2702 1389 2877 1444 redire
2915 1391 3290 1455 sustinentem,
3344 1389 3522 1445 erexit
3563 1403 3623 1443 se
3664 1389 3714 1444 in

2139 1481 2469 1551 posteriores
2501 1481 2686 1550 pedes,
2719 1492 3040 1551 erectusque
3068 1490 3216 1536 stans
3244 1481 3311 1535 ad
3343 1480 3529 1535 laevam
3560 1480 3724 1545 senis,

2138 1572 2378 1643 pondere
2394 1588 2457 1627 ac
2470 1573 2671 1629 viribus
2689 1574 2934 1643 corporis
2955 1576 3163 1643 repulsa
3187 1574 3441 1638 maceria,
3466 1573 3725 1627 modicam

2139 1664 2253 1719 seni
2281 1663 2616 1719 latitudinem
2642 1665 2909 1735 praestitit,
2941 1667 3044 1720 iter
3071 1666 3186 1719 sine
3211 1665 3599 1734 impedimento
3616 1664 3726 1734 jus-

2140 1767 2195 1813 to
2223 1757 2340 1814 viro
2382 1758 2666 1828 prtebens;
2719 1769 2879 1828 atque
2928 1759 2999 1812 ita
3051 1758 3295 1812 transivit
3342 1759 3527 1813 senior
3574 1759 3726 1813 dorsa

446 1861 562 1900 rum
605 1855 808 1913 custos,
852 1847 920 1902 de
963 1848 1156 1904 abbate
1191 1847 1399 1905 Joanne
1429 1850 1775 1913 anachoreta,
1808 1849 1991 1905 dicens
2023 1868 2036 1903 :
2074 1852 2118 1910 Β
2151 1850 2323 1906 leonis
2356 1851 2675 1918 perlricans.
2703 1849 2829 1905 Post
2849 1851 3003 1918 cujus
3030 1850 3310 1904 transitum
3341 1862 3638 1918 exsurgens
3665 1847 3726 1903 de

446 1940 606 2003 Quasi
635 1956 762 1995 vere
791 1956 1013 2011 magnus
1046 1942 1095 1995 in
1120 1944 1462 2010 generatione
1494 1943 1592 1997 ista
1625 1943 1743 2005 fuit.
1780 1953 1939 2014 atque
1967 1943 2033 1997 ad

447 2031 966 2088 commendationem
996 2048 1325 2089 summorum
1350 2034 1491 2089 illius
1517 2034 1655 2104 apud
1680 2035 1847 2089 Deum
1873 2036 2035 2089 meri-

447 2132 648 2191 torum,
679 2123 780 2179 hoc
802 2124 868 2180 de
886 2125 1001 2193 ipso
1025 2125 1341 2182 miraculum
1365 2127 1616 2181 narrabat
1645 2144 1656 2179 :
1681 2127 1737 2181 In
1757 2127 2033 2197 spelunca,

448 2216 635 2285 inquit,
669 2216 977 2271 morabatur
997 2233 1162 2273 senex
1190 2218 1245 2273 in
1276 2218 1514 2289 partibus
1543 2218 1681 2273 villae
1702 2234 1823 2289 qua:
1847 2218 2038 2274 dicitur

448 2310 679 2375 Sochus,
720 2311 906 2381 viginti
940 2311 1050 2367 iere
1074 2314 1391 2368 milliaribus
1418 2314 1486 2367 ab
1514 2313 1834 2369 Jerusalem.
1864 2314 2039 2368 liabe-

450 2404 542 2457 bat
567 2414 744 2458 autem
775 2418 933 2459 senex
971 2405 1024 2458 in
1055 2405 1304 2473 spelunca
1357 2405 1639 2474 imaginem
1686 2404 2039 2458 immaculata

450 2494 694 2550 Dominae
742 2506 938 2550 nostra:
986 2495 1081 2551 Dei
1124 2496 1424 2566 genitricis,
1474 2510 1795 2565 semperque
1819 2495 2040 2563 virginis

450 2588 654 2653 Marini,
687 2588 739 2643 itt
771 2590 912 2644 ulnis
938 2588 1205 2657 terentem
1235 2590 1417 2645 Jesum
1450 2589 1722 2645 Christum
1754 2589 2037 2643 Dominum

448 2690 502 2735 et
528 2680 861 2736 Salvatorem
899 2690 1167 2736 nostrum.
1218 2682 1438 2750 Quoties
1466 2681 1627 2751 igitur
1649 2681 1799 2736 abire
1828 2680 2043 2735 volebat

449 2773 515 2828 ad
544 2774 721 2829 locum
753 2776 1011 2845 aliquem,
1044 2778 1126 2832 vel
1164 2791 1258 2846 per
1290 2786 1489 2830 vastam
1519 2775 1887 2845 solitudinem,
1927 2774 2042 2830 sive

455 2866 847 2937 Jerosolymam
877 2867 943 2921 ad
974 2867 1303 2922 adorandam
1334 2875 1574 2921 sanctam
1599 2881 1814 2921 crucem
1854 2875 1910 2919 et
1952 2878 2044 2918 vc-

452 2957 710 3013 nerabilia
744 2958 883 3024 loca,
913 2959 995 3013 vel
1027 2960 1078 3013 in
1109 2960 1258 3014 Sinai
1292 2968 1531 3015 montem
1558 2958 1816 3013 orationis
1846 2960 2039 3028 gratia,

451 3048 564 3103 sive
586 3048 651 3103 ad
682 3061 946 3121 martyres
966 3049 1226 3105 distantes
1248 3049 1315 3105 ab
1332 3050 1682 3121 Jerosolytnis
1707 3050 1888 3106 multis
1910 3064 2040 3120 pro-

456 3142 687 3209 Iixisque
715 3141 1009 3195 intervallis
1032 3141 1171 3213 (erat
1198 3143 1340 3196 enim
1373 3157 1538 3197 senex
1568 3153 1859 3213 martyrum
1886 3154 2039 3195 reve-

2142 1941 2257 2012 sepi
2288 1942 2393 2008 leo,
2424 1941 2628 2011 peregit
2666 1949 2722 1994 et
2750 1941 2864 2011 ipse
2893 1941 2995 1996 iter
3019 1955 3196 1995 suum.

2213 2034 2296 2089 Ad
2320 2034 2462 2088 hunc
2489 2033 2736 2088 abbatem
2765 2033 3023 2088 Joannem
3053 2048 3281 2104 pergens
3307 2032 3467 2088 frater
3486 2032 3717 2102 quidam,

2142 2142 2265 2182 cum
2288 2125 2418 2182 nihil
2443 2130 2494 2180 in
2517 2126 2770 2196 spelunca
2795 2126 2937 2180 illius
2966 2127 3279 2190 invenisset,
3308 2124 3383 2178 ait
3405 2123 3519 2179 seni
3550 2123 3727 2190 :Quoo

2144 2218 2303 2273 modo
2346 2218 2435 2273 hic
2477 2217 2722 2283 moraris,
2765 2227 2935 2286 pater,
2971 2232 3075 2271 non
3104 2216 3306 2273 habens
3336 2231 3456 2286 qua:
3484 2224 3612 2269 sunt
3639 2229 3726 2268 ne-

2143 2314 2410 2370 cessaris?
2441 2313 2720 2384 respondit
2750 2327 2941 2378 senex,
2968 2321 3022 2367 et
3046 2314 3119 2365 ait
3146 2328 3160 2365 :
3184 2312 3454 2381 Spelunca
3481 2311 3604 2378 ista,
3636 2309 3727 2376 ﬁli,

2142 2403 2437 2476 spiritualis
2467 2412 2767 2460 mercatura
2795 2412 2917 2469 est;
2948 2402 3060 2468 dat,
3092 2413 3147 2458 et
3166 2402 3381 2472 accipit.

2650 2512 2878 2571 CAPUT
2917 2513 3222 2570 CLXXXII.

2155 2607 2278 2663 Vita
2315 2608 2514 2663 abbatis
2553 2607 2836 2662 Alexandri
2874 2605 3068 2671 Cilicis,
3109 2607 3196 2676 qui
3235 2622 3392 2676 prope
3439 2615 3652 2661 mortem
3697 2623 3727 2659 a

2626 2680 2856 2733 dwmanc
2893 2687 3131 2746 arreptus
3168 2688 3263 2731 est.

2217 2773 2388 2841 Prope
2416 2780 2654 2826 sanctam
2694 2770 2972 2825 Bethleem
3012 2768 3400 2825 monasterium
3443 2778 3527 2824 est
3564 2768 3730 2826 sancti

2145 2866 2346 2936 Sergii,
2371 2864 2514 2935 quod
2541 2864 2751 2919 duobus
2772 2864 2986 2919 circiter
3016 2863 3332 2918 milliaribus
3358 2863 3542 2930 distat,
3576 2873 3630 2919 et
3647 2878 3730 2918 co-

2147 2958 2489 3030 gnominatur
2525 2954 2919 3025 Xeropotamus
2949 2974 2963 3012 :
2997 2957 3051 3010 in
3084 2958 3183 3010 hoc
3205 2957 3428 3011 antistes
3454 2956 3552 3010 fuit
3580 2956 3726 3011 valde
3768 2978 3769 2985 η

2152 3049 2436 3120 religiosus
2457 3048 2622 3102 abbas
2654 3045 2943 3116 Eugenius,
2975 3046 3062 3115 qui
3088 3046 3425 3116 postmodum
3448 3048 3734 3117 episcopus

2151 3143 2486 3211 Ilerm0po|is
2513 3143 2682 3196 lactus
2711 3149 2794 3196 est
2819 3140 2875 3195 in
2902 3140 3155 3210 Egypto,
3186 3156 3307 3209 qua:
3344 3149 3428 3195 est
3456 3140 3509 3194 in
3544 3140 3729 3194 linibus

460 3234 648 3286 rentia:
692 3232 1003 3286 mirabiliter
1032 3233 1264 3298 deditus,
1297 3244 1350 3287 et
1380 3248 1519 3287 nunc
1548 3233 1765 3303 quidem
1796 3231 2049 3301 pergebat
2076 3229 2123 3292 C
2154 3234 2252 3290 sita
2280 3233 2589 3289 Thebaidis.
2624 3233 2742 3300 IIic,
2775 3247 2896 3287 cum
2920 3233 2983 3286 ad
3012 3248 3132 3287 cum
3164 3233 3526 3298 venissemus,
3559 3247 3729 3286 nam.

459 3323 732 3394 Ephesum
763 3324 827 3378 ad
859 3334 1102 3379 sanctum
1134 3324 1419 3393 Joannem,
1446 3341 1585 3381 nunc
1606 3334 1786 3381 autem
1809 3324 2041 3379 Euchai-

461 3432 569 3471 tam
600 3418 664 3472 ad
701 3426 942 3473 sanctum
984 3418 1348 3484 Theodorum,
1384 3436 1528 3475 nunc
1553 3436 1679 3476 vero
1707 3426 1775 3476 ad
1805 3432 2043 3476 sanctam

461 3514 718 3569 'I‘heclam
742 3514 794 3568 in
818 3513 1113 3570 Seleuciam
1136 3514 1370 3580 Isauriae,
1402 3530 1544 3571 nunc
1564 3514 1632 3569 ad
1656 3524 1896 3571 sanctum
1920 3516 2048 3570 Ser-

461 3604 609 3675 gium
636 3603 692 3658 in
722 3605 1014 3675 Sarapbas,
1044 3616 1099 3662 et
1127 3607 1287 3662 modo
1315 3607 1380 3660 ad
1409 3608 1587 3670 istum,
1612 3606 1772 3662 modo
1803 3606 1868 3660 ad
1896 3606 2045 3662 illum

459 3696 752 3764 sanctum),
786 3696 1058 3752 reﬁciebat
1087 3696 1386 3763 candelam,
1416 3706 1469 3753 et
1489 3697 1838 3763 accendebat,
1861 3706 1919 3752 ut
1943 3698 2048 3753 sibi

459 3788 789 3843 consuetudo
810 3799 947 3856 erat,
977 3799 1138 3861 atque
1164 3790 1232 3845 ad
1253 3791 1548 3846 orationem
1579 3799 1749 3855 stans,
1781 3799 1837 3846 et
1860 3790 1969 3846 Deo
1991 3797 2049 3845 ut

459 3893 615 3934 suum
647 3878 749 3935 iter
775 3880 1027 3951 dirigeret
1055 3883 1384 3952 ευρριίοεηις,
1412 3883 1627 3938 dicebat
1652 3883 1717 3937 ad
1744 3883 2046 3952 Dominam,

465 3970 753 4026 intendens
776 3972 829 4026 in
853 3973 1136 4042 imaginem
1164 3974 1371 4045 ipsius:
1402 3974 1595 4031 Sancta
1622 3974 1842 4029 Domina
1866 3984 2047 4030 nostra

464 4064 561 4118 Dei
606 4064 861 4133 genitrix,
909 4068 1032 4136 quia
1075 4068 1290 4137 longum
1339 4072 1437 4123 iter
1477 4070 1648 4124 iturus
1689 4084 1807 4124 sum
1859 4069 2050 4124 diebus

460 4154 645 4210 multis
689 4156 1090 4226 perliciendum,
1126 4157 1362 4213 candet-.e
1407 4168 1511 4214 tua:
1550 4166 1604 4213 tu
1652 4173 1838 4213 curam
1887 4158 2047 4223 habe,

458 4262 686 4318 eamque
731 4264 801 4305 ne
850 4250 1229 4319 exstinguatur
1274 4251 1423 4319 juxta
1474 4250 1807 4319 propositum
1866 4264 2047 4305 meum

464 4355 619 4395 serva
647 4356 661 4406 ;
694 4354 796 4410 ego
818 4343 960 4395 enim
984 4341 1257 4411 adiutorio
1283 4351 1372 4396 tuo
1394 4342 1684 4396 comitante
1705 4341 1806 4396 iter
1824 4341 2045 4409 arripio.

461 4432 663 4504 Hisque
688 4434 759 4490 ad
785 4434 1068 4505 imaginem
1099 4435 1272 4503 dictis,
1298 4436 1689 4506 egrediebatur,
1727 4445 2050 4506 peractoque

464 4527 738 4596 proposito
768 4528 982 4596 itinere,
1012 4528 1405 4597 revertebatur,
1432 4528 1717 4597 aliquando
1748 4536 1868 4597 post
1895 4542 2050 4581 men-

2151 3327 2227 3384 vit
2258 3324 2412 3382 nobis
2433 3325 2502 3381 de
2528 3326 2723 3381 abbate
2746 3325 3053 3380 Alexandro
3076 3323 3260 3391 Cilice,
3290 3324 3429 3393 quod
3455 3340 3578 3379 cum
3603 3323 3732 3378 inter

2150 3421 2432 3490 speluncas
2456 3418 2628 3473 sancti
2672 3417 2923 3473 Jordanis
2953 3417 3240 3484 senuisset,
3270 3416 3477 3485 accepit
3505 3417 3652 3470 illum
3684 3416 3737 3470 in

2151 3510 2483 3566 monasterio
2508 3523 2626 3563 suo.
2660 3508 2760 3575 Qui
2785 3508 2927 3563 circa
2956 3507 3113 3561 linem
3142 3507 3269 3561 vita:
3292 3522 3405 3561 sua:
3427 3507 3625 3562 lectulo
3649 3506 3734 3563 de-

2150 3606 2335 3662 cubuit
2355 3603 2504 3676 quasi
2526 3619 2740 3659 menses
2768 3612 2895 3658 tres.
2921 3604 3056 3655 Ante
3078 3602 3263 3657 decem
3290 3616 3418 3654 vero
3445 3599 3560 3655 dies
3583 3617 3735 3671 quant

2153 3700 2409 3768 migraret
2437 3695 2504 3751 ad
2536 3696 2842 3759 Dominum,
2885 3710 2914 3747 a
2960 3693 3205 3749 daemone
3234 3702 3477 3762 arreptus
3526 3704 3631 3747 est.
3675 3692 3737 3747 Et

2148 3789 2315 3859 erepit
2343 3804 2512 3845 senex
2544 3787 2611 3841 ad
2640 3788 2939 3841 daemonem
2970 3787 3153 3841 dicere
3184 3804 3195 3837 :
3225 3786 3307 3842 Ad
3336 3802 3617 3857 vesperam
3648 3802 3734 3842 ve-

2153 3883 2302 3947 nisti,
2328 3881 2510 3946 miser,
2537 3880 2638 3934 hoc
2659 3894 2907 3950 magnum
2932 3895 3037 3933 non
3059 3887 3169 3944 eat;
3198 3879 3446 3946 quoniam
3471 3879 3526 3933 in
3549 3879 3740 3934 lectulo

2152 3974 2436 4029 devinctus
2465 3988 2605 4035 sum,
2636 3980 2689 4027 et
2728 3972 2934 4026 moveri
2973 3987 3077 4026 non
3129 3987 3382 4041 possum;
3433 3972 3736 4038 ostendisti,

2156 4067 2473 4131 miserrimc,
2525 4063 2947 4118 imbecillitatem
2999 4072 3164 4116 tuam.
3218 4062 3350 4117 Nam
3394 4065 3438 4118 si
3470 4071 3662 4132 potens
3688 4071 3740 4119 et

2156 4161 2341 4214 valens
2382 4171 2558 4224 esses,
2602 4166 2726 4210 ante
2771 4155 2870 4210 hos
2908 4154 3310 4225 quinquaginta,
3347 4155 3425 4209 vel
3467 4156 3740 4226 sexaginta

2153 4268 2325 4308 annos
2353 4253 2519 4322 918
2548 4251 2809 4305 debueras
2839 4250 3265 4319 appropinquare
3294 4247 3442 4316 mihi,
3474 4266 3575 4319 ego
3600 4252 3740 4304 enim

2156 4363 2251 4416 per
2273 4347 2665 4402 contortantem
2697 4358 2783 4399 me
2818 4342 3091 4398 Christum
3121 4342 3477 4398 ostendissent
3520 4343 3617 4398 tibi
3663 4343 3740 4396 in-

2156 4438 2461 4493 lirmitatem
2495 4447 2661 4502 tuam,
2690 4454 2753 4493 ac
2778 4437 3096 4506 deiecissem
3126 4438 3355 4508 rngitum
3386 4448 3553 4503 tuum,
3590 4447 3743 4507 atque

2155 4530 2527 4584 contrivissem
2558 4528 2781 4598 rigidam
2812 4528 2959 4582 illam
2994 4537 3134 4581 tuam
3166 4527 3523 4599 inﬂexamque
3568 4530 3740 4585 cervi-

462 4633 601 4686 sem,
632 4633 775 4689 saepe
804 4620 962 4674 etiam
994 4630 1113 4689 post
1141 4622 1277 4677 duos
1295 4622 1374 4676 vel
1403 4630 1512 4676 tres
1531 4636 1769 4687 menses,
1803 4636 2051 4676 nonnun-
2077 4610 2129 4670 Β
2153 4637 2290 4677 cem.
2321 4620 2473 4675 Nune
2499 4630 2675 4675 autem
2706 4634 2810 4673 non
2840 4634 2958 4673 mea
3008 4629 3088 4673 est
3140 4619 3501 4686 imbecillitas,
3535 4619 3632 4675 sed
3663 4620 3742 4673 in-

464 4727 623 4782 quam
653 4721 776 4782 post
795 4714 1025 4783 quinque
1045 4714 1126 4768 vel
1147 4730 1270 4782 sex,
1291 4722 1347 4770 et
1370 4716 1441 4769 ita
1462 4714 1763 4783 reperiebat
1786 4713 2044 4783 integram

462 4806 742 4863 candelam
772 4818 827 4864 et
846 4808 1144 4875 ardentem,
1174 4810 1312 4865 sicut
1334 4825 1478 4876 eam,
1500 4827 1621 4867 cum
1644 4812 1747 4866 iter
1766 4811 2045 4879 arriperet,

465 4899 765 4967 dimiserat,
797 4912 851 4958 et
880 4918 1147 4973 nunquam
1180 4904 1320 4961 hanc
1349 4920 1378 4959 a
1414 4905 1589 4974 seipsa
1627 4905 1895 4971 exstingui
1921 4904 2050 4960 vidit

466 5006 642 5060 neque
665 4992 733 5048 de
761 5008 948 5050 somno
973 5012 1220 5066 surgens,
1255 5013 1428 5067 neque
1451 5014 1479 5051 a
1504 4997 1935 5067 peregrinatione
1964 5012 2050 5054 re—

465 5083 643 5153 diens,
675 5099 849 5155 neque
875 5103 938 5142 ex
968 5103 1152 5144 eremo
1181 5091 1233 5144 in
1263 5091 1571 5161 speluncam
1610 5106 1856 5161 pergens.

986 5203 1209 5259 CAPUT
1248 5204 1527 5261 CLXXXI.

1101 5296 1176 5352 De
1212 5300 1407 5354 eodem.

544 5382 765 5439 Dicebat
788 5386 942 5442 nobis
968 5398 1021 5443 et
1052 5388 1153 5444 hoc
1173 5391 1238 5446 de
1260 5394 1375 5461 ipso
1408 5392 1547 5448 idem
1576 5391 1893 5447 venerabilis
1922 5392 2049 5447 Dio-

471 5472 656 5545 nysius
684 5478 986 5548 presbyter,
1019 5483 1158 5552 quod
1187 5483 1272 5538 die
1300 5486 1527 5555 quadam
1556 5486 1862 5541 ambulabat
1882 5501 2048 5541 senex

469 5565 523 5618 in
551 5567 904 5625 linibusvillae
926 5570 1156 5638 Sochus,
1191 5574 1277 5628 ubi
1308 5584 1423 5629 erat
1443 5578 1695 5645 spelunca
1721 5576 1908 5646 ipsius,
1936 5590 2050 5629 am—

467 5655 762 5728 bulansque
790 5662 994 5716 leonem
1026 5664 1161 5717 vidit
1187 5663 1455 5735 ingentem
1504 5683 1535 5723 e
1582 5667 1800 5738 regione
1826 5666 2047 5721 venien-

468 5754 597 5801 tem.
631 5746 891 5820 Pergebat
915 5765 1096 5810 autem
1125 5754 1181 5808 in
1204 5759 1283 5809 via
1315 5757 1466 5811 valde
1494 5767 1714 5827 angusta
1745 5758 1887 5813 inter
1915 5756 2050 5811 duas

461 5850 626 5908 ὄψει
649 5845 846 5913 posita,
885 5848 1077 5916 quibus
1104 5849 1348 5917 agricola:
1379 5864 1503 5905 rura
1545 5864 1639 5905 sua
1682 5849 1891 5907 munire
1919 5863 2048 5905 con-

2158 4713 2378 4767 lirmitas
2404 4720 2489 4768 est
2512 4727 2630 4781 quae
2662 4710 2852 4776 premit
2883 4726 2989 4765 me.
3020 4710 3229 4764 Gratias
3253 4720 3427 4765 tamen
3472 4727 3574 4779 ago
3610 4712 3740 4778 Deo,

2154 4809 2222 4865 ad
2251 4824 2408 4879 quem
2441 4808 2811 4878 proliciscens,
2859 4804 3137 4861 ostendam
3172 4806 3418 4874 injuriam
3466 4820 3621 4875 quam
3648 4805 3744 4860 abs

2146 4911 2209 4957 1e
2236 4916 2427 4973 passus
2458 4915 2599 4967 sum,
2633 4900 2754 4969 quia
2784 4909 2901 4968 post
2933 4907 3013 4953 tot
3044 4899 3306 4954 annorum
3339 4900 3550 4955 labores
3586 4909 3641 4956 et
3670 4899 3743 4953 la-

2159 4996 2489 5066 tigationem,
2523 4993 2663 5049 circa
2687 4993 2887 5048 exitum
2918 4993 2997 5047 sic
3025 4993 3278 5047 atrociter
3300 4995 3350 5047 in
3378 5010 3459 5047 tne
3481 4991 3741 5048 invasisti.

2159 5089 2261 5143 Ista
2291 5095 2347 5143 et
2372 5087 2473 5141 alia
2505 5085 2727 5153 plurima
2761 5085 2906 5138 horis
2943 5084 3162 5153 singulis
3188 5084 3393 5149 dicens,
3423 5085 3631 5139 decima
3661 5086 3743 5139 die

2158 5198 2281 5238 cum
2311 5180 2459 5236 omni
2486 5179 2668 5237 ouiete
2700 5178 2923 5233 Domino
2951 5176 3167 5232 Christo
3212 5176 3454 5247 spiritum
3503 5179 3559 5232 in
3618 5190 3745 5248 pace

2160 5272 2406 5329 reddidit.

2653 5340 2877 5397 C.\PUT
2917 5338 3240 5395 CLXXXIII.

2242 5457 2483 5513 Mirabile
2521 5463 2714 5528 factum
2753 5456 2888 5511 senis
2929 5454 3188 5526 AEgyptii,
3230 5455 3433 5507 nomine
3471 5453 3660 5508 David.

2228 5572 2449 5628 Dicebat
2493 5572 2660 5626 abbas
2706 5570 3020 5625 Theodorus
3059 5569 3193 5624 Cilix
3227 5586 3239 5621 :
3269 5568 3401 5623 Cum
3429 5568 3605 5623 adhuc
3627 5585 3735 5624 rno—

2154 5678 2305 5720 rarer
2336 5663 2387 5717 in
2417 5662 2623 5732 Scytlii,
2658 5670 2772 5717 erat
2808 5660 2915 5716 illic
2959 5675 3124 5715 senex
3166 5658 3470 5729 Aigyptius,
3527 5660 3737 5715 nomine

2155 5753 2342 5819 David,
2374 5756 2460 5824 qui
2495 5754 2578 5808 die
2610 5752 2837 5823 quadam
2871 5751 2933 5804 ad
2966 5750 3269 5806 metendum
3322 5749 3595 5819 prolectus
3634 5759 3731 5804 est.

2155 5846 2366 5903 Ilabent
2406 5845 2548 5903 enim
2594 5843 3035 5903 consuetudinem
3081 5841 3394 5912 Scythicae,
3444 5848 3505 5899 ut
3550 5840 3735 5897 abeant,
