3982 6354
234 318 338 376 213

1516 316 1801 374 [ῩΗΪῌΜ
1840 314 2277 379 SPIRITUALE.

3418 328 3528 387 SH

234 435 304 491 ad
343 438 521 504 villas,
550 446 604 494 et
634 444 859 492 metant.
911 434 1165 490 Ascendit
1190 449 1318 504 ergo
1348 448 1512 490 senex
1539 436 1591 487 in
1622 431 1827 497 villam,
1860 426 1913 490 Α
1939 430 2052 485 seni
2076 448 2086 482 :
2111 429 2244 486 Jube
2268 432 2521 503 quidquid
2545 436 2643 499 vis,
2666 447 2719 490 et
2739 438 2963 502 factam;
2996 447 3187 508 putans
3211 441 3527 511 humoquntl

235 534 289 582 et
325 528 427 583 sub
452 528 704 585 mercede
736 526 1080 596 operabatur.
1132 525 1401 582 Conduxit
1452 534 1631 579 autem
1684 522 1834 577 illum

240 606 481 687 agricola
498 619 735 688 quidam.
762 620 893 675 Cum
919 618 1096 688 itaque
1127 626 1356 674 meteret
1384 632 1571 681 senex,
1601 616 1688 670 die
1706 628 1837 671 aua-

241 716 367 772 dam
395 714 539 771 circa
566 715 749 772 horam
776 715 1057 784 septimam
1085 724 1247 770 :estus
1276 728 1497 784 magnus
1538 713 1707 767 factus
1732 718 1833 768 est.

243 817 300 864 et
327 809 459 865 abiit
487 825 651 866 senex
671 811 722 865 in
744 810 1008 880 quoddam
1036 811 1324 881 tugurium,
1348 819 1401 865 et
1422 808 1579 865 sedit.
1604 807 1837 863 Veniens

243 909 424 955 autem
452 901 707 971 agricola,
762 911 815 956 et
860 902 1048 956 videns
1079 906 1358 957 sedentem
1390 916 1599 966 senem,
1632 899 1760 954 dicit
1786 898 1837 954 ei

243 1008 368 1048 cum
393 993 668 1049 iracundia
703 1011 715 1047 ;
747 994 853 1049 Cur
877 1010 979 1049 non
1014 994 1193 1058 metis,
1238 994 1442 1048 senex?
1491 992 1668 1049 nescis
1714 991 1837 1060 quia

249 1084 555 1140 mercedem
589 1085 681 1139 tibi
712 1085 897 1141 reddo.
932 1086 1072 1141 Dixit
1103 1086 1152 1142 ei
1186 1102 1201 1140 :
1239 1086 1311 1139 lta
1357 1101 1521 1151 sane;
1570 1085 1664 1141 sed
1713 1083 1835 1154 quia

241 1185 412 1231 aestus
438 1191 662 1247 magnus
687 1188 792 1245 est,
814 1187 868 1234 et
894 1194 1058 1250 grana
1091 1179 1249 1234 tritici
1276 1179 1344 1234 de
1365 1180 1528 1248 spicis
1559 1178 1836 1244 decidunt,

241 1267 448 1324 idcirco
478 1269 753 1340 paululum
779 1282 1057 1341 exspecto,
1080 1271 1253 1328 donec
1276 1279 1513 1327 transeat
1540 1278 1719 1336 aestus,
1746 1284 1840 1327 ne-

238 1374 347 1428 que
379 1360 631 1417 damnum
665 1362 897 1431 patiaris.
925 1363 1058 1417 Dicit
1083 1362 1150 1417 ad
1174 1376 1296 1417 eum
1340 1362 1571 1432 agricola
1598 1377 1613 1416 :
1644 1361 1835 1431 Surge,

239 1452 450 1519 labora,
479 1454 990 1511 etardeantomnia.
1025 1455 1120 1511 Cui
1145 1455 1419 1527 respondit
1440 1469 1602 1510 senex
1634 1470 1646 1505 :
1673 1454 1736 1508 Et
1757 1452 1838 1507 vis

238 1554 304 1602 ut
327 1547 588 1602 ardeant?
620 1548 770 1603 Dixit
797 1549 1025 1604 illecum
1056 1548 1329 1603 iracundia
1355 1565 1367 1601 :
1393 1546 1467 1603 lta
1499 1544 1840 1615 plane.Tunc

239 1638 481 1693 surrexit
508 1639 711 1705 senior,
741 1649 797 1695 et
826 1653 951 1694 ecce
975 1639 1232 1696 continuo
1272 1638 1462 1694 ardere
1491 1638 1657 1707 coepit
1685 1650 1833 1706 ager.

239 1725 482 1784 Currens
521 1738 699 1784 autem
744 1730 975 1801 agricola
1020 1731 1169 1786 venit
1195 1729 1261 1785 ad
1290 1730 1425 1787 alios
1452 1743 1633 1797 senes,
1665 1729 1752 1796 qui
1784 1727 1837 1782 in
1878 1783 1887 1792 ,

1940 523 2120 577 senior
2149 521 2252 578 sibi
2282 524 2478 595 aliquid
2512 526 2791 597 iniungere
2815 529 2994 585 vellet.
3025 530 3176 585 Tune
3203 533 3336 587 dixit
3363 535 3528 589 abhas

1941 614 2175 670 Joannes
2209 633 2220 668 :
2252 616 2381 671 Cum
2416 617 2510 673 tibi
2541 629 2897 690 opportunum
2944 632 3045 690 est,
3080 639 3176 678 nec
3207 625 3371 681 habes
3405 627 3531 694 quid

1942 704 2125 772 facias,
2149 706 2270 761 veni
2301 705 2423 773 huc,
2448 716 2503 765 et
2533 709 2746 780 triginta
2785 712 3186 782 genuflexiones
3216 730 3313 784 pro
3343 732 3428 771 me
3454 717 3531 771 fa-

1940 798 2068 864 cito,
2095 807 2151 854 et
2174 799 2313 855 dabo
2338 802 2432 857 tibi
2457 818 2619 857 unum
2644 815 2979 874 argenteum.
3026 794 3125 862 Cui
3168 823 3290 864 cum
3331 810 3423 865 ille
3470 811 3534 864 li-

1940 889 2124 945 benter
2174 893 2557 962 consensisset,
2601 897 2810 966 quoties
2854 900 2927 953 illi
2958 902 3180 955 vacabat
3226 903 3293 957 ab
3336 918 3528 972 opere,

1940 983 2195 1053 pergebat
2221 985 2287 1040 ad
2332 1002 2542 1053 senem,
2576 998 2630 1045 et
2656 992 2923 1060 completo
2952 994 3254 1051 orationum
3302 1012 3529 1053 numero

1940 1075 2102 1135 (labat
2127 1077 2176 1131 ei
2204 1093 2371 1135 senex
2408 1081 2559 1149 juxta
2599 1084 2968 1152 constitutum,
3011 1098 3323 1156 argenteum
3375 1105 3529 1143 num-

1941 1182 2111 1237 mum,
2140 1168 2409 1241 dabatque
2439 1170 2511 1226 illi
2542 1173 2826 1229 comedere
2852 1184 2903 1231 et
2934 1176 3141 1242 bibere,
3184 1179 3424 1234 tribuens
3451 1180 3531 1234 in-

1939 1274 2101 1329 super
2131 1260 2414 1330 paximatia
2444 1279 2538 1328 pro
2565 1274 2670 1320 tota
2701 1266 2861 1321 domo
2908 1282 3027 1323 sua.
3078 1269 3208 1325 Cum
3239 1272 3397 1340 igitur
3428 1273 3525 1326 im-

1942 1352 2136 1421 plesset
2178 1352 2362 1423 viginti
2413 1362 2641 1424 quatuor
2687 1367 2987 1428 argenteos,
3041 1358 3092 1415 id
3146 1371 3247 1429 est,
3304 1378 3526 1419 aureum

1941 1457 2239 1508 nummum,
2269 1445 2476 1515 accepit
2498 1446 2565 1500 ab
2593 1460 2659 1502 eo
2680 1461 2865 1516 senex,
2894 1460 2947 1504 et
2974 1449 3180 1506 dimisit
3203 1451 3371 1521 illum,
3396 1453 3533 1510 dans

1942 1536 1993 1592 ei
2021 1536 2180 1592 etiam
2213 1537 2634 1596 benedictiones.

2014 1645 2159 1705 Idem
2190 1647 2356 1704 abbas
2384 1647 2621 1706 Joannes
2671 1655 2949 1707 eunuchus
2982 1655 3216 1710 narravit
3245 1655 3418 1721 nobis,
3447 1657 3529 1711 di-

1947 1753 2077 1795 eens
2109 1756 2122 1794 :
2156 1736 2510 1797 Ascendimus
2540 1741 2592 1796 in
2623 1741 2949 1798 Thebaidem
2983 1743 3047 1798 ad
3093 1747 3395 1801 coenobium
3430 1749 3526 1804 ab-

238 1816 347 1872 alia
368 1829 520 1889 parte
542 1820 653 1890 asri
681 1820 1064 1889 operabanwr.
1098 1832 1152 1876 et
1182 1823 1372 1876 orabat
1401 1833 1495 1875 eos
1517 1828 1573 1873 ιιι
1593 1818 1840 1874 venirem
1867 1802 1917 1865 Β
1944 1833 2080 1888 hatis
2097 1834 2311 1902 Apollo,
2329 1835 2664 1906 viditnusque
2686 1837 2757 1892 ibi
2783 1836 3053 1908 jttninrem
3081 1838 3295 1897 fratrem
3321 1841 3527 1899 haben-

236 1922 300 1967 et
328 1911 755 1981 deprecarentur
783 1928 968 1968 senem
1001 1920 1058 1969 ut
1097 1922 1279 1968 oraret
1319 1922 1372 1967 et
1413 1911 1591 1981 ignem
1636 1909 1839 1965 exstin-

240 2015 460 2077 gueret.
491 2006 779 2062 Venientes
808 2016 983 2063 autem
1027 2022 1183 2062 senes
1215 2012 1620 2077 prostraverunt
1646 2018 1705 2060 se
1735 2002 1835 2058 hu-

243 2100 354 2167 mi;
387 2102 477 2156 ille
505 2109 681 2156 autem
709 2101 840 2155 dixit
874 2101 952 2156 eis
985 2117 999 2153 :
1026 2100 1166 2155 Dixit
1196 2102 1311 2171 ipse
1344 2108 1400 2154 ut
1429 2098 1660 2154 arderet.
1692 2096 1836 2152 Exo-

240 2202 396 2247 ratus
417 2198 593 2247 tamen
617 2192 683 2247 ab
702 2192 779 2248 eis
804 2191 952 2258 abiit,
974 2198 1031 2247 et
1056 2201 1203 2248 stans
1229 2192 1434 2248 medius
1466 2191 1604 2246 inter
1625 2204 1687 2245 ea
1714 2204 1837 2259 quze

239 2290 513 2346 arserant,
544 2290 599 2337 et
626 2297 686 2337 ea
709 2298 826 2352 quin
852 2298 956 2338 non
981 2292 1245 2348 arserant,
1277 2282 1471 2350 oravit,
1503 2289 1559 2338 et
1583 2280 1837 2337 continuo

238 2373 549 2429 exstinctus
601 2382 683 2429 est
735 2373 892 2446 ignis,
954 2382 1008 2430 et
1062 2373 1264 2430 salvata
1317 2382 1403 2430 est
1454 2387 1580 2444 pars
1631 2371 1835 2442 reliqua

238 2463 407 2520 ruris.

745 2533 970 2593 CAPUT
1011 2535 1341 2595 CLXXXIV.

254 2622 598 2699 Vitngbatis
626 2626 846 2679 Joannis
874 2626 1135 2690 Eunuchi,
1170 2644 1263 2681 nec
1292 2644 1393 2682 non
1414 2628 1618 2699 juvenis
1650 2626 1836 2682 Mona-

313 2694 421 2769 εΙιίἲ
470 2698 851 2769 ςαὶΑηιιηᾳιιαηι
894 2699 1057 2752 bibere
1099 2709 1376 2765 statuerat,
1414 2694 1576 2769 atque
1618 2699 1835 2755 alterius

302 2767 449 2820 utris
500 2767 648 2823 valde
690 2769 1004 2823 orationibus
1044 2770 1226 2824 dediti.

320 2860 549 2915 Eramus
592 2860 647 2915 in
688 2860 840 2916 Nono
868 2860 1231 2928 Alexandriae,
1264 2877 1383 2918 cum
1413 2864 1734 2923 accessimus
1764 2864 1833 2921 ad

239 2950 633 3007 monasterium
650 2952 858 3009 abbatis
884 2952 1106 3009 Joannis
1122 2954 1351 3011 eunuchi
1375 2954 1617 3011 utilitatis
1637 2956 1827 3025 gratia.

240 3042 547 3102 Invenimus
576 3053 759 3101 autem
790 3046 963 3116 ipsum
1003 3060 1187 3102 senem
1215 3048 1303 3117 qui
1334 3056 1519 3118 egerat
1555 3050 1609 3103 in
1649 3046 1831 3105 habitu

236 3137 542 3194 monastico
556 3152 726 3192 annos
745 3136 1039 3208 octaginta,
1064 3138 1135 3193 ita
1152 3137 1577 3204 misericordem,
1598 3147 1655 3193 ut
1670 3138 1830 3194 alium

237 3230 514 3285 neminem
544 3228 621 3285 illi
644 3229 875 3287 similem
906 3230 1228 3297 viderimus;
1258 3247 1363 3286 non
1394 3230 1566 3286 solum
1598 3231 1739 3287 enim
1763 3230 1830 3288 ad

241 3322 513 3390 homines,
536 3338 719 3380 verum
745 3334 799 3380 et
827 3324 894 3379 ad
917 3326 1071 3380 bruta
1095 3326 1341 3382 animalia
1362 3328 1671 3389 misericors
1689 3337 1825 3386 erat.

240 3416 386 3484 Quid
415 3431 544 3487 ergo
593 3416 822 3474 faciebat
848 3420 1057 3474 senex?
1089 3419 1304 3475 Nullum
1333 3434 1467 3490 opus
1496 3420 1638 3475 aliud
1670 3419 1831 3476 habe-

242 3509 359 3575 bat,
391 3509 489 3565 nisi
521 3510 659 3567 hoc:
694 3510 930 3582 Surgens
958 3513 1025 3568 de
1050 3526 1208 3569 mane
1236 3513 1347 3569 ibat
1367 3516 1433 3567 ad
1455 3528 1615 3568 canes
1644 3526 1833 3568 omnes

238 3600 338 3672 qui
369 3610 518 3656 erant
549 3603 601 3657 in
630 3604 979 3672 monasterio,
1012 3612 1067 3659 et
1089 3604 1264 3659 cibum
1290 3603 1563 3673 praebebat
1584 3604 1712 3660 illis.
1740 3602 1829 3660 Si-

241 3692 445 3748 militer
474 3700 528 3748 et
555 3696 732 3764 parvis
762 3692 1056 3750 formiculis
1086 3694 1309 3750 farinam
1338 3694 1659 3765 apponebat,
1698 3695 1833 3750 triti-

240 3801 476 3856 cumque
503 3785 795 3857 majoribus
822 3787 1081 3844 formicis.
1113 3788 1497 3844 Madefaciebat
1516 3798 1571 3859 et
1593 3788 1833 3858 paxima-

239 3877 343 3944 tia,
374 3885 428 3930 et
457 3892 517 3929 ca
539 3891 700 3945 super
727 3885 863 3932 tecta
890 3878 1225 3948 projiciebat,
1277 3890 1334 3935 ut
1365 3880 1607 3935 volucres
1653 3893 1833 3934 come-

239 3967 455 4022 derent.
485 3967 559 4021 lla
578 3968 776 4039 degens
792 3967 1013 4040 jugiter,
1039 3969 1171 4025 nihil
1194 3985 1315 4025 cum
1341 3982 1639 4025 moreretur
1666 3970 1715 4025 in
1734 3984 1833 4025 suo

243 4061 575 4114 monasterio
601 4060 829 4129 dimisit,
862 4077 965 4116 non
993 4072 1221 4131 portam,
1255 4077 1359 4117 non
1389 4060 1699 4128 fenestram,
1727 4078 1833 4118 non

239 4151 476 4219 apetlum
505 4150 641 4223 (59),
678 4168 781 4207 non
807 4153 1109 4221 candelam,
1141 4169 1246 4209 non
1270 4153 1526 4220 tabulam,
1558 4163 1611 4210 et
1640 4169 1707 4210 ne
1726 4155 1834 4210 sin-

235 4241 386 4311 gulis
405 4242 696 4298 immorans
718 4244 976 4313 prolixior
990 4244 1110 4310 sim,
1138 4260 1245 4300 non
1267 4245 1469 4299 dimisit
1485 4246 1703 4300 omnino
1726 4256 1833 4302 tera

241 4350 439 4390 renum
486 4335 715 4405 aliquid.
763 4335 1041 4402 Nunquam
1072 4337 1156 4391 vel
1206 4354 1307 4394 una
1358 4342 1486 4392 hora
1540 4340 1706 4394 tenuit
1752 4339 1837 4395 vel

241 4427 463 4495 librum,
494 4428 576 4482 vel
608 4429 908 4497 pecuniam,
958 4430 1040 4484 vel
1083 4430 1474 4496 indumentum,
1524 4432 1616 4486 sed
1659 4432 1835 4485 omnia

1943 1935 2050 1982 tem
2081 1928 2241 1984 etiam
2271 1930 2541 1985 carnalem
2572 1931 2737 2003 919
2765 1941 2992 2003 patrem,
3034 1942 3089 1989 et
3130 1935 3301 2004 ipsum
3347 1952 3531 1993 mona-

1940 2018 2123 2073 chum.
2158 2019 2355 2075 Statuit
2400 2037 2527 2093 ergo
2561 2021 2775 2093 juvenis
2804 2040 3069 2096 nunquam
3102 2027 3287 2084 bibere
3315 2044 3526 2101 aquam,

1941 2124 2114 2180 neque
2162 2110 2365 2178 vinum,
2422 2128 2594 2184 neque
2640 2115 2909 2185 potionem
2938 2117 3095 2172 aliam
3128 2129 3240 2175 toto
3267 2121 3390 2176 vita:
3419 2137 3531 2179 sua)

1942 2211 2200 2273 tempore.
2239 2203 2443 2260 Edebat
2469 2205 2629 2275 igitur
2672 2206 2816 2262 olera
2865 2209 3109 2278 quaedam
3151 2212 3527 2281 eomestibilia,

1939 2309 2060 2364 qua:
2094 2294 2267 2364 ipsum
2304 2312 2368 2353 cx
2396 2297 2483 2352 siti
2516 2313 2765 2356 recreare
2788 2311 3071 2371 poterant:
3100 2303 3326 2361 habebat
3349 2318 3530 2362 autem

1939 2394 1994 2442 et
2018 2388 2375 2445 ministerium
2405 2391 2671 2462 coquendi
2700 2408 2885 2463 panes.
2911 2394 3040 2450 Cum
3074 2410 3202 2450 vero
3233 2406 3341 2454 tres
3363 2414 3533 2455 annos

1941 2479 2042 2535 hoc
2072 2480 2410 2537 abstinentiae
2434 2483 2594 2538 modo
2619 2485 2968 2550 cucurrisset,
3001 2485 3182 2542 incidit
3207 2488 3259 2542 in
3282 2490 3533 2559 gravissi-

1937 2585 2077 2625 mam
2104 2572 2499 2643 aegritudinem,
2530 2589 2593 2630 ex
2623 2590 2727 2646 qua
2747 2577 2907 2631 etiam
2932 2577 3212 2634 defunctus
3236 2590 3337 2635 est.
3362 2579 3529 2637 Cum-

1938 2677 2042 2732 que
2084 2663 2234 2720 febre
2279 2676 2545 2734 ureretur,
2574 2677 2630 2724 et
2657 2682 2725 2724 ex
2756 2672 3014 2726 immensa
3063 2671 3153 2726 siti
3199 2671 3528 2743 fatigaretur,

1938 2754 2252 2811 hortabatur
2282 2757 2350 2812 ab
2379 2759 2628 2814 omnibus
2659 2768 2716 2814 ut
2739 2761 2821 2817 vel
2847 2762 3107 2817 modicam
3143 2764 3411 2833 potionem
3437 2765 3532 2821 de-

1937 2854 2213 2917 gustaret;
2249 2863 2422 2918 neque
2452 2864 2670 2919 prorsus
2700 2851 2801 2907 hoc
2833 2852 3010 2909 facere
3033 2854 3198 2910 frater
3226 2855 3317 2910 ille
3341 2870 3528 2925 passus

1938 2947 2042 2993 est.
2073 2939 2254 2994 Abbas
2284 2940 2449 3011 igitur
2476 2943 2738 2999 accersito
2768 2944 2996 3013 medico,
3040 2953 3098 2999 ut
3146 2945 3438 3016 languenti,
3484 2947 3529 3002 si

1937 3046 2036 3103 qua
2068 3033 2275 3088 ratione
2306 3043 2505 3104 posset,
2538 3034 2867 3103 subveniret,
2910 3037 3244 3106 precabatur.
3278 3038 3376 3106 Qui
3406 3053 3528 3094 cum

1939 3122 2178 3179 venisset
2204 3132 2260 3178 et
2285 3122 2493 3180 videret
2518 3125 2739 3182 fratrem
2770 3127 2825 3183 in
2854 3129 2942 3184 tali
2975 3128 3311 3197 necessitate,
3341 3145 3529 3202 rogare

1935 3229 2055 3271 eum
2080 3215 2267 3286 ccepit,
2300 3225 2361 3272 ut
2390 3217 2659 3275 modicum
2690 3220 2915 3291 alicujus
2968 3222 3197 3292 potionis
3238 3222 3527 3294 acciperet.

1934 3307 2041 3363 Sed
2068 3323 2190 3363 cum
2221 3308 2311 3366 ille
2334 3324 2438 3366 non
2469 3311 2855 3384 acquiesceret,
2903 3315 3037 3369 dixit
3072 3315 3250 3371 abbati
3284 3333 3295 3368 :
3325 3315 3530 3372 Afferte

1935 3397 2067 3453 mihi
2097 3398 2200 3456 huc
2226 3415 2319 3456 vas
2349 3416 2618 3472 magnum.
2653 3403 2769 3473 Quo
2799 3404 2979 3471 allato,
3032 3408 3249 3461 mittens
3297 3407 3349 3461 in
3396 3406 3528 3461 illud

1938 3493 2168 3559 tepentis
2214 3507 2367 3562 aqua:
2412 3492 2700 3563 amphoras
2738 3504 2987 3566 quatuor,
3028 3494 3156 3552 fecit
3197 3497 3346 3552 illum
3388 3497 3530 3551 intus

1935 3584 2149 3639 immitti
2170 3600 2339 3655 usque
2368 3585 2431 3640 ad
2453 3585 2653 3641 femora
2679 3602 2770 3654 per
2795 3602 2949 3642 unam
2978 3588 3183 3644 horam.
3215 3589 3529 3644 Atlirmabat

1935 3692 2113 3734 autem
2149 3678 2302 3735 nobis
2331 3680 2495 3736 abbas
2523 3679 2757 3736 Joannes
2787 3681 2924 3751 (illic
2964 3683 3105 3737 enim
3136 3681 3524 3752 aderat),quod

1935 3783 2058 3824 cum
2106 3769 2254 3825 illum
2304 3784 2368 3826 ex
2418 3785 2553 3840 aqua
2610 3771 2960 3839 eduxissent,
3019 3773 3247 3829 metiens
3287 3776 3524 3830 medicus

1935 3875 2150 3932 aquam,
2177 3861 2379 3917 invenit
2402 3875 2520 3916 eam
2542 3876 2611 3916 ex
2635 3876 2821 3932 magna
2845 3870 2994 3931 parte
3011 3864 3366 3920 imminutam.
3386 3865 3523 3920 Ecce

1936 3966 2095 4023 quam
2148 3954 2253 4007 vim
2310 3950 2408 4008 sibi
2479 3953 2773 4009 intulerunt
2838 3953 3173 4012 continentes
3230 3955 3521 4024 monachi,

1937 4044 2144 4112 seipsos
2167 4053 2381 4114 propter
2401 4043 2566 4099 Deum
2590 4042 2673 4099 his
2695 4046 3104 4104 necessitatibus
3125 4046 3437 4115 subdentes,
3472 4058 3529 4105 ut

1938 4135 2281 4205 sempiternis
2303 4133 2609 4191 fruerentur
2635 4134 2809 4191 bonis.

2014 4250 2155 4306 idem
2205 4264 2392 4306 rursus
2441 4249 2595 4306 nobis
2644 4251 2952 4321 enarravit,
2990 4252 3219 4311 dicens:
3251 4256 3529 4326 Ingressus

1940 4359 2058 4399 sum
2088 4344 2141 4399 in
2184 4343 2372 4399 eodem
2429 4343 2675 4399 coenobio
2724 4344 2974 4400 cellulam
3024 4347 3171 4403 senis
3206 4345 3481 4418 cnjusdam
3508 4388 3525 4415 ,

1942 4436 2156 4506 vidique
2186 4434 2311 4506 quia
2344 4436 2432 4491 ubi
2463 4445 2607 4492 stare
2637 4436 2704 4491 ad
2736 4436 3033 4493 orationem
3074 4437 3314 4505 solebat,
3350 4438 3527 4495 tabula

238 4517 433 4581 egenis
471 4516 649 4580 dabat,
703 4533 917 4573 omnem
956 4534 1137 4575 curam
1177 4534 1326 4574 suam
1358 4519 1422 4574 ad
1458 4520 1631 4575 futura
1663 4531 1837 4577 trans—
1865 4557 1918 4616 Β
1944 4538 2061 4583 erat
2091 4529 2387 4598 supposita.
2436 4527 2536 4583 Ubi
2569 4541 2747 4585 autem
2777 4546 2949 4601 genua
2995 4531 3188 4601 figebat
3217 4540 3272 4587 et
3302 4546 3523 4600 manus,

242 4613 448 4666 ferens.

321 4701 620 4758 Narrabant
648 4713 824 4759 autem
862 4714 916 4759 et
960 4703 1062 4760 hoc
1108 4704 1176 4761 de
1224 4707 1361 4774 ipso,
1414 4705 1833 4763 misericordiam

239 4809 366 4866 ejus
396 4805 447 4850 et
473 4796 860 4867 compassionis
890 4799 1135 4852 allectum
1164 4795 1542 4855 commendare
1572 4798 1832 4854 volentes.

248 4889 349 4944 Die
378 4889 608 4959 quadam
627 4891 771 4945 venit
801 4890 866 4945 ad
895 4906 1016 4945 eum
1039 4892 1269 4961 agricola
1300 4890 1538 4961 quidam,
1570 4901 1756 4961 petens
1779 4900 1834 4946 ut

242 4994 470 5036 aureum
500 4997 776 5037 nummum
802 4983 874 5037 illi
900 4993 1084 5037 mutuo
1109 4984 1277 5038 daret.
1312 4983 1443 5038 Cum
1463 4999 1589 5039 vero
1616 4985 1702 5039 ille
1728 5000 1833 5039 non

243 5076 473 5133 luberet
498 5078 624 5150 (nec
647 5080 790 5134 enim
820 5095 1050 5150 unquam
1079 5095 1264 5136 aurum
1291 5081 1505 5138 tenebat
1524 5080 1715 5151 senex)
1738 5083 1836 5136 mi-
1926 5086 1929 5091 '

242 5169 318 5226 sit
347 5171 622 5238 continuo,
656 5182 710 5227 et
748 5174 1006 5226 mutuavit
1033 5188 1058 5223 a
1088 5176 1412 5230 monasterio
1448 5173 1732 5238 numisma,
1783 5162 1837 5230 et

243 5262 397 5318 dedit
424 5261 624 5318 homini
649 5265 739 5334 qui
763 5264 811 5319 id
835 5280 866 5319 a
886 5280 943 5319 se
969 5264 1208 5333 petierat,
1236 5264 1503 5334 pollicenti
1530 5275 1648 5336 post
1675 5281 1834 5320 unum

244 5372 490 5411 mensem
524 5358 623 5413 hoc
651 5372 709 5413 se
733 5357 809 5413 illi
843 5357 1193 5412 redditurum.
1239 5355 1369 5412 Cum
1396 5373 1521 5412 vero
1567 5359 1836 5427 praeteris-

242 5456 369 5502 seut
393 5448 516 5502 anni
546 5447 675 5515 duo,
704 5461 756 5503 et
786 5449 1017 5519 agricola
1050 5448 1179 5506 illud
1221 5464 1326 5503 non
1352 5449 1620 5517 redderet,
1650 5465 1834 5505 accer-

242 5540 369 5593 sivit
406 5541 552 5595 illum
596 5540 763 5596 abbas
810 5540 1063 5607 Joannes,
1114 5550 1168 5597 et
1214 5540 1288 5595 ait
1324 5540 1396 5595 illi
1428 5558 1442 5595 :
1478 5540 1553 5595 Da
1581 5542 1708 5596 mihi
1743 5557 1839 5596 nu-

245 5632 464 5693 misma,
500 5631 688 5687 frater.
712 5632 810 5696 Qui
841 5633 993 5697 dixit,
1016 5634 1167 5687 novit
1196 5632 1337 5688 Deus
1359 5632 1479 5702 quia
1511 5647 1613 5687 non
1644 5632 1836 5688 habeo.

250 5722 402 5777 'l‘uue
424 5723 499 5778 ait
525 5726 597 5779 illi
623 5741 783 5780 senex
817 5743 830 5778 :
862 5726 1134 5795 Agnosce,
1168 5725 1355 5792 frater,
1388 5726 1512 5796 quia
1539 5726 1716 5781 inveni
1746 5726 1836 5783 tibi

246 5815 470 5875 modum
502 5832 596 5888 per
625 5834 781 5889 quem
814 5821 987 5890 pessis
1018 5818 1146 5875 mihi
1178 5818 1309 5875 illud
1350 5817 1595 5875 reddere.
1643 5818 1741 5888 Qui
1770 5819 1842 5876 ait

1888 4694 1895 4701 ι
1947 4635 2239 4676 concavum
2269 4630 2384 4676 erat
2409 4620 2686 4692 plusquam
2718 4621 3002 4693 digitorum
3032 4631 3257 4691 quatuor
3281 4639 3295 4677 :
3319 4637 3386 4679 ex
3415 4622 3525 4679 fre-

1945 4712 2158 4782 quentia
2188 4709 2386 4783 quippe
2424 4721 2478 4765 ct
2511 4725 2609 4767 usu
2650 4714 2917 4767 continuze
2945 4712 3202 4768 orationis
3245 4720 3525 4793 cavaverat

1946 4803 2198 4858 tabulam.

2456 4872 2681 4932 CAPUT
2720 4873 3025 4929 CLXXXV.

1954 4984 2072 5039 Vita
2105 4985 2332 5039 mulieris
2358 4984 2545 5053 ﬁdelis,
2587 5000 2700 5054 qua:
2729 4983 2861 5037 mira
2895 4985 3148 5051 sapientia
3183 4987 3343 5041 virum
3376 5004 3526 5043 suum

2335 5057 2568 5126 gentilem
2596 5057 2663 5108 ad
2690 5055 2844 5123 ﬁdem
2868 5057 3129 5110 convertit.

2014 5170 2145 5225 Cum
2179 5172 2229 5226 in
2266 5169 2428 5226 Samo
2460 5170 2631 5224 insula
2663 5182 2924 5234 essemus,
2959 5169 3208 5225 narrabat
3240 5170 3394 5226 nobis
3424 5186 3518 5227 ve-

1944 5264 2200 5321 nerabilis
2230 5280 2520 5335 pauperum
2550 5262 2744 5321 cultrix
2776 5262 2939 5319 Maria
2969 5274 3139 5321 mater
3161 5263 3342 5321 domui
3367 5264 3518 5321 Pauli

1942 5358 2246 5424 candidati,
2280 5356 2663 5413 dicens:Cum
2712 5370 2891 5414 essem
2937 5358 2991 5413 in
3036 5358 3250 5414 civitate
3296 5357 3519 5428 Nisilte,

1942 5461 2059 5508 erat
2108 5452 2179 5506 ibi
2208 5450 2511 5506 Christiana
2560 5450 2770 5516 mulier,
2805 5452 2976 5506 virum
3010 5452 3213 5508 habens
3242 5452 3520 5524 gentilem.

1945 5543 2110 5597 Erant
2132 5550 2310 5597 autem
2337 5556 2618 5613 pauperes,
2646 5542 2913 5598 habebant
2936 5552 3111 5599 tamen
3139 5545 3521 5616 quinquaginta

1947 5634 2231 5690 miliarisia
2285 5633 2429 5705 (ΑΟ),
2482 5635 2624 5706 quod
2678 5636 3011 5693 numismatis
3057 5652 3225 5708 genus
3270 5646 3367 5693 est.
3430 5636 3527 5692 Die

1947 5740 2076 5780 vero
2106 5723 2331 5795 quadam
2366 5726 2443 5780 ait
2484 5728 2565 5781 vir
2596 5726 2747 5783 uxori
2790 5743 2901 5783 sua:
2929 5744 2942 5780 :
2971 5727 3165 5805 Demus
3195 5728 3307 5784 haec
3350 5725 3523 5783 numi-

1950 5828 2117 5879 smata
2150 5817 2439 5879 feneratori
2461 5862 2475 5890 ,
2506 5829 2560 5879 ut
2592 5821 2804 5895 aliquod
2833 5819 3084 5878 solatium
3128 5836 3190 5876 ex
3223 5821 3301 5879 eis
3343 5820 3518 5892 capia-
