3982 6354
455 359 558 413 εις

1621 347 1706 402 DE
1750 338 1924 401 VITYS
1967 338 2246 397 PATRUM
2291 337 2490 394 LIBER
2526 335 2590 392 Χ.

3632 331 3743 390 216

458 493 610 542 mus;
644 492 705 528 ea
741 474 886 529 enim
926 474 1200 543 sigillatim
1245 468 1612 526 consumimus
1635 508 1650 531 ,
1680 476 1735 521 et
1761 462 2033 529 deficiunt.
2067 458 2116 519 Α
2141 454 2397 526 quidquid
2427 456 2531 509 vis.
2561 454 2637 508 Ad
2666 467 2823 525 quem
2850 453 2964 520 ipse
2990 467 3006 505 :
3028 450 3249 518 Accipe,
3276 440 3467 520 inquit,
3496 449 3741 521 quinque

455 565 810 638 Rcspondens
843 574 1020 621 autem
1054 566 1140 619 illa
1173 564 1310 618 bona
1343 577 1478 617 uxor
1499 605 1513 625 ,
1547 560 1619 614 ait
1649 557 1803 612 viro:
1833 554 1889 609 Si
1928 553 2042 622 pla-

453 670 544 719 cet
583 676 646 718 ea
693 658 959 723 fenerari,
1012 659 1168 724 veni,
1204 657 1393 714 demus
1441 655 1528 707 illa
1562 652 1664 709 sub
1697 650 1883 703 fenore
1933 647 2042 698 Deo

453 754 906 813 Christianorum.
960 751 1099 806 Dicit
1144 751 1193 807 ei
1240 751 1324 803 vir
1368 748 1521 815 ejus:
1555 747 1617 800 Et
1649 743 1737 797 tibi
1770 749 1857 795 est
1903 740 2042 793 Deus

456 848 912 914 Christianorum,
937 856 991 901 ut
1019 847 1207 901 demus
1225 844 1307 898 ei?
1340 842 1420 895 Ait
1452 841 1536 893 illa
1563 855 1577 893 :
1612 838 1722 907 Ego
1753 835 1841 889 tibi
1869 833 2041 902 ipsum

460 943 778 1007 ostendam;
804 942 849 996 si
877 940 1017 994 enim
1070 936 1191 991 lmic
1221 934 1433 990 dederis
1463 947 1546 997 ea,
1582 946 1686 984 non
1734 928 1903 981 Solum
1938 940 2041 977 nou

459 1034 546 1089 illa
579 1034 796 1104 perdes,
824 1032 918 1088 sed
950 1041 1002 1086 et
1033 1043 1219 1084 usuras
1253 1027 1345 1081 tibi
1384 1022 1657 1095 persolvet
1684 1062 1697 1086 ,
1732 1029 1783 1074 et
1814 1016 2043 1087 capitale

458 1128 681 1198 duplum
722 1126 927 1182 reddet.
974 1122 1074 1191 Qui
1124 1122 1199 1175 ait
1247 1120 1320 1175 illi
1353 1137 1363 1173 :
1392 1119 1587 1174 Eamus
1614 1156 1629 1180 ,
1662 1110 1885 1167 ostende
1912 1108 2041 1161 mihi

466 1220 639 1283 illum,
682 1228 736 1273 et
765 1220 951 1272 demus
978 1214 1047 1269 ei.
1085 1214 1175 1267 Illa
1207 1227 1336 1268 vero
1357 1223 1636 1265 assumens
1664 1208 1833 1260 virum
1863 1216 2040 1266 suum,

462 1310 615 1364 duxit
666 1310 716 1364 in
759 1315 999 1362 sanctam
1037 1305 1320 1361 ecclesiam
1350 1320 1361 1355 :
1388 1301 1549 1356 habet
1595 1308 1775 1356 autem
1818 1294 2043 1352 ecclesia

456 1404 546 1456 illa
594 1401 827 1470 quinque
879 1414 1097 1469 magnas
1140 1396 1354 1465 januas.
1399 1395 1533 1449 Cum
1583 1406 1711 1461 ergo
1743 1388 2046 1443 induxisset

459 1493 610 1548 illum
659 1492 711 1545 in
752 1491 996 1545 ecclesiae
1047 1489 1348 1557 porticum,
1394 1482 1700 1539 ostemlitei
1741 1492 2041 1549 pauperes,

458 1584 644 1639 dicens
669 1599 685 1639 :
710 1582 833 1638 lstis
864 1582 905 1636 si
942 1580 1257 1651 praebueris,
1290 1578 1429 1632 Deus
1459 1574 1885 1629 Christianorum
1928 1570 2041 1638 ipsa

450 1676 675 1747 accipit;
706 1676 791 1730 isti
820 1675 965 1730 enim
993 1688 1182 1728 omnes
1207 1672 1287 1727 sui
1317 1679 1459 1726 sunt.
1493 1668 1593 1736 Qui
1623 1681 1744 1720 mox
1770 1680 1888 1718 cum
1913 1677 2044 1732 gau-

452 1769 544 1825 dio
574 1768 898 1824 numismata
932 1768 1095 1837 coepit
1139 1780 1361 1836 erogare
1409 1760 1770 1834 pauperibus;
1804 1757 2039 1813 reversi-

455 1878 560 1934 que
589 1872 715 1918 sunt
744 1863 794 1916 in
826 1861 1044 1916 domum
1079 1874 1250 1915 suam.

528 1954 661 2010 Cum
693 1969 822 2008 vero
850 1961 969 2023 post
999 1964 1213 2006 menses
1239 1959 1349 2004 tres
1379 1947 1700 2003 necessitate
1731 1954 2041 2012 sumptuum

457 2054 898 2116 angustarentur,
953 2044 1028 2099 ait
1077 2044 1157 2097 vir
1203 2041 1353 2097 uxori
1406 2039 1768 2103 su'.e:Soror,
1822 2037 1953 2090 nihil
1986 2044 2045 2088 ttt

458 2137 640 2201 video,
679 2136 902 2192 daturus
933 2145 1013 2191 est
1046 2135 1199 2190 nobis
1224 2134 1364 2189 Deus
1393 2132 1819 2187 Christianorum
1854 2145 1917 2183 ex
1951 2128 2045 2183 de-

454 2228 570 2284 bito
619 2226 748 2293 illo,
789 2236 843 2281 et
894 2241 1035 2280 nunc
1080 2225 1451 2295 angustiamur
1489 2223 1690 2287 inopia.
1746 2219 2043 2289 Respondit

455 2320 668 2390 mulier,
700 2329 755 2376 et
782 2321 856 2375 ait
886 2319 963 2375 illi
992 2338 1004 2372 :
1034 2318 1285 2374 Profecto
1315 2317 1459 2371 dabit
1486 2335 1496 2369 :
1524 2319 1657 2371 vade
1689 2316 1773 2369 ubi
1830 2315 1917 2367 illa
1949 2314 2044 2368 de-

464 2414 625 2479 disti;
657 2422 711 2467 et
740 2412 1024 2468 exhibebit
1052 2427 1115 2466 ea
1149 2411 1243 2466 tibi
1277 2426 1397 2465 cum
1430 2410 1577 2463 otnni
1600 2409 1893 2463 alacritate.
1925 2408 2041 2475 Quo

460 2507 665 2572 audito,
700 2507 789 2562 ille
819 2520 1042 2561 currens
1069 2505 1203 2559 abiit
1233 2505 1284 2557 in
1310 2516 1552 2557 sanctam
1595 2500 1913 2563 ecclesiam;
1951 2514 2040 2553 ve-

456 2600 718 2671 niensque
756 2600 810 2654 in
854 2602 971 2653 loco
1004 2597 1093 2651 ubi
1134 2604 1450 2667 erogaverat
1494 2594 1812 2647 nomismata
1845 2606 2041 2661 paupe-

454 2694 622 2757 ribus,
656 2703 712 2750 et
740 2692 1006 2748 circuiens
1039 2701 1207 2748 t0tam
1237 2689 1519 2745 ecclesiam
1540 2727 1554 2751 ,
1586 2686 1855 2741 neminem
1907 2683 2041 2737 vidit

451 2786 545 2856 qui
573 2786 673 2840 sibi
705 2786 946 2842 debitum
972 2785 1242 2850 redderet,
1271 2782 1371 2837 nisi
1402 2783 1546 2836 solos
1577 2795 1837 2849 pauperes
1862 2778 2040 2833 denuo

453 2877 729 2933 sedentes.
763 2877 894 2935 Cum
922 2892 1053 2949 ergo
1079 2876 1342 2948 cngitaret
1381 2876 1433 2930 in
1474 2875 1687 2945 seipso,
1719 2873 1803 2927 cui
1836 2872 2042 2926 diceret

453 2969 677 3040 aliquid,
710 2971 791 3025 vel
820 2986 847 3022 a
880 2985 988 3041 quo
1027 2970 1291 3042 exigeret,
1324 2967 1534 3038 aspexit
1565 2975 1689 3022 ante
1725 2967 1888 3035 pedes
1913 2979 2040 3019 suos

448 3061 505 3115 in
541 3061 1012 3132 marmorejacere
1039 3064 1301 3118 nomisma
1332 3076 1493 3117 unum
1522 3076 1586 3117 ex
1616 3059 1741 3124 illis,
1763 3075 1880 3129 qua:
1900 3075 2039 3128 .pau—

448 3154 667 3223 peribus
698 3154 810 3225 ip-e
835 3166 1100 3224 erogaret,
1146 3155 1515 3226 inclinansque
1557 3167 1617 3207 se
1637 3195 1650 3218 ,
1683 3161 1738 3207 et
1765 3154 2038 3222 accipiens

2148 549 2498 601 numismat-a.
2553 546 2751 602 Putatis
2807 557 2983 600 autem
3030 544 3277 599 venditor
3314 543 3437 613 quia
3488 543 3733 600 illuderct

2149 640 2291 703 sibi,
2323 625 2446 693 dicit
2480 640 2530 693 ei
2566 658 2576 691 :
2611 639 2675 693 Et
2729 647 2932 692 tantum
2982 638 3061 690 vis
3105 652 3199 705 pro
3248 636 3341 689 illo
3387 636 3731 704 persolveret

2149 730 2472 785 Eaixtimans
2506 730 2763 798 trapezita
2793 772 2806 794 ,
2839 728 2977 797 quod
3033 730 3099 780 ita
3134 729 3224 782 ille
3258 743 3350 795 per
3380 727 3604 779 ironiam
3655 727 3737 779 Ιοα

2146 831 2423 892 queretur,
2458 822 2534 875 ait
2564 820 2663 890 ipsi
2690 838 2703 875 :
2731 820 2927 884 Accipe
2954 820 3138 874 decem
3172 833 3267 888 pro
3295 835 3359 871 eo
3385 818 3732 871 nomismata.

2147 914 2406 968 \‘enditor
2436 915 2631 969 iterum
2672 929 2730 967 se
2768 913 2980 967 irrideri
3030 914 3299 965 arbitrans
3324 953 3338 974 ,
3377 912 3559 963 tacuit.
3596 910 3741 965 Dicit

2149 1007 2221 1061 illi
2257 1007 2511 1075 trapezita
2540 1024 2552 1059 :
2580 1006 2775 1075 Viginti
2820 1005 3138 1059 numismata
3182 1006 3389 1071 accipe.
3423 1004 3515 1058 Ille
3552 1014 3733 1057 autem

2147 1098 2354 1153 tacebat
2375 1097 2502 1151 nihil
2529 1098 2858 1167 respondens
2884 1113 2896 1148 :
2921 1094 3055 1149 Cum
3081 1110 3210 1148 vero
3237 1095 3301 1148 ad
3334 1093 3576 1162 triginta,
3604 1107 3740 1163 qua-

2147 1191 2412 1258 draginta,
2443 1198 2497 1243 et
2525 1187 2909 1258 quinquaginta
2949 1188 3267 1241 nutnismata
3309 1196 3522 1253 emptor
3547 1199 3739 1238 ascem

2148 1280 2323 1347 deret,
2357 1292 2413 1336 et
2438 1296 2497 1336 se
2524 1281 2773 1335 daturum
2806 1295 2865 1334 ea
2890 1279 3197 1348 juramento
3227 1276 3541 1343 affirmaret,
3574 1276 3740 1345 erepit

2148 1373 2238 1428 ille
2260 1374 2491 1444 amplius
2513 1373 2743 1443 lapidem
2770 1373 3064 1427 testimare.
3093 1370 3352 1425 Paulatim
3377 1384 3505 1423 vero
3524 1382 3739 1438 emptor

2148 1467 2446 1521 ascendens
2478 1481 2646 1534 usque
2694 1465 2760 1521 ad
2816 1475 3052 1520 trecenta
3083 1464 3401 1517 numismata
3452 1464 3733 1532 pervenit,

2147 1558 2400 1628 deditque
2428 1559 2517 1613 illa
2551 1559 2829 1614 vendenti.
2879 1559 2995 1627 Ipse
3035 1557 3214 1626 igitur,
3242 1556 3366 1609 dato
3396 1555 3500 1623 lapi
3523 1564 3574 1610 te
3596 1594 3613 1620 ,
3645 1571 3734 1609 ac-

2146 1657 2409 1720 ceptaque
2456 1650 2676 1719 pecunia
2702 1691 2717 1711 ,
2750 1659 2895 1703 venit
2921 1647 2987 1701 ad
3028 1662 3249 1701 uxorem
3290 1660 3441 1699 suam
3473 1646 3732 1716 gaudens.

2147 1745 2278 1811 Qua:
2307 1759 2428 1798 cum
2474 1744 2677 1798 videret
2718 1743 2866 1797 illum
2900 1742 3255 1797 exsultantem
3281 1783 3293 1801 ,
3326 1739 3457 1793 dixit
3485 1758 3497 1792 :
3522 1742 3741 1806 Quanto

2076 1838 2118 1898 Β
2149 1840 2292 1894 illum
2328 1836 2651 1891 vendidisti?
2686 1836 2907 1890 Putabat
2939 1847 3115 1890 autem
3149 1851 3235 1902 qui
3258 1836 3291 1886 (Ι
3323 1834 3468 1887 ἰΙΙιινιι
3500 1834 3738 1901 quinque

2153 1933 2235 1986 vel
2268 1930 2453 1984 decem
2516 1929 2736 1984 minutis
2783 1929 3127 1982 vendidisset.
3175 1926 3325 1981 Tunc
3376 1926 3468 1980 ille
3501 1934 3735 1979 trecenta

2149 2030 2468 2078 numismata
2502 2022 2777 2091 proferens
2799 2065 2812 2086 ,
2845 2021 2993 2076 dedit
3042 2021 3127 2074 illa
3161 2020 3310 2073 uxori
3342 2035 3452 2072 sua:
3506 2019 3694 2072 dicens
3719 2056 3735 2080 ,

2150 2126 2295 2173 tanto
2326 2132 2385 2172 se
2416 2116 2563 2171 iflntn
2598 2114 2924 2170 vendidisse.
2953 2115 3041 2167 Illa
3072 2128 3198 2165 vero
3224 2126 3485 2166 summam
3538 2110 3735 2164 divina:

2147 2210 2405 2267 benitatis
2433 2210 2769 2264 clementiam
2802 2208 3108 2273 admirans,
3139 2208 3271 2259 dixit
3312 2207 3358 2259 ei
3387 2221 3400 2258 :
3432 2208 3566 2258 Ecce
3596 2203 3737 2258 Deus

2147 2302 2571 2357 Christianorum
2606 2302 2778 2369 qualis
2806 2313 2909 2362 est,
2934 2315 3092 2369 quam
3128 2299 3315 2360 bonus,
3344 2312 3500 2363 quant
3533 2306 3735 2361 tratus,

2145 2410 2304 2464 quam
2333 2394 2517 2449 dives!
2550 2393 2706 2448 Vides
2735 2393 2858 2462 quia
2882 2408 2986 2446 non
3018 2397 3192 2446 so'um
3216 2390 3595 2460 quinquaginta
3632 2403 3736 2442 nu-

2146 2487 2397 2541 ntisntata
2433 2483 2528 2539 tibi
2580 2484 2850 2550 reddidit,
2898 2498 3020 2550 qua:
3072 2493 3126 2535 ttt
3176 2482 3253 2535 illi
3298 2479 3589 2543 tnutnasti,
3637 2478 3734 2534 sed

2145 2580 2330 2650 paucis
2355 2578 2543 2631 diebus
2566 2577 2677 2646 ipsa
2703 2576 2797 2630 tibi
2820 2575 3170 2644 sextuplieata
3195 2573 3461 2629 restituit?
3486 2574 3735 2639 Amosce

2146 2675 2307 2745 igitur
2332 2674 2456 2743 quia
2491 2687 2596 2726 non
2618 2680 2700 2726 est
2732 2671 2872 2726 Deus
2895 2671 3056 2738 altus,
3084 2685 3255 2739 neque
3286 2669 3338 2723 in
3367 2679 3528 2732 terra,
3560 2682 3733 2736 neque

2148 2768 2201 2822 in
2234 2767 2393 2831 coelo,
2425 2766 2524 2820 nisi
2557 2765 2672 2834 ipse
2697 2764 2863 2818 solus.
2898 2765 2990 2819 Ille
3018 2779 3146 2817 vt-ro
3176 2761 3434 2816 miraculo
3475 2759 3732 2814 admoui-

2146 2868 2252 2921 tus,
2282 2872 2403 2913 cum
2434 2855 3106 2926 experimentodidicisset
3151 2865 3205 2910 ct
3253 2853 3366 2920 ipse
3410 2853 3732 2917 veritatem,

2142 2952 2365 3009 et'fectus
2394 2961 2478 3008 est
2502 2961 2723 3020 repente
2750 2948 3105 3013 Christianus,
3132 2959 3184 3003 et
3206 2946 3521 3018 glorificavit
3567 2946 3731 3000 Deum

2141 3055 2197 3103 et
2224 3046 2554 3104 Salvatnretn
2573 3052 2812 3098 nostrum
2827 3042 3098 3097 Christum
3116 3054 3235 3094 cum
3270 3040 3423 3094 I‘atre
3447 3049 3503 3093 et
3530 3038 3734 3107 Spiritu

2142 3150 2330 3196 sancto
2370 3180 2385 3205 ,
2444 3140 2700 3208 plurimas
2753 3136 2995 3191 referens
3048 3133 3243 3203 gratiis
3297 3130 3736 3201 prudentissimze

450 3243 602 3309 illud,
628 3245 759 3300 abiit
784 3247 834 3301 in
864 3247 1083 3301 domum
1108 3263 1281 3315 suam,
1308 3258 1362 3303 et
1386 3225 1459 3303 ait
1480 3249 1690 3318 conjugi
1721 3263 1833 3302 sua:
1858 3264 1873 3303 :
1900 3248 2036 3301 Ecce
2066 3226 2112 3289 (ἶ
2144 3233 2449 3297 “mli-“>033.
2476 3247 2571 3301 Iw"
2593 3244 2753 3302 quam
2796 3242 2919 3283 *πθ
2951 3226 3045 3282 θεῖ
3073 3226 3260 3281 "Milia
3286 3225 3383 3295 ίιδδῑ
3425 3226 3479 3280 Ῑη
3510 3225 3735 3279 "illum

448 3337 725 3409 profectus
754 3354 872 3394 sum
902 3341 953 3395 in
986 3340 1270 3396 ecclesiam
1297 3386 1311 3409 ,
1341 3349 1395 3397 et
1426 3342 1586 3397 crede
1618 3342 1744 3395 mihi
1771 3382 1784 3407 ,
1819 3340 2034 3407 mulier,

455 3433 579 3501 quia
616 3432 779 3488 Deum
808 3433 1235 3489 Christianorum
1269 3449 1373 3490 non
1416 3435 1561 3501 vidi,
1595 3445 1649 3491 ut
1674 3436 1853 3491 dixisti
1875 3478 1887 3500 ,
1920 3436 2041 3491 nul-

448 3524 643 3591 lurque
672 3526 802 3579 mihi
847 3526 1048 3594 aliquid
1089 3526 1271 3591 dedit,
1310 3527 1410 3582 nisi
1445 3527 1585 3598 quod
1628 3528 1729 3584 hoc
1771 3529 2035 3583 numisma

448 3613 522 3675 ibi
556 3616 787 3686 positum
820 3617 926 3671 vidi
967 3658 983 3684 ,
1020 3618 1106 3673 ubi
1151 3633 1251 3688 ego
1301 3620 1447 3687 prius
1489 3635 1856 3689 erogarerazt'.
1890 3621 2035 3675 Tune

452 3709 528 3765 ait
570 3708 635 3762 ad
666 3723 786 3763 eum
836 3708 1029 3763 mulier
1064 3709 1152 3764 illa
1202 3709 1461 3765 mirabilis
1489 3729 1502 3764 :
1531 3711 1647 3780 Ipse
1678 3721 1792 3775 est,
1823 3712 1910 3781 qui
1945 3712 2037 3766 tibi

453 3799 558 3856 Itoc
587 3800 926 3856 invisibiliter
969 3800 1247 3874 prmszitit;
1282 3802 1374 3857 ille
1406 3803 1548 3858 enim
1582 3804 1833 3857 invisibili
1885 3814 2037 3871 pote-

448 3902 585 3949 state
608 3909 794 3949 manus
820 3911 931 3951 sum
960 3894 1191 3964 diSpOait
1223 3898 1362 3949 hunc
1395 3896 1674 3950 mttndum.
1717 3897 1824 3950 Sed
1863 3897 1995 3950 vade
2020 3938 2034 3962 ,

448 3986 666 4043 domine
693 3990 797 4055 mi,
837 4005 957 4043 etne
1004 3990 1159 4044 nobis
1188 3990 1421 4060 aliquid,
1456 4000 1511 4044 ut
1554 3992 1898 4046 comedamns
1942 3991 2039 4047 lto-

455 4080 565 4146 die,
610 4097 902 4154 rursusque
944 4084 1060 4153 ipse
1092 4086 1394 4154 providebit
1438 4086 1608 4139 nobis.
1637 4086 1782 4140 Abiit
1823 4088 1915 4142 ille
1938 4128 1953 4151 ,
1985 4096 2038 4141 et

448 4175 583 4228 emit
628 4174 728 4229 sibi
764 4191 974 4244 partem,
1027 4187 1080 4232 et
1115 4177 1316 4244 vinum,
1354 4186 1410 4234 et
1450 4179 1691 4247 piscem,
1731 4191 1785 4235 et
1816 4182 2037 4235 veniens

449 4265 667 4321 domum
698 4266 843 4322 dedit
886 4269 1060 4323 uxori.
1089 4268 1220 4336 Quae
1266 4270 1536 4339 accipiens
1568 4270 1766 4339 piscem
1795 4313 1810 4337 ,
1864 4272 2031 4342 cmpit

447 4360 622 4429 ipsum
644 4375 893 4431 purgare,
919 4370 1347 4434 exenteransque
1370 4363 1540 4432 illum,
1571 4365 1772 4419 invenit
1804 4367 1854 4418 in
1881 4368 2039 4421 visce-

448 4452 598 4507 ribus
626 4453 743 4523 ejus
766 4453 997 4524 lapidem
1031 4455 1183 4510 valde
1216 4456 1536 4522 mirabilem,
1568 4457 1636 4512 ita
1668 4467 1723 4511 ut
1754 4460 2037 4514 miraretur

446 4546 643 4601 mulier
689 4546 831 4601 illius
878 4546 1373 4617 prlcltritudinem;
1448 4565 1553 4603 non
1603 4560 1781 4605 tamen
1831 4552 2033 4605 sciebat

446 4639 572 4709 quid
602 4649 764 4696 esset.
799 4640 1080 4696 Servatum
1113 4650 1289 4696 autem
1321 4644 1553 4697 ostendit
1578 4647 1864 4700 revertenti
1894 4648 2031 4714 viro,
2071 4617 2117 4675 ί)

446 4735 631 4791 dit-ens
657 4753 671 4789 :
701 4735 839 4791 Ecce
881 4735 1021 4789 hunc
1051 4736 1284 4806 lapidem
1315 4738 1366 4791 in
1416 4740 1560 4807 pisce
1603 4741 1799 4808 reperi.
1839 4740 2036 4799 Videtis

447 4837 628 4883 autem
654 4836 711 4883 et
739 4826 877 4897 ipse,
912 4827 1137 4885 miratus
1174 4837 1257 4882 est
1286 4828 1501 4898 quidem
1533 4830 1700 4899 ipsius
1744 4832 2035 4901 pulchrum

451 4920 657 4989 dinem,
688 4922 966 4991 ignorabat
999 4932 1176 4979 tamen
1210 4924 1335 4992 quid
1365 4935 1531 4979 essu.

515 5012 651 5067 Cum
671 5023 847 5069 autem
867 5015 1213 5082 comedisset,
1230 5016 1304 5070 ait
1326 5017 1508 5070 uxori:
1532 5016 1605 5070 Da
1627 5017 1755 5071 mihi
1777 5017 2030 5087 lapidem,

453 5111 511 5158 ut
533 5103 745 5171 vadam,
769 5113 824 5160 et
849 5107 1076 5162 vendam
1103 5108 1277 5173 illum,
1304 5109 1347 5163 si
1368 5109 1493 5179 quid
1524 5112 1763 5165 fortassis
1788 5114 1944 5180 pretii
1967 5113 2035 5167 de

449 5192 544 5249 illo
565 5194 809 5265 accipere
825 5198 1116 5268 contingat.
1137 5197 1319 5268 Neque
1335 5200 1499 5265 enim,
1523 5211 1577 5252 ttt
1598 5201 1725 5263 dixi,
1745 5214 1966 5255 now-rat
1982 5210 2037 5257 et

449 5285 593 5358 ipse,
618 5285 746 5357 quid
776 5296 941 5355 esset,
976 5299 1029 5343 ut
1064 5301 1185 5361 pote
1211 5291 1433 5362 simplex
1471 5300 1524 5345 ct
1554 5293 1721 5347 rudis.
1753 5293 1897 5347 Tulit
1931 5294 2021 5347 ita-

448 5393 556 5450 que
589 5377 821 5449 lapidem
851 5422 865 5443 ,
917 5389 973 5436 et
1012 5380 1143 5435 abiit
1189 5382 1256 5436 ad
1306 5386 1641 5453 trapezitam,
1676 5384 1828 5451 cujus
1872 5386 2038 5459 920

436 5474 571 5525 "erat
616 5473 888 5541 proprium
922 5471 1045 5526 talia
1084 5486 1265 5529 emere
1315 5483 1370 5529 et
1407 5476 1639 5529 vendere
1665 5519 1678 5543 ,
1726 5475 2036 5546 invenitque

449 5564 599 5622 illum
627 5563 736 5633 jam
779 5562 976 5619 clausis
1017 5565 1264 5624 erunibus
1294 5568 1659 5635 egredientem
1711 5568 1811 5636 (ad
1845 5582 2034 5635 vestie-

445 5673 567 5715 rum
599 5657 740 5711 enim
767 5655 875 5724 jam
907 5656 1022 5710 dies
1051 5657 1192 5726 erat)
1213 5666 1267 5711 et
1294 5659 1369 5711 ait
1399 5659 1471 5711 illi
1504 5676 1517 5710 :
1552 5658 1642 5711 Vis
1672 5673 1855 5712 emere
1887 5658 2032 5713 hunc

450 5747 717 5815 lapidein?
749 5749 839 5803 Ille
890 5763 1017 5803 vero
1067 5749 1416 5803 considerans
1466 5750 1698 5818 lapidem
1727 5792 1741 5815 ,
1771 5750 1910 5804 dixit
1938 5752 1987 5805 ei
2016 5768 2028 5804 :

450 5841 587 5895 “uid
623 5841 699 5895 vis
731 5850 787 5895 ut
820 5840 911 5895 tibi
958 5855 1055 5913 pro
1093 5855 1157 5896 eo
1199 5842 1436 5897 solvam?
1471 5842 1555 5897 Ait
1586 5851 1763 5897 autem
1797 5843 1922 5899 ille:
1956 5843 2029 5897 Da

2139 3340 2396 3382 00008553
2425 3333 2531 3381 est.

2635 3417 2866 3475 CAPUT
2906 3414 3237 3472 CLXXXVI.

2501 3510 2620 3567 l’t'ta
2651 3512 2854 3565 Moschi
2879 3511 3175 3563 mercatoris
3209 3506 3371 3578 Tyrii.

2215 3626 2558 3685 Perreximus
2590 3625 2643 3678 in
2680 3623 2983 3678 coenobium
3014 3621 3286 3691 spelunca:
3314 3618 3522 3673 abbatis
3553 3616 3734 3683 Saba,

2141 3723 2207 3778 ad
2238 3722 2484 3777 abbatem
2511 3717 2855 3773 Eustachium
2886 3715 3051 3784 ipsius
3092 3713 3321 3769 cmuobii
3358 3713 3731 3781 pra-positum,

2142 3816 2490 3885 narravitque
2518 3812 2695 3877 nobis,
2736 3810 2922 3864 dicens
2957 3827 2971 3863 :
3005 3807 3135 3862 Erat
3160 3807 3284 3877 Tyri
3312 3815 3581 3861 mercator
3607 3805 3730 3871 qui-

2146 3910 2293 3973 dam,
2325 3905 2542 3962 nomine
2566 3904 2854 3968 Moschus;
2888 3903 2933 3955 is
2964 3901 3121 3955 nobis
3144 3941 3159 3966 ,
3188 3915 3309 3954 cum
3332 3898 3532 3968 Tyrum
3562 3899 3736 3952 venis.

2142 4017 2346 4069 senius,
2381 4000 2480 4053 hoc
2514 3999 2696 4055 retulit
2724 4041 2738 4065 ,
2763 3998 2950 4051 dicens
2990 4012 3005 4050 :
3035 3994 3167 4049 Cum
3199 4008 3372 4048 essem
3397 4007 3560 4062 Super
3588 4007 3734 4045 eom-

2144 4095 2339 4151 mercia
2369 4138 2385 4162 ,
2418 4090 2684 4161 profundo
2716 4105 2937 4158 vespere
2966 4089 3069 4143 abii
3099 4088 3328 4141 lavatum
3350 4127 3365 4151 ,
3388 4093 3444 4140 et
3468 4089 3519 4138 in
3543 4084 3622 4137 ria
3649 4100 3733 4138 re-

2145 4187 2259 4257 peri
2286 4185 2566 4241 mulierem
2593 4196 2822 4238 stantem
2848 4182 2899 4236 iu
2926 4181 3183 4236 tenebris.
3218 4180 3296 4233 Ad
3322 4195 3480 4248 quam
3512 4191 3615 4247 ego
3642 4175 3732 4230 ubi

2144 4275 2374 4346 perrexi,
2393 4277 2663 4328 consensit
2684 4272 2833 4343 Sequi
2861 4282 2977 4339 post
2998 4287 3100 4324 me.
3126 4270 3241 4324 Pne
3266 4268 3530 4323 diabolica
3555 4270 3733 4337 itaque

2142 4367 2336 4437 gaudio
2365 4381 2468 4419 non
2495 4365 2621 4434 lavi,
2644 4365 2738 4419 sed
2763 4364 2825 4416 ad
2850 4377 3054 4418 (‘lBtttttlt
3076 4360 3375 4432 pmperavi,
3394 4361 3731 4428 multumque

2142 4462 2363 4515 orabam
2391 4461 2559 4527 illam,
2592 4470 2649 4515 ut
2672 4460 3014 4523 conroderet;
3057 4459 3149 4512 sed
3190 4456 3279 4511 illa
3331 4466 3548 4526 gustare
3581 4454 3734 4523 quid-

2143 4568 2301 4620 quam
2343 4566 2496 4622 passa
2542 4569 2647 4607 non
2698 4561 2802 4606 est.
2850 4551 3089 4605 Tandem
3129 4550 3508 4613 surreximus;
3537 4557 3733 4602 etcum

2143 4645 2209 4699 ad
2235 4644 2535 4700 cubandum
2560 4643 2917 4706 venissemus,
2934 4642 3230 4710 vellemque
3253 4639 3392 4693 illam
3412 4637 3734 4705 amplexari,

2144 4754 2275 4793 voce
2330 4753 2519 4807 magna
2566 4751 2687 4791 cum
2738 4735 2997 4805 lacrymis
3045 4732 3334 4794 clamavit,
3374 4731 3561 4783 dicens
3596 4745 3609 4781 :
3642 4727 3734 4783 Vae

2142 4830 2271 4886 mihi
2324 4829 2574 4884 misera}!
2646 4826 3014 4883 Tremefactns
3086 4824 3261 4892 itaque
3328 4819 3727 4889 interrogabam

2139 4938 2356 4978 causam
2387 4922 2628 4977 ﬂetuum.
2660 4920 2752 4974 Illa
2782 4935 2909 4973 vero
2946 4917 3177 4983 amplius
3223 4914 3432 4985 eiulans
3480 4914 3554 4967 ait
3591 4931 3604 4966 :
3636 4911 3730 4968 Vir

2139 5030 2291 5070 meus
2321 5016 2622 5087 negotiator
2650 5022 2752 5078 est,
2776 5021 2831 5066 et
2853 5011 3181 5080 naufragium
3215 5010 3357 5076 fecit,
3384 5010 3725 5080 perdiditque

2142 5114 2197 5159 et
2226 5119 2322 5158 sua
2354 5114 2407 5159 et
2438 5104 2634 5170 aliena,
2676 5114 2728 5157 et
2780 5113 3063 5174 propterea
3120 5103 3171 5157 iu
3221 5118 3443 5157 carcere
3486 5104 3724 5156 inclusus

2140 5209 2245 5266 est,
2292 5214 2389 5253 nec
2440 5198 2613 5252 habeo
2641 5198 2769 5265 qttid
2814 5199 3026 5264 faciam,
3059 5204 3117 5250 ut
3141 5197 3223 5251 vel
3246 5204 3434 5265 partem
3460 5197 3535 5251 illi
3572 5195 3735 5251 minio

2139 5301 2325 5354 strem,
2352 5300 2513 5361 atque
2542 5289 2660 5344 ideo
2684 5305 2792 5360 prze
2814 5290 2972 5343 nimia
2997 5300 3311 5359 paupertate
3332 5304 3527 5357 corpus
3552 5302 3731 5343 meum

2141 5400 2411 5455 exponere
2443 5389 2724 5454 proposui,
2756 5393 2813 5439 ιιι
2846 5384 2914 5442 illi
2951 5401 3140 5452 panem
3198 5385 3492 5442 inveniam,
3548 5385 3727 5436 omnia

2142 5480 2283 5532 enim
2319 5477 2687 5546 deperierant.
2724 5478 2790 5531 Et
2821 5478 2927 5530 dixi
2960 5478 3034 5531 illi
3071 5495 3083 5529 :
3117 5477 3387 5543 Quantum
3446 5486 3529 5530 est
3577 5475 3733 5530 debi-

2143 5579 2251 5623 tutn
2280 5570 2302 5623 ?
2334 5569 2462 5639 Qua:
2493 5571 2564 5623 ait
2600 5587 2612 5623 :
2645 5570 2890 5637 Quinque
2916 5570 3031 5623 auri
3078 5568 3246 5623 librae.
3301 5567 3589 5622 Proferens
3631 5582 3729 5623 au-

2144 5669 2249 5715 tem
2280 5675 2466 5713 aurum
2502 5659 2625 5714 dedi
2664 5659 2763 5723 illi,
2796 5660 2982 5714 dicens
3013 5676 3027 5712 :
3064 5661 3198 5714 Ecce.
3232 5659 3322 5715 Dei
3354 5668 3484 5713 nutu
3517 5672 3623 5713 non
3653 5667 3729 5712 te-

2143 5752 2235 5822 tigi
2262 5761 2341 5815 te;
2378 5750 2443 5805 da
2481 5765 2689 5815 aurum,
2724 5760 2779 5808 et
2807 5751 3010 5807 redime
3040 5751 3214 5807 virum
3252 5762 3398 5807 tuutu
3426 5794 3441 5821 ,
3483 5757 3542 5807 ‘et
3581 5759 3730 5809 orato

2140 5861 2238 5916 pro
2267 5859 2370 5898 me.
