  <div class='ocr_page' id='page_1' title='image "/cluster/home/n/w/nwhite01/storage/ocr_20150623/74/hvd.32044015469372/118.png"; bbox 0 0 3982 6354; ppageno 0'>
   <div class='ocr_carea' id='block_1_1' title="bbox 299 390 428 448">
    <p class='ocr_par' dir='ltr' id='par_1_1' title="bbox 299 390 428 448">
     <span class='ocr_line' id='line_1_1' title="bbox 299 390 428 448; baseline -0.016 0"><span class='ocrx_word' id='word_1_1' title='bbox 299 390 428 448; x_wconf 70' lang='grc'><strong>’217</strong></span> 
     </span>
    </p>
   </div>
   <div class='ocr_carea' id='block_1_2' title="bbox 1584 376 2337 438">
    <p class='ocr_par' dir='ltr' id='par_1_2' title="bbox 1584 376 2337 438">
     <span class='ocr_line' id='line_1_2' title="bbox 1584 376 2337 438; baseline -0.009 0"><span class='ocrx_word' id='word_1_2' title='bbox 1584 377 1808 438; x_wconf 75' lang='lat' dir='ltr'><strong>PRATU</strong></span> <span class='ocrx_word' id='word_1_3' title='bbox 1822 379 1864 434; x_wconf 67' lang='lat' dir='ltr'><strong>ll</strong></span> <span class='ocrx_word' id='word_1_4' title='bbox 1908 377 2123 433; x_wconf 76' lang='lat' dir='ltr'><strong>Sl‘llll&#39;l</strong></span> <span class='ocrx_word' id='word_1_5' title='bbox 2136 378 2219 432; x_wconf 68' lang='lat' dir='ltr'><strong>UA</strong></span> <span class='ocrx_word' id='word_1_6' title='bbox 2233 376 2337 431; x_wconf 69' lang='lat' dir='ltr'><strong>LF.</strong></span> 
     </span>
    </p>
   </div>
   <div class='ocr_carea' id='block_1_3' title="bbox 3502 376 3608 431">
    <p class='ocr_par' dir='ltr' id='par_1_3' title="bbox 3502 376 3608 431">
     <span class='ocr_line' id='line_1_3' title="bbox 3502 376 3608 431; baseline 0 0"><span class='ocrx_word' id='word_1_7' title='bbox 3502 376 3608 431; x_wconf 69' lang='lat' dir='ltr'><strong>N8</strong></span> 
     </span>
    </p>
   </div>
   <div class='ocr_carea' id='block_1_4' title="bbox 292 471 3606 573">
    <p class='ocr_par' dir='ltr' id='par_1_4' title="bbox 292 471 3606 573">
     <span class='ocr_line' id='line_1_4' title="bbox 292 471 3606 573; baseline -0.005 -13"><span class='ocrx_word' id='word_1_8' title='bbox 292 471 311 536; x_wconf 60' lang='grc' dir='ltr'><strong>ί</strong></span> <span class='ocrx_word' id='word_1_9' title='bbox 397 501 602 561; x_wconf 86' lang='lat' dir='ltr'><strong>Deinde</strong></span> <span class='ocrx_word' id='word_1_10' title='bbox 630 511 751 573; x_wconf 79' lang='lat' dir='ltr'><strong>post</strong></span> <span class='ocrx_word' id='word_1_11' title='bbox 772 498 1163 572; x_wconf 77' lang='lat' dir='ltr'><strong>aliquantulum</strong></span> <span class='ocrx_word' id='word_1_12' title='bbox 1195 496 1452 566; x_wconf 85' lang='lat' dir='ltr'><strong>temporis</strong></span> <span class='ocrx_word' id='word_1_13' title='bbox 1477 495 1744 549; x_wconf 80' lang='lat' dir='ltr'><strong>calumnia</strong></span> <span class='ocrx_word' id='word_1_14' title='bbox 1776 506 1906 545; x_wconf 85' lang='lat' dir='ltr'><strong>cou-</strong></span> <span class='ocrx_word' id='word_1_15' title='bbox 1940 494 1983 548; x_wconf 81' lang='grc' dir='ltr'><strong>Α</strong></span> <span class='ocrx_word' id='word_1_16' title='bbox 2013 488 2174 573; x_wconf 62' lang='lat' dir='ltr'><strong>sortia</strong></span> <span class='ocrx_word' id='word_1_17' title='bbox 2223 486 2410 555; x_wconf 84' lang='lat' dir='ltr'><strong>fugiat.</strong></span> <span class='ocrx_word' id='word_1_18' title='bbox 2458 486 2558 552; x_wconf 83' lang='lat' dir='ltr'><strong>Qui</strong></span> <span class='ocrx_word' id='word_1_19' title='bbox 2586 484 2812 553; x_wconf 84' lang='lat' dir='ltr'><strong>injurias</strong></span> <span class='ocrx_word' id='word_1_20' title='bbox 2861 483 3104 541; x_wconf 84' lang='lat' dir='ltr'><strong>oblivisci</strong></span> <span class='ocrx_word' id='word_1_21' title='bbox 3153 484 3285 553; x_wconf 90' lang='lat' dir='ltr'><strong>vult,</strong></span> <span class='ocrx_word' id='word_1_22' title='bbox 3316 484 3606 542; x_wconf 81' lang='lat' dir='ltr'><strong>maledicta</strong></span> 
     </span>
    </p>
   </div>
   <div class='ocr_carea' id='block_1_5' title="bbox 319 589 1905 661">
    <p class='ocr_par' dir='ltr' id='par_1_5' title="bbox 319 589 1905 661">
     <span class='ocr_line' id='line_1_5' title="bbox 319 589 1905 661; baseline -0.012 -5"><span class='ocrx_word' id='word_1_23' title='bbox 319 611 402 656; x_wconf 83' lang='lat' dir='ltr'><strong>tra</strong></span> <span class='ocrx_word' id='word_1_24' title='bbox 440 615 527 654; x_wconf 85' lang='lat' dir='ltr'><strong>me</strong></span> <span class='ocrx_word' id='word_1_25' title='bbox 559 598 787 653; x_wconf 76' lang='lat' dir='ltr'><strong>coitﬂata</strong></span> <span class='ocrx_word' id='word_1_26' title='bbox 840 606 921 650; x_wconf 87' lang='lat' dir='ltr'><strong>est</strong></span> <span class='ocrx_word' id='word_1_27' title='bbox 961 594 1097 661; x_wconf 87' lang='lat' dir='ltr'><strong>apud</strong></span> <span class='ocrx_word' id='word_1_28' title='bbox 1154 589 1724 660; x_wconf 58' lang='lat' dir='ltr'><strong>imperatoremquod</strong></span> <span class='ocrx_word' id='word_1_29' title='bbox 1764 602 1905 641; x_wconf 88' lang='lat' dir='ltr'><strong>com-</strong></span> 
     </span>
    </p>
   </div>
   <div class='ocr_carea' id='block_1_6' title="bbox 323 686 1913 750">
    <p class='ocr_par' dir='ltr' id='par_1_6' title="bbox 323 686 1913 750">
     <span class='ocr_line' id='line_1_6' title="bbox 323 686 1913 750; baseline -0.011 0"><span class='ocrx_word' id='word_1_30' title='bbox 323 694 511 750; x_wconf 82' lang='lat' dir='ltr'><strong>mercii</strong></span> <span class='ocrx_word' id='word_1_31' title='bbox 544 703 732 747; x_wconf 84' lang='lat' dir='ltr'><strong>cuncta</strong></span> <span class='ocrx_word' id='word_1_32' title='bbox 780 690 1146 748; x_wconf 55' lang='lat' dir='ltr'><strong>dissipassem.</strong></span> <span class='ocrx_word' id='word_1_33' title='bbox 1175 688 1387 742; x_wconf 74' lang='lat' dir='ltr'><strong>Mittens</strong></span> <span class='ocrx_word' id='word_1_34' title='bbox 1414 695 1590 739; x_wconf 89' lang='lat' dir='ltr'><strong>autem</strong></span> <span class='ocrx_word' id='word_1_35' title='bbox 1625 686 1913 750; x_wconf 77' lang='lat' dir='ltr'><strong>imperator</strong></span> 
     </span>
    </p>
   </div>
   <div class='ocr_carea' id='block_1_7' title="bbox 322 781 1912 854">
    <p class='ocr_par' dir='ltr' id='par_1_7' title="bbox 322 781 1912 854">
     <span class='ocr_line' id='line_1_7' title="bbox 322 781 1912 854; baseline -0.01 -12"><span class='ocrx_word' id='word_1_36' title='bbox 322 789 543 854; x_wconf 81' lang='lat' dir='ltr'><strong>diripuit</strong></span> <span class='ocrx_word' id='word_1_37' title='bbox 565 802 779 838; x_wconf 81' lang='lat' dir='ltr'><strong>omnem</strong></span> <span class='ocrx_word' id='word_1_38' title='bbox 819 784 1171 837; x_wconf 69' lang='lat' dir='ltr'><strong>substantiam</strong></span> <span class='ocrx_word' id='word_1_39' title='bbox 1205 798 1401 844; x_wconf 85' lang='lat' dir='ltr'><strong>meam,</strong></span> <span class='ocrx_word' id='word_1_40' title='bbox 1443 781 1754 843; x_wconf 75' lang='lat' dir='ltr'><strong>titulumque</strong></span> <span class='ocrx_word' id='word_1_41' title='bbox 1788 792 1912 842; x_wconf 84' lang='lat' dir='ltr'><strong>per-</strong></span> 
     </span>
    </p>
   </div>
   <div class='ocr_carea' id='block_1_8' title="bbox 323 865 1908 943">
    <p class='ocr_par' dir='ltr' id='par_1_8' title="bbox 323 865 1908 943">
     <span class='ocr_line' id='line_1_8' title="bbox 323 865 1908 943; baseline -0.009 -10"><span class='ocrx_word' id='word_1_42' title='bbox 323 890 555 934; x_wconf 86' lang='lat' dir='ltr'><strong>tractttm</strong></span> <span class='ocrx_word' id='word_1_43' title='bbox 600 876 1137 943; x_wconf 66' lang='lat' dir='ltr'><strong>Cv-ttstantiuopnlim-</strong></span> <span class='ocrx_word' id='word_1_44' title='bbox 1172 875 1221 927; x_wconf 90' lang='lat' dir='ltr'><strong>itt</strong></span> <span class='ocrx_word' id='word_1_45' title='bbox 1270 888 1541 928; x_wconf 77' lang='lat' dir='ltr'><strong>Carcerem</strong></span> <span class='ocrx_word' id='word_1_46' title='bbox 1592 870 1758 923; x_wconf 66' lang='lat' dir='ltr'><strong>niisil.</strong></span> <span class='ocrx_word' id='word_1_47' title='bbox 1810 865 1908 921; x_wconf 86' lang='lat' dir='ltr'><strong>Ubi</strong></span> 
     </span>
    </p>
   </div>
   <div class='ocr_carea' id='block_1_9' title="bbox 320 961 1909 1036">
    <p class='ocr_par' dir='ltr' id='par_1_9' title="bbox 320 961 1909 1036">
     <span class='ocr_line' id='line_1_9' title="bbox 320 961 1909 1036; baseline -0.008 -15"><span class='ocrx_word' id='word_1_48' title='bbox 320 986 442 1025; x_wconf 87' lang='lat' dir='ltr'><strong>cum</strong></span> <span class='ocrx_word' id='word_1_49' title='bbox 459 970 745 1036; x_wconf 79' lang='lat' dir='ltr'><strong>plurimum</strong></span> <span class='ocrx_word' id='word_1_50' title='bbox 766 966 1023 1032; x_wconf 75' lang='lat' dir='ltr'><strong>temporis</strong></span> <span class='ocrx_word' id='word_1_51' title='bbox 1045 968 1294 1033; x_wconf 76' lang='lat' dir='ltr'><strong>egissem.</strong></span> <span class='ocrx_word' id='word_1_52' title='bbox 1314 966 1428 1017; x_wconf 78' lang='grc' dir='ltr'><strong>εηΙη</strong></span> <span class='ocrx_word' id='word_1_53' title='bbox 1455 977 1561 1016; x_wconf 89' lang='lat' dir='ltr'><strong>uno</strong></span> <span class='ocrx_word' id='word_1_54' title='bbox 1587 961 1909 1015; x_wconf 87' lang='lat' dir='ltr'><strong>ve-titnento</strong></span> 
     </span>
    </p>
   </div>
   <div class='ocr_carea' id='block_1_10' title="bbox 324 1052 1909 1130">
    <p class='ocr_par' dir='ltr' id='par_1_10' title="bbox 324 1052 1909 1130">
     <span class='ocr_line' id='line_1_10' title="bbox 324 1052 1909 1130; baseline -0.005 -16"><span class='ocrx_word' id='word_1_55' title='bbox 324 1073 521 1130; x_wconf 68' lang='lat' dir='ltr'><strong>praeter</strong></span> <span class='ocrx_word' id='word_1_56' title='bbox 572 1060 846 1115; x_wconf 80' lang='lat' dir='ltr'><strong>camisiam</strong></span> <span class='ocrx_word' id='word_1_57' title='bbox 891 1059 1128 1121; x_wconf 85' lang='lat' dir='ltr'><strong>indutus,</strong></span> <span class='ocrx_word' id='word_1_58' title='bbox 1162 1058 1248 1110; x_wconf 88' lang='lat' dir='ltr'><strong>die</strong></span> <span class='ocrx_word' id='word_1_59' title='bbox 1300 1055 1712 1126; x_wconf 82' lang='lat' dir='ltr'><strong>qnadamatnlio</strong></span> <span class='ocrx_word' id='word_1_60' title='bbox 1766 1052 1909 1122; x_wconf 84' lang='lat' dir='ltr'><strong>quod</strong></span> 
     </span>
    </p>
   </div>
   <div class='ocr_carea' id='block_1_11' title="bbox 317 1150 1890 1224">
    <p class='ocr_par' dir='ltr' id='par_1_11' title="bbox 317 1150 1890 1224">
     <span class='ocr_line' id='line_1_11' title="bbox 317 1150 1890 1224; baseline -0.006 -14"><span class='ocrx_word' id='word_1_61' title='bbox 317 1155 619 1224; x_wconf 87' lang='lat' dir='ltr'><strong>imperator</strong></span> <span class='ocrx_word' id='word_1_62' title='bbox 647 1170 732 1207; x_wconf 90' lang='lat' dir='ltr'><strong>me</strong></span> <span class='ocrx_word' id='word_1_63' title='bbox 762 1152 917 1206; x_wconf 77' lang='lat' dir='ltr'><strong>vellet</strong></span> <span class='ocrx_word' id='word_1_64' title='bbox 950 1152 1232 1215; x_wconf 85' lang='lat' dir='ltr'><strong>occidere;</strong></span> <span class='ocrx_word' id='word_1_65' title='bbox 1261 1153 1440 1218; x_wconf 86' lang='lat' dir='ltr'><strong>itaque</strong></span> <span class='ocrx_word' id='word_1_66' title='bbox 1480 1151 1547 1206; x_wconf 87' lang='lat' dir='ltr'><strong>de</strong></span> <span class='ocrx_word' id='word_1_67' title='bbox 1580 1152 1680 1203; x_wconf 73' lang='lat' dir='ltr'><strong>vita</strong></span> <span class='ocrx_word' id='word_1_68' title='bbox 1713 1150 1890 1211; x_wconf 56' lang='lat' dir='ltr'><strong>deme-</strong></span> 
     </span>
    </p>
   </div>
   <div class='ocr_carea' id='block_1_12' title="bbox 317 1239 1909 1311">
    <p class='ocr_par' dir='ltr' id='par_1_12' title="bbox 317 1239 1909 1311">
     <span class='ocr_line' id='line_1_12' title="bbox 317 1239 1909 1311; baseline -0.005 -15"><span class='ocrx_word' id='word_1_69' title='bbox 317 1258 447 1297; x_wconf 79' lang='lat' dir='ltr'><strong>rans</strong></span> <span class='ocrx_word' id='word_1_70' title='bbox 497 1242 794 1311; x_wconf 70' lang='lat' dir='ltr'><strong>ploraham.</strong></span> <span class='ocrx_word' id='word_1_71' title='bbox 833 1240 1074 1297; x_wconf 84' lang='lat' dir='ltr'><strong>Flentem</strong></span> <span class='ocrx_word' id='word_1_72' title='bbox 1107 1250 1368 1295; x_wconf 88' lang='lat' dir='ltr'><strong>autemet</strong></span> <span class='ocrx_word' id='word_1_73' title='bbox 1410 1239 1699 1306; x_wconf 76' lang='lat' dir='ltr'><strong>ejnlantem</strong></span> <span class='ocrx_word' id='word_1_74' title='bbox 1747 1252 1909 1305; x_wconf 78' lang='lat' dir='ltr'><strong>snpur</strong></span> 
     </span>
    </p>
   </div>
   <div class='ocr_carea' id='block_1_13' title="bbox 327 1332 1904 1403">
    <p class='ocr_par' dir='ltr' id='par_1_13' title="bbox 327 1332 1904 1403">
     <span class='ocr_line' id='line_1_13' title="bbox 327 1332 1904 1403; baseline -0.003 -16"><span class='ocrx_word' id='word_1_75' title='bbox 327 1334 620 1403; x_wconf 73' lang='lat' dir='ltr'><strong>Oppressit,</strong></span> <span class='ocrx_word' id='word_1_76' title='bbox 649 1334 867 1401; x_wconf 76' lang='lat' dir='ltr'><strong>vidique</strong></span> <span class='ocrx_word' id='word_1_77' title='bbox 906 1335 956 1389; x_wconf 87' lang='lat' dir='ltr'><strong>itt</strong></span> <span class='ocrx_word' id='word_1_78' title='bbox 1001 1336 1205 1389; x_wconf 89' lang='lat' dir='ltr'><strong>somnis</strong></span> <span class='ocrx_word' id='word_1_79' title='bbox 1245 1334 1393 1401; x_wconf 86' lang='lat' dir='ltr'><strong>quasi</strong></span> <span class='ocrx_word' id='word_1_80' title='bbox 1428 1333 1705 1386; x_wconf 81' lang='lat' dir='ltr'><strong>mulierem</strong></span> <span class='ocrx_word' id='word_1_81' title='bbox 1737 1332 1904 1394; x_wconf 88' lang='lat' dir='ltr'><strong>illam,</strong></span> 
     </span>
    </p>
   </div>
   <div class='ocr_carea' id='block_1_14' title="bbox 319 1426 1903 1491">
    <p class='ocr_par' dir='ltr' id='par_1_14' title="bbox 319 1426 1903 1491">
     <span class='ocr_line' id='line_1_14' title="bbox 319 1426 1903 1491; baseline -0.001 -13"><span class='ocrx_word' id='word_1_82' title='bbox 319 1442 439 1486; x_wconf 71' lang='lat' dir='ltr'><strong>qum</strong></span> <span class='ocrx_word' id='word_1_83' title='bbox 470 1426 758 1491; x_wconf 70' lang='lat' dir='ltr'><strong>aliquando</strong></span> <span class='ocrx_word' id='word_1_84' title='bbox 788 1427 957 1479; x_wconf 86' lang='lat' dir='ltr'><strong>virum</strong></span> <span class='ocrx_word' id='word_1_85' title='bbox 988 1426 1243 1481; x_wconf 63' lang='lat' dir='ltr'><strong>habuerat</strong></span> <span class='ocrx_word' id='word_1_86' title='bbox 1289 1426 1339 1479; x_wconf 89' lang='lat' dir='ltr'><strong>itt</strong></span> <span class='ocrx_word' id='word_1_87' title='bbox 1372 1441 1610 1483; x_wconf 81' lang='lat' dir='ltr'><strong>carcere.</strong></span> <span class='ocrx_word' id='word_1_88' title='bbox 1637 1426 1903 1479; x_wconf 65' lang='lat' dir='ltr'><strong>dicentem</strong></span> 
     </span>
    </p>
   </div>
   <div class='ocr_carea' id='block_1_15' title="bbox 318 1516 1906 1587">
    <p class='ocr_par' dir='ltr' id='par_1_15' title="bbox 318 1516 1906 1587">
     <span class='ocr_line' id='line_1_15' title="bbox 318 1516 1906 1587; baseline 0 -16"><span class='ocrx_word' id='word_1_89' title='bbox 318 1516 448 1571; x_wconf 88' lang='lat' dir='ltr'><strong>mihi</strong></span> <span class='ocrx_word' id='word_1_90' title='bbox 480 1519 652 1585; x_wconf 77' lang='lat' dir='ltr'><strong>:Quiil</strong></span> <span class='ocrx_word' id='word_1_91' title='bbox 683 1530 765 1574; x_wconf 85' lang='lat' dir='ltr'><strong>est</strong></span> <span class='ocrx_word' id='word_1_92' title='bbox 801 1520 942 1587; x_wconf 85' lang='lat' dir='ltr'><strong>quod</strong></span> <span class='ocrx_word' id='word_1_93' title='bbox 990 1520 1175 1582; x_wconf 85' lang='lat' dir='ltr'><strong>habes,</strong></span> <span class='ocrx_word' id='word_1_94' title='bbox 1206 1520 1241 1575; x_wconf 88' lang='lat' dir='ltr'><strong>d</strong></span> <span class='ocrx_word' id='word_1_95' title='bbox 1264 1524 1426 1574; x_wconf 74' lang='lat' dir='ltr'><strong>nuitte</strong></span> <span class='ocrx_word' id='word_1_96' title='bbox 1454 1519 1701 1573; x_wconf 74' lang='lat' dir='ltr'><strong>Moscho?</strong></span> <span class='ocrx_word' id='word_1_97' title='bbox 1728 1521 1906 1585; x_wconf 94' lang='lat' dir='ltr'><strong>Quare</strong></span> 
     </span>
    </p>
   </div>
   <div class='ocr_carea' id='block_1_16' title="bbox 318 1609 1903 1682">
    <p class='ocr_par' dir='ltr' id='par_1_16' title="bbox 318 1609 1903 1682">
     <span class='ocr_line' id='line_1_16' title="bbox 318 1609 1903 1682; baseline 0.003 -20"><span class='ocrx_word' id='word_1_98' title='bbox 318 1609 408 1664; x_wconf 85' lang='lat' dir='ltr'><strong>hic</strong></span> <span class='ocrx_word' id='word_1_99' title='bbox 439 1612 675 1666; x_wconf 85' lang='lat' dir='ltr'><strong>inclusus</strong></span> <span class='ocrx_word' id='word_1_100' title='bbox 695 1613 788 1666; x_wconf 86' lang='lat' dir='ltr'><strong>es?</strong></span> <span class='ocrx_word' id='word_1_101' title='bbox 821 1614 901 1667; x_wconf 74' lang='lat' dir='ltr'><strong>Me</strong></span> <span class='ocrx_word' id='word_1_102' title='bbox 927 1623 1105 1667; x_wconf 85' lang='lat' dir='ltr'><strong>autem</strong></span> <span class='ocrx_word' id='word_1_103' title='bbox 1150 1613 1543 1682; x_wconf 72' lang='lat' dir='ltr'><strong>lespmltlt‘tllv&#39;Z</strong></span> <span class='ocrx_word' id='word_1_104' title='bbox 1574 1613 1903 1666; x_wconf 76' lang='lat' dir='ltr'><strong>(l&#39;alntuniattt</strong></span> 
     </span>
    </p>
   </div>
   <div class='ocr_carea' id='block_1_17' title="bbox 317 1707 1901 1777">
    <p class='ocr_par' dir='ltr' id='par_1_17' title="bbox 317 1707 1901 1777">
     <span class='ocr_line' id='line_1_17' title="bbox 317 1707 1901 1777; baseline 0.003 -20"><span class='ocrx_word' id='word_1_105' title='bbox 317 1720 611 1774; x_wconf 66' lang='lat' dir='ltr'><strong>perpessus</strong></span> <span class='ocrx_word' id='word_1_106' title='bbox 638 1723 780 1767; x_wconf 87' lang='lat' dir='ltr'><strong>sunt.</strong></span> <span class='ocrx_word' id='word_1_107' title='bbox 812 1720 861 1761; x_wconf 85' lang='lat' dir='ltr'><strong>et</strong></span> <span class='ocrx_word' id='word_1_108' title='bbox 896 1718 1020 1770; x_wconf 79' lang='lat' dir='ltr'><strong>puto</strong></span> <span class='ocrx_word' id='word_1_109' title='bbox 1049 1707 1170 1777; x_wconf 87' lang='lat' dir='ltr'><strong>quia</strong></span> <span class='ocrx_word' id='word_1_110' title='bbox 1202 1710 1413 1763; x_wconf 87' lang='lat' dir='ltr'><strong>occidet</strong></span> <span class='ocrx_word' id='word_1_111' title='bbox 1454 1725 1539 1761; x_wconf 90' lang='lat' dir='ltr'><strong>me</strong></span> <span class='ocrx_word' id='word_1_112' title='bbox 1589 1707 1901 1775; x_wconf 83' lang='lat' dir='ltr'><strong>imperator.</strong></span> 
     </span>
    </p>
   </div>
   <div class='ocr_carea' id='block_1_18' title="bbox 316 1797 1901 1869">
    <p class='ocr_par' dir='ltr' id='par_1_18' title="bbox 316 1797 1901 1869">
     <span class='ocr_line' id='line_1_18' title="bbox 316 1797 1901 1869; baseline 0.002 -20"><span class='ocrx_word' id='word_1_113' title='bbox 316 1797 411 1852; x_wconf 83' lang='lat' dir='ltr'><strong>Ait</strong></span> <span class='ocrx_word' id='word_1_114' title='bbox 454 1799 583 1853; x_wconf 88' lang='lat' dir='ltr'><strong>tnilti</strong></span> <span class='ocrx_word' id='word_1_115' title='bbox 621 1818 633 1852; x_wconf 91' lang='lat'><strong>:</strong></span> <span class='ocrx_word' id='word_1_116' title='bbox 673 1800 764 1853; x_wconf 74' lang='lat' dir='ltr'><strong>Vis</strong></span> <span class='ocrx_word' id='word_1_117' title='bbox 791 1812 850 1854; x_wconf 91' lang='lat' dir='ltr'><strong>ttt</strong></span> <span class='ocrx_word' id='word_1_118' title='bbox 880 1802 1065 1869; x_wconf 86' lang='lat' dir='ltr'><strong>loquar</strong></span> <span class='ocrx_word' id='word_1_119' title='bbox 1097 1817 1192 1869; x_wconf 90' lang='lat' dir='ltr'><strong>pro</strong></span> <span class='ocrx_word' id='word_1_120' title='bbox 1224 1811 1276 1855; x_wconf 84' lang='lat' dir='ltr'><strong>te</strong></span> <span class='ocrx_word' id='word_1_121' title='bbox 1319 1800 1621 1869; x_wconf 78' lang='lat' dir='ltr'><strong>imperatori</strong></span> <span class='ocrx_word' id='word_1_122' title='bbox 1654 1842 1669 1865; x_wconf 89' lang='lat'><strong>,</strong></span> <span class='ocrx_word' id='word_1_123' title='bbox 1716 1810 1765 1852; x_wconf 82' lang='lat' dir='ltr'><strong>et</strong></span> <span class='ocrx_word' id='word_1_124' title='bbox 1817 1799 1901 1852; x_wconf 80' lang='lat' dir='ltr'><strong>di-</strong></span> 
     </span>
    </p>
   </div>
   <div class='ocr_carea' id='block_1_19' title="bbox 2012 563 3607 649">
    <p class='ocr_par' dir='ltr' id='par_1_19' title="bbox 2012 563 3607 649">
     <span class='ocr_line' id='line_1_19' title="bbox 2012 563 3607 649; baseline -0.001 -14"><span class='ocrx_word' id='word_1_125' title='bbox 2012 563 2325 635; x_wconf 78' lang='lat' dir='ltr'><strong>detestetur.</strong></span> <span class='ocrx_word' id='word_1_126' title='bbox 2360 580 2461 647; x_wconf 86' lang='lat' dir='ltr'><strong>Qui</strong></span> <span class='ocrx_word' id='word_1_127' title='bbox 2497 580 2614 634; x_wconf 88' lang='lat' dir='ltr'><strong>sine</strong></span> <span class='ocrx_word' id='word_1_128' title='bbox 2643 580 2992 634; x_wconf 63' lang='lat' dir='ltr'><strong>distractione</strong></span> <span class='ocrx_word' id='word_1_129' title='bbox 3020 593 3139 634; x_wconf 87' lang='lat' dir='ltr'><strong>esse</strong></span> <span class='ocrx_word' id='word_1_130' title='bbox 3168 580 3391 649; x_wconf 86' lang='lat' dir='ltr'><strong>appetit.</strong></span> <span class='ocrx_word' id='word_1_131' title='bbox 3420 581 3607 635; x_wconf 80' lang='lat' dir='ltr'><strong>Solita-</strong></span> 
     </span>
    </p>
   </div>
   <div class='ocr_carea' id='block_1_20' title="bbox 2013 672 3606 741">
    <p class='ocr_par' dir='ltr' id='par_1_20' title="bbox 2013 672 3606 741">
     <span class='ocr_line' id='line_1_20' title="bbox 2013 672 3606 741; baseline -0.001 -15"><span class='ocrx_word' id='word_1_132' title='bbox 2013 675 2123 726; x_wconf 86' lang='lat' dir='ltr'><strong>rius</strong></span> <span class='ocrx_word' id='word_1_133' title='bbox 2155 684 2384 727; x_wconf 87' lang='lat' dir='ltr'><strong>maneat.</strong></span> <span class='ocrx_word' id='word_1_134' title='bbox 2437 674 2536 739; x_wconf 88' lang='lat' dir='ltr'><strong>Qtti</strong></span> <span class='ocrx_word' id='word_1_135' title='bbox 2587 673 2864 726; x_wconf 88' lang='lat' dir='ltr'><strong>continere</strong></span> <span class='ocrx_word' id='word_1_136' title='bbox 2894 672 3005 725; x_wconf 83' lang='lat' dir='ltr'><strong>vult</strong></span> <span class='ocrx_word' id='word_1_137' title='bbox 3056 673 3308 741; x_wconf 71' lang='lat' dir='ltr'><strong>linguim,</strong></span> <span class='ocrx_word' id='word_1_138' title='bbox 3361 672 3606 726; x_wconf 88' lang='lat' dir='ltr'><strong>obstruat</strong></span> 
     </span>
    </p>
   </div>
   <div class='ocr_carea' id='block_1_21' title="bbox 2012 762 3600 829">
    <p class='ocr_par' dir='ltr' id='par_1_21' title="bbox 2012 762 3600 829">
     <span class='ocr_line' id='line_1_21' title="bbox 2012 762 3600 829; baseline -0.001 -14"><span class='ocrx_word' id='word_1_139' title='bbox 2012 779 2170 817; x_wconf 73' lang='lat' dir='ltr'><strong>aures</strong></span> <span class='ocrx_word' id='word_1_140' title='bbox 2198 780 2264 818; x_wconf 88' lang='lat' dir='ltr'><strong>ne</strong></span> <span class='ocrx_word' id='word_1_141' title='bbox 2288 770 2448 816; x_wconf 68' lang='lat' dir='ltr'><strong>multa</strong></span> <span class='ocrx_word' id='word_1_142' title='bbox 2479 764 2677 816; x_wconf 78' lang='lat' dir='ltr'><strong>audiat.</strong></span> <span class='ocrx_word' id='word_1_143' title='bbox 2710 764 2809 829; x_wconf 88' lang='lat' dir='ltr'><strong>Qtti</strong></span> <span class='ocrx_word' id='word_1_144' title='bbox 2844 764 2933 818; x_wconf 83' lang='lat' dir='ltr'><strong>llei</strong></span> <span class='ocrx_word' id='word_1_145' title='bbox 2969 762 3214 816; x_wconf 88' lang='lat' dir='ltr'><strong>timorem</strong></span> <span class='ocrx_word' id='word_1_146' title='bbox 3241 763 3438 816; x_wconf 86' lang='lat' dir='ltr'><strong>habere</strong></span> <span class='ocrx_word' id='word_1_147' title='bbox 3464 776 3600 815; x_wconf 84' lang='lat' dir='ltr'><strong>setti-</strong></span> 
     </span>
    </p>
   </div>
   <div class='ocr_carea' id='block_1_22' title="bbox 2015 854 3601 925">
    <p class='ocr_par' dir='ltr' id='par_1_22' title="bbox 2015 854 3601 925">
     <span class='ocr_line' id='line_1_22' title="bbox 2015 854 3601 925; baseline 0.001 -17"><span class='ocrx_word' id='word_1_148' title='bbox 2015 870 2107 924; x_wconf 66' lang='lat' dir='ltr'><strong>pcr</strong></span> <span class='ocrx_word' id='word_1_149' title='bbox 2147 865 2311 924; x_wconf 60' lang='grc' dir='ltr'><strong>(πινηι.</strong></span> <span class='ocrx_word' id='word_1_150' title='bbox 2363 856 2698 922; x_wconf 72' lang='lat' dir='ltr'><strong>ctu&#39;poralcm</strong></span> <span class='ocrx_word' id='word_1_151' title='bbox 2773 856 2950 910; x_wconf 68' lang='lat' dir='ltr'><strong>oderit</strong></span> <span class='ocrx_word' id='word_1_152' title='bbox 3000 856 3260 924; x_wconf 76' lang='lat' dir='ltr'><strong>requiem,</strong></span> <span class='ocrx_word' id='word_1_153' title='bbox 3313 854 3601 925; x_wconf 81' lang='lat' dir='ltr'><strong>diligatqtte</strong></span> 
     </span>
    </p>
   </div>
   <div class='ocr_carea' id='block_1_23' title="bbox 2012 950 2794 1012">
    <p class='ocr_par' dir='ltr' id='par_1_23' title="bbox 2012 950 2794 1012">
     <span class='ocr_line' id='line_1_23' title="bbox 2012 950 2794 1012; baseline 0.001 -11"><span class='ocrx_word' id='word_1_154' title='bbox 2012 950 2357 1003; x_wconf 73' lang='lat' dir='ltr'><strong>amictiuncut</strong></span> <span class='ocrx_word' id='word_1_155' title='bbox 2398 959 2452 1002; x_wconf 87' lang='lat' dir='ltr'><strong>ct</strong></span> <span class='ocrx_word' id='word_1_156' title='bbox 2480 951 2794 1012; x_wconf 63' lang='lat' dir='ltr'><strong>angustiam.</strong></span> 
     </span>
    </p>
   </div>
   <div class='ocr_carea' id='block_1_24' title="bbox 2485 1062 3135 1117">
    <p class='ocr_par' dir='ltr' id='par_1_24' title="bbox 2485 1062 3135 1117">
     <span class='ocr_line' id='line_1_24' title="bbox 2485 1062 3135 1117; baseline 0.005 -4"><span class='ocrx_word' id='word_1_157' title='bbox 2485 1062 2713 1117; x_wconf 74' lang='lat' dir='ltr'><strong>CAPUT</strong></span> <span class='ocrx_word' id='word_1_158' title='bbox 2752 1062 3135 1117; x_wconf 62' lang='lat' dir='ltr'><strong>CLXXXVIII.</strong></span> 
     </span>
    </p>
   </div>
   <div class='ocr_carea' id='block_1_25' title="bbox 2160 1153 3455 1226">
    <p class='ocr_par' dir='ltr' id='par_1_25' title="bbox 2160 1153 3455 1226">
     <span class='ocr_line' id='line_1_25' title="bbox 2160 1153 3455 1226; baseline 0.001 -22"><span class='ocrx_word' id='word_1_159' title='bbox 2160 1153 2277 1206; x_wconf 68' lang='lat' dir='ltr'><strong>Vita</strong></span> <span class='ocrx_word' id='word_1_160' title='bbox 2301 1153 2519 1205; x_wconf 82' lang='lat' dir='ltr'><strong>duorum</strong></span> <span class='ocrx_word' id='word_1_161' title='bbox 2551 1156 2771 1219; x_wconf 80' lang='lat' dir='ltr'><strong>{rutrum</strong></span> <span class='ocrx_word' id='word_1_162' title='bbox 2809 1155 3166 1223; x_wconf 78' lang='lat' dir='ltr'><strong>trapezitarum</strong></span> <span class='ocrx_word' id='word_1_163' title='bbox 3187 1154 3455 1226; x_wconf 79' lang='lat' dir='ltr'><strong>Syrorum.</strong></span> 
     </span>
    </p>
   </div>
   <div class='ocr_carea' id='block_1_26' title="bbox 2083 1244 3605 1315">
    <p class='ocr_par' dir='ltr' id='par_1_26' title="bbox 2083 1244 3605 1315">
     <span class='ocr_line' id='line_1_26' title="bbox 2083 1244 3605 1315; baseline 0 -17"><span class='ocrx_word' id='word_1_164' title='bbox 2083 1246 2260 1298; x_wconf 80' lang='lat' dir='ltr'><strong>Abbas</strong></span> <span class='ocrx_word' id='word_1_165' title='bbox 2289 1244 2608 1298; x_wconf 81' lang='lat' dir='ltr'><strong>Theodorus</strong></span> <span class='ocrx_word' id='word_1_166' title='bbox 2644 1246 2846 1314; x_wconf 89' lang='lat' dir='ltr'><strong>antiqui</strong></span> <span class='ocrx_word' id='word_1_167' title='bbox 2898 1248 3206 1299; x_wconf 66' lang='lat' dir='ltr'><strong>monasterii</strong></span> <span class='ocrx_word' id='word_1_168' title='bbox 3260 1249 3605 1315; x_wconf 60' lang='lat' dir='ltr'><strong>pra-positus.</strong></span> 
     </span>
    </p>
   </div>
   <div class='ocr_carea' id='block_1_27' title="bbox 2011 1337 3599 1405">
    <p class='ocr_par' dir='ltr' id='par_1_27' title="bbox 2011 1337 3599 1405">
     <span class='ocr_line' id='line_1_27' title="bbox 2011 1337 3599 1405; baseline 0.001 -14"><span class='ocrx_word' id='word_1_169' title='bbox 2011 1337 2249 1391; x_wconf 86' lang='lat' dir='ltr'><strong>natravit</strong></span> <span class='ocrx_word' id='word_1_170' title='bbox 2276 1338 2451 1401; x_wconf 85' lang='lat' dir='ltr'><strong>nobis,</strong></span> <span class='ocrx_word' id='word_1_171' title='bbox 2478 1338 2662 1391; x_wconf 84' lang='lat' dir='ltr'><strong>dicens</strong></span> <span class='ocrx_word' id='word_1_172' title='bbox 2689 1354 2701 1388; x_wconf 91' lang='lat'><strong>:</strong></span> <span class='ocrx_word' id='word_1_173' title='bbox 2734 1339 2891 1390; x_wconf 70' lang='lat' dir='ltr'><strong>Erant</strong></span> <span class='ocrx_word' id='word_1_174' title='bbox 2917 1337 3377 1405; x_wconf 79' lang='lat' dir='ltr'><strong>Constantintqioli</strong></span> <span class='ocrx_word' id='word_1_175' title='bbox 3405 1340 3599 1392; x_wconf 90' lang='lat' dir='ltr'><strong>fratres</strong></span> 
     </span>
    </p>
   </div>
   <div class='ocr_carea' id='block_1_28' title="bbox 2009 1430 3596 1501">
    <p class='ocr_par' dir='ltr' id='par_1_28' title="bbox 2009 1430 3596 1501">
     <span class='ocr_line' id='line_1_28' title="bbox 2009 1430 3596 1501; baseline -0.001 -14"><span class='ocrx_word' id='word_1_176' title='bbox 2009 1434 2117 1487; x_wconf 90' lang='lat' dir='ltr'><strong>duo</strong></span> <span class='ocrx_word' id='word_1_177' title='bbox 2155 1433 2423 1499; x_wconf 60' lang='lat' dir='ltr'><strong>trapezita</strong></span> <span class='ocrx_word' id='word_1_178' title='bbox 2464 1431 2618 1499; x_wconf 82' lang='lat' dir='ltr'><strong>Syri;</strong></span> <span class='ocrx_word' id='word_1_179' title='bbox 2662 1431 2903 1500; x_wconf 69' lang='lat' dir='ltr'><strong>dixi&#39;que</strong></span> <span class='ocrx_word' id='word_1_180' title='bbox 2936 1430 3106 1501; x_wconf 82' lang='lat' dir='ltr'><strong>major</strong></span> <span class='ocrx_word' id='word_1_181' title='bbox 3154 1447 3217 1485; x_wconf 70' lang='lat' dir='ltr'><strong>ex</strong></span> <span class='ocrx_word' id='word_1_182' title='bbox 3263 1433 3365 1485; x_wconf 86' lang='lat' dir='ltr'><strong>illis</strong></span> <span class='ocrx_word' id='word_1_183' title='bbox 3403 1431 3596 1485; x_wconf 89' lang='lat' dir='ltr'><strong>minori</strong></span> 
     </span>
    </p>
   </div>
   <div class='ocr_carea' id='block_1_29' title="bbox 2011 1522 3599 1593">
    <p class='ocr_par' dir='ltr' id='par_1_29' title="bbox 2011 1522 3599 1593">
     <span class='ocr_line' id='line_1_29' title="bbox 2011 1522 3599 1593; baseline 0 -16"><span class='ocrx_word' id='word_1_184' title='bbox 2011 1526 2155 1579; x_wconf 81' lang='lat' dir='ltr'><strong>fratri</strong></span> <span class='ocrx_word' id='word_1_185' title='bbox 2183 1542 2197 1579; x_wconf 90' lang='lat'><strong>:</strong></span> <span class='ocrx_word' id='word_1_186' title='bbox 2227 1526 2377 1585; x_wconf 74' lang='lat' dir='ltr'><strong>Veni,</strong></span> <span class='ocrx_word' id='word_1_187' title='bbox 2405 1523 2794 1578; x_wconf 84' lang='lat' dir='ltr'><strong>tlcsceudamus</strong></span> <span class='ocrx_word' id='word_1_188' title='bbox 2821 1541 2869 1576; x_wconf 90' lang='lat' dir='ltr'><strong>ttt</strong></span> <span class='ocrx_word' id='word_1_189' title='bbox 2893 1522 3123 1593; x_wconf 74' lang='lat' dir='ltr'><strong>Syriam,</strong></span> <span class='ocrx_word' id='word_1_190' title='bbox 3148 1537 3201 1578; x_wconf 91' lang='lat' dir='ltr'><strong>et</strong></span> <span class='ocrx_word' id='word_1_191' title='bbox 3230 1525 3599 1589; x_wconf 82' lang='lat' dir='ltr'><strong>possideatnus</strong></span> 
     </span>
    </p>
   </div>
   <div class='ocr_carea' id='block_1_30' title="bbox 2011 1612 3596 1687">
    <p class='ocr_par' dir='ltr' id='par_1_30' title="bbox 2011 1612 3596 1687">
     <span class='ocr_line' id='line_1_30' title="bbox 2011 1612 3596 1687; baseline 0.001 -19"><span class='ocrx_word' id='word_1_192' title='bbox 2011 1629 2283 1687; x_wconf 82' lang='lat' dir='ltr'><strong>paternam</strong></span> <span class='ocrx_word' id='word_1_193' title='bbox 2325 1616 2542 1667; x_wconf 87' lang='lat' dir='ltr'><strong>domum</strong></span> <span class='ocrx_word' id='word_1_194' title='bbox 2592 1625 2850 1668; x_wconf 71' lang='lat' dir='ltr'><strong>nostram.</strong></span> <span class='ocrx_word' id='word_1_195' title='bbox 2909 1612 3048 1669; x_wconf 63' lang='lat' dir='ltr'><strong>Dixit</strong></span> <span class='ocrx_word' id='word_1_196' title='bbox 3096 1615 3166 1669; x_wconf 83' lang='lat' dir='ltr'><strong>illi</strong></span> <span class='ocrx_word' id='word_1_197' title='bbox 3212 1616 3391 1684; x_wconf 82' lang='lat' dir='ltr'><strong>junior</strong></span> <span class='ocrx_word' id='word_1_198' title='bbox 3428 1630 3442 1669; x_wconf 89' lang='lat'><strong>:</strong></span> <span class='ocrx_word' id='word_1_199' title='bbox 3486 1617 3596 1669; x_wconf 73' lang='lat' dir='ltr'><strong>(Zur</strong></span> 
     </span>
    </p>
   </div>
   <div class='ocr_carea' id='block_1_31' title="bbox 2009 1708 3599 1763">
    <p class='ocr_par' dir='ltr' id='par_1_31' title="bbox 2009 1708 3599 1763">
     <span class='ocr_line' id='line_1_31' title="bbox 2009 1708 3599 1763; baseline -0.001 0"><span class='ocrx_word' id='word_1_200' title='bbox 2009 1711 2165 1763; x_wconf 91' lang='lat' dir='ltr'><strong>ambo</strong></span> <span class='ocrx_word' id='word_1_201' title='bbox 2187 1711 2503 1763; x_wconf 87' lang='lat' dir='ltr'><strong>dimittimus</strong></span> <span class='ocrx_word' id='word_1_202' title='bbox 2528 1711 2611 1762; x_wconf 85' lang='lat' dir='ltr'><strong>hic</strong></span> <span class='ocrx_word' id='word_1_203' title='bbox 2634 1708 2984 1762; x_wconf 74' lang='lat' dir='ltr'><strong>ministerium</strong></span> <span class='ocrx_word' id='word_1_204' title='bbox 3032 1709 3299 1763; x_wconf 70' lang='lat' dir='ltr'><strong>nostrum?</strong></span> <span class='ocrx_word' id='word_1_205' title='bbox 3325 1708 3599 1762; x_wconf 83' lang='lat' dir='ltr'><strong>Descende</strong></span> 
     </span>
    </p>
   </div>
   <div class='ocr_carea' id='block_1_32' title="bbox 2012 1801 3602 1871">
    <p class='ocr_par' dir='ltr' id='par_1_32' title="bbox 2012 1801 3602 1871">
     <span class='ocr_line' id='line_1_32' title="bbox 2012 1801 3602 1871; baseline -0.001 -16"><span class='ocrx_word' id='word_1_206' title='bbox 2012 1803 2145 1869; x_wconf 72' lang='lat' dir='ltr'><strong>ipse,</strong></span> <span class='ocrx_word' id='word_1_207' title='bbox 2176 1813 2230 1856; x_wconf 83' lang='lat' dir='ltr'><strong>et</strong></span> <span class='ocrx_word' id='word_1_208' title='bbox 2272 1818 2369 1869; x_wconf 69' lang='lat' dir='ltr'><strong>ego</strong></span> <span class='ocrx_word' id='word_1_209' title='bbox 2413 1801 2497 1854; x_wconf 80' lang='lat' dir='ltr'><strong>bii.-</strong></span> <span class='ocrx_word' id='word_1_210' title='bbox 2527 1804 2783 1862; x_wconf 74' lang='lat' dir='ltr'><strong>tuam-bo;</strong></span> <span class='ocrx_word' id='word_1_211' title='bbox 2813 1802 2897 1853; x_wconf 90' lang='lat' dir='ltr'><strong>vel</strong></span> <span class='ocrx_word' id='word_1_212' title='bbox 2943 1814 3043 1871; x_wconf 80' lang='lat' dir='ltr'><strong>ego</strong></span> <span class='ocrx_word' id='word_1_213' title='bbox 3086 1802 3429 1865; x_wconf 73' lang='lat' dir='ltr'><strong>desci-tnlam,</strong></span> <span class='ocrx_word' id='word_1_214' title='bbox 3462 1810 3515 1854; x_wconf 89' lang='lat' dir='ltr'><strong>et</strong></span> <span class='ocrx_word' id='word_1_215' title='bbox 3546 1809 3602 1853; x_wconf 87' lang='lat' dir='ltr'><strong>tu</strong></span> 
     </span>
    </p>
   </div>
   <div class='ocr_carea' id='block_1_33' title="bbox 317 1872 3603 1964">
    <p class='ocr_par' dir='ltr' id='par_1_33' title="bbox 317 1872 3603 1964">
     <span class='ocr_line' id='line_1_33' title="bbox 317 1872 3603 1964; baseline -0.002 -17"><span class='ocrx_word' id='word_1_216' title='bbox 317 1893 497 1949; x_wconf 80' lang='lat' dir='ltr'><strong>mittet</strong></span> <span class='ocrx_word' id='word_1_217' title='bbox 529 1904 580 1949; x_wconf 83' lang='lat' dir='ltr'><strong>te</strong></span> <span class='ocrx_word' id='word_1_218' title='bbox 608 1895 629 1947; x_wconf 86' lang='lat'><strong>?</strong></span> <span class='ocrx_word' id='word_1_219' title='bbox 663 1896 739 1947; x_wconf 80' lang='lat' dir='ltr'><strong>Ad</strong></span> <span class='ocrx_word' id='word_1_220' title='bbox 768 1912 927 1962; x_wconf 90' lang='lat' dir='ltr'><strong>quam</strong></span> <span class='ocrx_word' id='word_1_221' title='bbox 960 1912 1058 1963; x_wconf 65' lang='lat' dir='ltr'><strong>ego</strong></span> <span class='ocrx_word' id='word_1_222' title='bbox 1086 1896 1362 1963; x_wconf 72' lang='lat' dir='ltr'><strong>:Nuttqnid</strong></span> <span class='ocrx_word' id='word_1_223' title='bbox 1392 1895 1479 1949; x_wconf 88' lang='lat' dir='ltr'><strong>ille</strong></span> <span class='ocrx_word' id='word_1_224' title='bbox 1513 1894 1788 1964; x_wconf 80' lang='lat' dir='ltr'><strong>coguoSt-it</strong></span> <span class='ocrx_word' id='word_1_225' title='bbox 1820 1893 1905 1948; x_wconf 79' lang='lat' dir='ltr'><strong>te?</strong></span> <span class='ocrx_word' id='word_1_226' title='bbox 1940 1872 1985 1931; x_wconf 80' lang='grc' dir='ltr'><strong>Β</strong></span> <span class='ocrx_word' id='word_1_227' title='bbox 2016 1894 2101 1948; x_wconf 91' lang='lat' dir='ltr'><strong>bic</strong></span> <span class='ocrx_word' id='word_1_228' title='bbox 2130 1908 2369 1947; x_wconf 75' lang='lat' dir='ltr'><strong>remane.</strong></span> <span class='ocrx_word' id='word_1_229' title='bbox 2411 1893 2675 1945; x_wconf 80' lang='lat' dir='ltr'><strong>Convenit</strong></span> <span class='ocrx_word' id='word_1_230' title='bbox 2700 1907 2828 1961; x_wconf 81' lang='lat' dir='ltr'><strong>ergo</strong></span> <span class='ocrx_word' id='word_1_231' title='bbox 2859 1890 2997 1943; x_wconf 89' lang='lat' dir='ltr'><strong>inter</strong></span> <span class='ocrx_word' id='word_1_232' title='bbox 3027 1906 3141 1950; x_wconf 83' lang='lat' dir='ltr'><strong>eos.</strong></span> <span class='ocrx_word' id='word_1_233' title='bbox 3169 1906 3216 1942; x_wconf 76' lang='lat' dir='ltr'><strong>tt!</strong></span> <span class='ocrx_word' id='word_1_234' title='bbox 3246 1891 3603 1945; x_wconf 77' lang='lat' dir='ltr'><strong>descenderet</strong></span> 
     </span>
    </p>
   </div>
   <div class='ocr_carea' id='block_1_34' title="bbox 316 1986 1907 2057">
    <p class='ocr_par' dir='ltr' id='par_1_34' title="bbox 316 1986 1907 2057">
     <span class='ocr_line' id='line_1_34' title="bbox 316 1986 1907 2057; baseline -0.003 -16"><span class='ocrx_word' id='word_1_235' title='bbox 316 1986 411 2041; x_wconf 80' lang='lat' dir='ltr'><strong>Ait</strong></span> <span class='ocrx_word' id='word_1_236' title='bbox 443 2004 457 2039; x_wconf 89' lang='lat'><strong>:</strong></span> <span class='ocrx_word' id='word_1_237' title='bbox 493 1987 676 2055; x_wconf 88' lang='lat' dir='ltr'><strong>utique</strong></span> <span class='ocrx_word' id='word_1_238' title='bbox 707 1988 879 2042; x_wconf 85' lang='lat' dir='ltr'><strong>novit.</strong></span> <span class='ocrx_word' id='word_1_239' title='bbox 912 1989 1329 2057; x_wconf 43' lang='lat' dir='ltr'><strong>Exporgttfacms</strong></span> <span class='ocrx_word' id='word_1_240' title='bbox 1365 1996 1543 2040; x_wconf 83' lang='lat' dir='ltr'><strong>autem</strong></span> <span class='ocrx_word' id='word_1_241' title='bbox 1570 1986 1907 2053; x_wconf 67' lang='lat' dir='ltr'><strong>ambigebant</strong></span> 
     </span>
    </p>
   </div>
   <div class='ocr_carea' id='block_1_35' title="bbox 317 2079 1908 2147">
    <p class='ocr_par' dir='ltr' id='par_1_35' title="bbox 317 2079 1908 2147">
     <span class='ocr_line' id='line_1_35' title="bbox 317 2079 1908 2147; baseline -0.001 -15"><span class='ocrx_word' id='word_1_242' title='bbox 317 2079 450 2147; x_wconf 85' lang='lat' dir='ltr'><strong>quid</strong></span> <span class='ocrx_word' id='word_1_243' title='bbox 487 2082 587 2134; x_wconf 83' lang='lat' dir='ltr'><strong>hoc</strong></span> <span class='ocrx_word' id='word_1_244' title='bbox 614 2093 778 2136; x_wconf 53' lang='lat' dir='ltr'><strong>esset.</strong></span> <span class='ocrx_word' id='word_1_245' title='bbox 813 2083 1196 2136; x_wconf 78' lang='lat' dir='ltr'><strong>Astititautem</strong></span> <span class='ocrx_word' id='word_1_246' title='bbox 1230 2081 1358 2135; x_wconf 87' lang='lat' dir='ltr'><strong>mibi</strong></span> <span class='ocrx_word' id='word_1_247' title='bbox 1398 2080 1634 2134; x_wconf 87' lang='lat' dir='ltr'><strong>secundo</strong></span> <span class='ocrx_word' id='word_1_248' title='bbox 1664 2092 1718 2135; x_wconf 91' lang='lat' dir='ltr'><strong>et</strong></span> <span class='ocrx_word' id='word_1_249' title='bbox 1746 2080 1908 2134; x_wconf 75' lang='lat' dir='ltr'><strong>tertio</strong></span> 
     </span>
    </p>
   </div>
   <div class='ocr_carea' id='block_1_36' title="bbox 314 2172 1907 2243">
    <p class='ocr_par' dir='ltr' id='par_1_36' title="bbox 314 2172 1907 2243">
     <span class='ocr_line' id='line_1_36' title="bbox 314 2172 1907 2243; baseline 0.002 -19"><span class='ocrx_word' id='word_1_250' title='bbox 314 2172 507 2225; x_wconf 78' lang='lat' dir='ltr'><strong>eadem</strong></span> <span class='ocrx_word' id='word_1_251' title='bbox 550 2188 831 2239; x_wconf 73' lang='lat' dir='ltr'><strong>repetens,</strong></span> <span class='ocrx_word' id='word_1_252' title='bbox 877 2182 933 2227; x_wconf 89' lang='lat' dir='ltr'><strong>et</strong></span> <span class='ocrx_word' id='word_1_253' title='bbox 969 2174 1154 2229; x_wconf 88' lang='lat' dir='ltr'><strong>dicens</strong></span> <span class='ocrx_word' id='word_1_254' title='bbox 1188 2189 1201 2225; x_wconf 87' lang='lat'><strong>:</strong></span> <span class='ocrx_word' id='word_1_255' title='bbox 1234 2172 1349 2228; x_wconf 83' lang='lat' dir='ltr'><strong>Noli</strong></span> <span class='ocrx_word' id='word_1_256' title='bbox 1403 2173 1636 2243; x_wconf 83' lang='lat' dir='ltr'><strong>timere,</strong></span> <span class='ocrx_word' id='word_1_257' title='bbox 1698 2187 1799 2242; x_wconf 78' lang='lat' dir='ltr'><strong>ego</strong></span> <span class='ocrx_word' id='word_1_258' title='bbox 1854 2182 1907 2227; x_wconf 87' lang='lat' dir='ltr'><strong>te</strong></span> 
     </span>
    </p>
   </div>
   <div class='ocr_carea' id='block_1_37' title="bbox 314 2262 782 2317">
    <p class='ocr_par' dir='ltr' id='par_1_37' title="bbox 314 2262 782 2317">
     <span class='ocr_line' id='line_1_37' title="bbox 314 2262 782 2317; baseline 0.006 -3"><span class='ocrx_word' id='word_1_259' title='bbox 314 2262 591 2316; x_wconf 77' lang='lat' dir='ltr'><strong>absolvam</strong></span> <span class='ocrx_word' id='word_1_260' title='bbox 637 2278 782 2317; x_wconf 89' lang='lat' dir='ltr'><strong>cras.</strong></span> 
     </span>
    </p>
   </div>
   <div class='ocr_carea' id='block_1_38' title="bbox 392 2354 1911 2427">
    <p class='ocr_par' dir='ltr' id='par_1_38' title="bbox 392 2354 1911 2427">
     <span class='ocr_line' id='line_1_38' title="bbox 392 2354 1911 2427; baseline 0.003 -19"><span class='ocrx_word' id='word_1_261' title='bbox 392 2354 637 2409; x_wconf 75' lang='lat' dir='ltr'><strong>Dtltlt&#39;lllO</strong></span> <span class='ocrx_word' id='word_1_262' title='bbox 678 2368 855 2410; x_wconf 90' lang='lat' dir='ltr'><strong>autem</strong></span> <span class='ocrx_word' id='word_1_263' title='bbox 884 2396 899 2420; x_wconf 97' lang='lat'><strong>,</strong></span> <span class='ocrx_word' id='word_1_264' title='bbox 945 2357 1269 2424; x_wconf 75' lang='lat' dir='ltr'><strong>imperatore</strong></span> <span class='ocrx_word' id='word_1_265' title='bbox 1295 2358 1537 2427; x_wconf 80' lang='lat' dir='ltr'><strong>jultente,</strong></span> <span class='ocrx_word' id='word_1_266' title='bbox 1564 2357 1911 2413; x_wconf 77' lang='lat' dir='ltr'><strong>adduverunt</strong></span> 
     </span>
    </p>
   </div>
   <div class='ocr_carea' id='block_1_39' title="bbox 313 2447 1911 2519">
    <p class='ocr_par' dir='ltr' id='par_1_39' title="bbox 313 2447 1911 2519">
     <span class='ocr_line' id='line_1_39' title="bbox 313 2447 1911 2519; baseline -0.001 -18"><span class='ocrx_word' id='word_1_267' title='bbox 313 2459 404 2501; x_wconf 86' lang='lat' dir='ltr'><strong>me</strong></span> <span class='ocrx_word' id='word_1_268' title='bbox 445 2447 498 2500; x_wconf 89' lang='lat' dir='ltr'><strong>itt</strong></span> <span class='ocrx_word' id='word_1_269' title='bbox 546 2448 820 2516; x_wconf 77' lang='lat' dir='ltr'><strong>palatium.</strong></span> <span class='ocrx_word' id='word_1_270' title='bbox 871 2447 1117 2517; x_wconf 83' lang='lat' dir='ltr'><strong>Cumque</strong></span> <span class='ocrx_word' id='word_1_271' title='bbox 1170 2452 1442 2515; x_wconf 76' lang='lat' dir='ltr'><strong>ingressus</strong></span> <span class='ocrx_word' id='word_1_272' title='bbox 1471 2466 1671 2519; x_wconf 53' lang='lat' dir='ltr'><strong>essem,</strong></span> <span class='ocrx_word' id='word_1_273' title='bbox 1708 2451 1804 2505; x_wconf 83' lang='lat' dir='ltr'><strong>ille</strong></span> <span class='ocrx_word' id='word_1_274' title='bbox 1850 2458 1911 2503; x_wconf 85' lang='lat' dir='ltr'><strong>ut</strong></span> 
     </span>
    </p>
   </div>
   <div class='ocr_carea' id='block_1_40' title="bbox 315 2542 1907 2612">
    <p class='ocr_par' dir='ltr' id='par_1_40' title="bbox 315 2542 1907 2612">
     <span class='ocr_line' id='line_1_40' title="bbox 315 2542 1907 2612; baseline -0.001 -16"><span class='ocrx_word' id='word_1_275' title='bbox 315 2545 531 2612; x_wconf 72' lang='lat' dir='ltr'><strong>aspexit</strong></span> <span class='ocrx_word' id='word_1_276' title='bbox 573 2558 658 2600; x_wconf 89' lang='lat' dir='ltr'><strong>me</strong></span> <span class='ocrx_word' id='word_1_277' title='bbox 691 2545 830 2611; x_wconf 86' lang='lat' dir='ltr'><strong>putri</strong></span> <span class='ocrx_word' id='word_1_278' title='bbox 872 2554 926 2598; x_wconf 89' lang='lat' dir='ltr'><strong>ct</strong></span> <span class='ocrx_word' id='word_1_279' title='bbox 977 2544 1142 2597; x_wconf 65' lang='lat' dir='ltr'><strong>scissa</strong></span> <span class='ocrx_word' id='word_1_280' title='bbox 1191 2544 1435 2598; x_wconf 88' lang='lat' dir='ltr'><strong>indutum</strong></span> <span class='ocrx_word' id='word_1_281' title='bbox 1488 2544 1663 2598; x_wconf 85' lang='lat' dir='ltr'><strong>tunica</strong></span> <span class='ocrx_word' id='word_1_282' title='bbox 1697 2584 1713 2606; x_wconf 93' lang='lat'><strong>,</strong></span> <span class='ocrx_word' id='word_1_283' title='bbox 1773 2542 1907 2595; x_wconf 76' lang='lat' dir='ltr'><strong>dixit</strong></span> 
     </span>
    </p>
   </div>
   <div class='ocr_carea' id='block_1_41' title="bbox 316 2635 1910 2701">
    <p class='ocr_par' dir='ltr' id='par_1_41' title="bbox 316 2635 1910 2701">
     <span class='ocr_line' id='line_1_41' title="bbox 316 2635 1910 2701; baseline -0.001 -11"><span class='ocrx_word' id='word_1_284' title='bbox 316 2636 453 2690; x_wconf 83' lang='lat' dir='ltr'><strong>niibi</strong></span> <span class='ocrx_word' id='word_1_285' title='bbox 489 2653 501 2689; x_wconf 94' lang='lat'><strong>:</strong></span> <span class='ocrx_word' id='word_1_286' title='bbox 537 2636 671 2690; x_wconf 26' lang='lat' dir='ltr'><strong>Eccr-</strong></span> <span class='ocrx_word' id='word_1_287' title='bbox 705 2652 844 2690; x_wconf 88' lang='lat' dir='ltr'><strong>nunc</strong></span> <span class='ocrx_word' id='word_1_288' title='bbox 880 2638 952 2689; x_wconf 91' lang='lat' dir='ltr'><strong>ttti</strong></span> <span class='ocrx_word' id='word_1_289' title='bbox 982 2637 1234 2689; x_wconf 72' lang='lat' dir='ltr'><strong>misertus</strong></span> <span class='ocrx_word' id='word_1_290' title='bbox 1259 2650 1413 2701; x_wconf 88' lang='lat' dir='ltr'><strong>sum;</strong></span> <span class='ocrx_word' id='word_1_291' title='bbox 1441 2635 1596 2701; x_wconf 86' lang='lat' dir='ltr'><strong>vade,</strong></span> <span class='ocrx_word' id='word_1_292' title='bbox 1630 2642 1685 2688; x_wconf 89' lang='lat' dir='ltr'><strong>et</strong></span> <span class='ocrx_word' id='word_1_293' title='bbox 1724 2649 1910 2688; x_wconf 77' lang='lat' dir='ltr'><strong>emen-</strong></span> 
     </span>
    </p>
   </div>
   <div class='ocr_carea' id='block_1_42' title="bbox 316 2728 1905 2797">
    <p class='ocr_par' dir='ltr' id='par_1_42' title="bbox 316 2728 1905 2797">
     <span class='ocr_line' id='line_1_42' title="bbox 316 2728 1905 2797; baseline -0.001 -14"><span class='ocrx_word' id='word_1_294' title='bbox 316 2730 455 2783; x_wconf 88' lang='lat' dir='ltr'><strong>dare</strong></span> <span class='ocrx_word' id='word_1_295' title='bbox 495 2729 560 2781; x_wconf 65' lang='grc' dir='ltr'>«ιιι</span> <span class='ocrx_word' id='word_1_296' title='bbox 604 2728 833 2787; x_wconf 53' lang='lat' dir='ltr'><strong>reliquo.</strong></span> <span class='ocrx_word' id='word_1_297' title='bbox 867 2728 1206 2797; x_wconf 67' lang='lat' dir='ltr'><strong>Aspii-iebam</strong></span> <span class='ocrx_word' id='word_1_298' title='bbox 1240 2738 1417 2782; x_wconf 88' lang='lat' dir='ltr'><strong>autem</strong></span> <span class='ocrx_word' id='word_1_299' title='bbox 1450 2730 1729 2784; x_wconf 83' lang='lat' dir='ltr'><strong>mulierem</strong></span> <span class='ocrx_word' id='word_1_300' title='bbox 1758 2728 1905 2782; x_wconf 90' lang='lat' dir='ltr'><strong>illam</strong></span> 
     </span>
    </p>
   </div>
   <div class='ocr_carea' id='block_1_43' title="bbox 315 2819 1899 2890">
    <p class='ocr_par' dir='ltr' id='par_1_43' title="bbox 315 2819 1899 2890">
     <span class='ocr_line' id='line_1_43' title="bbox 315 2819 1899 2890; baseline -0.003 -14"><span class='ocrx_word' id='word_1_301' title='bbox 315 2822 385 2876; x_wconf 88' lang='lat' dir='ltr'><strong>ad</strong></span> <span class='ocrx_word' id='word_1_302' title='bbox 439 2823 715 2877; x_wconf 72' lang='lat' dir='ltr'><strong>dexteram</strong></span> <span class='ocrx_word' id='word_1_303' title='bbox 761 2821 1103 2890; x_wconf 77' lang='lat' dir='ltr'><strong>imperatoris</strong></span> <span class='ocrx_word' id='word_1_304' title='bbox 1146 2830 1407 2874; x_wconf 89' lang='lat' dir='ltr'><strong>astantem</strong></span> <span class='ocrx_word' id='word_1_305' title='bbox 1436 2864 1452 2885; x_wconf 93' lang='lat'><strong>,</strong></span> <span class='ocrx_word' id='word_1_306' title='bbox 1517 2828 1573 2874; x_wconf 90' lang='lat' dir='ltr'><strong>et</strong></span> <span class='ocrx_word' id='word_1_307' title='bbox 1627 2819 1899 2875; x_wconf 88' lang='lat' dir='ltr'><strong>dicentem</strong></span> 
     </span>
    </p>
   </div>
   <div class='ocr_carea' id='block_1_44' title="bbox 316 2911 1904 2982">
    <p class='ocr_par' dir='ltr' id='par_1_44' title="bbox 316 2911 1904 2982">
     <span class='ocr_line' id='line_1_44' title="bbox 316 2911 1904 2982; baseline -0.002 -16"><span class='ocrx_word' id='word_1_308' title='bbox 316 2912 452 2966; x_wconf 86' lang='lat' dir='ltr'><strong>mibi</strong></span> <span class='ocrx_word' id='word_1_309' title='bbox 487 2931 501 2968; x_wconf 90' lang='lat'><strong>:</strong></span> <span class='ocrx_word' id='word_1_310' title='bbox 534 2912 778 2976; x_wconf 84' lang='lat' dir='ltr'><strong>Conlide.</strong></span> <span class='ocrx_word' id='word_1_311' title='bbox 810 2925 861 2967; x_wconf 92' lang='lat' dir='ltr'><strong>et</strong></span> <span class='ocrx_word' id='word_1_312' title='bbox 890 2912 996 2965; x_wconf 90' lang='lat' dir='ltr'><strong>ttoli</strong></span> <span class='ocrx_word' id='word_1_313' title='bbox 1053 2914 1264 2966; x_wconf 86' lang='lat' dir='ltr'><strong>timere.</strong></span> <span class='ocrx_word' id='word_1_314' title='bbox 1311 2911 1584 2982; x_wconf 72' lang='lat' dir='ltr'><strong>Jnssitque</strong></span> <span class='ocrx_word' id='word_1_315' title='bbox 1627 2927 1721 2965; x_wconf 75' lang='lat' dir='ltr'><strong>rex</strong></span> <span class='ocrx_word' id='word_1_316' title='bbox 1777 2912 1904 2965; x_wconf 90' lang='lat' dir='ltr'><strong>mibi</strong></span> 
     </span>
    </p>
   </div>
   <div class='ocr_carea' id='block_1_45' title="bbox 316 3002 1905 3071">
    <p class='ocr_par' dir='ltr' id='par_1_45' title="bbox 316 3002 1905 3071">
     <span class='ocr_line' id='line_1_45' title="bbox 316 3002 1905 3071; baseline -0.001 -14"><span class='ocrx_word' id='word_1_317' title='bbox 316 3005 566 3057; x_wconf 81' lang='lat' dir='ltr'><strong>universa</strong></span> <span class='ocrx_word' id='word_1_318' title='bbox 606 3005 856 3071; x_wconf 88' lang='lat' dir='ltr'><strong>restitui,</strong></span> <span class='ocrx_word' id='word_1_319' title='bbox 901 3004 1208 3070; x_wconf 83' lang='lat' dir='ltr'><strong>addensque</strong></span> <span class='ocrx_word' id='word_1_320' title='bbox 1255 3006 1384 3057; x_wconf 89' lang='lat' dir='ltr'><strong>mibi</strong></span> <span class='ocrx_word' id='word_1_321' title='bbox 1442 3005 1576 3058; x_wconf 79' lang='lat' dir='ltr'><strong>liena</strong></span> <span class='ocrx_word' id='word_1_322' title='bbox 1630 3002 1855 3071; x_wconf 88' lang='lat' dir='ltr'><strong>plurima</strong></span> <span class='ocrx_word' id='word_1_323' title='bbox 1888 3042 1905 3067; x_wconf 94' lang='lat'><strong>,</strong></span> 
     </span>
    </p>
   </div>
   <div class='ocr_carea' id='block_1_46' title="bbox 315 3093 1904 3163">
    <p class='ocr_par' dir='ltr' id='par_1_46' title="bbox 315 3093 1904 3163">
     <span class='ocr_line' id='line_1_46' title="bbox 315 3093 1904 3163; baseline 0 -15"><span class='ocrx_word' id='word_1_324' title='bbox 315 3096 553 3148; x_wconf 85' lang='lat' dir='ltr'><strong>restituit</strong></span> <span class='ocrx_word' id='word_1_325' title='bbox 584 3110 669 3149; x_wconf 81' lang='lat' dir='ltr'><strong>me</strong></span> <span class='ocrx_word' id='word_1_326' title='bbox 702 3097 753 3147; x_wconf 88' lang='lat' dir='ltr'><strong>in</strong></span> <span class='ocrx_word' id='word_1_327' title='bbox 790 3093 1022 3161; x_wconf 77' lang='lat' dir='ltr'><strong>priorem</strong></span> <span class='ocrx_word' id='word_1_328' title='bbox 1052 3103 1270 3158; x_wconf 85' lang='lat' dir='ltr'><strong>statum,</strong></span> <span class='ocrx_word' id='word_1_329' title='bbox 1307 3095 1505 3148; x_wconf 84' lang='lat' dir='ltr'><strong>faciens</strong></span> <span class='ocrx_word' id='word_1_330' title='bbox 1533 3109 1620 3148; x_wconf 87' lang='lat' dir='ltr'><strong>me</strong></span> <span class='ocrx_word' id='word_1_331' title='bbox 1643 3102 1904 3163; x_wconf 61' lang='lat' dir='ltr'><strong>prteterea</strong></span> 
     </span>
    </p>
   </div>
   <div class='ocr_carea' id='block_1_47' title="bbox 316 3185 817 3241">
    <p class='ocr_par' dir='ltr' id='par_1_47' title="bbox 316 3185 817 3241">
     <span class='ocr_line' id='line_1_47' title="bbox 316 3185 817 3241; baseline 0 0"><span class='ocrx_word' id='word_1_332' title='bbox 316 3185 495 3241; x_wconf 89' lang='lat' dir='ltr'><strong>locum</strong></span> <span class='ocrx_word' id='word_1_333' title='bbox 526 3195 817 3241; x_wconf 81' lang='lat' dir='ltr'><strong>tenentem.</strong></span> 
     </span>
    </p>
   </div>
   <div class='ocr_carea' id='block_1_48' title="bbox 2008 1982 3603 2053">
    <p class='ocr_par' dir='ltr' id='par_1_48' title="bbox 2008 1982 3603 2053">
     <span class='ocr_line' id='line_1_48' title="bbox 2008 1982 3603 2053; baseline 0.001 -18"><span class='ocrx_word' id='word_1_334' title='bbox 2008 1985 2209 2053; x_wconf 89' lang='lat' dir='ltr'><strong>junior.</strong></span> <span class='ocrx_word' id='word_1_335' title='bbox 2252 1984 2385 2036; x_wconf 77' lang='lat' dir='ltr'><strong>Cum</strong></span> <span class='ocrx_word' id='word_1_336' title='bbox 2432 1983 2608 2051; x_wconf 87' lang='lat' dir='ltr'><strong>itaque</strong></span> <span class='ocrx_word' id='word_1_337' title='bbox 2631 1983 3016 2042; x_wconf 64' lang='lat' dir='ltr'><strong>descendisset.</strong></span> <span class='ocrx_word' id='word_1_338' title='bbox 3050 1994 3168 2051; x_wconf 83' lang='lat' dir='ltr'><strong>post</strong></span> <span class='ocrx_word' id='word_1_339' title='bbox 3198 1982 3360 2037; x_wconf 65' lang='lat' dir='ltr'><strong>hri-ve</strong></span> <span class='ocrx_word' id='word_1_340' title='bbox 3392 1993 3603 2050; x_wconf 78' lang='lat' dir='ltr'><strong>tempus</strong></span> 
     </span>
    </p>
   </div>
   <div class='ocr_carea' id='block_1_49' title="bbox 2013 2076 3604 2147">
    <p class='ocr_par' dir='ltr' id='par_1_49' title="bbox 2013 2076 3604 2147">
     <span class='ocr_line' id='line_1_49' title="bbox 2013 2076 3604 2147; baseline 0 -16"><span class='ocrx_word' id='word_1_341' title='bbox 2013 2078 2058 2131; x_wconf 88' lang='lat' dir='ltr'><strong>is</strong></span> <span class='ocrx_word' id='word_1_342' title='bbox 2086 2079 2174 2147; x_wconf 89' lang='lat' dir='ltr'><strong>qui</strong></span> <span class='ocrx_word' id='word_1_343' title='bbox 2216 2077 2677 2144; x_wconf 67' lang='lat' dir='ltr'><strong>COIISlatlllttoptlli</strong></span> <span class='ocrx_word' id='word_1_344' title='bbox 2727 2085 3079 2138; x_wconf 76' lang='lat' dir='ltr'><strong>remanserat,</strong></span> <span class='ocrx_word' id='word_1_345' title='bbox 3123 2076 3255 2129; x_wconf 82' lang='lat' dir='ltr'><strong>vidit</strong></span> <span class='ocrx_word' id='word_1_346' title='bbox 3304 2078 3355 2128; x_wconf 88' lang='lat' dir='ltr'><strong>in</strong></span> <span class='ocrx_word' id='word_1_347' title='bbox 3395 2079 3604 2131; x_wconf 88' lang='lat' dir='ltr'><strong>sumitis</strong></span> 
     </span>
    </p>
   </div>
   <div class='ocr_carea' id='block_1_50' title="bbox 2011 2167 3601 2239">
    <p class='ocr_par' dir='ltr' id='par_1_50' title="bbox 2011 2167 3601 2239">
     <span class='ocr_line' id='line_1_50' title="bbox 2011 2167 3601 2239; baseline -0.001 -14"><span class='ocrx_word' id='word_1_348' title='bbox 2011 2185 2196 2225; x_wconf 86' lang='lat' dir='ltr'><strong>senem</strong></span> <span class='ocrx_word' id='word_1_349' title='bbox 2240 2168 2523 2237; x_wconf 85' lang='lat' dir='ltr'><strong>quemdam</strong></span> <span class='ocrx_word' id='word_1_350' title='bbox 2567 2167 2869 2235; x_wconf 84' lang='lat' dir='ltr'><strong>speciosum</strong></span> <span class='ocrx_word' id='word_1_351' title='bbox 2919 2180 2973 2222; x_wconf 88' lang='lat' dir='ltr'><strong>et</strong></span> <span class='ocrx_word' id='word_1_352' title='bbox 3020 2184 3225 2239; x_wconf 77' lang='lat' dir='ltr'><strong>magna:</strong></span> <span class='ocrx_word' id='word_1_353' title='bbox 3266 2170 3601 2238; x_wconf 60' lang='lat' dir='ltr'><strong>reverentur,</strong></span> 
     </span>
    </p>
   </div>
   <div class='ocr_carea' id='block_1_51' title="bbox 2011 2262 3599 2327">
    <p class='ocr_par' dir='ltr' id='par_1_51' title="bbox 2011 2262 3599 2327">
     <span class='ocr_line' id='line_1_51' title="bbox 2011 2262 3599 2327; baseline -0.001 -8"><span class='ocrx_word' id='word_1_354' title='bbox 2011 2265 2285 2319; x_wconf 85' lang='lat' dir='ltr'><strong>dicentem</strong></span> <span class='ocrx_word' id='word_1_355' title='bbox 2317 2262 2418 2316; x_wconf 83' lang='lat' dir='ltr'><strong>sibi</strong></span> <span class='ocrx_word' id='word_1_356' title='bbox 2449 2280 2460 2313; x_wconf 90' lang='lat'>:</span> <span class='ocrx_word' id='word_1_357' title='bbox 2486 2262 2602 2316; x_wconf 88' lang='lat' dir='ltr'><strong>Scis</strong></span> <span class='ocrx_word' id='word_1_358' title='bbox 2624 2262 2745 2327; x_wconf 86' lang='lat' dir='ltr'><strong>quia</strong></span> <span class='ocrx_word' id='word_1_359' title='bbox 2780 2264 3074 2316; x_wconf 87' lang='lat' dir='ltr'><strong>fornicatus</strong></span> <span class='ocrx_word' id='word_1_360' title='bbox 3104 2275 3183 2318; x_wconf 62' lang='lat' dir='ltr'><strong>est</strong></span> <span class='ocrx_word' id='word_1_361' title='bbox 3213 2264 3375 2316; x_wconf 75' lang='lat' dir='ltr'><strong>frater</strong></span> <span class='ocrx_word' id='word_1_362' title='bbox 3397 2274 3517 2317; x_wconf 88' lang='lat' dir='ltr'><strong>tuus</strong></span> <span class='ocrx_word' id='word_1_363' title='bbox 3546 2264 3599 2319; x_wconf 90' lang='lat' dir='ltr'><strong>itt</strong></span> 
     </span>
    </p>
   </div>
   <div class='ocr_carea' id='block_1_52' title="bbox 2012 2354 3595 2423">
    <p class='ocr_par' dir='ltr' id='par_1_52' title="bbox 2012 2354 3595 2423">
     <span class='ocr_line' id='line_1_52' title="bbox 2012 2354 3595 2423; baseline 0 -12"><span class='ocrx_word' id='word_1_364' title='bbox 2012 2373 2237 2411; x_wconf 77' lang='lat' dir='ltr'><strong>uxorem</strong></span> <span class='ocrx_word' id='word_1_365' title='bbox 2271 2354 2566 2421; x_wconf 75' lang='lat' dir='ltr'><strong>cauponis?</strong></span> <span class='ocrx_word' id='word_1_366' title='bbox 2612 2356 2710 2419; x_wconf 87' lang='lat' dir='ltr'><strong>Qui</strong></span> <span class='ocrx_word' id='word_1_367' title='bbox 2742 2369 3036 2423; x_wconf 80' lang='lat' dir='ltr'><strong>exsurgens</strong></span> <span class='ocrx_word' id='word_1_368' title='bbox 3083 2371 3111 2407; x_wconf 91' lang='lat' dir='ltr'><strong>a</strong></span> <span class='ocrx_word' id='word_1_369' title='bbox 3145 2369 3359 2422; x_wconf 80' lang='lat' dir='ltr'><strong>somno,</strong></span> <span class='ocrx_word' id='word_1_370' title='bbox 3393 2357 3595 2411; x_wconf 82' lang='lat' dir='ltr'><strong>contri-</strong></span> 
     </span>
    </p>
   </div>
   <div class='ocr_carea' id='block_1_53' title="bbox 2010 2448 3598 2518">
    <p class='ocr_par' dir='ltr' id='par_1_53' title="bbox 2010 2448 3598 2518">
     <span class='ocr_line' id='line_1_53' title="bbox 2010 2448 3598 2518; baseline 0 -13"><span class='ocrx_word' id='word_1_371' title='bbox 2010 2449 2143 2505; x_wconf 91' lang='lat' dir='ltr'><strong>stari</strong></span> <span class='ocrx_word' id='word_1_372' title='bbox 2192 2450 2386 2516; x_wconf 80' lang='lat' dir='ltr'><strong>cmpit,</strong></span> <span class='ocrx_word' id='word_1_373' title='bbox 2430 2457 2483 2502; x_wconf 88' lang='lat' dir='ltr'><strong>et</strong></span> <span class='ocrx_word' id='word_1_374' title='bbox 2534 2451 2667 2501; x_wconf 81' lang='lat' dir='ltr'><strong>intra</strong></span> <span class='ocrx_word' id='word_1_375' title='bbox 2721 2451 3068 2516; x_wconf 85' lang='lat' dir='ltr'><strong>semetipsum</strong></span> <span class='ocrx_word' id='word_1_376' title='bbox 3117 2448 3336 2502; x_wconf 82' lang='lat' dir='ltr'><strong>dit-ere:</strong></span> <span class='ocrx_word' id='word_1_377' title='bbox 3368 2450 3475 2518; x_wconf 69' lang='lat' dir='ltr'><strong>Ego</strong></span> <span class='ocrx_word' id='word_1_378' title='bbox 3519 2450 3598 2505; x_wconf 87' lang='lat' dir='ltr'><strong>illi</strong></span> 
     </span>
    </p>
   </div>
   <div class='ocr_carea' id='block_1_54' title="bbox 2008 2540 3598 2607">
    <p class='ocr_par' dir='ltr' id='par_1_54' title="bbox 2008 2540 3598 2607">
     <span class='ocr_line' id='line_1_54' title="bbox 2008 2540 3598 2607; baseline -0.002 -11"><span class='ocrx_word' id='word_1_379' title='bbox 2008 2556 2170 2596; x_wconf 89' lang='lat' dir='ltr'><strong>causa</strong></span> <span class='ocrx_word' id='word_1_380' title='bbox 2204 2540 2277 2594; x_wconf 83' lang='lat' dir='ltr'><strong>liti</strong></span> <span class='ocrx_word' id='word_1_381' title='bbox 2309 2540 2460 2595; x_wconf 86' lang='lat' dir='ltr'><strong>istius</strong></span> <span class='ocrx_word' id='word_1_382' title='bbox 2491 2541 2689 2607; x_wconf 78' lang='lat' dir='ltr'><strong>lapsus,</strong></span> <span class='ocrx_word' id='word_1_383' title='bbox 2721 2556 2815 2593; x_wconf 80' lang='lat' dir='ltr'><strong>our</strong></span> <span class='ocrx_word' id='word_1_384' title='bbox 2841 2557 2906 2593; x_wconf 85' lang='lat' dir='ltr'><strong>cn</strong></span> <span class='ocrx_word' id='word_1_385' title='bbox 2931 2556 2980 2592; x_wconf 93' lang='lat' dir='ltr'><strong>m</strong></span> <span class='ocrx_word' id='word_1_386' title='bbox 3009 2540 3186 2593; x_wconf 87' lang='lat' dir='ltr'><strong>dimisi</strong></span> <span class='ocrx_word' id='word_1_387' title='bbox 3217 2542 3359 2593; x_wconf 84' lang='lat' dir='ltr'><strong>illum</strong></span> <span class='ocrx_word' id='word_1_388' title='bbox 3388 2540 3598 2594; x_wconf 77' lang='lat' dir='ltr'><strong>solum?</strong></span> 
     </span>
    </p>
   </div>
   <div class='ocr_carea' id='block_1_55' title="bbox 2009 2633 3600 2702">
    <p class='ocr_par' dir='ltr' id='par_1_55' title="bbox 2009 2633 3600 2702">
     <span class='ocr_line' id='line_1_55' title="bbox 2009 2633 3600 2702; baseline -0.002 -14"><span class='ocrx_word' id='word_1_389' title='bbox 2009 2633 2233 2702; x_wconf 75' lang='lat' dir='ltr'><strong>ASpe\il</strong></span> <span class='ocrx_word' id='word_1_390' title='bbox 2253 2642 2427 2686; x_wconf 91' lang='lat' dir='ltr'><strong>autem</strong></span> <span class='ocrx_word' id='word_1_391' title='bbox 2452 2633 2698 2686; x_wconf 89' lang='lat' dir='ltr'><strong>eumdem</strong></span> <span class='ocrx_word' id='word_1_392' title='bbox 2728 2633 2964 2685; x_wconf 69' lang='lat' dir='ltr'><strong>secundo</strong></span> <span class='ocrx_word' id='word_1_393' title='bbox 2993 2634 3260 2688; x_wconf 85' lang='lat' dir='ltr'><strong>dicentem</strong></span> <span class='ocrx_word' id='word_1_394' title='bbox 3288 2633 3389 2689; x_wconf 88' lang='lat' dir='ltr'><strong>sibi</strong></span> <span class='ocrx_word' id='word_1_395' title='bbox 3418 2650 3430 2685; x_wconf 89' lang='lat'><strong>:</strong></span> <span class='ocrx_word' id='word_1_396' title='bbox 3458 2633 3600 2699; x_wconf 68' lang='lat' dir='ltr'><strong>Scis,</strong></span> 
     </span>
    </p>
   </div>
   <div class='ocr_carea' id='block_1_56' title="bbox 2009 2725 3605 2794">
    <p class='ocr_par' dir='ltr' id='par_1_56' title="bbox 2009 2725 3605 2794">
     <span class='ocr_line' id='line_1_56' title="bbox 2009 2725 3605 2794; baseline 0.001 -17"><span class='ocrx_word' id='word_1_397' title='bbox 2009 2727 2129 2793; x_wconf 87' lang='lat' dir='ltr'><strong>quia</strong></span> <span class='ocrx_word' id='word_1_398' title='bbox 2176 2726 2339 2779; x_wconf 88' lang='lat' dir='ltr'><strong>frater</strong></span> <span class='ocrx_word' id='word_1_399' title='bbox 2375 2737 2496 2778; x_wconf 82' lang='lat' dir='ltr'><strong>titus</strong></span> <span class='ocrx_word' id='word_1_400' title='bbox 2543 2726 2745 2778; x_wconf 89' lang='lat' dir='ltr'><strong>corruit</strong></span> <span class='ocrx_word' id='word_1_401' title='bbox 2793 2725 2845 2777; x_wconf 94' lang='lat' dir='ltr'><strong>in</strong></span> <span class='ocrx_word' id='word_1_402' title='bbox 2878 2741 3097 2780; x_wconf 74' lang='lat' dir='ltr'><strong>uxorem</strong></span> <span class='ocrx_word' id='word_1_403' title='bbox 3150 2726 3448 2794; x_wconf 87' lang='lat' dir='ltr'><strong>cauponis?</strong></span> <span class='ocrx_word' id='word_1_404' title='bbox 3487 2729 3605 2791; x_wconf 88' lang='lat' dir='ltr'><strong>Quo</strong></span> 
     </span>
    </p>
   </div>
   <div class='ocr_carea' id='block_1_57' title="bbox 2008 2818 3601 2889">
    <p class='ocr_par' dir='ltr' id='par_1_57' title="bbox 2008 2818 3601 2889">
     <span class='ocr_line' id='line_1_57' title="bbox 2008 2818 3601 2889; baseline 0.001 -16"><span class='ocrx_word' id='word_1_405' title='bbox 2008 2820 2147 2884; x_wconf 87' lang='lat' dir='ltr'><strong>viso,</strong></span> <span class='ocrx_word' id='word_1_406' title='bbox 2177 2835 2384 2872; x_wconf 89' lang='lat' dir='ltr'><strong>rursum</strong></span> <span class='ocrx_word' id='word_1_407' title='bbox 2416 2818 2761 2872; x_wconf 59' lang='lat' dir='ltr'><strong>COllll‘iSlallls</strong></span> <span class='ocrx_word' id='word_1_408' title='bbox 2794 2828 2893 2872; x_wconf 90' lang='lat' dir='ltr'><strong>est.</strong></span> <span class='ocrx_word' id='word_1_409' title='bbox 2929 2819 3110 2872; x_wconf 76' lang='lat' dir='ltr'><strong>Tertio</strong></span> <span class='ocrx_word' id='word_1_410' title='bbox 3141 2822 3405 2889; x_wconf 68' lang='lat' dir='ltr'><strong>conspicit</strong></span> <span class='ocrx_word' id='word_1_411' title='bbox 3445 2836 3601 2874; x_wconf 35' lang='lat' dir='ltr'><strong>eum!</strong></span> 
     </span>
    </p>
   </div>
   <div class='ocr_carea' id='block_1_58' title="bbox 2008 2911 3602 2981">
    <p class='ocr_par' dir='ltr' id='par_1_58' title="bbox 2008 2911 3602 2981">
     <span class='ocr_line' id='line_1_58' title="bbox 2008 2911 3602 2981; baseline -0.001 -15"><span class='ocrx_word' id='word_1_412' title='bbox 2008 2912 2129 2967; x_wconf 86' lang='lat' dir='ltr'><strong>dein</strong></span> <span class='ocrx_word' id='word_1_413' title='bbox 2162 2912 2426 2966; x_wconf 85' lang='lat' dir='ltr'><strong>dicentem</strong></span> <span class='ocrx_word' id='word_1_414' title='bbox 2458 2926 2485 2964; x_wconf 83' lang='grc' dir='ltr'><strong>ε</strong></span> <span class='ocrx_word' id='word_1_415' title='bbox 2508 2911 2557 2965; x_wconf 89' lang='lat' dir='ltr'><strong>bi</strong></span> <span class='ocrx_word' id='word_1_416' title='bbox 2588 2924 2602 2963; x_wconf 89' lang='lat'><strong>:</strong></span> <span class='ocrx_word' id='word_1_417' title='bbox 2640 2912 2824 2965; x_wconf 80' lang='lat' dir='ltr'><strong>Nescis</strong></span> <span class='ocrx_word' id='word_1_418' title='bbox 2869 2912 2987 2979; x_wconf 66' lang='grc' dir='ltr'><strong>(μή-ι</strong></span> <span class='ocrx_word' id='word_1_419' title='bbox 3023 2914 3185 2966; x_wconf 79' lang='lat' dir='ltr'><strong>frater</strong></span> <span class='ocrx_word' id='word_1_420' title='bbox 3217 2925 3334 2965; x_wconf 75' lang='lat' dir='ltr'><strong>ltttts</strong></span> <span class='ocrx_word' id='word_1_421' title='bbox 3369 2912 3602 2981; x_wconf 83' lang='lat' dir='ltr'><strong>perdidit</strong></span> 
     </span>
    </p>
   </div>
   <div class='ocr_carea' id='block_1_59' title="bbox 2011 3004 3604 3071">
    <p class='ocr_par' dir='ltr' id='par_1_59' title="bbox 2011 3004 3604 3071">
     <span class='ocr_line' id='line_1_59' title="bbox 2011 3004 3604 3071; baseline -0.003 -11"><span class='ocrx_word' id='word_1_422' title='bbox 2011 3008 2116 3060; x_wconf 90' lang='lat' dir='ltr'><strong>bbe</strong></span> <span class='ocrx_word' id='word_1_423' title='bbox 2148 3021 2232 3058; x_wconf 92' lang='lat' dir='ltr'><strong>am</strong></span> <span class='ocrx_word' id='word_1_424' title='bbox 2259 3005 2558 3067; x_wconf 79' lang='lat' dir='ltr'><strong>mulietem,</strong></span> <span class='ocrx_word' id='word_1_425' title='bbox 2583 3013 2638 3057; x_wconf 86' lang='lat' dir='ltr'><strong>et</strong></span> <span class='ocrx_word' id='word_1_426' title='bbox 2665 3004 2714 3057; x_wconf 92' lang='lat' dir='ltr'><strong>in</strong></span> <span class='ocrx_word' id='word_1_427' title='bbox 2741 3019 2961 3056; x_wconf 68' lang='lat' dir='ltr'><strong>ttxm&#39;t&#39;ltt</strong></span> <span class='ocrx_word' id='word_1_428' title='bbox 2984 3008 3239 3071; x_wconf 86' lang='lat' dir='ltr'><strong>cauponis</strong></span> <span class='ocrx_word' id='word_1_429' title='bbox 3265 3008 3465 3058; x_wconf 82' lang='lat' dir='ltr'><strong>ellusus</strong></span> <span class='ocrx_word' id='word_1_430' title='bbox 3487 3004 3604 3058; x_wconf 81' lang='lat' dir='ltr'><strong>cst?</strong></span> 
     </span>
    </p>
   </div>
   <div class='ocr_carea' id='block_1_60' title="bbox 2011 3096 3601 3166">
    <p class='ocr_par' dir='ltr' id='par_1_60' title="bbox 2011 3096 3601 3166">
     <span class='ocr_line' id='line_1_60' title="bbox 2011 3096 3601 3166; baseline -0.002 -13"><span class='ocrx_word' id='word_1_431' title='bbox 2011 3098 2425 3166; x_wconf 76' lang='lat' dir='ltr'><strong>Scripsitigitur</strong></span> <span class='ocrx_word' id='word_1_432' title='bbox 2459 3097 2522 3149; x_wconf 89' lang='lat' dir='ltr'><strong>ad</strong></span> <span class='ocrx_word' id='word_1_433' title='bbox 2555 3097 2696 3148; x_wconf 89' lang='lat' dir='ltr'><strong>tllttttt</strong></span> <span class='ocrx_word' id='word_1_434' title='bbox 2729 3111 2791 3149; x_wconf 76' lang='lat' dir='ltr'><strong>ex</strong></span> <span class='ocrx_word' id='word_1_435' title='bbox 2819 3096 3301 3164; x_wconf 70' lang='lat' dir='ltr'><strong>Constantinopoli,</strong></span> <span class='ocrx_word' id='word_1_436' title='bbox 3336 3108 3389 3149; x_wconf 90' lang='lat' dir='ltr'><strong>ttt</strong></span> <span class='ocrx_word' id='word_1_437' title='bbox 3420 3097 3601 3151; x_wconf 87' lang='lat' dir='ltr'><strong>statim</strong></span> 
     </span>
    </p>
   </div>
   <div class='ocr_carea' id='block_1_61' title="bbox 2007 3185 3600 3256">
    <p class='ocr_par' dir='ltr' id='par_1_61' title="bbox 2007 3185 3600 3256">
     <span class='ocr_line' id='line_1_61' title="bbox 2007 3185 3600 3256; baseline -0.001 -14"><span class='ocrx_word' id='word_1_438' title='bbox 2007 3190 2242 3242; x_wconf 67' lang='lat' dir='ltr'><strong>dlllllSSla</strong></span> <span class='ocrx_word' id='word_1_439' title='bbox 2265 3188 2511 3241; x_wconf 80' lang='lat' dir='ltr'><strong>omnib-is</strong></span> <span class='ocrx_word' id='word_1_440' title='bbox 2535 3185 2740 3241; x_wconf 84' lang='lat' dir='ltr'><strong>veniret</strong></span> <span class='ocrx_word' id='word_1_441' title='bbox 2760 3188 3091 3256; x_wconf 72' lang='lat' dir='ltr'><strong>Byzantium.</strong></span> <span class='ocrx_word' id='word_1_442' title='bbox 3113 3189 3156 3251; x_wconf 92' lang='lat' dir='ltr'><strong>Q</strong></span> <span class='ocrx_word' id='word_1_443' title='bbox 3181 3189 3209 3237; x_wconf 78' lang='lat' dir='ltr'><strong>ii</strong></span> <span class='ocrx_word' id='word_1_444' title='bbox 3234 3187 3463 3253; x_wconf 79' lang='lat' dir='ltr'><strong>acceptis</strong></span> <span class='ocrx_word' id='word_1_445' title='bbox 3493 3187 3600 3241; x_wconf 85' lang='lat' dir='ltr'><strong>fra-</strong></span> 
     </span>
    </p>
   </div>
   <div class='ocr_carea' id='block_1_62' title="bbox 394 3264 3599 3349">
    <p class='ocr_par' dir='ltr' id='par_1_62' title="bbox 394 3264 3599 3349">
     <span class='ocr_line' id='line_1_62' title="bbox 394 3264 3599 3349; baseline -0.001 -11"><span class='ocrx_word' id='word_1_446' title='bbox 394 3277 509 3339; x_wconf 67' lang='grc' dir='ltr'>Ιιεεδ</span> <span class='ocrx_word' id='word_1_447' title='bbox 541 3278 701 3337; x_wconf 63' lang='lat' dir='ltr'><strong>Lit&quot;?</strong></span> <span class='ocrx_word' id='word_1_448' title='bbox 730 3287 886 3331; x_wconf 77' lang='lat' dir='ltr'><strong>&quot;&quot;(‘le</strong></span> <span class='ocrx_word' id='word_1_449' title='bbox 914 3277 1157 3345; x_wconf 65' lang='grc' dir='ltr'><strong>ηρρθτυίι</strong></span> <span class='ocrx_word' id='word_1_450' title='bbox 1185 3276 1313 3331; x_wconf 71' lang='lat' dir='ltr'><strong>mihi</strong></span> <span class='ocrx_word' id='word_1_451' title='bbox 1351 3289 1539 3329; x_wconf 70' lang='lat'><strong>&quot;&quot;503</strong></span> <span class='ocrx_word' id='word_1_452' title='bbox 1564 3273 1751 3330; x_wconf 61' lang='lat' dir='ltr'><strong>eadem</strong></span> <span class='ocrx_word' id='word_1_453' title='bbox 1785 3290 1905 3328; x_wconf 80' lang='grc' dir='ltr'><strong>ῐηη-</strong></span> <span class='ocrx_word' id='word_1_454' title='bbox 1937 3264 1982 3326; x_wconf 81' lang='lat' dir='ltr'>C</span> <span class='ocrx_word' id='word_1_455' title='bbox 2014 3283 2111 3338; x_wconf 90' lang='lat' dir='ltr'><strong>tris</strong></span> <span class='ocrx_word' id='word_1_456' title='bbox 2136 3283 2345 3345; x_wconf 82' lang='lat' dir='ltr'><strong>litteris,</strong></span> <span class='ocrx_word' id='word_1_457' title='bbox 2373 3280 2550 3333; x_wconf 85' lang='lat' dir='ltr'><strong>statim</strong></span> <span class='ocrx_word' id='word_1_458' title='bbox 2575 3279 2771 3333; x_wconf 76' lang='lat' dir='ltr'><strong>dimisit</strong></span> <span class='ocrx_word' id='word_1_459' title='bbox 2792 3280 2998 3344; x_wconf 83' lang='lat' dir='ltr'><strong>oinnia,</strong></span> <span class='ocrx_word' id='word_1_460' title='bbox 3023 3292 3275 3349; x_wconf 36' lang='lat' dir='ltr'><strong>vi‘nttque</strong></span> <span class='ocrx_word' id='word_1_461' title='bbox 3297 3285 3359 3331; x_wconf 86' lang='lat' dir='ltr'><strong>ad</strong></span> <span class='ocrx_word' id='word_1_462' title='bbox 3386 3278 3599 3335; x_wconf 82' lang='lat' dir='ltr'><strong>fratrem</strong></span> 
     </span>
    </p>
   </div>
   <div class='ocr_carea' id='block_1_63' title="bbox 318 3369 1904 3440">
    <p class='ocr_par' dir='ltr' id='par_1_63' title="bbox 318 3369 1904 3440">
     <span class='ocr_line' id='line_1_63' title="bbox 318 3369 1904 3440; baseline -0.001 -14"><span class='ocrx_word' id='word_1_463' title='bbox 318 3369 458 3434; x_wconf 87' lang='lat' dir='ltr'><strong>lier,</strong></span> <span class='ocrx_word' id='word_1_464' title='bbox 487 3381 538 3423; x_wconf 89' lang='lat' dir='ltr'><strong>et</strong></span> <span class='ocrx_word' id='word_1_465' title='bbox 566 3371 640 3423; x_wconf 85' lang='lat' dir='ltr'><strong>ait</strong></span> <span class='ocrx_word' id='word_1_466' title='bbox 669 3370 797 3423; x_wconf 91' lang='lat' dir='ltr'><strong>mibi</strong></span> <span class='ocrx_word' id='word_1_467' title='bbox 828 3388 841 3424; x_wconf 89' lang='lat'><strong>:</strong></span> <span class='ocrx_word' id='word_1_468' title='bbox 889 3371 1025 3432; x_wconf 87' lang='lat' dir='ltr'><strong>Scis,</strong></span> <span class='ocrx_word' id='word_1_469' title='bbox 1069 3386 1186 3440; x_wconf 68' lang='lat' dir='ltr'><strong>qua:</strong></span> <span class='ocrx_word' id='word_1_470' title='bbox 1218 3372 1317 3423; x_wconf 90' lang='lat' dir='ltr'><strong>sint</strong></span> <span class='ocrx_word' id='word_1_471' title='bbox 1347 3385 1444 3438; x_wconf 74' lang='lat' dir='ltr'><strong>ego</strong></span> <span class='ocrx_word' id='word_1_472' title='bbox 1467 3370 1490 3423; x_wconf 82' lang='lat'><strong>?</strong></span> <span class='ocrx_word' id='word_1_473' title='bbox 1517 3371 1604 3422; x_wconf 90' lang='lat' dir='ltr'><strong>illa</strong></span> <span class='ocrx_word' id='word_1_474' title='bbox 1637 3384 1904 3424; x_wconf 92' lang='lat' dir='ltr'><strong>suntcum</strong></span> 
     </span>
    </p>
   </div>
   <div class='ocr_carea' id='block_1_64' title="bbox 316 3461 1904 3532">
    <p class='ocr_par' dir='ltr' id='par_1_64' title="bbox 316 3461 1904 3532">
     <span class='ocr_line' id='line_1_64' title="bbox 316 3461 1904 3532; baseline 0.005 -21"><span class='ocrx_word' id='word_1_475' title='bbox 316 3478 425 3532; x_wconf 83' lang='lat' dir='ltr'><strong>qua</strong></span> <span class='ocrx_word' id='word_1_476' title='bbox 457 3461 626 3516; x_wconf 67' lang='lat' dir='ltr'><strong>fecisti</strong></span> <span class='ocrx_word' id='word_1_477' title='bbox 659 3463 1102 3527; x_wconf 71' lang='lat' dir='ltr'><strong>misericordiam,</strong></span> <span class='ocrx_word' id='word_1_478' title='bbox 1138 3472 1189 3517; x_wconf 89' lang='lat' dir='ltr'><strong>et</strong></span> <span class='ocrx_word' id='word_1_479' title='bbox 1231 3474 1449 3531; x_wconf 88' lang='lat' dir='ltr'><strong>propter</strong></span> <span class='ocrx_word' id='word_1_480' title='bbox 1482 3464 1650 3518; x_wconf 90' lang='lat' dir='ltr'><strong>Deum</strong></span> <span class='ocrx_word' id='word_1_481' title='bbox 1683 3479 1787 3518; x_wconf 91' lang='lat' dir='ltr'><strong>non</strong></span> <span class='ocrx_word' id='word_1_482' title='bbox 1824 3477 1904 3519; x_wconf 91' lang='lat' dir='ltr'><strong>te-</strong></span> 
     </span>
    </p>
   </div>
   <div class='ocr_carea' id='block_1_65' title="bbox 316 3553 1907 3631">
    <p class='ocr_par' dir='ltr' id='par_1_65' title="bbox 316 3553 1907 3631">
     <span class='ocr_line' id='line_1_65' title="bbox 316 3553 1907 3631; baseline 0.003 -22"><span class='ocrx_word' id='word_1_483' title='bbox 316 3553 483 3627; x_wconf 78' lang='lat' dir='ltr'><strong>tigisti</strong></span> <span class='ocrx_word' id='word_1_484' title='bbox 514 3570 710 3624; x_wconf 90' lang='lat' dir='ltr'><strong>corpus</strong></span> <span class='ocrx_word' id='word_1_485' title='bbox 738 3571 938 3610; x_wconf 90' lang='lat' dir='ltr'><strong>meum.</strong></span> <span class='ocrx_word' id='word_1_486' title='bbox 984 3557 1120 3611; x_wconf 83' lang='lat' dir='ltr'><strong>Ecce</strong></span> <span class='ocrx_word' id='word_1_487' title='bbox 1147 3566 1201 3611; x_wconf 86' lang='lat' dir='ltr'><strong>ct</strong></span> <span class='ocrx_word' id='word_1_488' title='bbox 1224 3574 1325 3627; x_wconf 83' lang='lat' dir='ltr'><strong>ego</strong></span> <span class='ocrx_word' id='word_1_489' title='bbox 1356 3559 1580 3615; x_wconf 79' lang='lat' dir='ltr'><strong>liberavi</strong></span> <span class='ocrx_word' id='word_1_490' title='bbox 1617 3566 1668 3614; x_wconf 90' lang='lat' dir='ltr'><strong>te</strong></span> <span class='ocrx_word' id='word_1_491' title='bbox 1697 3575 1725 3612; x_wconf 92' lang='lat' dir='ltr'><strong>a</strong></span> <span class='ocrx_word' id='word_1_492' title='bbox 1768 3562 1907 3631; x_wconf 83' lang='lat' dir='ltr'><strong>peri-</strong></span> 
     </span>
    </p>
   </div>
   <div class='ocr_carea' id='block_1_66' title="bbox 317 3646 1904 3719">
    <p class='ocr_par' dir='ltr' id='par_1_66' title="bbox 317 3646 1904 3719">
     <span class='ocr_line' id='line_1_66' title="bbox 317 3646 1904 3719; baseline 0.003 -17"><span class='ocrx_word' id='word_1_493' title='bbox 317 3650 460 3702; x_wconf 80' lang='lat' dir='ltr'><strong>cu&#39;o.</strong></span> <span class='ocrx_word' id='word_1_494' title='bbox 491 3646 649 3701; x_wconf 79' lang='lat' dir='ltr'><strong>Vides</strong></span> <span class='ocrx_word' id='word_1_495' title='bbox 695 3648 1034 3703; x_wconf 77' lang='lat' dir='ltr'><strong>clementiam</strong></span> <span class='ocrx_word' id='word_1_496' title='bbox 1088 3649 1204 3713; x_wconf 89' lang='lat' dir='ltr'><strong>Dei,</strong></span> <span class='ocrx_word' id='word_1_497' title='bbox 1260 3651 1529 3719; x_wconf 89' lang='lat' dir='ltr'><strong>quomodo</strong></span> <span class='ocrx_word' id='word_1_498' title='bbox 1564 3666 1656 3718; x_wconf 87' lang='lat' dir='ltr'><strong>per</strong></span> <span class='ocrx_word' id='word_1_499' title='bbox 1682 3666 1789 3714; x_wconf 86' lang='lat' dir='ltr'><strong>me.</strong></span> <span class='ocrx_word' id='word_1_500' title='bbox 1820 3653 1904 3707; x_wconf 88' lang='lat' dir='ltr'><strong>cui</strong></span> 
     </span>
    </p>
   </div>
   <div class='ocr_carea' id='block_1_67' title="bbox 318 3740 1901 3812">
    <p class='ocr_par' dir='ltr' id='par_1_67' title="bbox 318 3740 1901 3812">
     <span class='ocr_line' id='line_1_67' title="bbox 318 3740 1901 3812; baseline 0.002 -20"><span class='ocrx_word' id='word_1_501' title='bbox 318 3740 492 3794; x_wconf 83' lang='lat' dir='ltr'><strong>fecisti</strong></span> <span class='ocrx_word' id='word_1_502' title='bbox 519 3740 680 3812; x_wconf 67' lang='lat'><strong>931</strong></span> <span class='ocrx_word' id='word_1_503' title='bbox 712 3740 1157 3803; x_wconf 82' lang='lat' dir='ltr'><strong>misericordiam,</strong></span> <span class='ocrx_word' id='word_1_504' title='bbox 1182 3742 1429 3810; x_wconf 88' lang='lat' dir='ltr'><strong>apparuit</strong></span> <span class='ocrx_word' id='word_1_505' title='bbox 1454 3743 1545 3796; x_wconf 88' lang='lat' dir='ltr'><strong>tibi</strong></span> <span class='ocrx_word' id='word_1_506' title='bbox 1572 3741 1901 3809; x_wconf 84' lang='lat' dir='ltr'><strong>misericors,</strong></span> 
     </span>
    </p>
   </div>
   <div class='ocr_carea' id='block_1_68' title="bbox 316 3833 1907 3904">
    <p class='ocr_par' dir='ltr' id='par_1_68' title="bbox 316 3833 1907 3904">
     <span class='ocr_line' id='line_1_68' title="bbox 316 3833 1907 3904; baseline 0.001 -18"><span class='ocrx_word' id='word_1_507' title='bbox 316 3836 472 3904; x_wconf 81' lang='lat' dir='ltr'><strong>quasi</strong></span> <span class='ocrx_word' id='word_1_508' title='bbox 504 3834 688 3887; x_wconf 73' lang='lat' dir='ltr'><strong>ilict-ns</strong></span> <span class='ocrx_word' id='word_1_509' title='bbox 724 3874 737 3887; x_wconf 91' lang='lat'><strong>.</strong></span> <span class='ocrx_word' id='word_1_510' title='bbox 773 3833 884 3886; x_wconf 86' lang='lat' dir='ltr'><strong>Hoc</strong></span> <span class='ocrx_word' id='word_1_511' title='bbox 906 3844 1122 3901; x_wconf 75' lang='lat' dir='ltr'><strong>promer</strong></span> <span class='ocrx_word' id='word_1_512' title='bbox 1149 3850 1233 3887; x_wconf 88' lang='lat' dir='ltr'><strong>me</strong></span> <span class='ocrx_word' id='word_1_513' title='bbox 1266 3833 1462 3901; x_wconf 83' lang='lat' dir='ltr'><strong>fecisti,</strong></span> <span class='ocrx_word' id='word_1_514' title='bbox 1493 3843 1549 3889; x_wconf 90' lang='lat' dir='ltr'><strong>ct</strong></span> <span class='ocrx_word' id='word_1_515' title='bbox 1567 3849 1670 3904; x_wconf 81' lang='lat' dir='ltr'><strong>ego</strong></span> <span class='ocrx_word' id='word_1_516' title='bbox 1701 3834 1907 3904; x_wconf 79' lang='lat' dir='ltr'><strong>magni—</strong></span> 
     </span>
    </p>
   </div>
   <div class='ocr_carea' id='block_1_69' title="bbox 316 3928 1415 3998">
    <p class='ocr_par' dir='ltr' id='par_1_69' title="bbox 316 3928 1415 3998">
     <span class='ocr_line' id='line_1_69' title="bbox 316 3928 1415 3998; baseline -0.005 -14"><span class='ocrx_word' id='word_1_517' title='bbox 316 3930 473 3985; x_wconf 83' lang='lat' dir='ltr'><strong>ticavi</strong></span> <span class='ocrx_word' id='word_1_518' title='bbox 504 3928 926 3983; x_wconf 88' lang='lat' dir='ltr'><strong>misericordiam</strong></span> <span class='ocrx_word' id='word_1_519' title='bbox 954 3943 1128 3983; x_wconf 82' lang='lat' dir='ltr'><strong>ineant</strong></span> <span class='ocrx_word' id='word_1_520' title='bbox 1157 3943 1318 3998; x_wconf 80' lang='lat' dir='ltr'><strong>Super</strong></span> <span class='ocrx_word' id='word_1_521' title='bbox 1344 3938 1415 3983; x_wconf 83' lang='lat' dir='ltr'><strong>te.</strong></span> 
     </span>
    </p>
   </div>
   <div class='ocr_carea' id='block_1_70' title="bbox 804 4038 1425 4096">
    <p class='ocr_par' dir='ltr' id='par_1_70' title="bbox 804 4038 1425 4096">
     <span class='ocr_line' id='line_1_70' title="bbox 804 4038 1425 4096; baseline 0.006 -4"><span class='ocrx_word' id='word_1_522' title='bbox 804 4038 1029 4094; x_wconf 77' lang='lat' dir='ltr'><strong>CAPUT</strong></span> <span class='ocrx_word' id='word_1_523' title='bbox 1068 4040 1425 4096; x_wconf 76' lang='lat' dir='ltr'><strong>CLXXXVII.</strong></span> 
     </span>
    </p>
   </div>
   <div class='ocr_carea' id='block_1_71' title="bbox 424 4131 1801 4258">
    <p class='ocr_par' dir='ltr' id='par_1_71' title="bbox 424 4131 1801 4258">
     <span class='ocr_line' id='line_1_71' title="bbox 424 4131 1801 4258; baseline 0 -68"><span class='ocrx_word' id='word_1_524' title='bbox 424 4134 574 4190; x_wconf 76' lang='lat' dir='ltr'><strong>Docti</strong></span> <span class='ocrx_word' id='word_1_525' title='bbox 588 4135 675 4187; x_wconf 87' lang='lat' dir='ltr'><strong>ina</strong></span> <span class='ocrx_word' id='word_1_526' title='bbox 700 4133 899 4188; x_wconf 77' lang='lat' dir='ltr'><strong>abbatis</strong></span> <span class='ocrx_word' id='word_1_527' title='bbox 919 4131 1334 4258; x_wconf 54' lang='lat' dir='ltr'><strong>Joannisfyzici</strong></span> <span class='ocrx_word' id='word_1_528' title='bbox 1354 4151 1448 4206; x_wconf 85' lang='lat' dir='ltr'><strong>pro</strong></span> <span class='ocrx_word' id='word_1_529' title='bbox 1475 4135 1801 4204; x_wconf 70' lang='lat' dir='ltr'><strong>acquirendi:</strong></span> 
     </span>
     <span class='ocr_line' id='line_1_72' title="bbox 972 4214 1261 4258; baseline 0.007 -2"><span class='ocrx_word' id='word_1_530' title='bbox 972 4214 1143 4258; x_wconf 76' lang='lat' dir='ltr'><strong>virtuti</strong></span> <span class='ocrx_word' id='word_1_531' title='bbox 1183 4223 1261 4258; x_wconf 83' lang='lat' dir='ltr'><strong>us.</strong></span> 
     </span>
    </p>
   </div>
   <div class='ocr_carea' id='block_1_72' title="bbox 972 4214 1261 4261">
    <p class='ocr_par' dir='ltr' id='par_1_72' title="bbox 972 4214 1261 4261">
     <span class='ocr_line' id='line_1_73' title="bbox 972 4214 1261 4261; baseline 0.017 -5"><span class='ocrx_word' id='word_1_532' title='bbox 972 4214 1261 4261; x_wconf 76' lang='lat' dir='ltr'><strong>virtutibus.</strong></span> 
     </span>
    </p>
   </div>
   <div class='ocr_carea' id='block_1_73' title="bbox 380 4295 1904 4357">
    <p class='ocr_par' dir='ltr' id='par_1_73' title="bbox 380 4295 1904 4357">
     <span class='ocr_line' id='line_1_74' title="bbox 380 4295 1904 4357; baseline -0.001 -2"><span class='ocrx_word' id='word_1_533' title='bbox 380 4297 512 4355; x_wconf 88' lang='lat' dir='ltr'><strong>Cum</strong></span> <span class='ocrx_word' id='word_1_534' title='bbox 535 4313 562 4351; x_wconf 86' lang='lat' dir='ltr'><strong>a</strong></span> <span class='ocrx_word' id='word_1_535' title='bbox 579 4306 758 4351; x_wconf 86' lang='lat' dir='ltr'><strong>sancta</strong></span> <span class='ocrx_word' id='word_1_536' title='bbox 779 4295 1135 4352; x_wconf 86' lang='lat' dir='ltr'><strong>Getbsemaue</strong></span> <span class='ocrx_word' id='word_1_537' title='bbox 1150 4299 1563 4354; x_wconf 85' lang='lat' dir='ltr'><strong>ascenderemus</strong></span> <span class='ocrx_word' id='word_1_538' title='bbox 1587 4302 1637 4354; x_wconf 91' lang='lat' dir='ltr'><strong>in</strong></span> <span class='ocrx_word' id='word_1_539' title='bbox 1661 4310 1904 4357; x_wconf 88' lang='lat' dir='ltr'><strong>sanctum</strong></span> 
     </span>
    </p>
   </div>
   <div class='ocr_carea' id='block_1_74' title="bbox 315 4388 1908 4455">
    <p class='ocr_par' dir='ltr' id='par_1_74' title="bbox 315 4388 1908 4455">
     <span class='ocr_line' id='line_1_75' title="bbox 315 4388 1908 4455; baseline 0.002 -11"><span class='ocrx_word' id='word_1_540' title='bbox 315 4399 554 4445; x_wconf 72' lang='lat' dir='ltr'><strong>montem</strong></span> <span class='ocrx_word' id='word_1_541' title='bbox 598 4388 832 4455; x_wconf 86' lang='lat' dir='ltr'><strong>Oliveti,</strong></span> <span class='ocrx_word' id='word_1_542' title='bbox 910 4389 1288 4443; x_wconf 83' lang='lat' dir='ltr'><strong>tttonasteiium</strong></span> <span class='ocrx_word' id='word_1_543' title='bbox 1333 4391 1653 4446; x_wconf 75' lang='lat' dir='ltr'><strong>offendimus</strong></span> <span class='ocrx_word' id='word_1_544' title='bbox 1702 4393 1908 4448; x_wconf 85' lang='lat' dir='ltr'><strong>abbatis</strong></span> 
     </span>
    </p>
   </div>
   <div class='ocr_carea' id='block_1_75' title="bbox 318 4479 1909 4549">
    <p class='ocr_par' dir='ltr' id='par_1_75' title="bbox 318 4479 1909 4549">
     <span class='ocr_line' id='line_1_76' title="bbox 318 4479 1909 4549; baseline 0.002 -13"><span class='ocrx_word' id='word_1_545' title='bbox 318 4480 578 4536; x_wconf 76' lang='lat' dir='ltr'><strong>Abratnii.</strong></span> <span class='ocrx_word' id='word_1_546' title='bbox 633 4479 801 4549; x_wconf 85' lang='lat' dir='ltr'><strong>llttjus</strong></span> <span class='ocrx_word' id='word_1_547' title='bbox 832 4480 1139 4534; x_wconf 85' lang='lat' dir='ltr'><strong>monasterii</strong></span> <span class='ocrx_word' id='word_1_548' title='bbox 1172 4491 1322 4548; x_wconf 83' lang='lat' dir='ltr'><strong>pater</strong></span> <span class='ocrx_word' id='word_1_549' title='bbox 1341 4494 1456 4535; x_wconf 87' lang='lat' dir='ltr'><strong>erat</strong></span> <span class='ocrx_word' id='word_1_550' title='bbox 1485 4483 1650 4535; x_wconf 83' lang='lat' dir='ltr'><strong>abbas</strong></span> <span class='ocrx_word' id='word_1_551' title='bbox 1676 4481 1909 4538; x_wconf 76' lang='lat' dir='ltr'><strong>Joannes</strong></span> 
     </span>
    </p>
   </div>
   <div class='ocr_carea' id='block_1_76' title="bbox 316 4572 1877 4645">
    <p class='ocr_par' dir='ltr' id='par_1_76' title="bbox 316 4572 1877 4645">
     <span class='ocr_line' id='line_1_77' title="bbox 316 4572 1877 4645; baseline -0.003 -14"><span class='ocrx_word' id='word_1_552' title='bbox 316 4590 382 4631; x_wconf 80' lang='lat' dir='ltr'><strong>ex</strong></span> <span class='ocrx_word' id='word_1_553' title='bbox 415 4574 644 4645; x_wconf 75' lang='lat' dir='ltr'><strong>Cyzico;</strong></span> <span class='ocrx_word' id='word_1_554' title='bbox 678 4572 1122 4642; x_wconf 78' lang='lat' dir='ltr'><strong>intcrrogavimus</strong></span> <span class='ocrx_word' id='word_1_555' title='bbox 1150 4583 1326 4626; x_wconf 88' lang='lat' dir='ltr'><strong>autem</strong></span> <span class='ocrx_word' id='word_1_556' title='bbox 1355 4588 1475 4627; x_wconf 92' lang='lat' dir='ltr'><strong>eum</strong></span> <span class='ocrx_word' id='word_1_557' title='bbox 1513 4575 1598 4628; x_wconf 89' lang='lat' dir='ltr'><strong>die</strong></span> <span class='ocrx_word' id='word_1_558' title='bbox 1629 4575 1877 4644; x_wconf 88' lang='lat' dir='ltr'><strong>quadam,</strong></span> 
     </span>
    </p>
   </div>
   <div class='ocr_carea' id='block_1_77' title="bbox 2008 3370 3600 3441">
    <p class='ocr_par' dir='ltr' id='par_1_77' title="bbox 2008 3370 3600 3441">
     <span class='ocr_line' id='line_1_78' title="bbox 2008 3370 3600 3441; baseline -0.003 -11"><span class='ocrx_word' id='word_1_559' title='bbox 2008 3390 2184 3430; x_wconf 90' lang='lat' dir='ltr'><strong>suum.</strong></span> <span class='ocrx_word' id='word_1_560' title='bbox 2224 3374 2318 3428; x_wconf 91' lang='lat' dir='ltr'><strong>llle</strong></span> <span class='ocrx_word' id='word_1_561' title='bbox 2344 3388 2469 3425; x_wconf 86' lang='lat' dir='ltr'><strong>vero</strong></span> <span class='ocrx_word' id='word_1_562' title='bbox 2505 3387 2626 3425; x_wconf 76' lang='lat' dir='ltr'><strong>mox</strong></span> <span class='ocrx_word' id='word_1_563' title='bbox 2659 3382 2713 3424; x_wconf 91' lang='lat' dir='ltr'><strong>ut</strong></span> <span class='ocrx_word' id='word_1_564' title='bbox 2741 3371 2871 3424; x_wconf 87' lang='lat' dir='ltr'><strong>vidit</strong></span> <span class='ocrx_word' id='word_1_565' title='bbox 2896 3387 3041 3435; x_wconf 90' lang='lat' dir='ltr'><strong>eum,</strong></span> <span class='ocrx_word' id='word_1_566' title='bbox 3073 3371 3224 3424; x_wconf 74' lang='lat' dir='ltr'><strong>duxit</strong></span> <span class='ocrx_word' id='word_1_567' title='bbox 3255 3372 3304 3423; x_wconf 91' lang='lat' dir='ltr'><strong>in</strong></span> <span class='ocrx_word' id='word_1_568' title='bbox 3337 3370 3600 3441; x_wconf 81' lang='lat' dir='ltr'><strong>majorem</strong></span> 
     </span>
    </p>
   </div>
   <div class='ocr_carea' id='block_1_78' title="bbox 2006 3463 3583 3533">
    <p class='ocr_par' dir='ltr' id='par_1_78' title="bbox 2006 3463 3583 3533">
     <span class='ocr_line' id='line_1_79' title="bbox 2006 3463 3583 3533; baseline -0.003 -11"><span class='ocrx_word' id='word_1_569' title='bbox 2006 3466 2312 3529; x_wconf 79' lang='lat' dir='ltr'><strong>ecclesiam,</strong></span> <span class='ocrx_word' id='word_1_570' title='bbox 2335 3475 2389 3518; x_wconf 88' lang='lat' dir='ltr'><strong>et</strong></span> <span class='ocrx_word' id='word_1_571' title='bbox 2408 3465 2566 3533; x_wconf 62' lang='lat' dir='ltr'><strong>caapit</strong></span> <span class='ocrx_word' id='word_1_572' title='bbox 2595 3474 2819 3519; x_wconf 69' lang='lat' dir='ltr'><strong>tttoestus</strong></span> <span class='ocrx_word' id='word_1_573' title='bbox 2844 3464 2968 3531; x_wconf 84' lang='lat' dir='ltr'><strong>culp</strong></span> <span class='ocrx_word' id='word_1_574' title='bbox 2985 3478 3060 3517; x_wconf 81' lang='lat' dir='ltr'><strong>ire</strong></span> <span class='ocrx_word' id='word_1_575' title='bbox 3091 3464 3260 3530; x_wconf 91' lang='lat' dir='ltr'><strong>illum,</strong></span> <span class='ocrx_word' id='word_1_576' title='bbox 3288 3479 3348 3517; x_wconf 88' lang='lat' dir='ltr'><strong>ac</strong></span> <span class='ocrx_word' id='word_1_577' title='bbox 3369 3463 3583 3518; x_wconf 83' lang='lat' dir='ltr'><strong>dicere:</strong></span> 
     </span>
    </p>
   </div>
   <div class='ocr_carea' id='block_1_79' title="bbox 2013 3557 3604 3625">
    <p class='ocr_par' dir='ltr' id='par_1_79' title="bbox 2013 3557 3604 3625">
     <span class='ocr_line' id='line_1_80' title="bbox 2013 3557 3604 3625; baseline -0.003 -10"><span class='ocrx_word' id='word_1_578' title='bbox 2013 3561 2158 3615; x_wconf 85' lang='lat' dir='ltr'><strong>Bene</strong></span> <span class='ocrx_word' id='word_1_579' title='bbox 2190 3559 2385 3622; x_wconf 86' lang='lat' dir='ltr'><strong>fecisti,</strong></span> <span class='ocrx_word' id='word_1_580' title='bbox 2419 3559 2606 3624; x_wconf 89' lang='lat' dir='ltr'><strong>frater,</strong></span> <span class='ocrx_word' id='word_1_581' title='bbox 2640 3562 2764 3625; x_wconf 70' lang='lat' dir='ltr'><strong>quia</strong></span> <span class='ocrx_word' id='word_1_582' title='bbox 2795 3558 3055 3621; x_wconf 85' lang='lat' dir='ltr'><strong>cauponis</strong></span> <span class='ocrx_word' id='word_1_583' title='bbox 3085 3572 3303 3611; x_wconf 84' lang='lat' dir='ltr'><strong>uxorem</strong></span> <span class='ocrx_word' id='word_1_584' title='bbox 3331 3557 3604 3611; x_wconf 87' lang='lat' dir='ltr'><strong>adultera-</strong></span> 
     </span>
    </p>
   </div>
   <div class='ocr_carea' id='block_1_80' title="bbox 2005 3648 3599 3718">
    <p class='ocr_par' dir='ltr' id='par_1_80' title="bbox 2005 3648 3599 3718">
     <span class='ocr_line' id='line_1_81' title="bbox 2005 3648 3599 3718; baseline -0.003 -11"><span class='ocrx_word' id='word_1_585' title='bbox 2005 3652 2111 3707; x_wconf 82' lang='lat' dir='ltr'><strong>sti?</strong></span> <span class='ocrx_word' id='word_1_586' title='bbox 2147 3650 2300 3717; x_wconf 83' lang='lat' dir='ltr'><strong>Quod</strong></span> <span class='ocrx_word' id='word_1_587' title='bbox 2331 3650 2417 3703; x_wconf 88' lang='lat' dir='ltr'><strong>ille</strong></span> <span class='ocrx_word' id='word_1_588' title='bbox 2443 3664 2563 3704; x_wconf 90' lang='lat' dir='ltr'><strong>cum</strong></span> <span class='ocrx_word' id='word_1_589' title='bbox 2586 3650 2843 3712; x_wconf 80' lang='lat' dir='ltr'><strong>audisset,</strong></span> <span class='ocrx_word' id='word_1_590' title='bbox 2871 3648 3057 3718; x_wconf 89' lang='lat' dir='ltr'><strong>jnrare</strong></span> <span class='ocrx_word' id='word_1_591' title='bbox 3096 3663 3197 3717; x_wconf 87' lang='lat' dir='ltr'><strong>per</strong></span> <span class='ocrx_word' id='word_1_592' title='bbox 3226 3649 3389 3701; x_wconf 85' lang='lat' dir='ltr'><strong>Deum</strong></span> <span class='ocrx_word' id='word_1_593' title='bbox 3421 3649 3599 3702; x_wconf 87' lang='lat' dir='ltr'><strong>omni-</strong></span> 
     </span>
    </p>
   </div>
   <div class='ocr_carea' id='block_1_81' title="bbox 2008 3742 3599 3813">
    <p class='ocr_par' dir='ltr' id='par_1_81' title="bbox 2008 3742 3599 3813">
     <span class='ocr_line' id='line_1_82' title="bbox 2008 3742 3599 3813; baseline 0.004 -24"><span class='ocrx_word' id='word_1_594' title='bbox 2008 3752 2277 3813; x_wconf 70' lang='grc' dir='ltr'><strong>ροιυηιειη</strong></span> <span class='ocrx_word' id='word_1_595' title='bbox 2320 3743 2506 3809; x_wconf 61' lang='lat' dir='ltr'><strong>capit,</strong></span> <span class='ocrx_word' id='word_1_596' title='bbox 2550 3742 2691 3808; x_wconf 87' lang='lat' dir='ltr'><strong>quod</strong></span> <span class='ocrx_word' id='word_1_597' title='bbox 2738 3756 2914 3811; x_wconf 83' lang='lat' dir='ltr'><strong>neque</strong></span> <span class='ocrx_word' id='word_1_598' title='bbox 2960 3742 3377 3805; x_wconf 85' lang='lat' dir='ltr'><strong>adulteraverat,</strong></span> <span class='ocrx_word' id='word_1_599' title='bbox 3422 3755 3599 3809; x_wconf 83' lang='lat' dir='ltr'><strong>neque</strong></span> 
     </span>
    </p>
   </div>
   <div class='ocr_carea' id='block_1_82' title="bbox 2008 3830 3600 3900">
    <p class='ocr_par' dir='ltr' id='par_1_82' title="bbox 2008 3830 3600 3900">
     <span class='ocr_line' id='line_1_83' title="bbox 2008 3830 3600 3900; baseline -0.001 -11"><span class='ocrx_word' id='word_1_600' title='bbox 2008 3835 2286 3889; x_wconf 86' lang='lat' dir='ltr'><strong>mulierem</strong></span> <span class='ocrx_word' id='word_1_601' title='bbox 2331 3834 2493 3888; x_wconf 88' lang='lat' dir='ltr'><strong>ullam</strong></span> <span class='ocrx_word' id='word_1_602' title='bbox 2541 3842 2768 3886; x_wconf 85' lang='lat' dir='ltr'><strong>noverat</strong></span> <span class='ocrx_word' id='word_1_603' title='bbox 2806 3838 2999 3899; x_wconf 68' lang='lat' dir='ltr'><strong>praeter</strong></span> <span class='ocrx_word' id='word_1_604' title='bbox 3030 3830 3321 3900; x_wconf 78' lang='lat' dir='ltr'><strong>legitimam</strong></span> <span class='ocrx_word' id='word_1_605' title='bbox 3353 3846 3600 3888; x_wconf 79' lang='lat' dir='ltr'><strong>uxorem.</strong></span> 
     </span>
    </p>
   </div>
   <div class='ocr_carea' id='block_1_83' title="bbox 2006 3919 3600 3992">
    <p class='ocr_par' dir='ltr' id='par_1_83' title="bbox 2006 3919 3600 3992">
     <span class='ocr_line' id='line_1_84' title="bbox 2006 3919 3600 3992; baseline -0.001 -12"><span class='ocrx_word' id='word_1_606' title='bbox 2006 3925 2140 3980; x_wconf 82' lang='lat' dir='ltr'><strong>Cum</strong></span> <span class='ocrx_word' id='word_1_607' title='bbox 2166 3926 2280 3979; x_wconf 77' lang='lat' dir='ltr'><strong>lucc</strong></span> <span class='ocrx_word' id='word_1_608' title='bbox 2302 3922 2474 3992; x_wconf 86' lang='lat' dir='ltr'><strong>major</strong></span> <span class='ocrx_word' id='word_1_609' title='bbox 2501 3924 2663 3976; x_wconf 88' lang='lat' dir='ltr'><strong>frater</strong></span> <span class='ocrx_word' id='word_1_610' title='bbox 2683 3924 2941 3987; x_wconf 87' lang='lat' dir='ltr'><strong>audisset,</strong></span> <span class='ocrx_word' id='word_1_611' title='bbox 2962 3922 3035 3975; x_wconf 81' lang='lat' dir='ltr'><strong>ait</strong></span> <span class='ocrx_word' id='word_1_612' title='bbox 3059 3920 3133 3974; x_wconf 88' lang='lat' dir='ltr'><strong>illi</strong></span> <span class='ocrx_word' id='word_1_613' title='bbox 3155 3919 3434 3991; x_wconf 82' lang='lat' dir='ltr'><strong>:Nunquid</strong></span> <span class='ocrx_word' id='word_1_614' title='bbox 3457 3922 3600 3978; x_wconf 87' lang='lat' dir='ltr'><strong>aliud</strong></span> 
     </span>
    </p>
   </div>
   <div class='ocr_carea' id='block_1_84' title="bbox 2010 4017 3592 4091">
    <p class='ocr_par' dir='ltr' id='par_1_84' title="bbox 2010 4017 3592 4091">
     <span class='ocr_line' id='line_1_85' title="bbox 2010 4017 3592 4091; baseline 0.001 -18"><span class='ocrx_word' id='word_1_615' title='bbox 2010 4021 2285 4091; x_wconf 82' lang='lat' dir='ltr'><strong>quidpiam</strong></span> <span class='ocrx_word' id='word_1_616' title='bbox 2335 4019 2537 4089; x_wconf 86' lang='lat' dir='ltr'><strong>peccati</strong></span> <span class='ocrx_word' id='word_1_617' title='bbox 2588 4017 2850 4089; x_wconf 81' lang='lat' dir='ltr'><strong>gravioris</strong></span> <span class='ocrx_word' id='word_1_618' title='bbox 2896 4017 2990 4072; x_wconf 89' lang='lat' dir='ltr'><strong>abs</strong></span> <span class='ocrx_word' id='word_1_619' title='bbox 3028 4026 3079 4071; x_wconf 89' lang='lat' dir='ltr'><strong>te</strong></span> <span class='ocrx_word' id='word_1_620' title='bbox 3105 4027 3312 4086; x_wconf 72' lang='lat' dir='ltr'><strong>gestum</strong></span> <span class='ocrx_word' id='word_1_621' title='bbox 3345 4020 3466 4074; x_wconf 76' lang='lat' dir='ltr'><strong>est?</strong></span> <span class='ocrx_word' id='word_1_622' title='bbox 3497 4022 3592 4075; x_wconf 89' lang='lat' dir='ltr'><strong>Ille</strong></span> 
     </span>
    </p>
   </div>
   <div class='ocr_carea' id='block_1_85' title="bbox 2009 4108 3599 4177">
    <p class='ocr_par' dir='ltr' id='par_1_85' title="bbox 2009 4108 3599 4177">
     <span class='ocr_line' id='line_1_86' title="bbox 2009 4108 3599 4177; baseline 0.001 -12"><span class='ocrx_word' id='word_1_623' title='bbox 2009 4125 2188 4165; x_wconf 88' lang='lat' dir='ltr'><strong>autem</strong></span> <span class='ocrx_word' id='word_1_624' title='bbox 2217 4110 2578 4177; x_wconf 85' lang='lat' dir='ltr'><strong>asseverabat,</strong></span> <span class='ocrx_word' id='word_1_625' title='bbox 2612 4111 2835 4165; x_wconf 86' lang='lat' dir='ltr'><strong>dicens:</strong></span> <span class='ocrx_word' id='word_1_626' title='bbox 2867 4109 3005 4164; x_wconf 85' lang='lat' dir='ltr'><strong>Vere</strong></span> <span class='ocrx_word' id='word_1_627' title='bbox 3035 4108 3161 4162; x_wconf 87' lang='lat' dir='ltr'><strong>nihil</strong></span> <span class='ocrx_word' id='word_1_628' title='bbox 3194 4109 3322 4163; x_wconf 84' lang='lat' dir='ltr'><strong>milii</strong></span> <span class='ocrx_word' id='word_1_629' title='bbox 3349 4113 3599 4167; x_wconf 79' lang='lat' dir='ltr'><strong>conscius</strong></span> 
     </span>
    </p>
   </div>
   <div class='ocr_carea' id='block_1_86' title="bbox 2008 4202 3603 4273">
    <p class='ocr_par' dir='ltr' id='par_1_86' title="bbox 2008 4202 3603 4273">
     <span class='ocr_line' id='line_1_87' title="bbox 2008 4202 3603 4273; baseline 0.003 -15"><span class='ocrx_word' id='word_1_630' title='bbox 2008 4219 2128 4259; x_wconf 88' lang='lat' dir='ltr'><strong>sum</strong></span> <span class='ocrx_word' id='word_1_631' title='bbox 2183 4204 2475 4272; x_wconf 89' lang='lat' dir='ltr'><strong>iniquitatis</strong></span> <span class='ocrx_word' id='word_1_632' title='bbox 2520 4202 2822 4267; x_wconf 82' lang='lat' dir='ltr'><strong>admisisse,</strong></span> <span class='ocrx_word' id='word_1_633' title='bbox 2872 4203 2973 4257; x_wconf 88' lang='lat' dir='ltr'><strong>nisi</strong></span> <span class='ocrx_word' id='word_1_634' title='bbox 3021 4204 3162 4273; x_wconf 87' lang='lat' dir='ltr'><strong>quod</strong></span> <span class='ocrx_word' id='word_1_635' title='bbox 3208 4207 3501 4260; x_wconf 79' lang='lat' dir='ltr'><strong>monachos</strong></span> <span class='ocrx_word' id='word_1_636' title='bbox 3548 4205 3603 4262; x_wconf 93' lang='lat' dir='ltr'><strong>in</strong></span> 
     </span>
    </p>
   </div>
   <div class='ocr_carea' id='block_1_87' title="bbox 2010 4296 3602 4369">
    <p class='ocr_par' dir='ltr' id='par_1_87' title="bbox 2010 4296 3602 4369">
     <span class='ocr_line' id='line_1_88' title="bbox 2010 4296 3602 4369; baseline 0 -16"><span class='ocrx_word' id='word_1_637' title='bbox 2010 4299 2132 4353; x_wconf 85' lang='lat' dir='ltr'><strong>villa</strong></span> <span class='ocrx_word' id='word_1_638' title='bbox 2163 4307 2346 4353; x_wconf 88' lang='lat' dir='ltr'><strong>nostra</strong></span> <span class='ocrx_word' id='word_1_639' title='bbox 2379 4298 2552 4363; x_wconf 70' lang='lat' dir='ltr'><strong>repeti</strong></span> <span class='ocrx_word' id='word_1_640' title='bbox 2587 4296 2864 4351; x_wconf 83' lang='lat' dir='ltr'><strong>Severiani</strong></span> <span class='ocrx_word' id='word_1_641' title='bbox 2901 4296 3196 4367; x_wconf 81' lang='lat' dir='ltr'><strong>dogmatis,</strong></span> <span class='ocrx_word' id='word_1_642' title='bbox 3243 4300 3602 4369; x_wconf 83' lang='lat' dir='ltr'><strong>iguorausque</strong></span> 
     </span>
    </p>
   </div>
   <div class='ocr_carea' id='block_1_88' title="bbox 2012 4387 3603 4460">
    <p class='ocr_par' dir='ltr' id='par_1_88' title="bbox 2012 4387 3603 4460">
     <span class='ocr_line' id='line_1_89' title="bbox 2012 4387 3603 4460; baseline 0 -12"><span class='ocrx_word' id='word_1_643' title='bbox 2012 4410 2079 4448; x_wconf 90' lang='lat' dir='ltr'><strong>an</strong></span> <span class='ocrx_word' id='word_1_644' title='bbox 2124 4393 2321 4447; x_wconf 89' lang='lat' dir='ltr'><strong>malum</strong></span> <span class='ocrx_word' id='word_1_645' title='bbox 2352 4400 2521 4453; x_wconf 81' lang='lat' dir='ltr'><strong>e-set,</strong></span> <span class='ocrx_word' id='word_1_646' title='bbox 2551 4387 2941 4445; x_wconf 83' lang='lat' dir='ltr'><strong>communicavi</strong></span> <span class='ocrx_word' id='word_1_647' title='bbox 2981 4394 3079 4445; x_wconf 88' lang='lat' dir='ltr'><strong>eis.</strong></span> <span class='ocrx_word' id='word_1_648' title='bbox 3131 4389 3287 4444; x_wconf 81' lang='lat' dir='ltr'><strong>Aliud</strong></span> <span class='ocrx_word' id='word_1_649' title='bbox 3325 4392 3603 4460; x_wconf 85' lang='lat' dir='ltr'><strong>quodlibet</strong></span> 
     </span>
    </p>
   </div>
   <div class='ocr_carea' id='block_1_89' title="bbox 2014 4482 3600 4555">
    <p class='ocr_par' dir='ltr' id='par_1_89' title="bbox 2014 4482 3600 4555">
     <span class='ocr_line' id='line_1_90' title="bbox 2014 4482 3600 4555; baseline -0.002 -15"><span class='ocrx_word' id='word_1_650' title='bbox 2014 4487 2202 4555; x_wconf 77' lang='lat' dir='ltr'><strong>ignoro</strong></span> <span class='ocrx_word' id='word_1_651' title='bbox 2226 4499 2311 4539; x_wconf 89' lang='lat' dir='ltr'><strong>me</strong></span> <span class='ocrx_word' id='word_1_652' title='bbox 2346 4482 2559 4538; x_wconf 83' lang='lat' dir='ltr'><strong>fecisse.</strong></span> <span class='ocrx_word' id='word_1_653' title='bbox 2609 4482 2874 4537; x_wconf 84' lang='lat' dir='ltr'><strong>ltttellexit</strong></span> <span class='ocrx_word' id='word_1_654' title='bbox 2902 4495 3028 4538; x_wconf 88' lang='lat' dir='ltr'><strong>tunc</strong></span> <span class='ocrx_word' id='word_1_655' title='bbox 3057 4482 3231 4552; x_wconf 87' lang='lat' dir='ltr'><strong>major</strong></span> <span class='ocrx_word' id='word_1_656' title='bbox 3259 4494 3385 4536; x_wconf 89' lang='lat' dir='ltr'><strong>natu</strong></span> <span class='ocrx_word' id='word_1_657' title='bbox 3435 4484 3600 4538; x_wconf 88' lang='lat' dir='ltr'><strong>frater</strong></span> 
     </span>
    </p>
   </div>
   <div class='ocr_carea' id='block_1_90' title="bbox 2018 4576 3601 4648">
    <p class='ocr_par' dir='ltr' id='par_1_90' title="bbox 2018 4576 3601 4648">
     <span class='ocr_line' id='line_1_91' title="bbox 2018 4576 3601 4648; baseline -0.001 -14"><span class='ocrx_word' id='word_1_658' title='bbox 2018 4585 2118 4635; x_wconf 90' lang='lat' dir='ltr'><strong>hoc</strong></span> <span class='ocrx_word' id='word_1_659' title='bbox 2151 4594 2271 4634; x_wconf 87' lang='lat' dir='ltr'><strong>esse</strong></span> <span class='ocrx_word' id='word_1_660' title='bbox 2306 4579 2447 4648; x_wconf 87' lang='lat' dir='ltr'><strong>quod</strong></span> <span class='ocrx_word' id='word_1_661' title='bbox 2482 4578 2556 4632; x_wconf 83' lang='lat' dir='ltr'><strong>illi</strong></span> <span class='ocrx_word' id='word_1_662' title='bbox 2588 4578 2788 4632; x_wconf 81' lang='lat' dir='ltr'><strong>dictum</strong></span> <span class='ocrx_word' id='word_1_663' title='bbox 2821 4577 3011 4640; x_wconf 68' lang='lat' dir='ltr'><strong>fui-rat,</strong></span> <span class='ocrx_word' id='word_1_664' title='bbox 3047 4576 3363 4630; x_wconf 79' lang='lat' dir='ltr'><strong>fornicatum</strong></span> <span class='ocrx_word' id='word_1_665' title='bbox 3393 4578 3601 4632; x_wconf 75' lang='lat' dir='ltr'><strong>si-ilicet</strong></span> 
     </span>
    </p>
   </div>
   <div class='ocr_carea' id='block_1_91' title="bbox 316 4661 3651 4739">
    <p class='ocr_par' dir='ltr' id='par_1_91' title="bbox 316 4661 3651 4739">
     <span class='ocr_line' id='line_1_92' title="bbox 316 4661 3651 4739; baseline 0.001 -16"><span class='ocrx_word' id='word_1_666' title='bbox 316 4670 559 4723; x_wconf 68' lang='lat' dir='ltr'><strong>dicentes</strong></span> <span class='ocrx_word' id='word_1_667' title='bbox 582 4684 597 4720; x_wconf 91' lang='lat'><strong>:</strong></span> <span class='ocrx_word' id='word_1_668' title='bbox 620 4665 900 4733; x_wconf 85' lang='lat' dir='ltr'><strong>Quomodo</strong></span> <span class='ocrx_word' id='word_1_669' title='bbox 922 4666 1169 4719; x_wconf 85' lang='lat' dir='ltr'><strong>virtutem</strong></span> <span class='ocrx_word' id='word_1_670' title='bbox 1196 4667 1428 4733; x_wconf 85' lang='lat' dir='ltr'><strong>possidet</strong></span> <span class='ocrx_word' id='word_1_671' title='bbox 1450 4668 1754 4736; x_wconf 83' lang='lat' dir='ltr'><strong>quispiam?</strong></span> <span class='ocrx_word' id='word_1_672' title='bbox 1797 4668 1904 4722; x_wconf 71' lang='grc' dir='ltr'>[ἰε-</span> <span class='ocrx_word' id='word_1_673' title='bbox 1936 4661 1989 4719; x_wconf 85' lang='lat' dir='ltr'><strong>D</strong></span> <span class='ocrx_word' id='word_1_674' title='bbox 2013 4688 2133 4727; x_wconf 86' lang='lat' dir='ltr'><strong>eum</strong></span> <span class='ocrx_word' id='word_1_675' title='bbox 2165 4671 2346 4736; x_wconf 89' lang='lat' dir='ltr'><strong>fuisse,</strong></span> <span class='ocrx_word' id='word_1_676' title='bbox 2372 4670 2496 4739; x_wconf 86' lang='lat' dir='ltr'><strong>quia</strong></span> <span class='ocrx_word' id='word_1_677' title='bbox 2524 4680 2707 4724; x_wconf 89' lang='lat' dir='ltr'><strong>sancta</strong></span> <span class='ocrx_word' id='word_1_678' title='bbox 2737 4669 3000 4723; x_wconf 85' lang='lat' dir='ltr'><strong>catholica</strong></span> <span class='ocrx_word' id='word_1_679' title='bbox 3028 4680 3081 4722; x_wconf 89' lang='lat' dir='ltr'><strong>et</strong></span> <span class='ocrx_word' id='word_1_680' title='bbox 3108 4668 3398 4737; x_wconf 87' lang='lat' dir='ltr'><strong>apostolica</strong></span> <span class='ocrx_word' id='word_1_681' title='bbox 3430 4672 3602 4725; x_wconf 73' lang='lat' dir='ltr'><strong>eccle—</strong></span> <span class='ocrx_word' id='word_1_682' title='bbox 3646 4668 3651 4674; x_wconf 87' lang='grc'><em>’</em></span> 
     </span>
    </p>
   </div>
   <div class='ocr_carea' id='block_1_92' title="bbox 317 4757 1907 4830">
    <p class='ocr_par' dir='ltr' id='par_1_92' title="bbox 317 4757 1907 4830">
     <span class='ocr_line' id='line_1_93' title="bbox 317 4757 1907 4830; baseline -0.001 -16"><span class='ocrx_word' id='word_1_683' title='bbox 317 4760 532 4830; x_wconf 78' lang='lat' dir='ltr'><strong>spondit</strong></span> <span class='ocrx_word' id='word_1_684' title='bbox 563 4760 762 4822; x_wconf 89' lang='lat' dir='ltr'><strong>senior,</strong></span> <span class='ocrx_word' id='word_1_685' title='bbox 792 4766 847 4811; x_wconf 89' lang='lat' dir='ltr'><strong>et</strong></span> <span class='ocrx_word' id='word_1_686' title='bbox 873 4757 944 4810; x_wconf 90' lang='lat' dir='ltr'><strong>ait</strong></span> <span class='ocrx_word' id='word_1_687' title='bbox 972 4773 985 4809; x_wconf 88' lang='lat'><strong>:</strong></span> <span class='ocrx_word' id='word_1_688' title='bbox 1024 4757 1120 4824; x_wconf 86' lang='lat' dir='ltr'><strong>Qui</strong></span> <span class='ocrx_word' id='word_1_689' title='bbox 1149 4758 1396 4812; x_wconf 88' lang='lat' dir='ltr'><strong>virtutem</strong></span> <span class='ocrx_word' id='word_1_690' title='bbox 1424 4757 1698 4826; x_wconf 86' lang='lat' dir='ltr'><strong>possidere</strong></span> <span class='ocrx_word' id='word_1_691' title='bbox 1721 4761 1907 4813; x_wconf 84' lang='lat' dir='ltr'><strong>volue-</strong></span> 
     </span>
    </p>
   </div>
   <div class='ocr_carea' id='block_1_93' title="bbox 319 4849 1906 4920">
    <p class='ocr_par' dir='ltr' id='par_1_93' title="bbox 319 4849 1906 4920">
     <span class='ocr_line' id='line_1_94' title="bbox 319 4849 1906 4920; baseline -0.003 -11"><span class='ocrx_word' id='word_1_692' title='bbox 319 4854 409 4919; x_wconf 90' lang='lat' dir='ltr'><strong>rit,</strong></span> <span class='ocrx_word' id='word_1_693' title='bbox 442 4852 543 4907; x_wconf 70' lang='lat' dir='ltr'><strong>nisi</strong></span> <span class='ocrx_word' id='word_1_694' title='bbox 577 4852 725 4920; x_wconf 85' lang='lat' dir='ltr'><strong>prius</strong></span> <span class='ocrx_word' id='word_1_695' title='bbox 760 4850 938 4904; x_wconf 87' lang='lat' dir='ltr'><strong>oderit</strong></span> <span class='ocrx_word' id='word_1_696' title='bbox 966 4849 1145 4902; x_wconf 87' lang='lat' dir='ltr'><strong>virtuti</strong></span> <span class='ocrx_word' id='word_1_697' title='bbox 1187 4864 1250 4904; x_wconf 76' lang='lat' dir='ltr'><strong>ex</strong></span> <span class='ocrx_word' id='word_1_698' title='bbox 1280 4849 1546 4905; x_wconf 88' lang='lat' dir='ltr'><strong>diametro</strong></span> <span class='ocrx_word' id='word_1_699' title='bbox 1584 4852 1906 4905; x_wconf 88' lang='lat' dir='ltr'><strong>contrariam</strong></span> 
     </span>
    </p>
   </div>
   <div class='ocr_carea' id='block_1_94' title="bbox 318 4941 1905 5011">
    <p class='ocr_par' dir='ltr' id='par_1_94' title="bbox 318 4941 1905 5011">
     <span class='ocr_line' id='line_1_95' title="bbox 318 4941 1905 5011; baseline -0.003 -10"><span class='ocrx_word' id='word_1_700' title='bbox 318 4947 602 5010; x_wconf 87' lang='lat' dir='ltr'><strong>malitiam,</strong></span> <span class='ocrx_word' id='word_1_701' title='bbox 648 4959 766 4998; x_wconf 86' lang='lat' dir='ltr'><strong>eam</strong></span> <span class='ocrx_word' id='word_1_702' title='bbox 812 4942 1090 5010; x_wconf 86' lang='lat' dir='ltr'><strong>acquirere</strong></span> <span class='ocrx_word' id='word_1_703' title='bbox 1128 4956 1191 4996; x_wconf 87' lang='lat' dir='ltr'><strong>ac</strong></span> <span class='ocrx_word' id='word_1_704' title='bbox 1236 4941 1508 5010; x_wconf 86' lang='lat' dir='ltr'><strong>possidete</strong></span> <span class='ocrx_word' id='word_1_705' title='bbox 1554 4957 1659 4994; x_wconf 89' lang='lat' dir='ltr'><strong>non</strong></span> <span class='ocrx_word' id='word_1_706' title='bbox 1711 4952 1905 5011; x_wconf 88' lang='lat' dir='ltr'><strong>potest.</strong></span> 
     </span>
    </p>
   </div>
   <div class='ocr_carea' id='block_1_95' title="bbox 317 5030 1909 5106">
    <p class='ocr_par' dir='ltr' id='par_1_95' title="bbox 317 5030 1909 5106">
     <span class='ocr_line' id='line_1_96' title="bbox 317 5030 1909 5106; baseline -0.003 -15"><span class='ocrx_word' id='word_1_707' title='bbox 317 5038 375 5094; x_wconf 89' lang='lat' dir='ltr'><strong>Si</strong></span> <span class='ocrx_word' id='word_1_708' title='bbox 420 5038 576 5106; x_wconf 78' lang='lat' dir='ltr'><strong>igitur</strong></span> <span class='ocrx_word' id='word_1_709' title='bbox 625 5033 823 5088; x_wconf 85' lang='lat' dir='ltr'><strong>habere</strong></span> <span class='ocrx_word' id='word_1_710' title='bbox 870 5032 952 5085; x_wconf 90' lang='lat' dir='ltr'><strong>vis</strong></span> <span class='ocrx_word' id='word_1_711' title='bbox 1002 5030 1223 5095; x_wconf 90' lang='lat' dir='ltr'><strong>luctum,</strong></span> <span class='ocrx_word' id='word_1_712' title='bbox 1275 5047 1493 5101; x_wconf 85' lang='lat' dir='ltr'><strong>semper</strong></span> <span class='ocrx_word' id='word_1_713' title='bbox 1537 5030 1661 5085; x_wconf 91' lang='lat' dir='ltr'><strong>odio</strong></span> <span class='ocrx_word' id='word_1_714' title='bbox 1714 5032 1909 5087; x_wconf 88' lang='lat' dir='ltr'><strong>habeas</strong></span> 
     </span>
    </p>
   </div>
   <div class='ocr_carea' id='block_1_96' title="bbox 316 5125 1900 5196">
    <p class='ocr_par' dir='ltr' id='par_1_96' title="bbox 316 5125 1900 5196">
     <span class='ocr_line' id='line_1_97' title="bbox 316 5125 1900 5196; baseline -0.004 -10"><span class='ocrx_word' id='word_1_715' title='bbox 316 5134 509 5186; x_wconf 88' lang='lat' dir='ltr'><strong>risum.</strong></span> <span class='ocrx_word' id='word_1_716' title='bbox 542 5128 598 5183; x_wconf 87' lang='lat' dir='ltr'><strong>Si</strong></span> <span class='ocrx_word' id='word_1_717' title='bbox 633 5126 987 5182; x_wconf 57' lang='lat' dir='ltr'><strong>humilitatem</strong></span> <span class='ocrx_word' id='word_1_718' title='bbox 1021 5125 1217 5179; x_wconf 87' lang='lat' dir='ltr'><strong>habere</strong></span> <span class='ocrx_word' id='word_1_719' title='bbox 1266 5126 1561 5191; x_wconf 84' lang='lat' dir='ltr'><strong>desideras,</strong></span> <span class='ocrx_word' id='word_1_720' title='bbox 1594 5127 1900 5196; x_wconf 65' lang='lat' dir='ltr'><strong>superbiam</strong></span> 
     </span>
    </p>
   </div>
   <div class='ocr_carea' id='block_1_97' title="bbox 318 5216 1906 5287">
    <p class='ocr_par' dir='ltr' id='par_1_97' title="bbox 318 5216 1906 5287">
     <span class='ocr_line' id='line_1_98' title="bbox 318 5216 1906 5287; baseline -0.001 -11"><span class='ocrx_word' id='word_1_721' title='bbox 318 5236 536 5287; x_wconf 60' lang='lat' dir='ltr'><strong>semper</strong></span> <span class='ocrx_word' id='word_1_722' title='bbox 554 5234 857 5273; x_wconf 73' lang='lat' dir='ltr'><strong>exsecrare.</strong></span> <span class='ocrx_word' id='word_1_723' title='bbox 881 5216 937 5272; x_wconf 89' lang='lat' dir='ltr'><strong>Si</strong></span> <span class='ocrx_word' id='word_1_724' title='bbox 967 5218 1245 5271; x_wconf 87' lang='lat' dir='ltr'><strong>continens</strong></span> <span class='ocrx_word' id='word_1_725' title='bbox 1274 5233 1395 5272; x_wconf 84' lang='lat' dir='ltr'><strong>esse</strong></span> <span class='ocrx_word' id='word_1_726' title='bbox 1421 5218 1591 5283; x_wconf 89' lang='lat' dir='ltr'><strong>cupis,</strong></span> <span class='ocrx_word' id='word_1_727' title='bbox 1621 5219 1906 5287; x_wconf 77' lang='lat' dir='ltr'><strong>ingluviem</strong></span> 
     </span>
    </p>
   </div>
   <div class='ocr_carea' id='block_1_98' title="bbox 317 5308 1904 5380">
    <p class='ocr_par' dir='ltr' id='par_1_98' title="bbox 317 5308 1904 5380">
     <span class='ocr_line' id='line_1_99' title="bbox 317 5308 1904 5380; baseline -0.001 -15"><span class='ocrx_word' id='word_1_728' title='bbox 317 5317 427 5368; x_wconf 86' lang='lat' dir='ltr'><strong>odi.</strong></span> <span class='ocrx_word' id='word_1_729' title='bbox 474 5311 528 5366; x_wconf 90' lang='lat' dir='ltr'><strong>Si</strong></span> <span class='ocrx_word' id='word_1_730' title='bbox 560 5310 803 5380; x_wconf 82' lang='lat' dir='ltr'><strong>pudicus.</strong></span> <span class='ocrx_word' id='word_1_731' title='bbox 836 5310 1105 5363; x_wconf 49' lang='lat' dir='ltr'><strong>detestare</strong></span> <span class='ocrx_word' id='word_1_732' title='bbox 1136 5308 1420 5363; x_wconf 72' lang='lat' dir='ltr'><strong>luxuriam.</strong></span> <span class='ocrx_word' id='word_1_733' title='bbox 1471 5310 1525 5364; x_wconf 89' lang='lat' dir='ltr'><strong>Si</strong></span> <span class='ocrx_word' id='word_1_734' title='bbox 1555 5313 1752 5374; x_wconf 83' lang='lat' dir='ltr'><strong>nudus,</strong></span> <span class='ocrx_word' id='word_1_735' title='bbox 1789 5328 1904 5365; x_wconf 81' lang='lat' dir='ltr'><strong>ma-</strong></span> 
     </span>
    </p>
   </div>
   <div class='ocr_carea' id='block_1_99' title="bbox 320 5405 1903 5474">
    <p class='ocr_par' dir='ltr' id='par_1_99' title="bbox 320 5405 1903 5474">
     <span class='ocr_line' id='line_1_100' title="bbox 320 5405 1903 5474; baseline 0.001 -14"><span class='ocrx_word' id='word_1_736' title='bbox 320 5407 513 5460; x_wconf 81' lang='lat' dir='ltr'><strong>letiam</strong></span> <span class='ocrx_word' id='word_1_737' title='bbox 544 5405 687 5474; x_wconf 81' lang='lat' dir='ltr'><strong>fuge.</strong></span> <span class='ocrx_word' id='word_1_738' title='bbox 716 5406 815 5472; x_wconf 85' lang='lat' dir='ltr'><strong>Qui</strong></span> <span class='ocrx_word' id='word_1_739' title='bbox 843 5405 953 5457; x_wconf 90' lang='lat' dir='ltr'><strong>vult</strong></span> <span class='ocrx_word' id='word_1_740' title='bbox 980 5420 1099 5460; x_wconf 87' lang='lat' dir='ltr'><strong>esse</strong></span> <span class='ocrx_word' id='word_1_741' title='bbox 1130 5405 1462 5471; x_wconf 85' lang='lat' dir='ltr'><strong>misericors,</strong></span> <span class='ocrx_word' id='word_1_742' title='bbox 1490 5408 1767 5462; x_wconf 86' lang='lat' dir='ltr'><strong>avaritiam</strong></span> <span class='ocrx_word' id='word_1_743' title='bbox 1810 5424 1903 5463; x_wconf 86' lang='lat' dir='ltr'><strong>ca-</strong></span> 
     </span>
    </p>
   </div>
   <div class='ocr_carea' id='block_1_100' title="bbox 321 5496 1904 5563">
    <p class='ocr_par' dir='ltr' id='par_1_100' title="bbox 321 5496 1904 5563">
     <span class='ocr_line' id='line_1_101' title="bbox 321 5496 1904 5563; baseline 0.003 -12"><span class='ocrx_word' id='word_1_744' title='bbox 321 5505 467 5551; x_wconf 82' lang='lat' dir='ltr'><strong>veat.</strong></span> <span class='ocrx_word' id='word_1_745' title='bbox 511 5496 613 5563; x_wconf 81' lang='lat' dir='ltr'><strong>Qui</strong></span> <span class='ocrx_word' id='word_1_746' title='bbox 644 5510 883 5551; x_wconf 87' lang='lat' dir='ltr'><strong>eremnm</strong></span> <span class='ocrx_word' id='word_1_747' title='bbox 918 5496 1159 5552; x_wconf 83' lang='lat' dir='ltr'><strong>habitare</strong></span> <span class='ocrx_word' id='word_1_748' title='bbox 1185 5497 1476 5563; x_wconf 87' lang='lat' dir='ltr'><strong>desiderat,</strong></span> <span class='ocrx_word' id='word_1_749' title='bbox 1520 5499 1752 5554; x_wconf 87' lang='lat' dir='ltr'><strong>civitatis</strong></span> <span class='ocrx_word' id='word_1_750' title='bbox 1796 5501 1904 5556; x_wconf 88' lang='lat' dir='ltr'><strong>fre-</strong></span> 
     </span>
    </p>
   </div>
   <div class='ocr_carea' id='block_1_101' title="bbox 317 5588 1905 5661">
    <p class='ocr_par' dir='ltr' id='par_1_101' title="bbox 317 5588 1905 5661">
     <span class='ocr_line' id='line_1_102' title="bbox 317 5588 1905 5661; baseline 0.004 -20"><span class='ocrx_word' id='word_1_751' title='bbox 317 5589 593 5657; x_wconf 87' lang='lat' dir='ltr'><strong>quentiam</strong></span> <span class='ocrx_word' id='word_1_752' title='bbox 624 5588 747 5643; x_wconf 90' lang='lat' dir='ltr'><strong>odio</strong></span> <span class='ocrx_word' id='word_1_753' title='bbox 778 5588 991 5644; x_wconf 85' lang='lat' dir='ltr'><strong>haheat.</strong></span> <span class='ocrx_word' id='word_1_754' title='bbox 1040 5589 1143 5656; x_wconf 86' lang='lat' dir='ltr'><strong>Qui</strong></span> <span class='ocrx_word' id='word_1_755' title='bbox 1187 5592 1335 5659; x_wconf 89' lang='lat' dir='ltr'><strong>cupit</strong></span> <span class='ocrx_word' id='word_1_756' title='bbox 1381 5591 1619 5647; x_wconf 89' lang='lat' dir='ltr'><strong>invenire</strong></span> <span class='ocrx_word' id='word_1_757' title='bbox 1648 5591 1905 5661; x_wconf 88' lang='lat' dir='ltr'><strong>quietem,</strong></span> 
     </span>
    </p>
   </div>
   <div class='ocr_carea' id='block_1_102' title="bbox 319 5679 1907 5752">
    <p class='ocr_par' dir='ltr' id='par_1_102' title="bbox 319 5679 1907 5752">
     <span class='ocr_line' id='line_1_103' title="bbox 319 5679 1907 5752; baseline 0.001 -16"><span class='ocrx_word' id='word_1_758' title='bbox 319 5682 570 5736; x_wconf 76' lang='lat' dir='ltr'><strong>fiduciam</strong></span> <span class='ocrx_word' id='word_1_759' title='bbox 601 5679 777 5735; x_wconf 82' lang='lat' dir='ltr'><strong>oderit</strong></span> <span class='ocrx_word' id='word_1_760' title='bbox 846 5680 947 5747; x_wconf 92' lang='lat' dir='ltr'><strong>Qui</strong></span> <span class='ocrx_word' id='word_1_761' title='bbox 980 5682 1289 5750; x_wconf 72' lang='lat' dir='ltr'><strong>peregrinus</strong></span> <span class='ocrx_word' id='word_1_762' title='bbox 1317 5696 1438 5737; x_wconf 87' lang='lat' dir='ltr'><strong>esse</strong></span> <span class='ocrx_word' id='word_1_763' title='bbox 1480 5683 1612 5749; x_wconf 90' lang='lat' dir='ltr'><strong>vult,</strong></span> <span class='ocrx_word' id='word_1_764' title='bbox 1640 5699 1907 5752; x_wconf 76' lang='lat' dir='ltr'><strong>apparen-</strong></span> 
     </span>
    </p>
   </div>
   <div class='ocr_carea' id='block_1_103' title="bbox 317 5770 1905 5843">
    <p class='ocr_par' dir='ltr' id='par_1_103' title="bbox 317 5770 1905 5843">
     <span class='ocr_line' id='line_1_104' title="bbox 317 5770 1905 5843; baseline 0.002 -15"><span class='ocrx_word' id='word_1_765' title='bbox 317 5775 449 5828; x_wconf 86' lang='lat' dir='ltr'><strong>tiam</strong></span> <span class='ocrx_word' id='word_1_766' title='bbox 476 5770 592 5843; x_wconf 59' lang='lat' dir='ltr'><strong>(Al)</strong></span> <span class='ocrx_word' id='word_1_767' title='bbox 612 5786 709 5826; x_wconf 85' lang='lat' dir='ltr'><strong>seu</strong></span> <span class='ocrx_word' id='word_1_768' title='bbox 735 5773 1081 5843; x_wconf 84' lang='lat' dir='ltr'><strong>cupiditatem</strong></span> <span class='ocrx_word' id='word_1_769' title='bbox 1107 5772 1428 5829; x_wconf 86' lang='lat' dir='ltr'><strong>ostendendi</strong></span> <span class='ocrx_word' id='word_1_770' title='bbox 1457 5789 1515 5830; x_wconf 91' lang='lat' dir='ltr'><strong>se</strong></span> <span class='ocrx_word' id='word_1_771' title='bbox 1540 5776 1664 5830; x_wconf 88' lang='lat' dir='ltr'><strong>odio</strong></span> <span class='ocrx_word' id='word_1_772' title='bbox 1692 5776 1905 5832; x_wconf 83' lang='lat' dir='ltr'><strong>habeat.</strong></span> 
     </span>
    </p>
   </div>
   <div class='ocr_carea' id='block_1_104' title="bbox 316 5865 1906 5936">
    <p class='ocr_par' dir='ltr' id='par_1_104' title="bbox 316 5865 1906 5936">
     <span class='ocr_line' id='line_1_105' title="bbox 316 5865 1906 5936; baseline 0.002 -14"><span class='ocrx_word' id='word_1_773' title='bbox 316 5866 420 5934; x_wconf 78' lang='lat' dir='ltr'><strong>Qui</strong></span> <span class='ocrx_word' id='word_1_774' title='bbox 460 5865 787 5922; x_wconf 79' lang='lat' dir='ltr'><strong>iracundiam</strong></span> <span class='ocrx_word' id='word_1_775' title='bbox 831 5866 1107 5924; x_wconf 83' lang='lat' dir='ltr'><strong>continere</strong></span> <span class='ocrx_word' id='word_1_776' title='bbox 1138 5866 1426 5931; x_wconf 86' lang='lat' dir='ltr'><strong>desiderat.</strong></span> <span class='ocrx_word' id='word_1_777' title='bbox 1459 5869 1745 5925; x_wconf 88' lang='lat' dir='ltr'><strong>multorum</strong></span> <span class='ocrx_word' id='word_1_778' title='bbox 1776 5883 1906 5936; x_wconf 83' lang='lat' dir='ltr'><strong>con-</strong></span> 
     </span>
    </p>
   </div>
   <div class='ocr_carea' id='block_1_105' title="bbox 2012 4759 3601 4829">
    <p class='ocr_par' dir='ltr' id='par_1_105' title="bbox 2012 4759 3601 4829">
     <span class='ocr_line' id='line_1_106' title="bbox 2012 4759 3601 4829; baseline -0.001 -10"><span class='ocrx_word' id='word_1_779' title='bbox 2012 4765 2090 4819; x_wconf 91' lang='lat' dir='ltr'><strong>sia</strong></span> <span class='ocrx_word' id='word_1_780' title='bbox 2127 4763 2349 4828; x_wconf 86' lang='lat' dir='ltr'><strong>omissa,</strong></span> <span class='ocrx_word' id='word_1_781' title='bbox 2399 4764 2450 4816; x_wconf 90' lang='lat' dir='ltr'><strong>in</strong></span> <span class='ocrx_word' id='word_1_782' title='bbox 2493 4763 2739 4816; x_wconf 78' lang='lat' dir='ltr'><strong>lueresim</strong></span> <span class='ocrx_word' id='word_1_783' title='bbox 2773 4762 2957 4818; x_wconf 85' lang='lat' dir='ltr'><strong>Severi</strong></span> <span class='ocrx_word' id='word_1_784' title='bbox 2999 4760 3263 4829; x_wconf 88' lang='lat' dir='ltr'><strong>acepbali,</strong></span> <span class='ocrx_word' id='word_1_785' title='bbox 3292 4759 3383 4829; x_wconf 90' lang='lat' dir='ltr'><strong>qui</strong></span> <span class='ocrx_word' id='word_1_786' title='bbox 3415 4775 3601 4818; x_wconf 87' lang='lat' dir='ltr'><strong>revera</strong></span> 
     </span>
    </p>
   </div>
   <div class='ocr_carea' id='block_1_106' title="bbox 2012 4852 3600 4926">
    <p class='ocr_par' dir='ltr' id='par_1_106' title="bbox 2012 4852 3600 4926">
     <span class='ocr_line' id='line_1_107' title="bbox 2012 4852 3600 4926; baseline -0.001 -14"><span class='ocrx_word' id='word_1_787' title='bbox 2012 4872 2185 4926; x_wconf 88' lang='lat' dir='ltr'><strong>caupo</strong></span> <span class='ocrx_word' id='word_1_788' title='bbox 2231 4864 2334 4919; x_wconf 87' lang='lat' dir='ltr'><strong>est,</strong></span> <span class='ocrx_word' id='word_1_789' title='bbox 2386 4870 2645 4910; x_wconf 88' lang='lat' dir='ltr'><strong>corruens</strong></span> <span class='ocrx_word' id='word_1_790' title='bbox 2688 4854 2941 4909; x_wconf 90' lang='lat' dir='ltr'><strong>confusus</strong></span> <span class='ocrx_word' id='word_1_791' title='bbox 2985 4860 3121 4918; x_wconf 89' lang='lat' dir='ltr'><strong>erat,</strong></span> <span class='ocrx_word' id='word_1_792' title='bbox 3165 4865 3228 4905; x_wconf 88' lang='lat' dir='ltr'><strong>ac</strong></span> <span class='ocrx_word' id='word_1_793' title='bbox 3268 4852 3600 4911; x_wconf 85' lang='lat' dir='ltr'><strong>nobilitatem</strong></span> 
     </span>
    </p>
   </div>
   <div class='ocr_carea' id='block_1_107' title="bbox 2011 4948 2755 5005">
    <p class='ocr_par' dir='ltr' id='par_1_107' title="bbox 2011 4948 2755 5005">
     <span class='ocr_line' id='line_1_108' title="bbox 2011 4948 2755 5005; baseline -0.007 0"><span class='ocrx_word' id='word_1_794' title='bbox 2011 4959 2175 5005; x_wconf 66' lang='lat' dir='ltr'><strong>rectae.</strong></span> <span class='ocrx_word' id='word_1_795' title='bbox 2200 4948 2319 5003; x_wconf 83' lang='lat' dir='ltr'><strong>ﬁdei</strong></span> <span class='ocrx_word' id='word_1_796' title='bbox 2344 4948 2755 5003; x_wconf 87' lang='lat' dir='ltr'><strong>conlamittarat.</strong></span> 
     </span>
    </p>
   </div>
   <div class='ocr_carea' id='block_1_108' title="bbox 2511 5002 3603 5114">
    <p class='ocr_par' dir='ltr' id='par_1_108' title="bbox 2511 5002 3603 5114">
     <span class='ocr_line' id='line_1_109' title="bbox 2511 5002 3603 5114; baseline -0.008 0"><span class='ocrx_word' id='word_1_797' title='bbox 2511 5058 2735 5114; x_wconf 77' lang='lat' dir='ltr'><strong>CAPUT</strong></span> <span class='ocrx_word' id='word_1_798' title='bbox 2772 5055 3101 5114; x_wconf 74' lang='lat' dir='ltr'><strong>CLXXXIX.</strong></span> <span class='ocrx_word' id='word_1_799' title='bbox 3586 5002 3603 5105; x_wconf 49' lang='grc' dir='ltr'><strong><em>ἕ</em></strong></span> 
     </span>
    </p>
   </div>
   <div class='ocr_carea' id='block_1_109' title="bbox 2027 5152 3590 5225">
    <p class='ocr_par' dir='ltr' id='par_1_109' title="bbox 2027 5152 3590 5225">
     <span class='ocr_line' id='line_1_110' title="bbox 2027 5152 3590 5225; baseline -0.002 -17"><span class='ocrx_word' id='word_1_800' title='bbox 2027 5154 2143 5209; x_wconf 61' lang='lat' dir='ltr'><strong>Vita</strong></span> <span class='ocrx_word' id='word_1_801' title='bbox 2197 5154 2422 5209; x_wconf 80' lang='lat' dir='ltr'><strong>mulieris</strong></span> <span class='ocrx_word' id='word_1_802' title='bbox 2454 5169 2568 5223; x_wconf 74' lang='lat' dir='ltr'><strong>qtae</strong></span> <span class='ocrx_word' id='word_1_803' title='bbox 2597 5153 2755 5225; x_wconf 68' lang='lat' dir='ltr'><strong>[idem</strong></span> <span class='ocrx_word' id='word_1_804' title='bbox 2774 5153 2987 5225; x_wconf 67' lang='lat' dir='ltr'><strong>seruauit</strong></span> <span class='ocrx_word' id='word_1_805' title='bbox 3015 5154 3122 5205; x_wconf 81' lang='lat' dir='ltr'><strong>viro</strong></span> <span class='ocrx_word' id='word_1_806' title='bbox 3151 5168 3245 5206; x_wconf 78' lang='lat' dir='ltr'><strong>suo</strong></span> <span class='ocrx_word' id='word_1_807' title='bbox 3274 5152 3590 5225; x_wconf 70' lang='lat' dir='ltr'><strong>negotiatori,</strong></span> 
     </span>
    </p>
   </div>
   <div class='ocr_carea' id='block_1_110' title="bbox 2410 5222 3209 5297">
    <p class='ocr_par' dir='ltr' id='par_1_110' title="bbox 2410 5222 3209 5297">
     <span class='ocr_line' id='line_1_111' title="bbox 2410 5222 3209 5297; baseline 0 -19"><span class='ocrx_word' id='word_1_808' title='bbox 2410 5236 2456 5278; x_wconf 85' lang='lat' dir='ltr'><strong>et</strong></span> <span class='ocrx_word' id='word_1_809' title='bbox 2493 5225 2642 5276; x_wconf 85' lang='lat' dir='ltr'><strong>ambo</strong></span> <span class='ocrx_word' id='word_1_810' title='bbox 2672 5240 2703 5275; x_wconf 85' lang='grc' dir='ltr'><em>α</em></span> <span class='ocrx_word' id='word_1_811' title='bbox 2732 5222 2837 5275; x_wconf 87' lang='lat' dir='ltr'><strong>Deo</strong></span> <span class='ocrx_word' id='word_1_812' title='bbox 2865 5223 3037 5297; x_wconf 73' lang='lat' dir='ltr'><strong>udjutt&#39;</strong></span> <span class='ocrx_word' id='word_1_813' title='bbox 3071 5235 3209 5278; x_wconf 75' lang='lat' dir='ltr'><strong>sunt.</strong></span> 
     </span>
    </p>
   </div>
   <div class='ocr_carea' id='block_1_111' title="bbox 2090 5316 3589 5379">
    <p class='ocr_par' dir='ltr' id='par_1_111' title="bbox 2090 5316 3589 5379">
     <span class='ocr_line' id='line_1_112' title="bbox 2090 5316 3589 5379; baseline -0.003 -8"><span class='ocrx_word' id='word_1_814' title='bbox 2090 5317 2345 5372; x_wconf 84' lang='lat' dir='ltr'><strong>Venimus</strong></span> <span class='ocrx_word' id='word_1_815' title='bbox 2368 5316 2685 5369; x_wconf 78' lang='lat' dir='ltr'><strong>Ascalonem</strong></span> <span class='ocrx_word' id='word_1_816' title='bbox 2718 5316 2768 5366; x_wconf 89' lang='lat' dir='ltr'><strong>in</strong></span> <span class='ocrx_word' id='word_1_817' title='bbox 2803 5316 3192 5370; x_wconf 76' lang='lat' dir='ltr'><strong>xenodocbium</strong></span> <span class='ocrx_word' id='word_1_818' title='bbox 3219 5316 3455 5379; x_wconf 82' lang='lat' dir='ltr'><strong>Patrum,</strong></span> <span class='ocrx_word' id='word_1_819' title='bbox 3480 5330 3589 5368; x_wconf 89' lang='lat' dir='ltr'><strong>nar-</strong></span> 
     </span>
    </p>
   </div>
   <div class='ocr_carea' id='block_1_112' title="bbox 2018 5407 3602 5481">
    <p class='ocr_par' dir='ltr' id='par_1_112' title="bbox 2018 5407 3602 5481">
     <span class='ocr_line' id='line_1_113' title="bbox 2018 5407 3602 5481; baseline -0.003 -15"><span class='ocrx_word' id='word_1_820' title='bbox 2018 5412 2270 5481; x_wconf 82' lang='lat' dir='ltr'><strong>ravitque</strong></span> <span class='ocrx_word' id='word_1_821' title='bbox 2302 5410 2454 5463; x_wconf 90' lang='lat' dir='ltr'><strong>nobis</strong></span> <span class='ocrx_word' id='word_1_822' title='bbox 2488 5408 2651 5461; x_wconf 89' lang='lat' dir='ltr'><strong>abbas</strong></span> <span class='ocrx_word' id='word_1_823' title='bbox 2686 5407 2949 5461; x_wconf 79' lang='lat' dir='ltr'><strong>Eusebius</strong></span> <span class='ocrx_word' id='word_1_824' title='bbox 2979 5412 3278 5478; x_wconf 77' lang='lat' dir='ltr'><strong>presbyter,</strong></span> <span class='ocrx_word' id='word_1_825' title='bbox 3306 5408 3448 5477; x_wconf 88' lang='lat' dir='ltr'><strong>quod</strong></span> <span class='ocrx_word' id='word_1_826' title='bbox 3499 5422 3602 5462; x_wconf 87' lang='lat' dir='ltr'><strong>tte-</strong></span> 
     </span>
    </p>
   </div>
   <div class='ocr_carea' id='block_1_113' title="bbox 2015 5500 3603 5574">
    <p class='ocr_par' dir='ltr' id='par_1_113' title="bbox 2015 5500 3603 5574">
     <span class='ocr_line' id='line_1_114' title="bbox 2015 5500 3603 5574; baseline -0.003 -19"><span class='ocrx_word' id='word_1_827' title='bbox 2015 5504 2246 5574; x_wconf 75' lang='lat' dir='ltr'><strong>gotiator</strong></span> <span class='ocrx_word' id='word_1_828' title='bbox 2286 5500 2499 5570; x_wconf 89' lang='lat' dir='ltr'><strong>quidam</strong></span> <span class='ocrx_word' id='word_1_829' title='bbox 2531 5500 2786 5568; x_wconf 74' lang='lat' dir='ltr'><strong>navigans</strong></span> <span class='ocrx_word' id='word_1_830' title='bbox 2835 5501 3155 5567; x_wconf 74' lang='lat' dir='ltr'><strong>perdidisset</strong></span> <span class='ocrx_word' id='word_1_831' title='bbox 3182 5501 3365 5554; x_wconf 88' lang='lat' dir='ltr'><strong>omnia</strong></span> <span class='ocrx_word' id='word_1_832' title='bbox 3406 5506 3461 5552; x_wconf 85' lang='lat' dir='ltr'><strong>ct</strong></span> <span class='ocrx_word' id='word_1_833' title='bbox 3504 5512 3603 5551; x_wconf 76' lang='lat' dir='ltr'><strong>sua</strong></span> 
     </span>
    </p>
   </div>
   <div class='ocr_carea' id='block_1_114' title="bbox 2016 5592 3602 5662">
    <p class='ocr_par' dir='ltr' id='par_1_114' title="bbox 2016 5592 3602 5662">
     <span class='ocr_line' id='line_1_115' title="bbox 2016 5592 3602 5662; baseline -0.002 -12"><span class='ocrx_word' id='word_1_834' title='bbox 2016 5605 2070 5651; x_wconf 88' lang='lat' dir='ltr'><strong>et</strong></span> <span class='ocrx_word' id='word_1_835' title='bbox 2109 5595 2302 5657; x_wconf 87' lang='lat' dir='ltr'><strong>aliena,</strong></span> <span class='ocrx_word' id='word_1_836' title='bbox 2354 5594 2719 5661; x_wconf 85' lang='lat' dir='ltr'><strong>evasissetquc</strong></span> <span class='ocrx_word' id='word_1_837' title='bbox 2769 5593 2884 5660; x_wconf 89' lang='lat' dir='ltr'><strong>ipse</strong></span> <span class='ocrx_word' id='word_1_838' title='bbox 2936 5593 3289 5662; x_wconf 75' lang='lat' dir='ltr'><strong>iaufragiuut.</strong></span> <span class='ocrx_word' id='word_1_839' title='bbox 3335 5592 3434 5659; x_wconf 91' lang='lat' dir='ltr'><strong>Qui</strong></span> <span class='ocrx_word' id='word_1_840' title='bbox 3479 5605 3602 5647; x_wconf 87' lang='lat' dir='ltr'><strong>cum</strong></span> 
     </span>
    </p>
   </div>
   <div class='ocr_carea' id='block_1_115' title="bbox 2016 5682 3604 5754">
    <p class='ocr_par' dir='ltr' id='par_1_115' title="bbox 2016 5682 3604 5754">
     <span class='ocr_line' id='line_1_116' title="bbox 2016 5682 3604 5754; baseline -0.004 -12"><span class='ocrx_word' id='word_1_841' title='bbox 2016 5686 2252 5742; x_wconf 83' lang='lat' dir='ltr'><strong>venisset</strong></span> <span class='ocrx_word' id='word_1_842' title='bbox 2281 5684 2402 5746; x_wconf 88' lang='lat' dir='ltr'><strong>huc,</strong></span> <span class='ocrx_word' id='word_1_843' title='bbox 2434 5698 2463 5735; x_wconf 91' lang='lat' dir='ltr'><strong>a</strong></span> <span class='ocrx_word' id='word_1_844' title='bbox 2492 5683 2847 5739; x_wconf 84' lang='lat' dir='ltr'><strong>creditoribus</strong></span> <span class='ocrx_word' id='word_1_845' title='bbox 2869 5686 3290 5754; x_wconf 82' lang='lat' dir='ltr'><strong>comprehensus</strong></span> <span class='ocrx_word' id='word_1_846' title='bbox 3318 5693 3373 5737; x_wconf 89' lang='lat' dir='ltr'><strong>et</strong></span> <span class='ocrx_word' id='word_1_847' title='bbox 3398 5682 3448 5734; x_wconf 89' lang='lat' dir='ltr'><strong>iu</strong></span> <span class='ocrx_word' id='word_1_848' title='bbox 3478 5695 3604 5737; x_wconf 85' lang='lat' dir='ltr'><strong>car-</strong></span> 
     </span>
    </p>
   </div>
   <div class='ocr_carea' id='block_1_116' title="bbox 2017 5774 3605 5846">
    <p class='ocr_par' dir='ltr' id='par_1_116' title="bbox 2017 5774 3605 5846">
     <span class='ocr_line' id='line_1_117' title="bbox 2017 5774 3605 5846; baseline -0.003 -12"><span class='ocrx_word' id='word_1_849' title='bbox 2017 5792 2199 5834; x_wconf 88' lang='lat' dir='ltr'><strong>cerem</strong></span> <span class='ocrx_word' id='word_1_850' title='bbox 2225 5776 2424 5831; x_wconf 75' lang='lat' dir='ltr'><strong>missus</strong></span> <span class='ocrx_word' id='word_1_851' title='bbox 2449 5784 2552 5842; x_wconf 82' lang='lat' dir='ltr'><strong>est,</strong></span> <span class='ocrx_word' id='word_1_852' title='bbox 2576 5774 2891 5846; x_wconf 86' lang='lat' dir='ltr'><strong>direptaque</strong></span> <span class='ocrx_word' id='word_1_853' title='bbox 2917 5785 3043 5832; x_wconf 81' lang='lat' dir='ltr'><strong>sunt</strong></span> <span class='ocrx_word' id='word_1_854' title='bbox 3069 5776 3249 5831; x_wconf 87' lang='lat' dir='ltr'><strong>omnia</strong></span> <span class='ocrx_word' id='word_1_855' title='bbox 3271 5785 3605 5844; x_wconf 68' lang='lat' dir='ltr'><strong>quaecunque</strong></span> 
     </span>
    </p>
   </div>
   <div class='ocr_carea' id='block_1_117' title="bbox 2016 5864 3603 5936">
    <p class='ocr_par' dir='ltr' id='par_1_117' title="bbox 2016 5864 3603 5936">
     <span class='ocr_line' id='line_1_118' title="bbox 2016 5864 3603 5936; baseline -0.004 -9"><span class='ocrx_word' id='word_1_856' title='bbox 2016 5869 2162 5927; x_wconf 80' lang='lat' dir='ltr'><strong>donli</strong></span> <span class='ocrx_word' id='word_1_857' title='bbox 2193 5867 2446 5933; x_wconf 75' lang='lat' dir='ltr'><strong>habebat,</strong></span> <span class='ocrx_word' id='word_1_858' title='bbox 2483 5876 2535 5925; x_wconf 87' lang='lat' dir='ltr'><strong>et</strong></span> <span class='ocrx_word' id='word_1_859' title='bbox 2564 5868 2807 5936; x_wconf 81' lang='lat' dir='ltr'><strong>conjugis</strong></span> <span class='ocrx_word' id='word_1_860' title='bbox 2851 5869 3010 5925; x_wconf 89' lang='lat' dir='ltr'><strong>etiam</strong></span> <span class='ocrx_word' id='word_1_861' title='bbox 3050 5867 3216 5932; x_wconf 86' lang='lat' dir='ltr'><strong>ipsius</strong></span> <span class='ocrx_word' id='word_1_862' title='bbox 3264 5864 3603 5920; x_wconf 77' lang='lat' dir='ltr'><strong>vestimenta.</strong></span> 
     </span>
    </p>
   </div>
  </div>
