3982 6354
418 284 524 342 219

1582 281 1668 335 DE
1714 278 1887 336 VITIS
1928 277 2206 333 I'ATRUM
2247 278 2449 333 LIBER
2492 279 2556 334 Χ.

3597 286 3704 340 220

421 398 514 455 Illa
541 400 699 470 igitur
741 414 806 454 ex
852 398 1015 453 multa
1047 401 1332 464 anxietate,
1367 406 1421 454 et
1468 397 1703 464 tristitia,
1734 406 1788 453 et
1826 394 1998 464 inepia
2028 398 2080 454 Δ
2109 393 2245 449 Ecce
2288 397 2543 464 quoniam
2593 405 2948 452 servaverunt
2990 397 3077 452 isti
3129 397 3436 453 mandatum
3485 399 3699 458 Domml

421 506 527 547 non
557 500 764 560 poterat
795 490 962 545 virum
995 491 1076 545 vel
1109 505 1246 559 pane
1283 490 1508 546 nutrire.
1558 489 1791 545 Sedente
1839 488 2007 556 igitur

420 583 509 639 illa
539 583 627 639 die
668 583 897 653 quadam
945 582 998 637 in
1027 597 1245 638 carcere
1291 590 1346 638 et
1372 590 1637 649 gemente.
1682 580 1901 635 intravit
1929 582 2009 633 vir

421 673 638 742 quidant
684 688 908 742 magnus
932 674 1122 727 vinctis
1165 673 1295 726 dare
1341 672 1769 742 eleemosynatn.
1808 671 2007 728 Videns

423 779 553 819 vero
581 765 857 820 mulierem
905 766 1123 820 liberant
1146 766 1420 820 sedentem
1450 779 1570 818 cum
1599 765 1715 817 viro
1745 777 1863 829 suo,
1888 763 2009 817 vul-

426 864 645 911 neratus
668 865 751 909 est
778 856 834 910 in
859 872 1043 911 amore
1067 857 1251 925 ipsius.
1277 863 1394 910 erat
1416 853 1559 909 enim
1587 854 2001 923 speciosissima,

438 949 814 1019 mandavitque
855 947 930 1005 illi
968 966 1061 1020 per
1096 948 1450 1005 carcerarium
1503 958 1561 1003 ut
1596 950 1662 1002 ad
1694 963 1752 1003 se
1784 946 2007 1002 veniret.

452 1041 548 1098 Illa
593 1043 777 1099 videns
829 1043 967 1113 quod
1005 1057 1206 1113 agapen
1251 1052 1535 1110 acceptura
1576 1048 1751 1108 esset,
1784 1040 2013 1095 libenter

436 1132 685 1205 accessit.
719 1132 817 1200 Qui
842 1148 1060 1187 sumens
1091 1132 1236 1186 illam
1267 1146 1529 1197 seorsum,
1563 1131 1636 1186 ait
1657 1131 1704 1185 ei
1731 1147 1743 1182 :
1768 1128 1903 1197 Quid
1930 1138 2013 1185 est

434 1225 576 1295 quod
602 1226 788 1291 habes,
818 1233 873 1280 et
900 1224 1049 1294 cujus
1078 1224 1156 1278 rei
1187 1224 1355 1295 gratia
1385 1224 1473 1278 hic
1496 1224 1589 1278 es?
1618 1224 1748 1291 Qum
1778 1222 1853 1279 illi
1883 1237 2013 1277 cun-

427 1328 512 1371 cta
544 1316 832 1374 enarravit.
874 1316 962 1370 Ait
990 1324 1167 1370 autem
1215 1315 1373 1385 ipse:
1426 1314 1481 1368 Si
1526 1315 1837 1384 persolvere
1865 1314 2012 1370 debi-

430 1417 564 1474 tum,
617 1409 848 1463 dormies
896 1422 1105 1463 mecum
1153 1414 1311 1462 nocte
1360 1405 1500 1460 ista?
1551 1406 1641 1460 Illa
1680 1415 1858 1460 autem
1890 1422 2014 1460 vere

429 1501 782 1571 pulcherrima
809 1510 863 1561 et
910 1498 1252 1569 pudicissima
1293 1500 1456 1569 922
1498 1497 1634 1552 dixit
1681 1499 1727 1552 ei
1758 1516 1771 1552 :
1799 1498 2012 1561 Audivi,

428 1595 663 1661 domine,
693 1596 963 1657 dicentem
989 1592 1328 1661 Apostolum,
1353 1592 1474 1660 quia
1506 1592 1694 1645 mulier
1722 1607 1829 1645 non
1858 1590 2013 1646 habet

434 1693 759 1755 potestatem
802 1684 1004 1756 proprii
1048 1685 1311 1753 corporis,
1343 1682 1437 1738 sed
1482 1684 1561 1738 vir
1606 1681 1693 1751 (II
1738 1683 1858 1737 Cor.
1892 1686 2009 1737 vttl.

424 1772 683 1827 Permitte
714 1787 864 1841 ergo.
895 1769 1136 1838 domine,
1172 1779 1228 1825 ut
1262 1769 1583 1840 interrogem
1613 1769 1779 1823 virum
1809 1784 1984 1825 meum

427 1871 482 1917 et
510 1862 765 1933 quidquid
800 1862 892 1917 ille
923 1862 1148 1932 jusserit
1190 1861 1403 1916 faciam.
1455 1861 1793 1931 Veniensque
1832 1863 2011 1916 omnia

427 1958 693 2012 nuntiavit
721 1958 835 2011 viro
864 1970 983 2011 suo.
1018 1956 1131 2021 Ille,
1173 1964 1233 2009 ut
1259 1955 1726 2026 prudentissimus,
1762 1964 1816 2009 et
1858 1955 2011 2010 uxori

425 2062 537 2103 suae
561 2049 795 2103 maximo
822 2047 1100 2104 devinctus
1128 2048 1345 2113 affet-tu,
1377 2058 1559 2118 raptus
1592 2066 1696 2103 non
1725 2058 1809 2104 est
1836 2065 1933 2118 spe
1961 2059 2015 2107 et

425 2138 695 2196 desiderio
715 2138 978 2195 evadendi
1000 2141 1232 2195 carceris
1259 2140 1508 2208 injurias;
1538 2140 1631 2194 sed
1662 2141 2016 2209 ingemiscens

425 2245 550 2286 cum
595 2231 846 2301 Iacrymis
881 2232 955 2287 ait
991 2231 1143 2287 uxori
1172 2250 1184 2284 :
1218 2233 1408 2303 Perge,
1451 2248 1611 2303 perge
1653 2248 1827 2299 soror,
1858 2233 2016 2288 abre-

429 2322 613 2377 nuntia
661 2321 895 2386 homini;
936 2337 1095 2392 spero
1140 2326 1282 2378 enim
1336 2326 1388 2378 itt
1438 2324 1720 2379 Dominum
1773 2334 2013 2383 nostrum

427 2413 610 2468 Jesum
638 2410 931 2478 Christum,
966 2414 1090 2484 quia
1123 2429 1228 2469 non
1257 2414 1593 2485 dcrelinquet
1621 2430 1719 2470 nos
1763 2432 1930 2486 usque
1962 2418 2016 2472 in

428 2512 612 2568 tinem.
662 2512 970 2584 Exsurgens
999 2524 1177 2569 autem
1208 2514 1298 2568 illa
1326 2514 1528 2568 dimisit
1570 2529 1602 2568 a
1631 2529 1690 2570 se
1722 2514 2013 2583 hominem,

429 2604 614 2661 dicens
645 2622 658 2659 :
694 2606 811 2660 Dixi
838 2608 953 2661 viro
981 2622 1123 2673 meo,
1150 2616 1202 2662 et
1232 2622 1337 2661 non
1367 2607 1497 2662 vult.

500 2696 603 2752 Per
636 2696 691 2752 id
722 2707 899 2763 autem
941 2700 1197 2769 temporis
1227 2698 1361 2753 latro
1395 2699 1607 2767 quidam
1650 2699 1877 2770 injecms
1904 2702 2018 2758 fue-

443 2804 525 2849 rat
555 2794 608 2849 in
649 2795 824 2864 ipsum
853 2810 1123 2850 carcerem
1156 2798 1463 2867 priusquam
1509 2796 1809 2866 negotiator
1850 2797 2018 2855 vincl-

430 2897 624 2943 retur:
670 2887 759 2943 hic
808 2890 986 2945 omnia
1034 2890 1373 2959 inSpiciebat,
1415 2898 1472 2946 et
1518 2890 1773 2946 audiebat
1810 2891 1909 2947 viri
1954 2907 2018 2947 ac

429 2983 667 3038 mulieris
705 2984 888 3050 verita,
926 2984 1293 3055 ingemuitque
1339 2984 1481 3054 apud
1530 2986 1901 3055 semetipsum,
1932 2984 2018 3040 di-

429 3089 560 3129 cens
588 3091 601 3128 :
632 3074 774 3130 Ecce
803 3077 853 3130 in
897 3090 1002 3144 quo
1032 3076 1117 3130 isti
1149 3091 1279 3131 casu
1323 3076 1583 3140 existunt,
1634 3091 1807 3146 neque
1838 3084 2016 3131 tamen

2110 486 2277 539 nostri
2303 486 2431 541 .lesu
2457 485 2676 549 Christi,
2702 489 3060 558 ntagttiticavit
3079 498 3137 545 et
3155 490 3272 559 ipse
3293 492 3344 544 in
3367 490 3447 545 eis
3478 492 3692 548 tutseri-

2108 577 2346 632 cordiam
2365 593 2537 635 suam.

2695 650 2924 706 CAPUT
2963 649 3117 708 CXC.

2149 758 2461 815 Miraculum
2492 762 2555 817 de
2580 763 2718 835 ligno
2747 765 2935 818 donato
2957 764 3128 819 abbati
3152 764 3373 821 Brocha:
3390 766 3663 839 Egyptto.

2180 873 2423 929 Narravit
2463 877 2616 931 nobis
2648 877 2976 934 Athanasius
3007 880 3378 938 Antiochenus
3407 883 3477 939 de
3505 882 3700 938 abbate

2114 964 2321 1021 Brocba
2345 965 2620 1037 Egyptio,
2652 968 2874 1025 dicens:
2916 970 3051 1025 Cum
3100 973 3334 1028 venisset
3374 975 3460 1029 vir
3493 973 3587 1029 ille
3632 989 3701 1030 ex

2114 1058 2347 1131 IEgypto
2387 1061 2439 1114 in
2480 1061 2800 1129 Seleuciam,
2842 1077 2963 1131 quas
3004 1078 3172 1133 prope
3212 1065 3554 1121 Antiochiam
3592 1076 3701 1131 est,

2115 1151 2318 1206 invenit
2339 1162 2495 1208 extra
2520 1153 2788 1208 civitatem
2814 1153 2990 1208 locum
3016 1154 3307 1221 desertum,
3328 1157 3707 1226 qurerebatque

2118 1254 2431 1300 construere
2468 1246 2567 1300 sibi
2612 1246 2665 1301 in
2704 1260 2770 1301 co
2819 1262 3035 1315 parvam
3084 1248 3354 1303 cellulam.
3385 1249 3556 1315 Quam
3581 1265 3704 1305 cum

2116 1335 2489 1402 exstruxisset,
2524 1351 2697 1407 neque
2724 1336 2950 1392 haberet
2985 1338 3126 1393 unde
3156 1339 3299 1394 illam
3330 1342 3588 1409 operiret,
3622 1344 3706 1395 in-

2117 1440 2334 1495 gressus
2380 1428 2566 1482 urbem
2605 1428 2694 1483 die
2738 1430 2965 1496 quadam
3011 1430 3216 1485 invenit
3239 1431 3569 1501 Anatolium,
3617 1435 3707 1503 qui

2117 1518 2524 1587 cognominatus
2582 1528 2666 1574 est
2708 1519 2958 1588 Curvus,
3007 1522 3267 1578 Seleuciae
3313 1532 3369 1579 et
3405 1524 3708 1579 Antiochia:

2119 1625 2280 1664 unum
2303 1626 2367 1667 ex
2393 1611 2678 1681 primariis,
2702 1613 2976 1670 sedentem
2998 1623 3149 1671 extra
3172 1619 3364 1671 domus
3386 1631 3498 1670 suae
3522 1616 3706 1681 limen,

2119 1701 2355 1771 dixitque
2372 1701 2420 1757 ei
2441 1718 2455 1755 :
2481 1702 2605 1770 Fac,
2622 1704 2862 1772 domine,
2879 1706 3219 1772 charitatetu,
3245 1715 3299 1761 et
3324 1706 3393 1761 da
3414 1706 3547 1760 mihi
3566 1706 3708 1775 ligna

1991 1811 2006 1836 ι
2045 1785 2090 1844 Β
2119 1796 2346 1864 modica,
2382 1807 2439 1851 ut
2468 1803 2640 1867 tegam
2671 1798 2916 1852 cellulam
2947 1815 3144 1854 tneam.
3176 1799 3269 1854 llle
3310 1814 3437 1853 vero
3465 1800 3702 1854 maxime

2119 1888 2431 1958 indignans,
2477 1888 2552 1942 ait
2596 1888 2710 1942 illi:
2742 1890 2878 1943 Ecce
2922 1890 3141 1959 lignum,
3191 1888 3318 1944 tolle
3363 1900 3417 1943 et
3456 1890 3705 1955 discede;

2121 1980 2414 2035 ostendens
2457 1980 2537 2034 illi
2573 1980 2775 2033 trabem
2819 1982 3134 2046 maximam,
3181 1997 3340 2051 quam
3374 1982 3604 2036 habebat
3627 1984 3710 2053 ja-

2117 2080 2327 2126 ceutem
2356 2081 2480 2128 ante
2501 2073 2719 2127 domum
2750 2088 2925 2139 suam,
2965 2074 3034 2129 de
3064 2090 3167 2144 qua
3197 2075 3333 2129 facta
3363 2084 3511 2131 esset
3554 2077 3713 2131 arbor

2120 2166 2271 2221 navis
2312 2168 2575 2221 oneraria:
2606 2166 2988 2237 quinquaginta
3020 2168 3265 2222 millium.
3309 2168 3400 2222 Ait
3437 2168 3515 2223 illi
3545 2169 3713 2224 abbas

2120 2258 2354 2313 llrochas
2385 2276 2397 2310 :
2431 2258 2665 2314 Benedic
2706 2269 2760 2314 et
2809 2260 2988 2314 tollam
3040 2260 3192 2315 illud.
3244 2261 3377 2315 Dicit
3424 2264 3473 2316 ei
3525 2277 3713 2318 rursus

2119 2350 2403 2405 Anatolius
2437 2351 2805 2412 stomachans,
2839 2350 3158 2405 Benedictus
3193 2352 3467 2406 Dominus.
3503 2354 3685 2423 Appre

2122 2441 2305 2498 hendit
2351 2444 2442 2499 ille
2473 2444 2699 2509 trabem,
2732 2445 2987 2515 solusque
3017 2446 3210 2500 levavit
3234 2445 3301 2501 de
3329 2456 3492 2512 terra,
3522 2456 3579 2502 et
3609 2448 3712 2500 im-

2122 2535 2304 2604 posuit
2343 2535 2581 2591 humeris
2620 2536 2754 2604 suis,
2786 2537 3022 2606 abiitque
3064 2552 3184 2592 cum
3236 2539 3321 2593 illa
3361 2541 3426 2593 ad
3455 2541 3704 2595 cellulam

2119 2640 2289 2680 suum.
2323 2626 2554 2697 Stupore
2580 2638 2754 2684 autem
2782 2643 3070 2697 percussus
3092 2632 3370 2686 Anatolius
3404 2633 3455 2687 in
3480 2649 3546 2688 eo
3572 2636 3710 2702 quod

2123 2720 2320 2774 factum
2351 2720 2527 2777 fuerat
2557 2722 2753 2793 insigni
2782 2724 3144 2794 prmclaroque
3177 2723 3455 2793 miraculo,
3491 2726 3714 2798 largitus

2120 2823 2204 2865 est
2226 2810 2279 2866 ei
2304 2812 2503 2882 lignum
2527 2814 2678 2880 illud,
2705 2830 2769 2870 ex
2799 2831 2905 2884 qtto
2932 2830 3037 2871 non
3066 2817 3235 2871 solum
3266 2817 3514 2872 cellulam
3536 2833 3711 2882 suam,

2123 2915 2180 2959 ut
2227 2907 2473 2975 petierat,
2508 2909 2741 2976 operuit,
2775 2908 2870 2962 sed
2906 2916 2962 2962 et
2993 2906 3095 2961 alia
3141 2909 3370 2979 plurima
3414 2910 3714 2965 ministeria

2124 3000 2340 3052 exercui
2347 3005 2387 3047 ι.

2699 3068 2929 3125 CAPUT
2968 3067 3149 3124 CXCI.

418 3166 735 3223 .Iibertatem
759 3183 909 3222 suam
938 3168 1304 3237 prodiderunt,
1336 3178 1391 3223 ut
1412 3169 1664 3237 pecunias
1687 3170 2016 3236 acciperent,

2135 3180 2255 3235 Vita
2287 3184 2646 3253 compendiosa
2679 3184 2844 3238 sancti
2862 3182 3081 3238 Joannis
3111 3182 3463 3254 Chrysoatomi
3490 3192 3718 3254 patriar—

433 3264 489 3311 et
517 3254 933 3323 dimitterentur,
964 3258 1058 3313 sed
1091 3258 1398 3329 pudicitiam
1448 3258 1611 3327 pluris
1661 3275 1816 3327 quam
1859 3274 2021 3330 pecu-

432 3348 578 3403 niam
626 3348 1102 3415 existimaverunt;
1156 3350 1384 3420 vitazque
1429 3350 1581 3405 istius
1626 3351 1933 3417 commoda,
1963 3359 2024 3406 ut

434 3443 585 3499 illius
617 3444 1063 3513 pulchritudinem
1106 3462 1210 3499 non
1243 3445 1526 3511 violarent,
1558 3453 2020 3512 contempserunt.

440 3538 512 3590 At
558 3549 658 3603 ego
705 3535 830 3605 quid
873 3535 1061 3593 faciam
1112 3536 1296 3602 miser,
1348 3538 1434 3605 qui
1483 3551 1755 3605 nunquam
1797 3536 2025 3604 cositavi

437 3626 577 3694 quod
602 3627 744 3681 Deus
766 3636 928 3692 esset,
956 3637 1009 3689 et
1039 3627 1239 3682 ideirco
1265 3628 1676 3685 homicidiorttm
1708 3638 1893 3684 auctor
1917 3628 2024 3683 fui?

439 3716 651 3773 Vocans
678 3726 855 3773 autem
888 3719 1007 3774 illos
1034 3720 1098 3773 atl
1130 3734 1188 3774 sc
1212 3736 1308 3789 per
1336 3720 1621 3776 fenestram
1655 3720 1770 3789 ejus
1793 3721 2023 3790 cellulae,

438 3810 529 3875 ubi
556 3811 764 3866 vinctus
804 3812 1164 3876 detinebatur,
1196 3815 1330 3869 dixit
1359 3816 1476 3870 eis:
1504 3815 1614 3884 Ego
1646 3816 1783 3870 latro
1826 3830 1944 3870 sum
1973 3823 2028 3870 et

437 3903 664 3958 ozedium
733 3915 1009 3974 patrator,
1082 3908 1431 3976 quamobretn
1503 3922 1826 3977 quacunque
1895 3907 2027 3964 hora

443 4009 645 4063 praeses
676 3998 903 4064 venerit,
951 3997 1017 4052 ad
1050 4008 1275 4055 mortem
1325 4009 1382 4054 ut
1431 4000 1698 4057 homicida
1747 4001 2028 4058 ducendus

441 4102 582 4142 sum.
622 4087 975 4143 Considerans
1004 4105 1130 4144 vero
1161 4090 1412 4159 pudicum
1457 4093 1737 4147 consilium
1769 4102 2027 4159 vestrum,

442 4187 797 4249 compunctus
825 4194 981 4234 sum:
1014 4183 1190 4251 itaque
1222 4184 1445 4252 pergite,
1479 4192 1531 4238 et
1562 4184 1613 4237 in
1648 4184 1765 4237 loco
1794 4183 1879 4237 illo
1901 4184 2032 4237 civi-

445 4269 569 4322 tatis
618 4268 803 4334 fodite,
833 4280 889 4325 et
933 4272 1163 4341 accipite
1204 4287 1336 4342 quas
1378 4273 1695 4337 inveneritis
1745 4273 2029 4340 pecunias;

444 4374 672 4432 cumque
701 4363 1062 4430 persolveritis
1091 4363 1352 4428 debitum,
1380 4364 1609 4432 plurima
1641 4365 1801 4420 etiam
1825 4365 2030 4435 eulogia

447 4453 749 4508 remanebit
773 4454 941 4520 vobis,
969 4465 1022 4505 et
1044 4466 1192 4509 orate
1219 4471 1311 4526 pro
1336 4471 1443 4514 me.
1476 4466 1530 4509 ut
1558 4466 1612 4509 et
1640 4472 1741 4526 ego
1764 4457 2029 4512 inveniam

448 4545 894 4602 misericordiam.

523 4639 647 4693 Post
671 4653 866 4709 paucos
885 4652 1061 4695 autem
1092 4638 1197 4695 Iies
1221 4639 1489 4708 ingressus
1514 4639 1781 4701 civitatem
1809 4655 2025 4709 praeses,

448 4732 709 4788 latronem
750 4731 901 4785 educi
928 4730 1091 4801 jussit
1128 4741 1185 4795 et
1222 4730 1500 4787 decollari.
1548 4731 1800 4803 Sequenti
1820 4772 1827 4781 η
1847 4743 2029 4788 autem

445 4826 536 4889 die
555 4826 689 4880 dixit
715 4824 906 4879 mulier
928 4828 1041 4879 viro
1077 4844 1089 4877 :
1121 4826 1172 4881 Si
1195 4826 1371 4895 jttbes,
1397 4826 1469 4880 mi
1492 4826 1730 4894 domine,
1759 4827 1943 4881 vadam
1967 4828 2034 4883 ad

450 4916 620 4969 locum
643 4929 800 4983 quem
826 4914 1098 4968 denotavit
1121 4916 1278 4981 latro,
1302 4916 1346 4968 si
1371 4914 1507 4971 forte
1531 4932 1648 4971 vera
1671 4918 1777 4972 sint
1800 4933 1917 4987 quat
1946 4918 2037 4973 ille

452 5015 763 5072 prosecutus
789 5014 893 5061 est.
937 5006 1034 5077 Qui
1077 5005 1151 5060 ait
1188 5017 1290 5062 :ut
1322 5006 1412 5059 tibi
1460 5006 1672 5061 videtur
1710 5008 1890 5062 facito.
1945 5008 2037 5063 Illa

450 5112 579 5151 vero
618 5106 833 5168 sumpto
864 5080 1012 5154 brevi
1049 5098 1281 5163 sarculo,
1315 5113 1537 5168 vespere
1579 5100 1644 5153 ad
1680 5103 1707 5155 ll
1730 5117 1850 5156 cum
1880 5103 2035 5167 abiit,

448 5198 505 5243 et
552 5188 777 5255 fodiens,
831 5192 991 5247 ollam
1043 5190 1245 5244 invenit
1295 5189 1705 5261 diligentissime
1762 5202 2033 5263 opertam,

448 5298 777 5352 sumensque
797 5286 942 5340 illam
974 5284 1209 5355 profecta
1235 5296 1340 5342 est.
1366 5287 1621 5343 Prudenti
1654 5304 1778 5343 vero
1801 5304 1892 5342 usa
1911 5303 2041 5343 con-

430 5378 601 5445 silto,
643 5376 895 5447 paulatim
936 5377 1293 5437 creditoribus
1328 5381 1589 5436 reddebat
1620 5381 1828 5443 debita,
1878 5389 1931 5435 ut
1973 5397 2036 5435 ex

459 5468 559 5523 hoc
592 5470 660 5524 ab
692 5468 809 5522 aliis
853 5470 1128 5538 pecuniam
1171 5474 1401 5527 mutuari
1450 5481 1745 5543 putaretur.
1800 5473 2043 5540 Implevit

454 5569 637 5614 autem
668 5575 882 5616 omnem
914 5561 1077 5617 debiti
1103 5563 1444 5629 solutionem,
1476 5564 1750 5633 virumque
1771 5564 1840 5619 de
1863 5578 2044 5620 caree-

456 5653 533 5706 ris
555 5652 794 5709 custodia
819 5655 1021 5710 eduxit.
1055 5654 1269 5710 Dicebat
1295 5665 1471 5711 autem
1501 5656 1591 5725 qui
1626 5657 1724 5710 ista
1773 5657 2041 5713 narravit:

2569 3254 2678 3310 clue
2699 3255 3279 3324 ConstantinOpolitaui.

2198 3341 2458 3399 Dicebant
2518 3344 2586 3400 de
2643 3359 2832 3401 sancto
2875 3343 3083 3401 Joanne
3130 3345 3721 3417 Constantinopolitano

2125 3433 2561 3505 archiepiscopo,
2596 3437 2686 3505 qui
2724 3436 2868 3504 juste
2904 3447 2959 3492 et
2996 3437 3310 3507 dignissime
3349 3452 3447 3507 pro
3492 3439 3722 3508 puritate

2127 3525 2414 3593 doctrinae,
2447 3536 2502 3583 et
2537 3529 2824 3596 splendore
2862 3528 3224 3585 venustissimi
3254 3528 3452 3598 eloquii
3484 3528 3722 3597 Chryso-

2127 3627 2334 3673 stomus
2364 3616 2479 3688 (42)
2507 3619 2916 3688 cognominatus
2955 3631 3065 3685 est;
3099 3620 3240 3691 quod
3271 3635 3338 3676 ex
3368 3635 3474 3690 quo
3520 3620 3722 3674 saluta-

2128 3723 2242 3764 rem
2263 3709 2581 3778 baptismum
2600 3710 2892 3780 accepisset
2912 3726 3179 3781 nunquam
3197 3713 3416 3765 omnino
3434 3712 3721 3780 juraverit,

2131 3816 2303 3870 neque
2324 3804 2551 3872 aliquem
2568 3805 2750 3873 jurare
2778 3806 3117 3873 compulerit,
3152 3820 3324 3873 neque
3351 3806 3608 3860 mentitus
3629 3808 3721 3873 sit,

2133 3909 2306 3963 neque
2335 3896 2492 3952 alicui
2517 3914 2749 3968 unquam
2779 3899 3135 3966 maledixcrit,
3163 3913 3338 3969 neque
3366 3899 3613 3955 scurrilia
3638 3899 3718 3954 lo-

2132 3998 2285 4043 cutus
2306 3990 2395 4056 sit,
2421 4006 2593 4063 neque
2608 3992 2759 4063 jocos
2779 3992 3074 4047 admiserit.

2692 4107 2921 4163 CAPUT
2960 4107 3168 4163 CXCII.

2140 4197 2342 4271 lletatt'o
2372 4199 2435 4251 de
2469 4200 2692 4267 quodam
2737 4198 2989 4252 monacho
3030 4200 3325 4253 monasterii
3367 4200 3469 4253 divi
3490 4199 3728 4271 Gregorii

2358 4286 2523 4341 papa,
2548 4273 2802 4336 quomoda
2828 4281 2939 4341 post
2972 4288 3066 4326 mo.
3084 4283 3186 4324 lem
3213 4273 3276 4323 ab
3301 4269 3724 4328 «communica.

2210 4340 2348 4393 tione
2375 4340 2527 4395 fuerit
2554 4341 2840 4394 absolutus.

2214 4452 2457 4509 Narravtt
2490 4453 2645 4509 nobis
2668 4465 2888 4510 sanctus
2909 4456 3124 4525 quidam
3158 4458 3435 4529 presbyter
3467 4460 3506 4523 ¹,
3538 4458 3728 4513 Petrus

2058 4539 2113 4597 D
2144 4546 2392 4613 nomine,
2425 4545 2645 4601 veniens
2688 4561 2753 4601 ex
2800 4546 3040 4601 Romana
3092 4548 3259 4613 urbe,
3308 4550 3374 4603 de
3420 4549 3731 4604 beatissimo

2139 4639 2400 4707 Gregorio
2431 4637 2671 4708 ejusdem
2701 4638 2935 4694 civitatis
2958 4639 3232 4709 Antistite,
3262 4642 3401 4711 quod
3433 4655 3556 4695 cum
3587 4651 3731 4697 esset

2141 4744 2386 4786 summus
2418 4732 2675 4800 pontifex,
2722 4732 3107 4787 monasteriuttt
3152 4732 3392 4785 virorum
3439 4732 3731 4789 maximum

2141 4825 2488 4880 mdilicaverit
2515 4868 2530 4890 ,
2568 4823 2986 4892 mandatumque
3014 4823 3244 4890 dederit,
3274 4826 3437 4895 923
3466 4834 3525 4879 ut
3555 4826 3734 4881 nullus

2145 4913 2530 4969 monachorum
2579 4918 2851 4983 pmprium
2898 4913 3096 4983 aliquid
3148 4914 3401 4981 haberet,
3452 4930 3522 4972 ne
3567 4932 3732 4972 unum

2143 5005 2356 5071 quidetn
2391 5006 2627 5059 obolum.
2663 5005 2849 5060 Frater
2877 5020 3005 5074 ergo
3029 5007 3339 5061 monasterii
3374 5007 3606 5063 habebat
3627 5023 3733 5065 sae-

2143 5100 2376 5153 cularem
2414 5100 2658 5165 fratrem,
2693 5112 2722 5151 a
2748 5113 2856 5168 quo
2885 5098 3038 5167 petiit
3064 5099 3250 5154 dicens
3280 5116 3295 5153 :
3322 5100 3580 5157 Tunicam
3625 5117 3734 5156 non

2145 5190 2338 5257 habeo,
2364 5191 2485 5245 ideo
2512 5189 2592 5243 lac
2621 5189 2675 5243 itt
2705 5204 2791 5244 me
2815 5189 3149 5252 charitatem,
3180 5198 3237 5244 et
3256 5205 3374 5245 etne
3401 5191 3545 5245 illam
3577 5191 3730 5246 mihi.

2150 5284 2290 5337 Dixit
2315 5284 2392 5337 illi
2413 5284 2684 5338 smculuris
2714 5283 2882 5339 frater
2909 5301 2921 5337 :
2947 5280 3086 5338 Ecce
3116 5283 3213 5338 tria
3246 5283 3360 5340 haec
3387 5286 3732 5349 nomismata,

2147 5375 2348 5444 accipe,
2381 5382 2436 5429 et
2463 5390 2547 5430 me
2575 5374 2666 5430 tibi
2704 5382 2761 5429 ut
2784 5374 2978 5444 placet.
3009 5374 3240 5430 Sttmens
3282 5389 3410 5446 ergo
3436 5375 3734 5431 monachus

2153 5469 2252 5524 ttia
2283 5470 2624 5534 numismata,
2658 5468 2843 5525 habuit
2872 5468 2960 5523 illa
2989 5469 3130 5537 apud
3158 5483 3237 5524 se.
3271 5470 3423 5537 Quod
3448 5486 3571 5527 eum
3601 5471 3735 5526 alius

2153 5562 2448 5617 monachus
2497 5560 2739 5627 vidisset,
2790 5560 2920 5615 abiit
2968 5568 3021 5615 et
3074 5560 3337 5621 nuntiavit
3372 5560 3572 5619 abbati.
3620 5562 3735 5627 Quo

2151 5656 2357 5723 audito,
2386 5655 2551 5711 abbas
2595 5654 2938 5721 renuntiavit,
2970 5664 3024 5709 et
3065 5652 3179 5722 ipse
3214 5652 3556 5711 sanctissimo
3586 5666 3733 5725 papa!

530 5768 548 5799 ⁸
591 5767 826 5826 Joannes
881 5773 1141 5827 Diacoutts
1192 5772 1311 5827 vitae
1357 5772 1527 5827 sancti
1559 5772 1823 5840 Gregorii,
1857 5774 1948 5831 lib.
1981 5791 2039 5842 tt,
2080 5788 2197 5843 cap.
2230 5773 2318 5828 45.
