3982 6354
234 414 330 469 221

1495 396 1779 454 ριωωι
1818 395 2250 452 SPll-ll'IUALE.

3404 398 3513 454 29.2

231 530 514 598 Gregorio.
549 530 741 577 uentus
771 533 901 574 vero
944 516 1233 586 Gregorius
1263 513 1363 567 hoe
1390 512 1633 575 audiens,
1658 510 1818 580 jussit
1846 512 1891 571 Δ
1925 510 2267 581 dispensator
2299 530 2312 566 :
2342 512 2441 580 Qui
2468 514 2542 568 ait
2574 532 2586 569 :
2620 515 2809 585 Spero,
2828 516 3066 583 domine,
3095 517 3149 572 in
3184 516 3373 573 Filium
3397 518 3511 584 Dei,

231 635 376 687 eum,
408 626 464 673 ut
489 618 578 687 qui
610 612 923 669 monasterii
957 608 1165 680 regulas
1206 616 1616 676 praetergressus
1650 614 1815 670 esset,

230 726 259 765 a
284 708 663 765 communione
683 703 943 774 separari.
970 702 1095 755 Post
1117 700 1381 753 modicum
1412 714 1537 752 vero
1562 697 1818 766 temporis

232 804 460 859 moritur
489 802 652 854 frater
679 799 768 852 ille
798 796 869 851 ita
895 803 1199 865 separatus,
1235 792 1506 846 nesciente
1533 805 1666 858 papa
1690 788 1823 844 Gre-

232 898 410 970 gorio.
440 895 569 950 Post
607 893 744 947 duos
773 900 950 944 autem
983 886 1069 942 vel
1100 898 1207 940 tres
1239 886 1354 939 dies
1382 884 1511 938 abiit
1539 883 1735 946 abbas,
1768 889 1823 935 et

234 991 503 1047 nuntiavit
541 988 641 1054 illi,
666 986 850 1042 dicens
876 997 889 1039 :
920 983 1111 1039 Frater
1142 981 1231 1036 ille
1264 980 1548 1035 defunctus
1575 990 1677 1033 (St.
1706 980 1822 1045 Quo

234 1081 325 1137 ille
367 1079 550 1134 audito
597 1092 703 1133 non
752 1074 1096 1130 mediocriter
1143 1072 1492 1127 contristatus
1537 1079 1639 1136 est,
1682 1069 1823 1140 quod

235 1180 523 1240 antequam
555 1167 924 1222 absolveretur
967 1161 1541 1219 excommunicationis
1583 1160 1820 1228 vinculo,

236 1262 522 1333 migrasset
552 1275 581 1313 a
609 1257 805 1314 saeculo
831 1272 847 1311 :
873 1254 1218 1323 scribensque
1248 1252 1544 1306 orationem
1578 1251 1628 1304 in
1657 1252 1822 1305 forma

235 1354 502 1424 epistolae,
547 1349 695 1405 dedit
724 1350 814 1404 uni
855 1364 921 1403 ex
967 1343 1604 1413 archidiaconis,jubens
1648 1342 1720 1396 illi
1770 1350 1825 1395 ut

237 1446 345 1500 iret
384 1452 440 1499 et
476 1458 634 1514 supra
678 1440 980 1510 sepulcrum
1029 1437 1209 1491 fratris
1254 1437 1401 1491 illam
1456 1437 1679 1503 legeret.
1727 1434 1828 1487 Per

235 1537 383 1604 ipsas
411 1548 541 1587 vero
570 1533 777 1587 litteras
805 1529 1120 1584 absolvebat
1149 1527 1217 1581 ah
1255 1521 1827 1581 exconnuunicationis

236 1632 465 1685 nexibus
495 1637 786 1683 mortuum.
830 1626 1029 1680 Abiens
1070 1623 1230 1693 igitur
1270 1621 1703 1687 archidiaconus,
1756 1616 1830 1673 si-

236 1732 330 1776 cut
368 1722 444 1775 illi
502 1719 674 1774 fuerat
714 1720 1055 1788 imperatum,
1105 1731 1268 1786 super
1312 1715 1613 1783 sepulcrum
1648 1711 1828 1767 fratris

235 1812 634 1869 hrevemﬁlam
668 1809 967 1865 chartulam
1000 1808 1144 1878 legit.
1178 1807 1484 1875 Eademque
1511 1814 1668 1859 nocte
1693 1804 1827 1858 vidit

1922 603 2045 674 quia
2072 605 2449 676 quodcumque
2472 606 2602 661 mihi
2620 608 2864 676 jnsseris,
2881 608 3083 663 nemini
3110 609 3309 678 dicam,
3342 625 3514 680 neque

1924 697 2093 753 discet
2121 715 2349 769 unquam
2383 699 2433 754 id
2453 699 2645 769 aliquis
2675 716 2739 755 ex
2768 718 2856 756 me
2894 702 3039 773 quod
3070 702 3199 757 mihi
3234 718 3391 758 servo
3421 712 3513 759 tuo

1925 792 2220 861 aperueris.
2252 792 2399 848 Tunc
2428 793 2502 848 ait
2531 794 2596 849 ad
2642 795 2792 849 illum
2824 796 3109 866 episcopus
3140 797 3465 867 Apollinaris
3499 814 3512 852 :

1928 886 2093 956 Vade,
2125 888 2404 943 conscribo
2454 887 2863 959 chirographum
2919 889 3087 945 debiti
3131 891 3514 973 quinquaginta

1926 984 2178 1063 librarum
2206 983 2340 1049 auri,
2374 1000 2493 1055 quae
2526 999 2555 1039 a
2585 986 2915 1040 sanctissima
2946 985 3045 1039 ista
3076 986 3303 1040 ecclesia
3344 986 3516 1039 Maea-

1926 1077 2006 1132 rio
2036 1077 2179 1131 illius
2209 1078 2391 1132 miseri
2415 1077 2772 1132 adolescentis
2806 1078 2940 1145 patri
2970 1076 3323 1143 debebantur,
3344 1085 3397 1131 et
3416 1091 3515 1145 ap-

1929 1183 2068 1237 pone
2117 1176 2279 1224 testes
2307 1178 2361 1223 et
2412 1169 2814 1239 stipulationem
2865 1179 2921 1225 et
2964 1178 3103 1236 rata,
3132 1180 3184 1224 et
3225 1171 3356 1225 affer
3386 1169 3515 1225 illud

1928 1259 2080 1314 mihi.
2102 1260 2447 1327 Dispensator
2490 1262 2761 1327 continuo,
2794 1262 2935 1332 quod
2983 1263 3087 1317 sibi
3131 1262 3304 1320 fuerat
3334 1278 3366 1317 a
3393 1278 3518 1333 pon—

1928 1350 2069 1405 tifice
2112 1350 2428 1422 injunctnm,
2459 1367 2581 1407 cum
2610 1367 2753 1406 omni
2805 1352 3081 1408 celeritate
3124 1354 3352 1423 peregit,
3378 1362 3518 1409 attu-

1930 1443 2097 1513 litque
2143 1443 2579 1513 chirographum,
2611 1454 2663 1498 et
2701 1444 2849 1499 dedit
2878 1444 2976 1498 illi.
3000 1444 3137 1519 Cum
3162 1446 3340 1515 itaque
3366 1458 3519 1514 pater

1930 1533 2286 1589 adolescentis
2316 1544 2439 1589 ante
2472 1535 2657 1590 decem
2679 1550 2845 1590 annos
2873 1535 3154 1595 defunctus
3183 1539 3517 1599 esset,char-

1934 1634 2090 1695 taque
2141 1625 2483 1697 chirographi
2518 1643 2651 1684 nova
2688 1628 2984 1694 videretur,
3008 1629 3186 1685 aitilli
3227 1629 3463 1697 pontifex
3503 1649 3516 1685 :

1936 1716 2079 1772 Vade
2114 1717 2310 1773 domne
2350 1719 2719 1786 dispensator,
2746 1720 3160 1790 chirographum
3193 1723 3330 1778 istud
3352 1724 3433 1778 vel
3463 1724 3516 1778 in

1934 1809 2111 1865 tritico
2139 1813 2224 1864 vel
2273 1811 2327 1865 in
2359 1811 2563 1867 hordeo
2613 1814 2903 1881 absconde,
2936 1826 2988 1870 et
3034 1826 3153 1885 post
3182 1832 3379 1888 paucos
3404 1818 3521 1874 dies

233 1903 404 1957 abbas
429 1902 732 1956 defunctum
762 1899 1002 1963 fratrem,
1028 1908 1083 1953 et
1106 1898 1180 1951 ait
1207 1897 1282 1950 illi
1309 1913 1323 1950 :
1364 1895 1554 1949 Nonne
1586 1907 1829 1948 mortuus
1864 1884 1905 1943 Β
1933 1901 2065 1956 alter
2093 1903 2223 1957 illud
2255 1907 2320 1958 ad
2354 1920 2474 1960 me;
2503 1906 2644 1977 (ιι,οά
2678 1907 2765 1961 me
2816 1923 2935 1963 cum
2979 1884 3218 1973 [ἀείδεεῇ
3251 1911 3515 1979 “mnum,

234 2010 321 2061 es,
355 1995 559 2049 frater?
597 1993 693 2061 Qui
734 1994 810 2047 ait
848 2008 862 2047 :
904 1992 979 2045 Ita
1030 2007 1178 2045 sane.
1231 1989 1438 2043 Rursus
1483 1986 1831 2055 interrogavit

231 2104 359 2142 cum
391 2087 591 2141 abbas:
622 2088 684 2140 Et
711 2087 795 2140 ubi
820 2084 967 2140 fuisti
993 2100 1160 2153 usque
1182 2082 1377 2137 hodie?
1402 2082 1540 2136 Dixit
1560 2082 1607 2136 ei
1633 2080 1824 2137 frater:

233 2180 423 2233 Veraci
434 2186 532 2243 ter,
548 2177 787 2243 domine,
811 2178 862 2230 in
884 2190 1100 2231 carcere
1122 2173 1192 2227 fui
1218 2189 1383 2243 usque
1407 2172 1550 2238 heri;
1576 2170 1828 2226 hesterno

230 2280 413 2325 autem
453 2268 542 2324 die
587 2269 863 2323 absolutus
904 2282 1045 2321 sum.
1092 2265 1285 2319 Notum
1330 2280 1458 2319 vero
1510 2264 1705 2317 factum
1746 2270 1829 2316 est

231 2361 486 2417 munibus
529 2360 646 2427 quia
679 2373 783 2425 qua
832 2358 965 2412 hora
1015 2356 1425 2411 archidiaconus
1474 2353 1827 2408 absolutionis

232 2454 402 2509 verba
446 2466 610 2519 super
642 2450 862 2505 fratrem
895 2450 1118 2519 legerat,
1150 2446 1323 2503 fuerat
1354 2448 1419 2501 ab
1449 2448 1819 2501 excommuni-

230 2547 447 2601 catione
478 2544 781 2609 absolutus,
813 2544 1144 2612 liberataque
1166 2551 1246 2595 est
1267 2540 1333 2595 de
1354 2538 1557 2608 judicio
1586 2549 1640 2595 et
1667 2542 1826 2595 dam-

230 2638 448 2693 natione
474 2639 649 2693 anima
679 2636 869 2705 ipsius.

789 2747 1017 2805 CAPUT
1043 2744 1270 2801 CXCIII.

228 2858 455 2914 Factum
500 2861 748 2913 mirabilis
776 2860 1045 2914 charitatis
1090 2859 1253 2912 sancti
1283 2856 1480 2910 abbatis
1508 2853 1824 2927 Apollinaris

300 2933 610 3004 patriarcha:
633 2930 974 2985 Alexandrini
1003 2947 1123 3001 erga
1132 2930 1371 3001 juvenem
1389 2930 1596 2982 divitem
1620 2929 1689 2981 ad
1706 2927 1793 2980 ino
1809 2954 1822 2965 -

296 3005 441 3075 piam
457 3004 739 3056 redactum.

300 3117 662 3172 Narraverunt
714 3116 868 3171 nobis
921 3114 989 3170 de
1037 3123 1225 3168 sancto
1277 3112 1476 3168 abbate
1522 3110 1823 3181 Apollinari

226 3210 597 3265 Alexandrino
619 3209 943 3278 patriarcha,
962 3206 1103 3277 quod
1123 3204 1279 3260 valde
1298 3205 1462 3260 fuerit
1489 3203 1820 3268 misericors,

1933 1996 2021 2051 die
2046 1995 2457 2067 chirographum
2477 1999 2657 2053 retulit
2679 2001 2827 2070 quasi
2845 2002 3237 2067 subvetustum,
3263 2003 3518 2074 deditque

1935 2090 2189 2157 pontifici.
2225 2090 2376 2147 Tunc
2404 2092 2477 2145 ait
2504 2092 2593 2147 ille
2627 2109 2639 2145 :
2672 2094 2841 2164 Perge
2866 2095 3046 2161 modo,
3075 2096 3274 2153 domne
3300 2097 3519 2167 dispen-

1933 2188 2097 2247 sator,
2125 2191 2179 2235 et
2207 2181 2371 2237 dicito
2398 2183 2727 2239 adolescenti
2758 2201 2773 2239 :
2806 2186 2943 2252 Quid
2967 2187 3096 2241 mihi
3127 2187 3348 2243 daturus
3376 2204 3457 2257 es,
3476 2189 3521 2245 si

1934 2271 2026 2326 tibi
2055 2271 2256 2329 dedero
2280 2274 2696 2347 chirographum
2722 2293 2930 2348 magna:
2958 2280 3199 2350 pecuniae
3221 2297 3337 2350 quae
3362 2281 3523 2338 debe-

1933 2375 2018 2421 tur
2049 2366 2178 2421 tibi?
2214 2367 2280 2423 Et
2306 2383 2459 2435 cave,
2490 2385 2559 2427 ne
2598 2371 2714 2440 plus
2766 2388 2924 2443 quam
2970 2374 3070 2429 tria
3104 2376 3422 2432 numismata
3452 2378 3519 2430 ah

1932 2458 2023 2514 illo
2054 2460 2376 2528 aceipias,et
2403 2462 2583 2531 praebe
2610 2464 2685 2518 illi
2708 2463 3145 2535 chirographum.
3166 2468 3520 2538 Respondeus

1929 2561 2111 2607 autem
2134 2552 2512 2623 dispensator:
2539 2555 2696 2622 Vere,
2720 2557 2791 2611 mi
2815 2556 3056 2625 domine,
3087 2559 3131 2613 si
3160 2558 3409 2627 iusseris,
3439 2560 3523 2615 ni-

1931 2642 2005 2697 hil
2054 2646 2334 2715 accipiam.
2370 2647 2512 2702 Dixit
2542 2648 2592 2704 ei
2621 2649 2710 2704 ille
2738 2666 2751 2702 :
2784 2650 2917 2707 Volo
2959 2652 3179 2708 omnino
3211 2662 3265 2707 ut
3295 2652 3395 2707 tria
3424 2668 3522 2709 nu—

1929 2737 2173 2793 mismata
2205 2739 2456 2809 accipias.
2483 2739 2727 2796 Perrexit
2758 2750 2937 2796 autem
2967 2742 3056 2797 ille
3077 2743 3144 2798 ad
3168 2743 3418 2811 juvenem
3442 2744 3516 2799 si-

1929 2836 2021 2881 cut
2061 2828 2163 2898 ipsi
2190 2830 2401 2899 iussum
2449 2828 2648 2898 fuerat,
2674 2840 2727 2886 et
2774 2832 2910 2886 dixit
2939 2833 2988 2887 ei
3023 2850 3036 2886 :
3071 2833 3232 2888 Dahis
3262 2834 3393 2888 mihi
3422 2835 3521 2889 tria

1930 2920 2274 2989 numismata,
2303 2923 2350 2976 si
2402 2922 2691 2977 ostendero
2738 2922 2829 2976 tibi
2859 2923 3024 2995 925.
3065 2924 3267 2992 aliquid
3314 2940 3521 2994 magna:

1928 3012 2171 3066 utilitatis
2216 3013 2353 3066 tum?
2380 3013 2472 3067 Ille
2503 3028 2633 3069 vero
2681 3007 2963 3083 pollicitus
3008 3022 3090 3070 est
3145 3015 3223 3070 illi
3264 3015 3521 3086 quidquid

1932 3102 2093 3156 vellet
2122 3117 2183 3157 se
2234 3101 2506 3158 daturum.
2538 3102 2769 3175 Fingens
2807 3113 2986 3160 autem
3042 3105 3400 3175 dispensator,
3449 3108 3524 3163 ait

1928 3194 2002 3248 illi
2032 3211 2045 3247 :
2077 3194 2214 3248 Ante
2240 3195 2473 3265 quinque
2502 3196 2586 3251 vel
2616 3212 2708 3252 sex
2739 3197 2855 3253 dies
2884 3199 3137 3255 evolvens
3168 3200 3520 3256 instrumenta

227 3312 283 3359 et
300 3303 691 3372 compassionis
714 3301 1008 3356 visceribus
1025 3300 1268 3367 affluens,
1293 3299 1446 3365 cujus
1462 3298 1540 3353 rei
1562 3296 1818 3353 indicium

1930 3286 2310 3354 ecclesiastica,
2339 3288 2514 3357 reperi
2563 3288 2976 3361 chirographum
3009 3291 3170 3361 istud,
3203 3302 3258 3347 et
3278 3294 3519 3365 memini,

227 3396 279 3451 id
312 3395 627 3448 alferebant.
660 3394 808 3458 Erat,
840 3392 1075 3458 aiebant,
1110 3389 1447 3447 Alexandria:
1472 3388 1682 3459 juvenis
1706 3388 1821 3458 qui-

228 3492 376 3551 dam,
400 3490 491 3556 qui
522 3500 708 3555 prima:
725 3486 758 3540 ii
790 3485 1020 3538 civitatis
1049 3485 1408 3553 dignitateque
1430 3496 1493 3536 ac
1517 3480 1696 3535 divitis
1714 3481 1823 3535 cla-

228 3578 430 3633 rissimi
463 3579 603 3631 filius
660 3578 849 3631 fuerat.
883 3575 1198 3632 Parentibus
1234 3576 1415 3645 itaque
1441 3572 1585 3628 illius
1627 3573 1819 3629 defun-

228 3670 351 3735 ctis,
384 3670 474 3739 qui
526 3667 730 3723 infinita
764 3668 836 3721 illi
867 3668 1005 3722 bona
1035 3674 1141 3720 tam
1192 3669 1247 3721 in
1276 3682 1408 3722 auro
1434 3680 1598 3735 quam
1630 3665 1683 3720 in
1718 3680 1817 3719 na-

229 3762 445 3817 valibus
488 3760 827 3816 commerciis
851 3759 1278 3829 dereliquerant,
1304 3774 1407 3813 non
1439 3759 1569 3813 satis
1597 3756 1823 3812 feliciter

229 3865 284 3911 et
316 3869 572 3925 prospere
621 3870 682 3908 ea
720 3853 1047 3924 gubernans,
1074 3852 1306 3922 perdidit
1334 3851 1535 3919 omnia,
1569 3859 1729 3919 atque
1753 3850 1820 3905 ad

228 3955 529 4003 extremam
562 3945 796 4015 inopiam
827 3944 1088 3999 deductus
1143 3953 1259 4009 est,
1290 3958 1411 3997 cum
1462 3957 1639 4013 neque
1682 3942 1822 4011 gulae

233 4054 411 4108 neque
440 4039 664 4092 luxuria:
691 4039 984 4102 vacaverit,
1015 4050 1135 4105 qua:
1163 4035 1338 4090 solent
1368 4034 1589 4087 divitum
1632 4038 1825 4088 exhau-

229 4131 340 4187 rire
371 4131 711 4200 patrimonia,
735 4128 827 4185 sed
859 4129 912 4183 in
957 4141 1114 4183 casus
1137 4126 1313 4180 varios
1340 4135 1501 4189 atque
1548 4124 1822 4194 naufragia

231 4222 502 4278 inciderit.
535 4222 714 4293 Itaque
737 4236 801 4276 ex
832 4220 1242 4290 opulentissimo
1273 4216 1650 4287 pauperrimus
1688 4214 1821 4270 effe-

228 4324 351 4369 ctus
404 4321 509 4380 est,
536 4313 686 4383 juxta
733 4311 862 4366 illud
914 4311 1209 4365 Psalmistze
1239 4327 1252 4363 :
1287 4308 1599 4364 Ascendunt
1657 4321 1826 4376 usque

229 4410 282 4464 in
325 4409 518 4476 cmlos,
565 4416 621 4463 et
666 4406 1003 4463 descendunt
1057 4420 1221 4474 usque
1266 4404 1334 4459 ad
1373 4404 1597 4476 abyssos
1647 4401 1821 4471 (Psal.

230 4504 367 4571 cvi).
390 4500 632 4572 Namque
670 4501 982 4558 adolescens
1010 4508 1210 4569 quanto
1241 4499 1413 4553 fuerat
1444 4497 1683 4567 pecuniis
1729 4511 1823 4551 su-

226 4594 465 4661 blimior,
496 4604 642 4650 tanto
670 4610 764 4664 per
790 4594 1025 4664 inopiam
1052 4593 1279 4648 inferior
1309 4593 1476 4647 factus
1499 4600 1603 4650 est.

1926 3380 2046 3448 quia
2076 3378 2339 3435 Macarius
2370 3389 2521 3450 pater
2548 3392 2668 3436 tuus
2699 3383 2827 3439 mihi
2862 3384 3083 3438 multum
3114 3384 3414 3448 confidens,
3442 3386 3521 3458 ip-

1924 3486 2042 3525 sum
2074 3472 2203 3526 mihi
2231 3472 2421 3528 diebus
2448 3474 2654 3544 aliquot
2677 3476 2939 3544 permisit.
2977 3476 3347 3549 Defunctoque
3379 3480 3516 3551 ipso,

1924 3565 2149 3635 contigit
2169 3565 2300 3620 illud
2329 3566 2467 3635 apud
2493 3582 2579 3622 me
2607 3583 2778 3636 usque
2799 3567 2962 3624 hodie
2983 3584 3233 3637 manere;
3252 3571 3523 3628 oblivione

1926 3657 2069 3711 enim
2101 3660 2419 3726 subreptum
2451 3658 2581 3712 mihi
2612 3668 2713 3725 est,
2740 3674 2839 3714 nec
2857 3676 3088 3730 unquam
3117 3663 3261 3717 venit
3288 3662 3339 3717 in
3371 3678 3522 3718 men-

1928 3759 2031 3805 tem
2060 3758 2117 3804 ut
2146 3749 2273 3821 illud
2296 3750 2574 3805 redderem
2602 3752 2716 3807 tibi.
2751 3753 2841 3806 Ait
2868 3753 2942 3807 illi
2987 3752 3298 3809 adolescens
3325 3772 3339 3808 :
3365 3755 3517 3811 Nosti

1926 3856 1994 3896 an
2052 3843 2291 3914 locuples
2319 3845 2390 3897 sit
2415 3858 2638 3913 persona
2668 3844 2761 3898 illa
2790 3860 2911 3914 qua:
2939 3844 3131 3901 debet?
3162 3846 3306 3901 Dixit
3335 3847 3385 3901 ei
3410 3847 3523 3902 dis-

1933 3946 2186 4003 pensator
2216 3954 2229 3989 :
2267 3936 2337 3988 lta
2362 3951 2491 3989 sane
2521 3935 2851 4004 locuples,et
2871 3946 3023 4006 grata
3043 3945 3146 4002 est,
3175 3947 3433 4007 potesque
3454 3938 3522 3995 ab

1928 4027 2021 4079 illo
2070 4026 2309 4080 debitum
2360 4026 2477 4079 sine
2530 4024 2713 4079 labore
2760 4026 3021 4095 recipere.
3052 4026 3195 4081 Dixit
3222 4027 3514 4097 ei'juuior:

1926 4118 2082 4174 Novit
2110 4118 2252 4173 Deus
2286 4118 2409 4189 quia
2442 4116 2600 4174 modo
2630 4116 2759 4173 nihil
2790 4117 2999 4184 habeo;
3032 4118 3128 4174 sed
3153 4120 3197 4173 si
3232 4136 3509 4190 recepero,

1927 4212 2070 4284 quod
2126 4226 2304 4267 meum
2356 4209 2741 4282 est,quidquid
2798 4210 3177 4280 petiisti,dabo
3219 4212 3339 4278 tibi,
3381 4214 3517 4268 ultra

1930 4306 2031 4359 tria
2057 4305 2217 4360 etiam
2257 4303 2603 4359 numismata.
2633 4303 2784 4359 'I'unc
2811 4302 2961 4358 dedit
2984 4303 3032 4358 ei
3078 4303 3417 4373 dispensator
3442 4305 3523 4371 in-

1928 4407 2288 4455 strumentum
2317 4396 2703 4467 quinquaginta
2731 4396 3013 4451 librarum.

2000 4491 2262 4559 Suscepto
2285 4490 2462 4560 itaque
2481 4489 2864 4558 chirographo,
2899 4486 3135 4557 perrexit
3158 4485 3225 4541 ad
3250 4487 3525 4555 sanctissi-

1931 4599 2073 4635 mum
2105 4581 2432 4650 pontificem,
2465 4588 2868 4651 prostratusque
2905 4589 3031 4634 ante
3086 4580 3236 4633 illum
3282 4578 3430 4645 dedit
3473 4580 3524 4635 ei

305 4688 419 4743 Hoc
440 4657 869 4744 audiens-beatus
884 4657 1238 4757 Apollinaris,
1269 4683 1633 4756 vidensquein
1651 4696 1819 4752 quan.
1853 4657 1898 4714 ί)
1926 4675 2360 4746 chirographum.
2378 4673 2510 4729 Cum
2536 4689 2664 4744 ergo
2685 4674 2984 4744 accepisset
3009 4674 3095 4730 ille
3111 4674 3521 4739 instrumentum

232 4788 347 4835 tum
370 4779 602 4834 miseria:
624 4788 678 4834 et
700 4779 1034 4850 paupertatis
1048 4777 1364 4832 adolescens
1380 4775 1628 4843 delapsus
1655 4780 1821 4839 esset,

227 4889 353 4929 cum
383 4881 635 4944 parentes
664 4875 779 4941 ejus
810 4872 1036 4928 fuissent
1066 4868 1497 4938 locupletissimi.
1534 4868 1820 4921 miseratus

227 4963 374 5019 illius
401 4978 609 5028 casum,
642 4965 893 5033 exiguum
921 4961 1023 5032 ipsi
1051 4961 1330 5016 charitatis
1382 4958 1695 5028 [inpendere
1724 4973 1822 5013 voc

228 5056 335 5112 luit
389 5055 847 5127 subministrando
901 5056 1173 5117 alimenta,
1206 5051 1303 5107 sed
1356 5051 1725 5106 erubescebat.
1758 5050 1825 5105 Et

226 5146 445 5217 quoties
473 5148 689 5203 videbat
729 5148 878 5203 illum
910 5186 925 5211 ,
978 5147 1030 5202 in
1078 5154 1288 5201 secreto
1334 5144 1677 5200 conscientia:
1715 5159 1826 5199 suae

226 5236 545 5306 angebatur,
576 5232 805 5293 cernens
834 5247 1038 5293 vestem
1080 5236 1378 5304 sordidam,
1406 5248 1461 5292 et
1485 5235 1712 5290 luridam
1746 5234 1826 5290 fa-

226 5328 394 5396 ciem,
421 5345 542 5399 quze
591 5338 716 5385 sunt
766 5337 1024 5385 extremae
1073 5329 1400 5400 paupertatis
1443 5328 1661 5385 indicia.
1692 5327 1825 5383 Cum

228 5420 391 5492 igitur
416 5420 717 5492 huiusmodi
737 5423 878 5493 curis
900 5429 1185 5493 angeretur
1204 5420 1466 5492 pontifex,
1483 5420 1569 5475 die
1594 5420 1822 5490 quadam

227 5512 486 5569 divinitus
536 5515 848 5584 inspiratus,
881 5513 1161 5570 consilium
1192 5512 1432 5582 profecto
1463 5512 1706 5567 mirabile
1734 5511 1822 5566 in-

231 5605 405 5671 venit,
440 5606 716 5678 ipsiusque
742 5606 1014 5661 sanctitati
1042 5604 1282 5660 maxime
1308 5612 1656 5660 conveniens.

301 5698 602 5753 Accersivit
652 5699 833 5769 itaque
859 5696 1140 5752 Nomicum
1199 5696 1435 5764 (“)3eu
1481 5696 1824 5764 dispensato-

228 5804 346 5845 rem
397 5790 750 5846 sanetissimze
799 5790 1063 5850 ecclesiae,
1094 5804 1450 5860 seorsumque
1490 5789 1643 5843 illum
1686 5788 1822 5841 allo-

146 5950 149 5955 _
228 5896 422 5946 quens.
441 5878 574 5940 dixit
600 5884 649 5939 ei
684 5901 695 5936 :
725 5882 883 5940 Potes
915 5882 1041 5939 mihi
1076 5896 1294 5939 servare
1321 5882 1825 5948 secretum,domne

1925 4768 2124 4837 ipsum,
2153 4783 2215 4822 ac
2265 4767 2503 4836 legisset,
2536 4765 2698 4837 carpit
2719 4781 2779 4820 se
2827 4766 3000 4835 ipsum
3047 4766 3404 4831 turbatiorem
3434 4781 3524 4822 os-

1929 4861 2165 4927 tendere,
2198 4859 2437 4930 dixitque
2464 4859 2550 4914 ei:
2589 4860 2654 4914 Et
2688 4860 2775 4914 ubi
2803 4858 2947 4914 fuisti
2995 4873 3161 4928 usque
3192 4858 3395 4913 modo?
3425 4859 3525 4914 Pa-

1926 4963 2009 5011 ter
2040 4965 2159 5011 tuus
2190 4964 2315 5010 ante
2338 4956 2522 5011 decem
2541 4968 2712 5010 annos
2731 4953 3018 5010 defunctus
3053 4961 3155 5009 θεῖ.
3179 4952 3369 5024 Perge,
3398 4953 3526 5009 nolo

1928 5047 2020 5103 tibi
2052 5064 2192 5104 nunc
2250 5046 2601 5117 respondere.
2633 5046 2732 5112 Qui
2764 5044 2908 5101 dixit
2958 5044 3035 5099 illi
3070 5063 3083 5097 :
3121 5030 3414 5114 Veraeiter,
3450 5046 3525 5102 mi

1932 5141 2170 5209 domine,
2202 5156 2309 5196 non
2360 5156 2461 5211 ego
2485 5140 2613 5196 illud
2658 5138 2839 5204 habui,
2872 5137 2965 5194 sed
3013 5138 3353 5207 dispensator
3395 5140 3524 5197 illud

1931 5233 2183 5298 habebat,
2214 5243 2270 5288 et
2319 5231 2651 5287 nesciebam.
2675 5228 2780 5284 Sed
2817 5230 2956 5285 Deus
2987 5230 3155 5302 ipsius
3181 5231 3522 5299 misereatur,

1931 5326 2053 5396 quia
2083 5323 2244 5380 modo
2271 5323 2441 5394 ipsum
2469 5322 2597 5377 mihi
2627 5321 2881 5387 reddidit,
2916 5310 3102 5383 dicens
3132 5340 3188 5379 se
3220 5324 3350 5380 illud
3381 5325 3523 5381 inter

1935 5417 2145 5472 chartas
2168 5430 2294 5472 suas
2317 5415 2461 5471 domi
2498 5414 2789 5470 invenisse.
2824 5413 3067 5470 Pontifex
3098 5431 3226 5472 vero
3252 5416 3399 5475 illum
3435 5416 3523 5472 in-

1934 5509 2089 5566 terim
2140 5508 2367 5575 remisit,
2390 5508 2575 5563 dicens
2609 5527 2622 5563 :
2659 5508 2979 5565 Deliberabo
3024 5524 3267 5577 mecum,
3300 5520 3525 5565 servato

1938 5605 2073 5675 apud
2096 5620 2182 5659 me
2208 5601 2585 5673 chirographo.
2603 5602 2729 5659 Post
2749 5619 2909 5658 unam
2940 5604 3101 5673 igitur
3130 5603 3521 5671 hebdomadam

1936 5696 2095 5750 rediit
2120 5696 2185 5749 ad
2230 5695 2537 5763 episcopum
2562 5696 2767 5765 junior,
2794 5696 3097 5766 iterumque
3129 5694 3521 5764 deprecabatur

1930 5804 2077 5864 eum.
2112 5788 2204 5842 Ille
2254 5796 2430 5851 autem
2457 5788 2606 5858 quasi
2648 5787 2777 5843 nihil
2809 5786 2861 5841 ei
2891 5786 3019 5842 dare
3049 5787 3238 5855 vellet,
3263 5784 3519 5840 dicebat:

1932 5878 2111 5947 Quare
2138 5876 2341 5937 tantum
2365 5877 2619 5949 distulisti
2651 5876 2890 5950 proferre
2911 5876 3355 5948 chirographum?
3376 5876 3522 5932 Dixit
