3982 6354
483 343 592 399 225

1652 340 1736 392 ΟΕ
1782 336 1954 391 νιτιδ
1996 334 2272 390 ιιΑτιιωι
2318 333 2518 388 LIBER
2561 331 2623 387 Χ.

3667 335 3767 389 ﬁl

482 456 561 513 illi
593 455 944 511 adolescens:
972 454 1041 510 Mi
1091 455 1329 518 domine,
1362 455 1461 509 scit
1492 453 1628 507 Deus
1677 451 1799 521 quia
1834 468 1939 506 non
1970 450 2064 503 ba-
2102 452 2141 509 Α
2172 450 2268 517 Qui
2298 465 2416 503 cum
2449 448 2677 504 venisset
2702 449 2988 520 Cyrenem,
3023 449 3223 519 repetit
3246 448 3351 504 illic
3384 450 3766 519 phdnsopbmn

479 549 585 608 beo
614 550 756 606 unde
803 549 1057 604 familiam
1116 564 1287 603 meam
1327 548 1594 610 nutriant;
1623 548 1820 613 itaque,
1852 544 1896 597 si
1926 544 2067 598 Deus

479 642 708 713 inspirat
737 642 911 703 vobis,
938 642 1265 696 miseremini
1298 641 1420 694 mei.
1441 636 1733 693 'l‘uncdixit
1763 636 2069 690 illisanctus

482 735 834 803 Apollinaris,
878 733 1082 802 fingens
1128 750 1187 786 se
1215 733 1355 785 illitis
1383 730 1627 799 precibus
1653 729 1843 784 cedere
1870 744 1883 781 :
1913 728 2071 784 Sum-

482 842 625 882 mam
646 826 857 896 quidem
889 828 1144 893 integram
1172 823 1379 892 egotibi
1410 822 1686 877 t'e5titttam
1713 836 1727 884 ;
1765 820 1864 874 hoc
1893 829 2069 872 autent

486 921 739 983 obsecro,
771 918 842 972 mi
879 918 1095 973 domine
1125 918 1308 977 frater,
1341 932 1407 969 ne
1438 931 1465 967 a
1500 922 1685 969 sancta
1717 914 1817 967 hac
1845 912 2070 966 ecclesia

484 1028 674 1066 usuras
706 1011 1087 1080 exigas/fune
1148 1009 1429 1075 procidens
1485 1008 1560 1060 illi
1601 1007 1914 1060 ado'csceus
1944 1005 2019 1058 ait
2054 1020 2067 1057 :

485 1102 755 1173 Quidquid
788 1101 1016 1156 voluerit
1066 1111 1114 1155 et
1143 1099 1365 1166 jusserit
1413 1098 1542 1151 tnilti
1600 1097 1853 1150 dominus
1900 1110 2068 1159 meus,

484 1198 586 1251 hoc
614 1196 835 1259 faciant;
864 1203 916 1248 et
944 1195 985 1247 si
1007 1210 1067 1247 ex
1104 1193 1378 1261 principali
1402 1206 1609 1244 summa
1633 1189 1805 1259 placet
1835 1188 2073 1242 minuere

485 1284 707 1353 aliquid,
739 1285 938 1338 minue.
968 1283 1107 1336 Dixit
1139 1283 1209 1335 illi
1244 1283 1528 1351 episcopus
1555 1298 1567 1332 :
1593 1280 1705 1333 Non
1739 1279 1789 1332 id
1822 1280 2071 1347 quidem;

481 1375 612 1429 Salis
657 1383 761 1435 est.
792 1375 833 1427 si
890 1375 1045 1428 nobis
1092 1388 1283 1425 ttsutas
1325 1371 1571 1425 dimittis.
1604 1370 1754 1424 Tunc
1799 1370 2074 1439 proferens

482 1468 607 1533 quin
632 1467 860 1533 tuaginta
892 1466 1007 1518 auri
1072 1465 1256 1525 libras,
1285 1463 1431 1515 dedit
1482 1462 1550 1523 ei,
1586 1472 1642 1516 et
1694 1462 1897 1515 dimisit
1924 1476 2070 1528 eum,

481 1570 639 1609 orans
668 1571 787 1608 eum
822 1571 916 1624 pro
949 1570 1123 1609 usurae
1175 1554 1512 1608 remissione.
1546 1554 1655 1608 lloc
1704 1569 1840 1622 Opus
1879 1554 2073 1607 summi

484 1647 832 1716 Apollinaris,
868 1650 964 1701 i~ta
994 1658 1174 1701 sancta
1202 1647 1343 1700 illius
1368 1661 1456 1700 ars
1497 1656 1656 1716 atqu:
1686 1648 2070 1700 misi-riCordia.

485 1739 560 1795 Ita
578 1756 704 1794 vero
733 1740 869 1795 Dens
888 1739 1070 1809 juveni
1094 1749 1413 1808 t-ooperattts
1458 1748 1543 1793 est
1578 1755 1672 1807 per
1695 1750 1929 1792 sanctam
1960 1738 2074 1806 cjus

2173 545 2474 613 quemdam,
2501 542 2776 613 livagtinm
2813 543 3047 607 nomine,
3079 544 3169 613 qui
3198 544 3400 598 sodalis
3423 560 3553 598 suos
3578 547 3630 600 in
3660 556 3767 599 stu-

2173 637 2277 691 diis
2305 637 2608 691 liberalibus
2640 638 2829 703 fuerat,
2861 637 3087 691 amicum
3120 637 3220 690 sibi
3247 636 3652 705 charissimutn,
3672 638 3765 691 sed

2176 732 2434 795 religione
2476 731 2751 800 gentilem.
2779 740 2833 784 et
2862 733 3085 784 culturae
3114 730 3377 783 idolorum
3408 730 3571 803 925
3597 731 3771 785 maxi-

2176 840 2259 875 tne
2315 822 2580 885 deditum,
2613 838 2734 876 eum
2761 822 3044 889 episcopus
3072 822 3328 892 Syuesius
3359 822 3425 875 ab
3466 822 3767 878 idoTo'atria

2178 914 2469 969 transferre
2517 914 2582 968 ad
2611 914 2872 969 culturam
2920 912 3115 969 Christi
3148 916 3453 984 satagebat.
3478 931 3768 986 curamque

2176 1009 2446 1077 ingentem
2496 1009 2610 1079 ejus
2665 1011 2738 1061 rei
2792 1008 2894 1063 sibi
2954 1015 3320 1075 assumpserat
3367 1024 3464 1076 pro
3505 1008 3769 1062 charitate

2174 1115 2333 1169 quam
2360 1115 2484 1168 erga
2515 1099 2686 1168 ipsimi
2715 1115 2744 1153 a
2776 1101 3035 1168 principio
3068 1100 3342 1155 habuerat.
3376 1101 3470 1155 llle
3502 1116 3632 1155 vero
3665 1100 3769 1154 tni-

2176 1192 2321 1246 nimc
2346 1191 2396 1245 id
2436 1193 2756 1261 patiebatur,
2787 1209 2958 1263 neqtte
2986 1192 3128 1248 illius
3152 1193 3448 1249 doctrinam
3481 1194 3768 1248 admittere

2178 1283 2387 1338 volebat
2416 1303 2427 1338 :
2460 1287 2742 1354 episcomts
2775 1296 2951 1341 tamen
2982 1303 3089 1355 pra:
3116 1288 3281 1342 nimio
3305 1288 3368 1341 ad
3393 1287 3547 1341 illum
3585 1304 3769 1344 amore

2178 1391 2243 1429 ne
2297 1376 2373 1429 sic
2399 1377 2612 1446 quidem
2669 1377 2826 1432 tardio
2859 1379 3029 1433 victus
3073 1378 3367 1432 desistebat
3397 1377 3587 1432 diebus
3615 1379 3766 1433 illum

2177 1465 2404 1535 singulis
2436 1467 2663 1534 hortari,
2691 1478 2743 1521 et
2776 1469 3064 1531 instruere.
3088 1484 3150 1522 ac
3196 1469 3448 1524 inducere
3477 1479 3531 1522 nt
3554 1470 3768 1525 Christo

2176 1560 2439 1623 crederet,
2473 1559 2742 1629 ipsiusque
2793 1572 3125 1614 sacramenta
3172 1563 3489 1630 susciperet.
3524 1560 3768 1632 Cumque

2179 1649 2254 1703 illi
2278 1651 2517 1717 quotidie
2548 1653 2644 1704 iSIa
2679 1652 2878 1705 monita
2904 1654 3031 1707 date
3061 1653 3539 1722 persisterev,dixit
3562 1654 3626 1708 ad
3646 1669 3766 1709 eum

2180 1742 2347 1795 semel
2381 1743 2731 1811 plltiUSOjtllllS
2759 1763 2773 1799 :
2804 1745 2967 1809 Vere,
2998 1745 3069 1799 tni
3099 1745 3312 1799 domine
3336 1746 3619 1814 episcopo,
3646 1762 3767 1803 cum

486 1832 943 1901 benedicuonem,
972 1841 1029 1886 ut
1079 1850 1142 1886 ex
1177 1842 1317 1885 tanta
1351 1835 1525 1901 inopTa
1573 1841 1889 1900 emet-geret,
1918 1841 2076 1898 atque
2113 1824 2154 1883 Β
2181 1834 2389 1886 (εωιρτίδ
2413 1850 2529 1902 que
2564 1836 2692 1889 mihi
2745 1837 3027 1902 displicent
3056 1837 3106 1889 iti
3155 1837 3475 1890 (ilttistattis
3507 1839 3609 1892 hoc
3663 1851 3766 1906 est,

484 1932 538 1986 iit
568 1933 799 1998 priorem
833 1947 983 1982 suum
1008 1940 1202 1983 statum
1225 1929 1577 1998 ordinemque
1609 1935 1896 1990 remearet,
1927 1928 2074 1993 plus-

486 2038 593 2094 que
636 2023 795 2078 etiam
836 2039 990 2092 quam
1024 2031 1271 2089 parentes
1324 2022 1406 2076 sui
1436 2036 1601 2089 npum
1639 2036 1700 2074 ac
1732 2019 2074 2088 pecuniarum

486 2117 637 2183 copia
662 2115 971 2180 excelleret,
996 2131 1055 2167 ac
1086 2124 1345 2183 praeterea
1364 2129 1549 2183 magna
1571 2112 1716 2167 lucra
1738 2112 1929 2164 attima:
1950 2126 2077 2166 con-

486 2218 818 2279 sequeretur.

1017 2279 1244 2335 CAPUT
1308 2276 1527 2333 CXCIV.

492 2393 786 2446 Admonitio
810 2393 943 2445 senis
964 2392 1053 2459 qui
1083 2392 1374 2444 morabatur
1399 2392 1448 2442 in
1481 2388 1681 2457 Srythi,
1706 2387 1842 2456 [nefa
1870 2388 2075 2440 eni..’am

780 2465 1033 2517 monacho
1061 2480 1118 2516 ne
1152 2465 1502 2531 ingrederetur
1531 2462 1788 2512 tabernas.

563 2579 735 2634 Senex
792 2579 1005 2647 quidaut
1049 2577 1358 2631 morabatur
1387 2577 1438 2628 in
1463 2574 1646 2645 Scythi
1675 2592 1687 2626 :
1720 2573 1802 2626 hic
1832 2572 1917 2627 die
1945 2588 2078 2641 qua-

492 2670 613 2724 dam
665 2671 807 2723 venit
842 2670 1235 2733 Alexandriam,
1281 2679 1336 2721 ut
1387 2682 1520 2736 opus
1553 2681 1805 2719 manuum
1857 2678 2073 2718 suarum

488 2759 1015 2829 Venderet,viditque
1044 2761 1112 2813 ibi
1134 2759 1739 2828 jtmioremmonachutn
1771 2756 2072 2825 ingressum

488 2866 610 2907 esse
658 2867 978 2919 cauponam.
1009 2852 1122 2917 Qua
1165 2867 1229 2905 ex
1262 2867 1317 2904 re
1368 2866 1529 2903 senex
1566 2850 1909 2903 vehementer
1938 2845 2071 2899 afﬂi-

486 2949 627 3008 ctus,
659 2942 906 2997 manebat
935 2942 1063 2996 foris
1084 2951 1423 3010 exspectans,
1449 2939 1622 2993 donec
1652 2937 1945 3008 egredienti
1991 2937 2077 3003 ju-

484 3033 609 3088 veni
648 3033 1064 3104 colloqueretur.
1091 3033 1242 3099 Quod
1298 3041 1354 3086 et
1381 3029 1579 3084 factum
1635 3042 1738 3084 est.
1774 3030 1887 3083 Mos
1932 3028 2073 3083 enim

490 3135 549 3181 ut
598 3142 842 3197 egressus
873 3137 955 3182 εμι
990 3127 1225 3198 juvenis,
1259 3126 1425 3181 tenuit
1458 3125 1603 3179 illum
1635 3123 1813 3178 senior
1840 3138 1931 3191 per
1964 3137 2075 3175 ma-

2180 1926 2319 1994 quod
2362 1929 2880 1983 euasututnatiottettt
2910 1929 3089 1983 szeculi
3117 1931 3269 1985 ist'tts
3295 1930 3525 1985 futuram
3560 1934 3762 1993 dicunt.

2185 2027 2234 2073 et
2279 2026 2395 2081 pot
2421 2021 2935 2075 consummationem
2978 2038 3166 2077 ountes
3192 2022 3280 2092 qui
3312 2025 3378 2077 ab
3405 2024 3559 2079 initio
3584 2026 3765 2081 smcuii

2182 2109 2392 2163 fuerunt
2422 2111 2686 2175 homines,
2720 2112 2770 2165 itt
2801 2115 2899 2165 isto
2936 2129 3162 2181 corpote
3190 2126 3623 2181 resurrecturus,
3651 2133 3763 2171 car-

2179 2215 2406 2270 nemque
2432 2201 2566 2256 hanc
2592 2203 3047 2270 incorruptibilem
3083 2214 3412 2269 recepturos,
3442 2219 3497 2262 et
3546 2207 3764 2263 immor-

2182 2291 2361 2356 talem,
2389 2308 2545 2361 a'que
2568 2294 2638 2346 ita
2668 2297 2720 2345 in
2745 2306 3056 2364 perpetuum
3091 2296 3343 2360 victuros,
3370 2296 3556 2366 sicque
3578 2314 3760 2353 eorum

2180 2399 2297 2451 qua!
2332 2385 2381 2437 iit
2411 2402 2633 2455 corpore
2662 2397 2943 2457 gesserunt
2972 2391 3183 2456 prtemia
3221 2402 3605 2460 percepturos:
3639 2409 3759 2447 eum

2177 2477 2337 2529 etiam
2367 2477 2455 2543 qui
2483 2479 2763 2532 miset'e.ur
2792 2480 3034 2547 pauperi,
3071 2481 3301 2535 fettetati
3339 2482 3467 2548 Deo,
3495 2494 3543 2537 et
3577 2489 3665 2553 qui
3689 2487 3763 2539 di-

2177 2570 2378 2635 Spcrgil
2419 2568 2467 2621 in
2498 2585 2756 2638 pauperes
2786 2584 2837 2625 ct
2868 2574 3085 2639 inopes,
3114 2574 3163 2626 iit
3193 2576 3331 2627 cado
3362 2577 3459 2627 sibi
3488 2577 3764 2632 thesmros

2178 2672 2458 2724 reponere,
2489 2674 2540 2714 et
2566 2664 2917 2731 centuplirala
2946 2681 3061 2733 qnte
3085 2676 3383 2734 erogavert
3407 2670 3456 2719 iit
3483 2685 3763 2735 regenera-

2179 2749 2325 2803 tione
2364 2766 2483 2804 cum
2508 2763 2704 2805 aeterna
2730 2753 2833 2806 vita
2859 2771 2887 2807 a
2919 2754 3134 2809 Chrtsw
3162 2772 3282 2812 esse
3320 2757 3614 2813 reddenda.
3638 2763 3764 2826 Qua:

2175 2841 2352 2893 Omnia
2384 2857 2503 2894 cutn
2558 2843 2825 2909 dicuntur,
2859 2845 3135 2912 deceptio,
3164 2857 3219 2901 et
3267 2847 3466 2912 irrisio,
3497 2859 3552 2903 et
3589 2848 3763 2905 fabula

2179 2931 2305 2984 mihi
2339 2933 2584 2988 videntur
2616 2954 2629 2989 :
2657 2936 2940 3005 epi~eopns
2982 2945 3159 2993 autem
3192 2940 3449 3009 Synesius
3491 2956 3764 2995 assevera-

2177 3022 2269 3076 bat
2303 3024 2482 3079 omnia
2525 3025 2946 3081 Christianorum
2990 3043 3110 3082 vera
3159 3044 3317 3095 esse,
3356 3031 3596 3099 nihilque
3645 3049 3762 3085 otti-

2178 3116 2303 3169 nino
2319 3116 2515 3172 habere
2535 3118 2725 3171 falsum
2744 3119 2822 3172 vel
2842 3120 3046 3173 veritati
3071 3132 3275 3175 contrat
3292 3122 3421 3187 ium,
3440 3124 3597 3192 idque
3623 3127 3729 3177 tnui
3744 3155 3760 3164 ο

486 3232 611 3281 nus,
639 3226 691 3272 et
737 3234 979 3273 seorsum
1010 3219 1155 3272 illum
1195 3219 1420 3283 ducens,
1453 3217 1587 3269 dixit
1616 3216 1664 3269 ci
1698 3233 1710 3266 :
1744 3215 1827 3268 Au
1872 3210 2070 3278 nescis,
2100 3215 2147 3278 (ζ
2180 3205 2601 3264 ιίέάυευυιριιιίε
2621 3211 2914 3275 asserebat,
2936 3223 2987 3264 et
3022 3214 3340 3280 persuadere
3368 3216 3439 3268 illi
3474 3215 3759 3269 nitebatur.

485 3308 703 3365 domine
732 3310 1048 3377 frater,quia
1081 3309 1315 3363 Itabitntu
1347 3309 1645 3376 angelicum
1673 3307 1814 3359 fers?
1840 3311 2075 3372 ignoras,

493 3399 622 3469 quia
658 3397 869 3468 juvenis
900 3399 992 3451 rs?
1029 3396 1144 3451 Non
1179 3400 1317 3451 nosti
1345 3397 1468 3467 quia
1502 3397 1655 3451 multi
1700 3404 1821 3451 sunt
1876 3393 2079 3449 inimici

495 3490 665 3545 nostri
690 3490 899 3559 laquei?
928 3489 1109 3542 Nescis
1136 3490 1259 3556 quia
1283 3500 1337 3545 et
1367 3505 1460 3558 per
1480 3493 1684 3553 oculos,
1705 3499 1759 3543 et
1778 3503 1871 3557 per
1891 3501 2075 3553 aures,

490 3592 545 3638 et
575 3597 667 3649 per
692 3583 887 3636 fimras
907 3583 1079 3634 Varias
1100 3589 1153 3635 et
1178 3581 1411 3646 habitus,
1427 3581 1670 3635 monachi
1695 3582 1745 3633 in
1770 3579 2079 3634 civitatibus

491 3673 792 3729 lteduntur?
809 3673 887 3727 Tu
907 3685 1080 3727 autem
1101 3673 1152 3727 in
1175 3687 1445 3740 caupOnas
1470 3671 1735 3739 inttepitle
1755 3670 2073 3740 ingrederis,

491 3775 546 3821 et
570 3781 686 3836 qua:
710 3780 815 3820 non
848 3766 926 3820 vis
952 3764 1125 3828 audis,
1152 3773 1207 3818 et
1231 3778 1351 3833 qua:
1380 3771 1505 3817 sunt
1536 3764 1689 3817 noxii
1718 3763 1890 3827 vides,
1924 3760 2079 3815 inho-

494 3861 768 3928 pestisque
797 3866 850 3913 et
869 3858 998 3912 viris
1028 3865 1082 3912 et
1110 3855 1424 3910 mulieribus
1453 3855 1815 3925 conjungcris.
1842 3852 1961 3907 Noli
1982 3854 2079 3905 ita-

490 3964 615 4020 que,
636 3950 708 4003 llli
733 3950 826 4018 mi,
856 3949 984 4014 noli,
1017 3949 1262 4014 obsecro,
1286 3948 1366 4002 sic
1394 3961 1577 4016 agere,
1609 3947 1702 4001 sed
1735 3945 1854 4013 fuge
1878 3945 1931 4000 itt
1958 3959 2080 3999 ere-

492 4057 661 4108 mum,
692 4042 779 4095 ubi
805 4057 925 4096 cum
952 4042 1042 4095 Dei
1070 4041 1338 4110 adjutorio
1360 4040 1553 4094 salvari
1579 4049 1751 4109 potes.
1785 4039 2081 4107 llesltondit

494 4134 543 4188 ei
585 4131 803 4202 junior:
837 4132 1004 4201 Perge
1051 4134 1256 4195 senior,
1287 4131 1425 4185 Deus
1457 4147 1563 4185 non
1618 4133 1810 4199 quaerit
1840 4130 1939 4184 nisi
1986 4145 2078 4184 cor

495 4223 947 4279 munduut.'l'unc
974 4224 1283 4291 expandens
1331 4223 1385 4277 in
1413 4222 1609 4277 caelum
1658 4221 1843 4275 ambas
1894 4237 2082 4275 manus

494 4328 621 4370 suas
640 4328 802 4368 senex
826 4315 902 4368 ait
934 4332 946 4367 :
974 4313 1154 4369 Gloria
1186 4314 1300 4380 tibi,
1323 4315 1497 4380 Deus;
1544 4327 1668 4367 ecce
1698 4310 1838 4366 enim
1866 4328 1965 4383 ego
1991 4314 2085 4367 lia-

497 4410 602 4466 beo
626 4409 679 4463 in
708 4409 891 4481 Scytlti
920 4423 1090 4462 annos
1119 4407 1500 4477 quinquaginta
1541 4406 1797 4476 quinque,
1824 4417 1879 4462 et
1930 4424 2083 4461 mun-

496 4499 621 4553 dum
649 4513 744 4554 cor
793 4516 900 4554 non
931 4499 1132 4564 habeo;
1167 4498 1250 4552 hic
1279 4507 1455 4552 autem
1482 4497 1535 4552 itt
1568 4498 1805 4553 tabernis
1859 4514 2083 4553 conver-

2256 3303 2382 3357 Post
2404 3306 2625 3357 multum
2660 3318 2786 3357 vero
2816 3305 3094 3371 temporis,
3133 3319 3252 3360 eum
3287 3307 3431 3360 illum
3465 3308 3764 3362 induxisset

2186 3394 2549 3451 Christianum
2583 3393 2717 3459 heri,
2767 3395 3056 3465 baptizavit
3104 3398 3273 3466 ipsum
3329 3409 3383 3452 et
3431 3399 3571 3452 filios
3607 3399 3760 3468 ejus,

2183 3500 2513 3558 cunctosque
2553 3486 2884 3543 domesdcos
2931 3489 3097 3545 illius.
3132 3494 3396 3546 Caeterum
3449 3508 3555 3546 tton
3596 3494 3765 3548 multo

2183 3594 2363 3652 postea
2412 3596 2569 3651 quam
2604 3581 2902 3648 baptizatus
2932 3582 3135 3647 fuerat,
3186 3583 3328 3638 dedit
3356 3584 3609 3655 episcopo
3647 3588 3764 3642 auri

2184 3675 2280 3727 tria
2312 3673 2620 3728 centenaria
2652 3672 2705 3727 itt
2738 3690 2892 3729 usum
2940 3690 3256 3742 pauperum,
3301 3678 3486 3731 dicens
3518 3696 3530 3732 :
3568 3679 3709 3745 Acci;
3730 3696 3761 3733 c

2181 3779 2369 3819 aurum
2402 3765 2577 3832 lallld,
2605 3775 2659 3820 ct
2688 3767 2947 3821 distribui:
2988 3767 3116 3820 illud
3173 3771 3526 3837 pauperibus.
3581 3782 3633 3824 et
3683 3772 3762 3826 fac

2183 3856 2311 3913 mihi
2338 3858 2643 3913 cautionem
2676 3875 2833 3913 manu
2859 3869 2967 3924 tua,
2999 3860 3139 3929 quod
3169 3862 3410 3915 Christus
3440 3863 3567 3916 nnhi
3593 3864 3759 3930 ipsum

2183 3949 2369 4005 reddet
2402 3950 2452 4005 in
2483 3948 2665 4006 futuro
2699 3951 3033 4017 s:rculo.Qui
3057 3963 3305 4022 suscepto
3333 3969 3491 4021 auro,
3524 3969 3763 4025 prompte

2184 4044 2282 4109 illi,
2308 4052 2367 4097 ut
2397 4045 2627 4114 petebat,
2660 4045 2960 4099 cautionem
2984 4051 3128 4100 teetl.

2259 4135 2392 4191 Vixit
2414 4139 2593 4206 itaque
2610 4145 2729 4203 post
2758 4137 3079 4204 baptismum
3105 4152 3274 4191 annos
3302 4138 3502 4207 aliquot
3524 4138 3762 4206 philoso-

2187 4247 2341 4303 pnus,
2360 4247 2421 4286 ac
2441 4231 2653 4285 tandem
2680 4231 2981 4285 inlirmalus
3009 4241 3091 4286 est
3118 4235 3183 4285 ad
3212 4243 3461 4285 mortem.
3487 4232 3618 4286 Cum
3639 4245 3762 4286 vero

2186 4327 2340 4380 morti
2361 4328 2635 4395 proximus
2649 4326 2954 4391 esset,dixit
2971 4327 3088 4380 liltis
3101 4327 3210 4379 suis
3227 4344 3238 4377 :
3258 4326 3480 4392 Quando
3492 4327 3748 4379 curabilis

2184 4417 2345 4472 funus
2375 4419 2834 4483 meum,chartam
2862 4421 3021 4472 istam
3056 4419 3106 4472 in
3139 4418 3272 4472 meis
3296 4418 3541 4471 manibus
3565 4418 3763 4485 ponite,

2185 4520 2346 4565 etme
2374 4525 2495 4563 cum
2528 4511 2612 4564 illa
2646 4510 2891 4580 sepelite.
2926 4512 3136 4577 Mortuo
3166 4520 3342 4564 autem
3376 4510 3497 4579 illo,
3530 4512 3766 4564 fect-runt

496 4606 623 4648 satis
667 4593 845 4649 cordis
885 4592 1199 4647 munditiam
1230 4591 1485 4661 possidet.
1522 4593 1586 4646 Et
1613 4593 1677 4647 ad
1711 4593 1925 4647 fratrem
1953 4607 2081 4646 con-
2111 4612 2163 4672 ι)
2190 4601 2284 4654 ﬁlii
2330 4603 2471 4655 sicut
2496 4601 2574 4655 eis
2616 4601 2728 4670 ipse
2776 4609 3123 4670 przeceperat,
3175 4602 3612 4671 sepelieruntque
3640 4616 3763 4655 eum

497 4700 685 4741 versus
714 4687 883 4741 dixit:
915 4686 1054 4741 Deus
1074 4693 1127 4739 et
1154 4694 1207 4740 te
1236 4695 1431 4755 servet,
1465 4695 1519 4741 ct
1546 4702 1632 4743 me
1662 4703 1767 4742 non
1790 4686 2081 4742 confundat

498 4792 529 4833 a
550 4791 645 4847 spe
669 4792 807 4833 mea.

1054 4846 1282 4903 CAPUT
1330 4847 1530 4902 CXCV.

508 4975 623 5031 Vita
672 4975 880 5052 Evagrii
934 4978 1226 5053 pltitosOpln'
1256 4995 1309 5053 ir
1338 4979 1549 5048 Syneu'o
1589 4980 1812 5051 Cyrenes
1842 4986 2081 5053 episcopo

927 5051 996 5103 ad
1025 5050 1213 5104 Christi
1235 5049 1387 5119 ﬁdem
1413 5049 1657 5106 conversi.

577 5160 708 5215 Cum
763 5161 1098 5217 Alexandria:
1126 5178 1388 5232 essemus,
1425 5165 1678 5221 Leontius
1720 5169 2082 5238 Apamiensis,

507 5254 592 5308 vir
641 5252 923 5326 religiosus
970 5271 1031 5311 ac
1086 5257 1446 5324 ﬁdeliSsimtts,
1480 5261 1628 5313 ve‘nit
1668 5276 1735 5316 ex
1770 5260 2081 5329 Pentapoli;

507 5342 687 5398 multis
723 5344 865 5398 enim
889 5346 999 5415 jam
1030 5349 1185 5403 annis
1212 5347 1416 5419 Cyrene
1441 5362 1679 5405 moratus
1711 5353 1900 5405 fuerat.
1938 5353 2091 5408 Venit

507 5442 689 5490 autem
712 5434 902 5490 diebus
934 5436 1136 5507 Eulogii
1168 5442 1335 5494 sancti
1374 5440 1718 5497 Alexandrini
1751 5443 2088 5511 patriarchae,

507 5522 748 5594 ejusdem
774 5524 1097 5596 Cyrenensis
1120 5530 1264 5583 urbis
1291 5529 1496 5585 futurus
1522 5534 1827 5601 episcopus.
1853 5532 2091 5601 Cumque

511 5614 567 5671 in
597 5613 843 5671 familiari
868 5616 1129 5687 colloquio
1146 5633 1408 5687 essemus,
1427 5622 1661 5677 narravit
1680 5622 1853 5685 nobis.
1869 5622 2053 5677 dicens
2073 5640 2086 5676 :

510 5710 639 5769 Fuit
692 5712 1017 5781 temporibus
1061 5713 1342 5784 Theophili
1415 5715 1704 5771 beatissimi
1775 5716 2092 5787 patriarcha:

514 5804 866 5862 Alexandrini
891 5803 1101 5872 Cyrene
1130 5807 1408 5877 episcopus
1440 5807 1696 5875 Synesius
1718 5807 2088 5876 philosophus.

2189 4709 2309 4748 cum
2336 4694 2716 4762 chirographo.
2744 4693 2924 4749 Tertia
2979 4708 3106 4748 vero
3156 4703 3275 4764 post
3320 4696 3650 4764 sepulturam
3683 4694 3769 4751 die

2189 4789 2441 4855 apparuit
2468 4789 2725 4855 epiStOpO
2752 4786 2979 4856 Synesio
3006 4798 3163 4841 nocte
3193 4788 3512 4855 quiescenti,
3545 4789 3768 4845 dicens:

2196 4878 2326 4935 Ve’ni
2356 4882 2423 4934 ad
2464 4880 2788 4945 sepulcrum,
2824 4882 2910 4935 ubi
2940 4881 3124 4949 jaceo,
3166 4890 3219 4936 et
3270 4882 3452 4951 accipe
3500 4883 3771 4951 cliirograo

2192 4972 2355 5042 phum
2410 4984 2590 5037 tuum;
2622 4972 2802 5041 accepi
2849 4973 2992 5028 enim
3024 4974 3286 5039 debitum,
3331 4974 3772 5044 satisfactnmque

2194 5063 2322 5116 mihi
2347 5071 2450 5127 est,
2483 5070 2644 5129 atque
2676 5072 2730 5116 ut
2751 5062 2949 5117 certior
2978 5063 3097 5134 ejus
3130 5064 3205 5119 rei
3241 5065 3357 5131 fias,
3394 5065 3610 5134 propria
3654 5080 3771 5119 mea

2189 5153 2481 5223 subscripsi
2536 5168 2716 5207 manu.
2770 5156 3048 5224 lgnorabat
3093 5168 3269 5211 autem
3314 5160 3601 5226 episcopus
3628 5155 3769 5228 quod

2190 5244 2605 5312 chirographum
2631 5244 2759 5299 illttd
2786 5249 3205 5315 consepelissent
3226 5247 3297 5301 ei.

2263 5339 2418 5392 Mane
2440 5347 2616 5392 autem
2646 5338 2818 5405 facto,
2862 5341 3136 5395 accersitis
3165 5341 3283 5395 filiis
3312 5339 3428 5411 ejus
3448 5340 3581 5396 dixit
3606 5340 3771 5395 :Ntnu

2194 5430 2392 5499 aliquid
2423 5446 2543 5484 cum
2582 5442 2731 5500 patre
2759 5441 2940 5486 Vestro
2981 5435 3033 5486 in
3079 5446 3427 5490 monumento
3482 5433 3773 5503 posuistis?

2195 5523 2276 5578 Illi
2310 5534 2558 5594 putantes
2581 5525 2722 5594 quod
2754 5540 2848 5579 eos
2877 5527 2943 5579 de
2966 5528 3206 5595 pecuniis
3230 5528 3603 5595 interrogaret,
3624 5527 3771 5581 dixe-

2196 5627 2316 5669 runt
2333 5619 2379 5670 ei
2400 5635 2412 5670 :
2434 5616 2595 5679 Nihil,
2613 5617 2853 5680 domine,
2871 5627 3066 5685 printer
3090 5635 3293 5687 pannos
3305 5630 3615 5675 consuetos.
3636 5620 3771 5686 Quid

2197 5706 2399 5777 igitur?
2445 5706 2691 5777 Nunquid
2723 5707 2807 5763 vel
2835 5708 3075 5763 chartam
3121 5711 3348 5779 aliquam
3402 5712 3770 5781 consepelistit

2196 5803 2279 5858 ei?
2308 5803 2458 5857 Tunc
2499 5801 2764 5858 recordati
2820 5801 2894 5859 illi
2938 5802 3280 5875 (ignorabam
3330 5804 3471 5859 enim
3516 5802 3659 5877 quod
3708 5804 3767 5858 de
