3982 6354
233 299 337 356 225

1483 301 1767 359 PRATUM
1806 300 2236 383 SPIBITUALE.
2314 372 2315 375 η

3404 315 3512 375 226

232 410 595 481 chirographo
624 408 853 480 diceret)
877 409 1126 466 dixerunt
1158 410 1205 464 ei
1232 428 1245 465 :
1290 410 1364 467 ita
1389 427 1538 478 sane,
1561 413 1816 479 domine;
1845 414 1895 472 Α
1923 413 2497 483 mysteriis.Quoniam
2531 431 2659 473 vero
2675 418 2993 490 quibusdam
3018 422 3071 478 in
3095 423 3228 480 locis
3248 425 3357 481 alta
3374 442 3511 490 voco

229 503 475 557 chartam
503 502 645 556 enim
676 502 960 569 quamdam
989 502 1223 557 moriens
1250 503 1396 557 dedit
1420 504 1598 567 nobis,
1622 513 1677 560 et
1706 505 1812 559 ait:

229 592 456 660 Quando
485 592 754 660 sepelietis
786 608 894 653 me.
926 594 1166 648 chartam
1199 594 1355 649 istam
1402 596 1531 650 tnilti
1564 596 1617 649 in
1647 597 1819 651 mani-

233 685 331 737 bus
386 683 550 748 date,
619 685 768 737 nullo
825 688 1035 750 tenitus
1073 698 1296 741 sciente.
1325 687 1476 742 Tunc
1528 688 1663 744 dixit
1710 689 1817 745 iliis

228 774 520 844 episcopus
575 780 843 830 somnium
893 783 1035 848 quod
1087 791 1243 835 nocte
1296 781 1384 835 illa
1432 784 1678 845 viderat.
1733 800 1820 839 su-

231 882 496 936 mensque
522 868 643 922 illos
678 885 799 924 cum
834 870 1043 926 clericis
1072 888 1136 928 ac
1167 874 1433 942 primariis
1469 879 1702 933 civitatis
1728 893 1820 933 ac-

229 959 484 1013 cessitad
532 960 838 1029 philosophi
885 965 1170 1020 tumulum.
1203 966 1320 1033 Quo
1354 978 1563 1038 aperto,
1597 970 1819 1026 invene-

231 1051 639 1121 runtjaccntem
666 1054 1061 1125 philosophum,
1092 1059 1618 1131 chirograplmmque
1651 1078 1812 1120 manu

229 1143 473 1211 episcopi
505 1147 864 1215 conscriptum
897 1150 1009 1202 suis
1054 1151 1299 1204 manibus
1330 1160 1622 1208 tenentem.
1655 1156 1814 1208 Aeci-

230 1232 443 1301 pientes
473 1244 653 1289 autem
678 1235 1092 1307 chirographum
1117 1256 1181 1295 ex
1216 1242 1359 1295 illius
1385 1243 1649 1309 manibus,
1682 1260 1812 1313 ape-

236 1335 487 1387 ruerunt,
524 1325 946 1398 inveneruntque
977 1331 1027 1383 in
1055 1346 1123 1385 eo
1153 1332 1363 1387 noviter
1400 1349 1557 1387 manu
1582 1337 1817 1405 philoso-

234 1417 327 1483 phi
376 1418 740 1487 subscriptum
777 1421 891 1475 ita:
942 1442 961 1475 ε
990 1422 1104 1493 Ego
1151 1426 1410 1496 Evagrius
1465 1432 1817 1502 philosophus

229 1508 351 1575 tibi,
383 1510 724 1566 sanctissimo
751 1514 970 1569 domino
1020 1520 1246 1588 Syuesio
1276 1523 1530 1591 episcopo
1560 1526 1812 1581 salutem.

229 1599 430 1668 Accepi
462 1602 700 1657 debitum
751 1604 803 1658 itt
837 1606 919 1660 his
972 1608 1164 1664 litteris
1195 1627 1355 1665 manu
1398 1624 1485 1667 tua
1534 1614 1813 1682 conscrip-

232 1694 832 1766 tutn,satisfacwmque
855 1699 984 1753 mihi
1007 1703 1401 1767 est,etnnllum
1433 1718 1616 1761 contra
1648 1720 1699 1762 te
1722 1691 1816 1761 ha.-

1922 518 2318 562 consueverunt
2366 511 2661 582 presbyteri
2714 517 2884 570 sancti
2937 518 3183 573 sacrificii
3234 522 3509 581 orationes

1922 598 2298 665 pronuntiare,
2353 604 2499 669 pttcri
2533 613 2588 655 ut
2618 606 2836 674 propius
2878 618 3116 663 astantes
3166 625 3363 681 smptus
3409 630 3503 671 eas

1920 687 2185 743 audiendo
2212 690 2529 747 didicerant.

1991 777 2122 834 Cum
2157 779 2317 850 igitur
2344 785 2521 837 omnia
2571 788 2862 842 secundum
2907 792 3325 849 ecclesiasticam
3350 868 3353 871 _
3377 810 3507 849 con-

1920 873 2252 926 suetudinem
2288 873 2883 949 fecissent,priusquam
2918 899 3081 949 panes
3108 883 3418 954 frangerent
3440 903 3505 941 ae

1919 966 2396 1033 communicarent,
2425 968 2564 1037 ignis
2592 972 2802 1025 cmlitus
2846 974 3118 1043 delapsus,
3152 993 3271 1048 quae
3304 996 3501 1048 prope-

1921 1055 2025 1109 sita
2052 1065 2208 1110 erant
2239 1062 2573 1129 consumpsit
2598 1065 2799 1129 omnia,
2833 1080 3129 1136 saxumque
3160 1080 3327 1124 totum
3360 1086 3510 1126 com-

1920 1147 2114 1214 bussit,
2148 1150 2216 1201 ita
2246 1161 2300 1202 ut
2330 1151 2459 1204 nilnl
2490 1155 2711 1208 omnino
2744 1172 2912 1225 neque
2943 1161 3086 1224 saxi,
3122 1176 3296 1230 neque
3322 1177 3506 1218 eorum

1919 1256 2037 1310 qua:
2074 1243 2287 1297 fuerant
2319 1247 2657 1315 superposita
2691 1248 3099 1318 relinqueretur.
3148 1252 3259 1307 Hoc
3289 1264 3510 1323 repente

1922 1331 2121 1386 factum
2172 1349 2291 1388 cum
2335 1338 2484 1403 pueri
2516 1339 2794 1402 vidissent,
2830 1341 2882 1394 in
2935 1350 3136 1395 terram
3181 1358 3368 1400 omnes
3400 1361 3509 1415 pra:

1919 1424 2110 1479 timore
2126 1438 2469 1492 corruerunt,
2493 1443 2555 1483 ac
2580 1428 2781 1484 diutius
2809 1431 3051 1488 semiviri
3075 1446 3506 1504 permanserunt,

1918 1531 2091 1585 neque
2114 1534 2396 1587 erumpere
2424 1535 2633 1587 vocem,
2668 1538 2839 1593 neque
2866 1524 2931 1579 de.
2989 1535 3129 1581 terra
3161 1543 3381 1599 surgere
3412 1546 3505 1584 va-

1920 1609 2112 1664 lentes.
2145 1610 2276 1665 Cum
2298 1628 2422 1666 vero
2452 1627 2560 1666 non
2593 1615 3061 1671 redirentdomum
3090 1618 3218 1673 hora
3245 1636 3348 1690 qua
3378 1637 3504 1677 con-

1923 1714 2213 1756 sueverant
2244 1705 2463 1771 reverti,
2494 1706 2587 1760 sed
2623 1710 2794 1775 pavidi
2826 1708 2877 1763 in
2912 1713 3218 1779 pavimento
3239 1713 3501 1784 jacercnt,

228 1780 333 1836 beo
359 1782 447 1852 jus
501 1798 721 1855 propter
773 1806 960 1843 :turttm
1007 1795 1147 1861 quod
1204 1795 1327 1850 dedi
1378 1796 1494 1865 tibi,
1528 1808 1583 1853 et
1635 1816 1728 1869 per
1767 1811 1817 1856 te
1848 1789 1893 1848 Β
1925 1793 2171 1847 exierunt
2197 1810 2229 1849 e
2268 1796 2393 1849 villa
2428 1807 2677 1864 parentes
2722 1814 2930 1860 eorum.
2963 1811 3021 1855 ut
3060 1802 3307 1859 viderent
3350 1807 3505 1875 cuius

228 1872 449 1930 Christo
483 1878 592 1932 Deo
615 1889 671 1934 et
698 1881 962 1937 Salvatori
995 1898 1199 1943 nostro.
1224 1906 1241 1939 ι
1269 1890 1367 1958 Qui
1395 1907 1522 1945 vero
1549 1907 1814 1950 convene-

228 1976 373 2031 rant,
406 1968 509 2024 hoc
538 1972 781 2027 videntes
807 1975 1283 2044 obstupuerunt,et
1312 1997 1407 2050 per
1435 1986 1627 2038 multas
1655 1987 1812 2042 horas

227 2058 621 2127 clamaverum,
654 2063 817 2133 Kyric
855 2067 1080 2133 eleison,
1127 2072 1484 2141 glorificantes
1513 2077 1674 2130 Deum
1721 2079 1811 2148 qui

222 2151 355 2207 facit
401 2156 695 2220 mirabilia,
731 2162 999 2232 talemque
1042 2179 1104 2218 ac
1151 2176 1348 2220 tantam
1400 2172 1626 2237 prorniss
1648 2187 1808 2227 onum

221 2260 445 2301 suarum
476 2251 799 2304 evidentiam
827 2254 919 2306 dat
941 2257 1117 2311 servis
1144 2260 1224 2311 sui
1261 2297 1274 2311 .

305 2337 595 2394 Asseretiat
626 2352 803 2397 autem
846 2354 901 2399 et
930 2346 1031 2401 hoc
1076 2347 1216 2402 idem
1249 2350 1500 2407 d0nsinus
1529 2352 1806 2425 Leontius,

220 2431 529 2487 cautionem
579 2434 723 2488 illam
756 2451 915 2491 manu
965 2440 1269 2511 philosophi
1301 2446 1660 2515 subscriptam
1689 2466 1807 2505 ser-

228 2525 341 2578 vari
376 2539 544 2594 usque
565 2528 745 2593 hodie,
775 2541 937 2596 atque
969 2534 1277 2593 ittsacrario
1306 2548 1507 2593 sancta:
1535 2542 1808 2610 Cyrenen-

223 2612 302 2667 sis
334 2616 581 2670 ecclesia.-
609 2621 906 2685 custodiri;
951 2633 1007 2677 et
1049 2625 1354 2696 quicunque
1380 2633 1595 2684 sacrati:
1626 2645 1809 2689 custos

227 2706 631 2775 ingrederetur,
664 2712 803 2767 hanc
835 2714 908 2767 illi
937 2730 1058 2769 cum
1088 2730 1238 2771 cretei
1256 2726 1301 2773 is
1332 2723 1471 2776 vasis
1518 2727 1688 2779 sacris
1723 2741 1809 2780 as-

219 2800 426 2869 signari
449 2804 853 2859 custodiendam
876 2822 998 2862 cum
1026 2810 1173 2864 omni
1192 2812 1487 2882 diligentia,
1504 2827 1661 2887 atque
1683 2833 1806 2873 eum

219 2890 479 2961 deinceps
502 2898 794 2952 successori
817 2913 917 2953 suo
940 2902 1197 2971 integram
1220 2901 1367 2959 illam
1394 2906 1809 2980 inviolatamque

220 2987 628 3055 reconsiguare.

749 3082 980 3140 CAPUT
1019 3086 1247 3143 CXCVI.

1918 1886 1998 1939 rei
2030 1887 2200 1955 gratia
2235 1899 2499 1944 consueto
2530 1890 2768 1962 legitimo
2815 1903 3056 1963 tempore
3105 1911 3209 1951 non
3256 1900 3506 1955 revertis-

1916 1984 2057 2029 sent.
2108 1977 2325 2047 Egressi
2372 1989 2550 2034 autetn
2606 1997 2800 2046 pueros
2827 2000 3019 2040 omnes
3074 1987 3217 2042 humi
3263 1989 3506 2057 jacentes

1915 2069 2254 2138 invenerunt,
2300 2090 2473 2145 neque
2502 2089 2858 2147 agnoscentes
2886 2082 3116 2150 aliquos,
3149 2101 3323 2155 neque
3354 2087 3499 2156 loqui

1912 2177 1973 2218 se
2002 2165 2398 2233 alloquentibus
2431 2170 2690 2225 valentes.
2713 2170 2973 2227 Parentes
2998 2174 3178 2244 ittque
3207 2179 3500 2237 semiviros
3555 2176 3560 2182 “

1919 2267 2011 2308 eos
2036 2255 2379 2324 aspicientes,
2396 2262 2763 2331 unusquisque
2783 2265 2949 2318 filium
2966 2282 3119 2320 suum
3142 2281 3503 2339 assumentes.

1913 2344 2133 2400 domum
2165 2349 2490 2413 retulerunt,
2519 2353 2870 2422 videntesqtre
2899 2374 3088 2425 pueros
3121 2360 3169 2413 in
3195 2360 3504 2430 hujnsmodi

1914 2450 2141 2491 exce-sn
2169 2443 2370 2495 diutius
2401 2449 2677 2508 duratttcs,
2712 2448 3049 2503 mirabantur
3078 2452 3331 2522 nimium,
3378 2471 3505 2511 cau-

1912 2539 2026 2580 sam
2059 2530 2297 2594 stuporis
2327 2547 2515 2586 eorum
2546 2536 2767 2589 omnino
2816 2539 3142 2607 ignorantes,
3177 2559 3274 2598 nec
3302 2545 3504 2601 discer-

1912 2633 2041 2673 nere
2073 2620 2334 2688 valeutes,
2369 2626 2672 2694 stepinsque
2696 2628 2819 2682 illos
2850 2647 2944 2696 per
2970 2641 3136 2685 totum
3164 2635 3305 2689 diem
3335 2636 3500 2692 inter-

1910 2726 2180 2783 rogantes,
2203 2732 2512 2788 responsum
2531 2722 2731 2776 nullum
2750 2723 2993 2792 accipere
3007 2727 3164 2781 abeis
3184 2739 3497 2798 potuerunt,

1912 2816 1969 2861 et
2016 2824 2135 2876 qua:
2188 2810 2292 2865 illis
2338 2813 2646 2868 acciderant
2682 2817 2820 2870 scire
2846 2833 3065 2872 omnino
3122 2834 3497 2891 nequiverunt.

1910 2898 2085 2954 donec
2113 2900 2230 2956 dies
2262 2903 2349 2956 illa
2382 2914 2437 2957 ct
2469 2921 2573 2959 nox
2610 2915 2718 2960 tota
2764 2912 3041 2974 pra-teriit.
3080 2912 3227 2969 Tunc
3255 2916 3397 2969 enim
3444 2928 3500 2972 et

1913 2997 2061 3061 pueri
2096 2999 2347 3063 paulatim
2379 3001 2430 3053 itt
2462 3017 2522 3055 se
2546 3004 2691 3069 ipsos
2723 3006 2942 3070 reversi,
2972 3017 3164 3063 cuncta
3199 3011 3328 3075 ipsis
3353 3021 3499 3068 retu-

1915 3085 2095 3138 lerunt
2141 3104 2257 3144 eum
2304 3102 2453 3157 gesta
2483 3092 2711 3152 fuerant,
2739 3104 2791 3147 et
2820 3110 2938 3160 qua:
2986 3095 3093 3150 illis
3141 3102 3496 3171 contigerant.

222 3166 731 3262 Mirorufumuquod
767 3178 936 3245 pueris
981 3178 1367 3262 Apamensibus
1417 3187 1666 3256 contigit,
1714 3192 1802 3258 qui

1918 3176 2263 3234 Assumentcs
2291 3195 2416 3233 vero
2446 3195 2694 3249 parentes
2725 3199 2763 3238 si
2791 3199 2851 3238 os
2883 3196 2936 3239 et
2967 3204 3154 3243 omnes
3196 3192 3296 3245 luci
3332 3193 3499 3262 ipsius

314 3244 442 3312 joco
482 3243 629 3295 verba
665 3243 857 3300 such
903 3243 1298 3306 cotrsécratioms
1337 3243 1681 3323 protulerunt.

291 3351 543 3409 Narratit
567 3355 719 3411 nobis
743 3358 1035 3429 Gregorius
1060 3363 1325 3423 Africum:
1357 3371 1645 3436 prnrinei'e
1671 3390 1805 3441 prm-

221 3444 416 3510 fectus,
443 3448 614 3501 tidelis
642 3451 742 3516 vir,
760 3460 816 3505 et
844 3460 1226 3510 mmachnrntn
1249 3476 1313 3514 ac
1341 3477 1628 3531 paupeiutn
1652 3484 1802 3522 ama-

219 3547 323 3601 tor,
360 3538 619 3607 ltonisque
645 3546 893 3598 omnibus
922 3562 1135 3616 semper
1162 3559 1505 3621 ciingaudens
1536 3576 1547 3611 :

290 3631 346 3684 In
383 3634 681 3699 provincia,
720 3634 910 3704 inquit,
945 3655 1061 3693 mea
1095 3641 1225 3710 (erat
1256 3655 1433 3701 autem
1467 3653 1804 3717 Apamtensis

216 3724 470 3778 secunda:
499 3726 758 3796 Syrorum
792 3732 1098 3802 provincia',
1127 3750 1194 3789 ex
1219 3740 1415 3806 oppido
1442 3742 1585 3808 quod
1609 3745 1804 3800 dicitur

215 3821 456 3889 'lhnrax)
480 3840 606 3893 ager
637 3839 719 3880 cst
750 3829 814 3881 ab
845 3832 973 3885 ttthe
1004 3833 1153 3899 quasi
1182 3836 1533 3906 quadraginta
1559 3840 1803 3894 milliari-

216 3914 317 3968 hus
363 3915 587 3983 distans,
614 3919 703 3990 qui
739 3921 991 3990 Gonagus
1020 3925 1247 3991 dicitur;
1299 3929 1352 3983 in
1410 3930 1545 3997 hoc,
1591 3934 1705 3988 sive
1747 3935 1800 3990 in

213 4007 333 4075 ejus
362 4010 560 4064 finibus
591 4013 739 4080 pueri
765 4017 1055 4082 pascebant
1089 4035 1304 4088 pecora,
1338 4034 1392 4077 et
1422 4034 1478 4078 tit
1503 4027 1643 4081 solet
1674 4042 1805 4099 pue-

214 4099 290 4151 ris
315 4100 652 4170 cnnliugcre,
683 4107 873 4171 puerili
903 4110 1294 4165 consuetudine
1312 4114 1476 4185 926
1516 4118 1804 4173 voluerunt

214 4190 425 4247 ludere.
478 4194 722 4265 Cumque
771 4197 1038 4266 luderent,
1085 4204 1338 4260 dixerunt
1391 4210 1458 4263 ad
1522 4210 1800 4267 invicem:

217 4282 409 4339 Venite
438 4287 772 4344 ceh-bremus
794 4293 1032 4357 missam,
1063 4305 1119 4350 et
1143 4297 1426 4355 offeramus
1449 4303 1797 4369 sacrificium.

213 4384 266 4429 et
319 4381 806 4448 communieemus,
859 4385 1015 4440 sicuti
1083 4403 1298 4458 semper
1359 4394 1411 4447 in
1473 4406 1658 4450 sancta
1708 4412 1797 4453 ec-

211 4466 378 4522 clesia
419 4471 700 4542 presbyter
741 4474 887 4528 facit.
913 4475 1064 4545 Quod
1110 4493 1230 4533 cum
1280 4482 1564 4549 placuisset
1620 4489 1797 4544 omni-

1913 3270 2257 3334 habitatores,
2290 3277 2491 3344 egressi
2520 3288 2665 3343 sunt,
2696 3287 2752 3332 ct
2775 3280 2950 3334 locum
3000 3284 3079 3336 eis
3108 3288 3478 3355 ostenderunt,

1910 3363 1962 3416 in
1990 3380 2095 3430 quo
2125 3366 2439 3422 ntirabilitdr
2470 3370 2569 3423 ἰδίει
2601 3372 2961 3441 contigerant,
2996 3377 3219 3449 vestigia
3247 3384 3491 3451 qurcdam

1908 3455 2075 3522 elapsi
2105 3458 2240 3515 inuis
2264 3458 2591 3518 indic-antes.

1977 3549 2273 3606 Audientes
2302 3568 2430 3607 vero
2457 3571 2575 3620 qua:
2612 3555 2747 3610 facta
2777 3556 3008 3625 fuerant,
3041 3572 3095 3616 et
3124 3562 3254 3632 ipsis
3284 3565 3497 3622 indiciis

1906 3654 2085 3695 rerum
2118 3643 2401 3707 admoniti,
2433 3645 2487 3699 itt
2535 3646 2808 3702 civitatem
2840 3664 3189 3707 cucurrerunt
3210 3695 3224 3717 ,
3269 3667 3493 3713 cuncta-

1906 3746 2011 3801 que
2053 3736 2309 3803 cpiscopo
2338 3735 2569 3790 civitatis
2617 3741 3003 3795 nuntiaverunt
3035 3761 3047 3795 :
3081 3744 3171 3814 qui
3215 3749 3498 3815 perculsus

1908 3825 2274 3892 magnitudine
2308 3838 2361 3881 et
2411 3832 2647 3883 novitate
2694 3834 2960 3898 miraculi,
2988 3850 3109 3888 cum
3155 3840 3300 3893 omni
3350 3840 3496 3896 clero

1907 3913 2135 3967 festinus
2161 3920 2417 3981 accurrit,
2445 3919 2739 3989 vidensque
2767 3938 2985 3991 pueros,
3012 3933 3064 3979 et
3111 3943 3295 3982 rursus
3323 3931 3391 3984 ab
3418 3930 3497 3987 eis

1905 4021 2026 4074 qua:
2052 4017 2349 4063 evenerant
2377 4011 2619 4075 audiens,
2650 4021 2704 4066 et
2726 4014 2961 4069 cmlesds
2987 4016 3124 4083 ignis
3151 4022 3374 4088 vestigia
3415 4024 3496 4079 in~

1907 4107 2082 4165 tuens,
2119 4116 2314 4168 pueros
2354 4102 2571 4170 quidem
2614 4122 2804 4163 omnes
2824 4110 3080 4165 continuo
3120 4113 3172 4169 in
3222 4129 3495 4176 monaste-

1906 4193 2041 4244 rium
2076 4192 2321 4259 immisit,
2349 4198 2521 4249 loentn
2564 4213 2691 4252 vero
2721 4202 3101 4256 tunuaswriutn
3131 4203 3254 4258 fecit
3299 4209 3494 4265 Ιηςίςεί-

1906 4298 2074 4349 nuun,
2112 4300 2272 4354 supra
2292 4285 2467 4341 locum
2499 4301 2675 4344 autem
2704 4290 2840 4359 ignis
2858 4295 3141 4351 ecclesiam
3167 4300 3490 4368 construxit,

1905 4384 1960 4427 et
1989 4387 2231 4429 sanctum
2257 4377 2435 4431 erexit
2461 4380 2652 4434 altare.

1984 4466 2204 4521 Dicebat
2231 4477 2408 4524 autem
2444 4470 2556 4538 ipse
2571 4470 2802 4527 domnus
2830 4474 3118 4546 Gregorius
3140 4479 3485 4539 fidelissimus

216 4560 336 4626 bus,
371 4566 708 4618 constituunt
743 4580 807 4621 ex
840 4566 918 4620 eis
961 4585 1121 4622 ttnmn
1161 4572 1212 4625 in
1243 4573 1430 4631 ordine
1461 4580 1795 4650 presbyteri,
1830 4558 1883 4617 D
1906 4558 2012 4625 "ir:
2043 4575 2201 4612 "nm"
2234 4574 2295 4615 5°
2340 4561 2564 4616 ίδιοΐυιη
2615 4580 2900 4631 puerorum
2933 4570 3233 4637 aspexisse,
3259 4573 3485 4641 ejusque

213 4651 458 4722 duosque
503 4655 637 4710 alios
691 4672 889 4723 pueros
925 4660 977 4715 iu
1028 4662 1395 4720 ministrorum
1451 4670 1643 4736 officio,
1703 4689 1794 4729 ve-

211 4748 473 4816 niuntque
494 4748 560 4801 ad
588 4763 780 4804 saxum
812 4752 1075 4821 quoddam
1096 4756 1271 4825 (erant
1295 4761 1437 4814 enim
1472 4764 1521 4815 in
1557 4765 1797 4839 planitie)

208 4852 272 4891 ac
303 4854 465 4907 supra
494 4855 680 4895 saxum
730 4842 783 4896 itt
832 4861 1036 4901 morem
1066 4849 1249 4902 altaris
1279 4866 1551 4919 apponunt
1582 4873 1795 4925 panem,

204 4937 258 4983 et
280 4944 378 4984 ras
410 4939 637 4986 testeum
670 4948 789 4989 cum
820 4936 943 4990 vino
971 4954 984 4990 :
1010 4940 1392 5011 assistuntquc,
1419 4962 1553 5000 unus
1579 4955 1792 5017 quidem

203 5037 391 5079 coram
436 5024 616 5090 altari,
647 5028 737 5097 qui
767 5028 1086 5098 fungebatur
1111 5033 1291 5088 officii»
1331 5040 1649 5110 presbyteri,
1683 5060 1779 5100 me

204 5115 347 5179 dius,
380 5116 487 5171 duo
537 5134 665 5174 vero
694 5122 785 5175 alii
829 5123 957 5178 hinc
1000 5138 1161 5196 atque
1201 5128 1324 5184 hinc
1349 5133 1513 5189 veluti
1542 5135 1794 5194 trinistri.

205 5208 273 5263 Et
298 5209 391 5263 ille
429 5211 643 5280 quidem
682 5226 882 5269 sanctae
915 5217 1201 5274 oblationis
1245 5223 1405 5277 verba
1452 5226 1682 5296 dicebat,
1720 5232 1793 5286 illi

203 5314 339 5355 vero
362 5300 601 5358 fasciolis
627 5321 747 5376 qua:
793 5308 1129 5377 ferebantur,
1161 5328 1258 5382 pro
1288 5315 1514 5373 flabellis
1559 5330 1789 5388 utentes,

204 5407 393 5446 auram
424 5395 710 5452 faciebant.
740 5399 842 5468 Qui
876 5416 1003 5456 vero
1033 5404 1332 5477 presbyteri
1361 5407 1681 5480 fungebatur
1707 5414 1769 5469 of
1780 5448 1789 5457 -

202 5487 348 5553 ficio,
403 5487 527 5542 ideo
577 5501 780 5545 sancta:
829 5493 1120 5550 oblationis
1162 5499 1325 5554 verba
1370 5503 1618 5569 sciebat,
1668 5507 1791 5575 quia

201 5586 543 5640 consuetudo
573 5586 668 5642 fuit
697 5589 750 5643 in
779 5592 1030 5657 ecclesia,
1063 5603 1120 5648 ιιι
1153 5597 1302 5663 pueri
1346 5598 1399 5653 in
1453 5602 1633 5658 missis
1663 5618 1788 5660 ante

199 5677 496 5732 sacrarium
516 5681 852 5749 assisterent,
871 5686 1134 5754 primique
1158 5700 1276 5756 post
1298 5692 1527 5749 clericos
1548 5711 1788 5752 commu-

200 5771 444 5827 nicarent
501 5775 697 5829 sanctis
749 5774 944 5831 Christi
997 5778 1089 5831 υνί
1144 5783 1310 5837 nostri
1361 5789 1784 5859 venerandisquc

1910 4650 2221 4703 monasterii
2277 4650 2365 4704 ubi
2418 4652 2734 4708 miraculum
2800 4658 3105 4723 aet-idcrat,
3166 4664 3484 4719 monachum

1904 4737 2077 4804 ipsum
2108 4741 2446 4805 cognovisse.
2484 4744 2549 4796 Et
2581 4744 2720 4798 istud
2767 4748 2978 4814 quidem
3021 4766 3267 4818 magnum
3299 4768 3484 4808 revera

1901 4845 1966 4885 ac
1992 4832 2233 4885 divinum
2264 4836 2694 4905 stupemlumque
2723 4839 3039 4894 miraculum
3065 4840 3351 4911 Gregorius
3392 4862 3484 4904 ve-

1902 4926 2158 4978 nerabilis
2190 4927 2343 4982 nobis
2373 4938 2531 4983 mtate
2557 4942 2735 4983 nostra
2761 4935 3053 5001 contigisse
3080 4936 3355 4992 enarravit

2433 5044 2659 5100 CAPUT
2705 5045 2955 5101 CXCVII.

1939 5154 2138 5209 Ilelatio
2191 5154 2375 5225 litt/ﬁni
2409 5157 2470 5211 de
2506 5159 2994 5235 mactabat/mundo
3032 5171 3081 5217 et
3118 5163 3237 5218 aliis
3277 5169 3449 5235 pueris

2541 5228 2824 5284 sodalibus.

1974 5337 2212 5392 lluflinus
2229 5350 2403 5393 autem
2428 5340 2518 5408 qui
2538 5340 2956 5398 ceclcsiasticam
2973 5361 3019 5400 ct
3041 5351 3292 5420 nteripsit
3309 5352 3478 5409 histo-

1903 5425 2061 5493 riam,
2095 5429 2271 5484 simile
2322 5431 2573 5497 quiddam
2602 5431 2769 5500 pri--ri
2807 5445 2969 5490 aetate
3001 5449 3207 5509 gestum
3234 5458 3261 5493 a
3301 5447 3481 5511 [Vneris

1900 5516 2207 5574 ludentibus
2236 5530 2439 5575 narrat.
2469 5524 2560 5575 Ait
2584 5526 2747 5590 enim,
2773 5540 2894 5581 eum
2929 5532 3151 5596 puerilia
3174 5537 3485 5593 conscribe-

1897 5618 1980 5663 ret
2022 5611 2299 5664 Athanasii
2348 5614 2690 5679 sanctissimi,
2739 5619 2912 5689 ηιξςηί
2963 5627 3370 5689 propugnatoris
3417 5641 3479 5682 ac

1898 5706 2161 5769 pnecouis
2194 5704 2437 5757 veritatis
2478 5722 2791 5779 magna-que
2838 5712 3217 5767 Alexandrina:
3247 5714 3477 5772 civitatis

1895 5794 2159 5865 episcopi,
2187 5805 2239 5849 ct
2270 5795 2418 5848 orbis
2464 5800 2627 5855 totius
2676 5804 2911 5859 doctoris
2955 5802 3157 5875 inclyti,
3209 5808 3478 5879 quomodo
