3982 6354
438 292 547 354 227
1605 293 1691 350 DE
1728 290 1909 349 VITIS
1944 287 2054 345 PA?

2166 285 2230 342 lM
2271 284 2474 341 LIBER
2514 288 2578 341 Χ.
3621 282 3731 341 ω

441 414 651 471 scilicet
676 412 843 481 ipsius
866 411 1132 479 promotio
1152 410 1221 466 ad
1252 409 1618 480 episcopatum
1648 424 1713 463 ex
1743 404 2028 477 przrscieu-
2064 404 2110 461 A
2139 402 2421 469 prmterire
2445 399 2790 469 persuadeat,
2824 397 3107 453 multitudo
3139 411 3269 453 vero
3293 406 3567 468 gestorum
3609 396 3730 469 pln-

443 511 517 563 tia
552 506 730 561 divina
765 506 974 560 initium
1004 504 1345 574 sumpsisset.

517 599 867 666 Consequens
895 608 1073 653 autem
1127 596 1258 650 mihi
1317 593 1527 649 videtur
1577 606 1719 656 esse,
1762 603 1932 660 pauca
1963 586 2032 642 de

442 695 541 747 viri
562 692 876 762 antiquitate
897 696 1232 760 repetere,et
1245 687 1416 758 qualis
1444 699 1474 737 a
1501 698 1665 754 puero
1694 680 1857 738 luerit
1882 681 2029 745 vitm,

451 787 695 856 qualisve
721 784 973 849 instituti,
1007 781 1344 847 meminisse,
1367 774 1823 848 quemadmodum
1852 774 1921 827 ab
1952 771 2035 826 his

450 883 545 951 qui
589 893 711 933 cum
762 876 854 932 illo
909 872 1324 929 familiarissime
1380 871 1670 936 vixerunt,
1728 868 2037 937 accepimus

449 974 664 1042 (Ra/72.
716 972 757 1026 l.
797 986 815 1026 ι
858 970 999 1026 Hist.
1039 984 1087 1024 ε.
1120 967 1185 1021 Η
1214 968 1253 1036 ).
1307 965 1388 1021 Eo
1429 964 1590 1035 igitur
1636 971 1880 1031 tempore
1930 973 2038 1029 quo

460 1065 766 1121 Alexander
807 1062 1177 1118 sanctissimus
1208 1056 1586 1114 Alexandrinae
1636 1052 1889 1108 Ecclesia:
1922 1058 2039 1119 post

450 1157 717 1212 Achillam
750 1163 998 1226 praeerat,
1024 1157 1175 1222 juxta
1219 1150 1625 1221 praedictionem
1669 1144 1840 1200 sancti
1894 1144 2035 1199 Petri

447 1246 836 1318 archiepisc0pi
856 1254 906 1300 et
932 1244 1209 1316 martyris,
1236 1243 1326 1312 qui
1350 1241 1569 1311 impium
1602 1241 1787 1293 Arium
1818 1239 2039 1293 damna-

448 1343 553 1406 vit;
610 1356 728 1396 cum
780 1340 867 1393 die
923 1337 1150 1407 quadam
1200 1350 1269 1391 ex
1329 1334 1691 1389 eminentiore
1733 1332 1854 1387 loco
1892 1343 2038 1385 mare

455 1438 786 1499 intueretur,
836 1438 1043 1503 aspexit
1100 1443 1296 1501 pueros
1345 1429 1396 1482 in
1447 1428 1625 1482 littore
1669 1426 1942 1489 ludentes,
1988 1430 2046 1477 ut

458 1527 793 1584 consuetudo
822 1525 1006 1596 pueris
1053 1532 1157 1588 eat,
1190 1523 1608 1591 episeopumque
1661 1519 1952 1580 imitantes,
1981 1529 2046 1568 ac

455 1620 852 1677 ecclesiasticos
900 1618 1037 1671 ritus
1088 1629 1299 1670 omnes.
1329 1613 1461 1669 Cum
1493 1626 1622 1682 ergo
1673 1626 1870 1679 pueros
1920 1609 2046 1661 illos

455 1713 655 1769 diutius
676 1712 996 1775 intueretur,
1026 1707 1231 1776 majora
1255 1705 1495 1775 quaedam
1525 1715 1580 1759 et
1603 1712 1898 1758 sacratiora
1926 1701 2046 1755 illos

456 1806 676 1877 aggredi
721 1810 980 1873 mysteria
1008 1799 1176 1853 videt.
1220 1798 1489 1853 Turbatus
1538 1797 1719 1865 itaque
1764 1796 2039 1859 continuo,

454 1896 686 1952 clericos
714 1894 985 1948 advocans
1013 1892 1093 1946 eis
1150 1889 1408 1955 ostendit,
1441 1902 1560 1959 qua:
1602 1890 1717 1957 ipse
1746 1899 2045 1955 conspexe-

455 1985 1024 2055 rat,pr:ecepitquent
1051 1982 1192 2035 irent
1226 1990 1280 2036 et
1304 1994 1499 2049 pueros
1525 1992 1713 2034 omnes
1743 1977 2045 2045 apprehen—

460 2081 671 2143 derent,
703 2077 864 2148 927
890 2084 1050 2144 atque
1079 2074 1144 2129 ad
1167 2088 1225 2128 se
1252 2073 1605 2127 adducerent.
1639 2072 1926 2125 Venientes
1951 2068 2048 2138 igi-

464 2181 551 2225 tur
582 2183 778 2239 pueros
806 2172 1103 2236 interrogat
1124 2166 1259 2237 fquis
1290 2165 1370 2220 eis
1419 2165 1575 2219 ludus
1616 2163 1793 2230 fuerit,
1828 2162 2043 2233 quidve,

463 2276 517 2318 et
539 2261 806 2332 quomodo
832 2260 1120 2331 gesserint.
1147 2258 1225 2312 llli
1249 2272 1397 2322 vero,
1429 2265 1613 2327 utpote
1639 2256 1806 2326 pueri,
1836 2265 2045 2325 perter-

473 2355 583 2421 riti,
608 2355 674 2407 ab
702 2352 853 2407 initio
886 2350 1100 2422 quidem
1125 2363 1324 2419 negare
1356 2358 1635 2418 coeperunt
1653 2388 1667 2413 ,
1711 2358 1893 2418 postea
1918 2360 2049 2401 vero

464 2454 628 2499 totam
685 2443 880 2499 seriem
938 2448 1340 2513 exposuerunt,
1399 2439 1744 2510 confessique
1800 2448 1925 2493 sunt
1988 2452 2049 2493 se

461 2536 718 2606 quosdam
752 2535 1051 2605 baptizasse
1084 2532 1504 2589 catechumenos
1534 2546 1630 2601 per
1660 2531 2045 2597 Athanasium,

467 2645 625 2697 quem
655 2628 752 2683 sibi
785 2628 932 2698 pueri
964 2628 1277 2696 episcopum
1306 2629 1565 2679 fecerant.
1602 2624 1751 2679 Tunc
1779 2625 1938 2694 igitur
1966 2623 2048 2678 di-

468 2720 701 2790 ligenter
731 2720 1005 2788 inquirens
1043 2717 1112 2770 ab
1155 2718 1240 2783 iis,
1270 2724 1326 2771 et
1354 2717 1571 2784 quinam
1618 2717 1871 2783 baptizati
1921 2716 2053 2769 tuis-

465 2823 608 2880 sent,
633 2822 683 2869 et
717 2814 1228 2882 quid,etquomodo
1256 2812 1590 2883 interrogati,
1614 2813 1807 2883 quidve
1839 2826 2049 2882 respon-

465 2906 704 2973 dissent;
736 2922 857 2962 cum
884 2908 951 2962 ab
976 2922 1042 2963 eo
1085 2908 1177 2977 qui
1208 2909 1668 2977 interrogaverat,
1692 2915 1881 2961 cuncta
1914 2905 2055 2960 didi-

462 3000 649 3067 cisset,
682 3010 958 3068 comperto
1004 3000 1147 3072 quod
1192 3001 1371 3055 omnia
1411 3001 1564 3069 juxta
1593 2998 1752 3053 ritum
1783 2996 2055 3067 religionis

468 3103 665 3146 nostrze
702 3094 1055 3162 peregissent,
1086 3108 1199 3147 rem
1246 3092 1300 3146 in
1343 3106 1628 3147 commune
1672 3105 1793 3145 cum
1842 3088 2054 3144 clericis

2136 494 2268 546 rima
2286 500 2465 547 tacere
2483 493 2792 560 compellat.
2820 493 3064 546 Fluctuat
3084 492 3264 562 itaque
3282 493 3529 560 ambigua
3552 506 3725 555 utens.

2137 599 2311 653 neque
2337 585 2496 655 plane
2522 584 2841 655 dignoscere
2865 586 3009 639 valet
3038 584 3164 655 quid
3195 586 3561 647 conscribere,
3593 586 3724 655 quid

2137 679 2387 732 omittere
2417 677 2627 733 debeat.
2661 679 2837 749 Atque
2869 678 2991 733 ideo
3032 692 3322 747 paucorum
3354 678 3718 745 meminimus,

2137 784 2257 839 quae
2278 769 2344 825 ad
2368 784 2481 823 rem
2513 769 2808 839 pertinent;
2840 767 3043 838 reliqua
3073 782 3201 823 vero
3245 770 3383 821 fama
3422 768 3725 830 enarrabit,

2138 876 2259 930 quae
2289 858 2532 929 profecto
2562 860 2768 915 minora
2790 875 2949 929 quam
2981 874 3041 915 se
3078 859 3270 915 habeat
3310 860 3508 914 veritas
3554 874 3727 914 enun-

2139 956 2312 1021 tiabit,
2340 957 2549 1012 veritati
2573 956 2769 1026 quippe
2795 955 2924 1008 nihil
2954 955 3155 1009 addere
3182 956 3390 1023 poterit.

2662 1047 2894 1102 CAPUT
2923 1045 3192 1100 CXCVIII.

2144 1141 2427 1210 Responsio
2456 1141 2620 1193 sant-ti
2664 1140 2932 1193 Athanasii
2968 1139 3193 1204 episcopi
3227 1136 3732 1199 Alexandrinimam

2494 1212 2608 1281 quis
2629 1212 2738 1264 sine
2776 1211 2877 1278 ﬁde
2901 1210 3156 1277 baptizari
3182 1209 3366 1276 possit.

2214 1306 2575 1375 Interrogatus
2594 1312 2678 1359 est
2697 1303 2990 1371 aliquando
3011 1303 3300 1372 prmdictus
3324 1308 3542 1356 sanctus
3559 1299 3729 1355 Atha-

2145 1398 2327 1451 nasius
2371 1406 2651 1466 postquam
2697 1394 3036 1450 Alexandriae
3077 1396 3364 1464 episcopus
3409 1394 3733 1449 constitutus

2154 1489 2273 1553 fuit,
2300 1504 2366 1542 an
2391 1496 2574 1557 posset
2599 1487 2862 1558 quispiam
2893 1488 3011 1544 sine
3040 1488 3143 1545 ﬁde
3160 1489 3416 1558 baptizari
3439 1487 3733 1544 secundum

2153 1580 2312 1633 ritum
2339 1587 2393 1632 et
2416 1578 2844 1648 praedicationem
2869 1579 3325 1645 Christianorum;
3344 1579 3733 1636 autsicredere

2149 1685 2207 1724 se
2238 1660 2531 1738 simulans,
2554 1671 2819 1740 aliquibus
2861 1670 2982 1727 aliis
3021 1672 3394 1728 occasionibus
3429 1671 3736 1741 baptizatus

2076 1779 2122 1837 Β
2151 1759 2358 1825 luisset,
2392 1762 2518 1830 quid
2542 1761 2609 1816 de
2631 1761 2725 1816 illo
2749 1762 3110 1829 sentiendum,
3139 1769 3232 1816 aut
3262 1762 3533 1833 quomodo
3564 1761 3732 1816 susci-

2150 1851 2259 1920 piat
2299 1853 2445 1905 illum
2490 1852 2652 1907 Deus.
2704 1853 2767 1906 Et
2809 1853 3103 1920 respondit,
3135 1853 3323 1909 dicens
3357 1869 3371 1906 :
3411 1853 3609 1907 Audivi
3641 1853 3738 1907 ali-

2147 1940 2395 2010 quandoa
2416 1942 2721 1998 senioribus
2745 1955 2880 1997 nosn
2896 1943 2941 1997 is
2961 1944 3101 2012 quod
3122 1944 3279 1998 beato
3295 1943 3456 1999 Petro
3477 1945 3735 2013 episcopo

2148 2044 2201 2087 et
2227 2033 2468 2102 martyri,
2491 2049 2609 2088 cum
2640 2035 2778 2088 iacta
2814 2046 2958 2088 esset
2984 2035 3300 2100 mortalitas,
3325 2043 3381 2090 et
3402 2035 3647 2104 plerique
3669 2034 3735 2088 ad

2150 2124 2410 2194 baptisma
2442 2126 2631 2180 mortis
2663 2127 2856 2182 timore
2885 2126 3261 2198 confugerent,
3294 2130 3603 2197 apparuerit
3629 2129 3741 2182 An-

2149 2216 2298 2285 gelus
2331 2218 2557 2271 humana
2585 2219 2764 2286 specie
2784 2258 2800 2283 ,
2829 2217 3013 2273 dicens
3058 2237 3071 2275 :
3103 2220 3353 2288 Quandiu
3396 2222 3499 2275 huc
3529 2220 3742 2276 mittitis

2151 2309 2416 2377 marsupia
2447 2309 2569 2375 ista,
2595 2308 2799 2377 signata
2832 2310 3074 2381 quidem,
3104 2311 3281 2366 inania
3310 2321 3490 2368 autem
3517 2328 3743 2383 prorsus

2153 2410 2209 2455 ct
2234 2417 2419 2465 vacua,
2448 2409 2502 2457 et
2522 2403 2654 2457 nihil
2679 2404 2819 2457 intus
2844 2404 3132 2459 habentia?
3157 2405 3326 2460 Erunt
3353 2406 3554 2476 itaque,
3574 2423 3742 2477 quan-

2155 2503 2266 2548 tum
2297 2508 2363 2549 ex
2399 2495 2572 2565 angeli
2601 2510 2733 2551 voce
2762 2496 3032 2565 conjicere
3063 2497 3216 2561 licet,
3244 2499 3452 2567 signum
3486 2499 3745 2554 habentes

2153 2586 2424 2656 baptismi,
2456 2588 2708 2657 quoniam
2750 2595 2805 2643 et
2846 2575 3167 2644 beneﬁcium
3208 2589 3427 2659 aliquod
3469 2590 3744 2645 existima-

2155 2689 2281 2734 runt
2307 2695 2367 2734 se
2396 2677 2682 2750 consequi,
2708 2682 2753 2736 si
2795 2682 3056 2750 baptisma
3085 2682 3437 2752 susciperent,
3468 2690 3628 2752 atque
3658 2681 3743 2738 id-

2157 2771 2301 2826 circo
2331 2772 2581 2841 baptizati
2616 2772 2728 2842 (46)
2760 2782 2903 2828 sunt.

2709 2885 2937 2941 CAPUT
2961 2884 3189 2942 CXCIX.

2162 2995 2364 3052 eratio
2389 2997 2453 3052 de
2471 3014 2590 3053 sene
2612 2999 2831 3067 quodam
2852 3000 3101 3068 simplice,
3126 3001 3213 3070 qui
3232 3016 3347 3053 cum
3369 3013 3747 3056 sacramentum

2585 3069 2819 3139 olfet‘rct,
2845 3071 3052 3140 angelos
3088 3069 3307 3126 videbat.

465 3152 716 3254 agitans;
738 3152 983 3239 deﬁnivit
1011 3152 1069 3240 ut
1089 3184 1304 3252 dicitur,
1329 3200 1422 3240 eos
1453 3186 1541 3251 qui
1566 3184 1833 3254 baptismo
1866 3197 2055 3237 conse-
2081 3152 2131 3217 (ἶ
2231 3182 2475 3239 Narravit
2496 3183 2712 3255 quidam
2741 3185 2977 3252 Patrum,
3001 3185 3142 3255 quod
3166 3198 3331 3241 senex
3357 3185 3578 3256 quidam
3602 3202 3746 3240 mun-

466 3277 597 3330 crati
642 3278 874 3339 inerant,
908 3291 1027 3331 cum
1080 3277 1258 3331 omnia
1308 3277 1453 3331 circa
1485 3290 1543 3330 se
1588 3275 1903 3330 solemniter
1953 3287 2051 3343 pe-

470 3381 619 3427 racta
667 3371 894 3426 fuissent
931 3387 1027 3442 per
1071 3372 1519 3441 interrogationes
1554 3378 1608 3425 et
1652 3367 2053 3438 responsioneS,

467 3464 704 3518 secundo
743 3464 957 3531 quidem
988 3478 1093 3517 non
1120 3474 1371 3531 oportere
1403 3462 1682 3532 baptizari,
1715 3461 1809 3516 sed
1843 3459 2053 3526 impleri

470 3571 533 3611 ea
565 3572 684 3626 qua:
729 3556 905 3610 so‘ent
936 3570 967 3608 a
1011 3556 1386 3611 sacerdOtibus
1434 3554 1570 3610 ﬁeri.
1603 3554 1771 3608 Porro
1823 3553 2062 3609 Athana-

470 3651 633 3712 sium,
671 3660 725 3704 et
754 3658 1001 3715 caeteros,
1033 3663 1165 3719 quos
1198 3650 1285 3704 ille
1312 3660 1371 3703 ut
1422 3649 1731 3704 sacerdotes
1782 3657 1835 3701 et
1878 3646 2047 3701 diaco'

480 3756 580 3796 nos
601 3742 865 3797 habuerat
894 3742 945 3796 in
984 3742 1301 3809 ministerio,
1318 3742 1627 3796 convocatis
1647 3754 1831 3793 eorum
1864 3752 2061 3807 paren-

478 3834 645 3896 tibus,
686 3836 787 3890 sub
816 3834 926 3890 Deo
957 3844 1097 3891 teste
1137 3834 1383 3889 eccles'a:
1429 3832 1673 3895 tradidit,
1707 3840 1764 3883 ut
1814 3830 1919 3883 illic
1959 3843 2060 3883 nu-

475 3928 750 3982 trirentur.

554 4022 759 4077 Modico
790 4025 965 4090 itaque
995 4031 1266 4076 transacto
1289 4031 1551 4086 tempore,
1574 4034 1696 4075 cum
1722 4028 1776 4073 et
1797 4033 1824 4072 a
1854 4014 2063 4070 notario

478 4114 808 4187 perlecte,et
832 4128 862 4167 a
887 4115 1232 4184 grammatico
1253 4114 1579 4167 sufﬁcienter
1603 4109 1719 4179 (45)
1745 4109 2065 4163 Athana~ius

474 4208 587 4277 jam
613 4206 904 4260 instructus
934 4214 1097 4269 esset,
1127 4205 1383 4258 continuo
1410 4203 1563 4271 quasi
1588 4203 1745 4256 ﬁdele
1763 4201 2065 4269 depositum

482 4302 601 4366 Dei,
632 4298 897 4354 sacerdoti
922 4313 950 4350 a
977 4297 1287 4365 parentibus
1311 4296 1558 4364 traditur,
1583 4304 1636 4349 et
1664 4294 1825 4348 veluti
1850 4293 2062 4347 Samuel

479 4394 696 4465 quidem
729 4394 779 4447 in
829 4392 1029 4461 templo
1061 4392 1312 4444 nutritur.
1346 4389 1567 4455 Quoties
1608 4403 1737 4443 vero
1764 4386 2067 4441 Alexander

484 4486 539 4541 in
566 4495 843 4541 senectute
872 4484 938 4537 ad
969 4484 1249 4553 episcopos
1280 4482 1725 4551 proﬁcisceretur,
1757 4480 1855 4535 iste
1878 4494 2067 4548 sequn-

2160 3276 2263 3331 dus
2294 3288 2349 3331 et
2378 3289 2595 3332 sanctus
2622 3280 2878 3345 existens,
2908 3295 3026 3332 cum
3069 3278 3288 3334 olTerret
3317 3287 3744 3343 sacramentum,

2161 3373 2377 3453 videbat
2402 3375 2619 3444 angelos
2645 3374 2745 3427 sibi
2769 3373 2953 3429 dextra
2978 3375 3215 3443 laevaque
3245 3375 3583 3429 assistentes.
3616 3372 3745 3428 Por-

2162 3480 2224 3520 ro
2256 3466 2340 3520 hic
2369 3465 2438 3519 ab
2465 3465 2730 3522 haereticis
2750 3467 3168 3521 consecrationis
3196 3466 3355 3520 ritum
3406 3474 3745 3535 perceperat,

2165 3566 2220 3612 et
2268 3558 2429 3613 veluti
2478 3556 2704 3627 simplex
2756 3566 2813 3613 et
2853 3558 3004 3612 rudis
3057 3558 3355 3612 divinorum
3403 3559 3740 3628 dogmatum,

2165 3652 2379 3721 quando
2399 3650 2681 3716 oﬁerebat,
2706 3651 2757 3705 in
2780 3652 3119 3721 simplicitate
3141 3661 3192 3706 et
3212 3651 3518 3705 innocentia
3544 3649 3755 3703 diccbat

2167 3758 2286 3813 qua:
2311 3757 2414 3796 non
2442 3741 2705 3797 decebant
2733 3744 3024 3798 secundum
3055 3752 3255 3798 rectam
3288 3741 3469 3805 ﬁdem,
3501 3742 3749 3811 ignorans

2168 3834 2308 3903 quod
2342 3833 2634 3889 falleretur.

2245 3926 2347 3980 Per
2370 3927 2606 3980 divinam
2628 3927 2783 3996 igitur
2804 3926 3257 3994 diSpeusationem
3284 3926 3523 3995 perrexit
3547 3925 3611 3979 ad
3634 3941 3754 3979 eum

2172 4017 2424 4072 diaconus
2453 4019 2666 4087 quidam
2698 4017 3049 4087 peritissimus
3075 4018 3381 4071 divinorum
3412 4017 3742 4085 dogmatum.

2173 4109 2399 4180 Contigit
2434 4120 2611 4164 autem
2641 4119 2882 4163 sanctum
2927 4124 3132 4174 senem,
3159 4121 3422 4176 praesente
3453 4109 3564 4175 illo,
3597 4112 3757 4165 sacri-

2178 4205 2351 4258 licinm
2381 4203 2592 4258 oﬁerre.
2628 4203 2767 4256 Dixit
2794 4213 2970 4256 autem
3003 4204 3051 4257 ei
3085 4204 3380 4256 diaconus:
3421 4202 3616 4268 Verba,
3640 4218 3758 4271 qua:

2176 4299 2226 4350 in
2251 4298 2523 4353 nﬁerendo
2548 4296 2750 4360 dixisti,
2783 4305 2941 4350 recta:
2982 4294 3104 4348 ﬁdei
3155 4311 3259 4350 non
3289 4302 3437 4361 sunt,
3464 4294 3560 4350 sed
3591 4295 3760 4351 haere-

2179 4392 2401 4445 ticorum
2434 4400 2487 4444 et
2514 4404 2694 4459 prava:
2733 4388 2999 4458 opinionis
3049 4388 3348 4443 hominum.
3379 4388 3552 4443 Senex
3584 4397 3761 4441 autent

2182 4484 2491 4547 conlidens,
2519 4482 2771 4553 quoniam
2801 4482 3014 4536 videbat
3058 4482 3277 4551 angelos
3313 4481 3438 4535 dum
3468 4479 3761 4565 oﬁ‘ereba‘t,

484 4580 642 4634 batur
683 4592 826 4641 eum,
859 4550 1037 4630 ferens
1066 4550 1348 4629 sacerdotii
1377 4570 1628 4625 amictum
1649 4613 1662 4637 ,
1691 4571 1781 4639 qui
1813 4570 2069 4625 llehraice
2104 4550 2152 4609 Ι)
2182 4595 2283 4631 non
2317 4550 2550 4634 intendii
2574 4577 2657 4631 his
2686 4592 2807 4646 qum
2835 4550 3151 4632 dicebantur;
3171 4592 3200 4630 α
3231 4575 3483 4641 diacono,
3511 4575 3606 4631 sed
3636 4550 3765 4631 οοὶι.

484 4669 856 4740 appellabatur
878 4665 1084 4735 Ephod.

553 4762 721 4815 Tanta
740 4774 871 4829 vero
899 4769 952 4814 et
974 4768 1077 4811 tam
1101 4757 1356 4826 prmclara
1387 4765 1573 4810 contra
1602 4755 1881 4811 hrcreticos
1906 4754 2071 4809 Atha-

492 4853 629 4908 nasii
661 4854 714 4906 in
747 4862 930 4907 sancta
964 4849 1201 4905 Ecclesia
1235 4848 1383 4903 fuere
1409 4850 1727 4916 certamina,
1760 4856 1819 4901 ut
1845 4847 1972 4902 illud
2004 4847 2071 4901 de

489 4957 557 4997 eo
593 4944 847 5011 scriptum
896 4956 1018 4996 esse
1052 4940 1320 5003 videatur,
1354 4939 1495 5008 quod
1536 4938 1735 4993 dictum
1775 4947 1861 4993 est
1893 4957 1906 4991 :
1959 4937 2073 5007 Ego

490 5036 769 5089 ostendam
798 5036 870 5100 ei,
903 5043 1096 5105 quanta
1130 5049 1225 5103 pro
1255 5034 1471 5088 nomine
1502 5047 1621 5088 meo
1647 5034 1795 5088 illum
1827 5041 2074 5104 oporteat

494 5127 623 5196 pati.
666 5126 801 5181 Nam
841 5128 892 5181 in
932 5127 1046 5197 ejus
1085 5127 1509 5197 persecutionem
1569 5135 1712 5182 totus
1749 5126 2076 5197 conspiravit

490 5219 658 5282 orbis,
684 5220 933 5272 commoti
955 5228 1080 5272 sunt
1112 5235 1269 5289 reges
1301 5232 1455 5274 terra:
1502 5228 1557 5274 et
1581 5229 1794 5290 gentes,
1829 5228 1884 5274 et
1913 5235 2074 5287 regna

487 5311 865 5379 exercitusque
904 5320 1090 5364 contra
1138 5310 1282 5364 illum
1322 5322 1714 5368 convenerunt.
1751 5313 1916 5368 Porro
1966 5314 2079 5381 ipse

492 5404 734 5458 divinum
766 5402 894 5457 illud
922 5404 1189 5473 eloquium
1212 5420 1375 5475 opere
1404 5407 1678 5476 implebat,
1709 5422 1815 5477 quo
1836 5407 2032 5462 dicitur
2058 5425 2072 5460 :

494 5499 551 5554 Si
592 5499 883 5577 consistant
922 5501 1202 5556 adversum
1244 5518 1330 5558 me
1367 5513 1563 5568 castra,
1600 5519 1703 5559 non
1737 5505 1944 5560 timebit
1982 5519 2077 5560 cor

500 5606 715 5655 meum;
745 5591 788 5643 si
813 5602 1063 5660 exsurgat
1082 5594 1361 5649 adversum
1392 5609 1478 5649 me
1500 5598 1764 5662 prmlinm,
1784 5598 1834 5651 in
1860 5597 1961 5652 hoc
1982 5613 2081 5667 ego

495 5682 725 5752 Sperabo
745 5681 917 5752 (I'sal.
942 5686 1113 5753 xxvi).
1135 5684 1269 5741 Vere
1287 5686 1428 5742 enim
1450 5696 1593 5741 tanta
1617 5688 1758 5743 illius
1778 5703 1841 5742 ac
1864 5689 1985 5742 talia
2004 5689 2080 5742 fe-

497 5785 688 5830 runtur
716 5790 905 5841 opera,
941 5785 997 5830 ut
1026 5780 1332 5848 magnitudo
1357 5778 1573 5851 quidem
1607 5795 1786 5838 rerum
1821 5782 1952 5838 nihil
1997 5797 2081 5837 me

2180 4670 2411 4735 tempsit.
2445 4666 2707 4721 Diaconus
2734 4675 2912 4720 autem
2962 4665 3300 4735 persistebat,
3336 4665 3521 4721 dicens
3550 4683 3563 4718 :
3591 4664 3760 4721 Falle-

2180 4758 2276 4823 ris,
2306 4758 2474 4822 abba;
2506 4773 2609 4813 non
2634 4759 2775 4812 enim
2809 4758 3041 4812 admittit
3072 4757 3207 4813 ﬁdes
3233 4757 3494 4812 catholica
3525 4761 3624 4812 ista
3652 4774 3767 4828 quae

2183 4852 2345 4917 dicis,
2373 4866 2546 4920 neque
2569 4860 2739 4906 mater
2772 4851 3029 4906 Ecclesia.
3056 4851 3188 4905 Cum
3221 4861 3398 4906 autem
3427 4850 3636 4907 videret
3656 4853 3771 4907 dia-

2181 4946 2302 4999 coni
2334 4942 2692 4998 constantiam
2726 4943 2779 4996 in
2803 4957 2861 4996 se
2885 4942 3158 5013 arguendo
3188 4958 3376 5009 senex,
3408 4952 3570 5013 atque
3594 4944 3649 4998 in
3670 4944 3768 4999 ob-

2178 5039 2381 5095 latione
2411 5038 2633 5093 salutari
2665 5045 2880 5091 sanctos
2913 5038 3155 5106 angelos,
3184 5046 3245 5091 ut
3283 5045 3659 5103 consueverat,
3685 5037 3770 5092 in-

2183 5140 2448 5194 tueretur,
2483 5130 2554 5182 ait
2592 5129 2669 5183 cis
2712 5147 2725 5184 :
2769 5127 3034 5182 Diaconus
3074 5129 3176 5183 iste
3216 5128 3347 5182 mihi
3408 5128 3523 5183 hmo
3562 5136 3619 5183 et
3673 5129 3773 5183 ista

2181 5221 2310 5276 dicit
2351 5237 2364 5274 :
2415 5219 2685 5290 quomodo
2721 5234 2780 5275 se
2816 5220 2982 5291 928
3018 5219 3179 5274 habet
3208 5220 3453 5275 veritas?
3486 5219 3682 5274 Dicunt
3722 5219 3774 5274 ei

2184 5313 2357 5384 angeli
2388 5332 2403 5367 -.
2436 5314 2690 5367 Ausculta
2712 5313 2760 5367 ei
2786 5355 2800 5379 ,
2832 5327 2953 5366 nam
2981 5325 3108 5367 vera
3137 5311 3395 5381 loquitur,
3421 5321 3473 5365 et
3501 5320 3652 5367 recte
3677 5310 3777 5365 ista

2190 5408 2552 5477 prosequitur.
2601 5405 2744 5459 Dixit
2771 5412 2946 5458 autem
2978 5404 3057 5458 eis
3085 5417 3250 5459 senex
3287 5404 3507 5470 :Quare
3534 5416 3633 5459 vos
3671 5418 3776 5457 non

2189 5499 2400 5553 dixistis
2439 5497 2603 5551 mihi?
2637 5497 2893 5551 Dixerunt
2935 5503 3113 5549 autem
3160 5495 3235 5549 illi
3279 5495 3452 5583 angeli
3483 5510 3497 5547 :
3532 5494 3674 5548 Deus
3706 5494 3774 5546 ita

2190 5592 2471 5663 disposuit,
2498 5600 2557 5647 ut
2578 5590 2823 5646 homines
2860 5588 2928 5643 ab
2969 5588 3276 5643 hominibus
3315 5587 3669 5655 corrigantur.
3715 5585 3779 5641 Et

2192 5686 2260 5739 ab
2298 5699 2364 5740 eo
2394 5696 2636 5753 tempore
2673 5670 2951 5739 correctus
2988 5688 3100 5747 est,
3134 5681 3335 5752 gratias
3372 5690 3536 5751 agens
3578 5680 3688 5736 Deo
3730 5687 3776 5733 st

2194 5778 2362 5831 fratri.
