3982 6354
838 436 923 493 CA
932 436 1065 492 I’U’l‘
1100 434 1202 490 CC.

234 533 506 602 Quomodo
540 534 743 604 juvenis
785 534 993 654 aurigae:
1027 546 1058 582 α
1083 544 1192 583 mro
1237 526 1453 596 patricio
1476 528 1543 580 sil
1572 526 1624 580 in
1651 526 1820 592 [ilium

874 620 906 655 ιι
943 611 1168 673 optatus.

303 698 556 753 Narravit
578 696 730 751 nobis
749 694 963 765 quidam
986 705 1293 750 sanctorum
1319 691 1557 759 Patrum,
1579 688 1718 759 quod
1738 689 1822 758 ju-

234 792 392 846 venis
420 788 636 858 quidam
670 786 979 857 ingeniosus
1010 801 1071 841 se
1096 784 1162 840 ad
1185 783 1457 838 auriﬁcem
1482 796 1578 851 pro
1608 781 1821 835 ἀίει-θη-

233 877 301 932 da
343 888 460 933 arte
493 877 812 941 contulerit,
854 890 1013 944 quam
1057 875 1185 930 dum
1227 874 1457 928 solerter
1490 871 1820 927 addisceret.

235 990 373 1029 unus
402 989 466 1029 ex
501 972 739 1042 patriciis
768 972 997 1041 injunxit
1021 971 1099 1025 eis
1118 1011 1134 1036 ,
1159 978 1219 1024 ut
1248 983 1463 1025 crucem
1495 980 1713 1020 auream
1748 966 1823 1018 Ia-

238 1066 454 1135 pidibus
486 1064 733 1134 pretiosis
755 1071 999 1118 ornatam
1035 1062 1294 1129 facerent,
1325 1076 1432 1129 quo
1466 1060 1609 1114 illam
1641 1057 1822 1113 eccle-

236 1161 331 1217 site
362 1158 599 1215 offerret.
634 1157 699 1210 Et
723 1158 973 1226 quoniam
1016 1155 1169 1210 valde
1197 1155 1507 1223 ingeniosus
1536 1162 1651 1208 erat
1691 1151 1825 1205 ado—

235 1255 468 1317 lescens,
511 1252 741 1322 injunxit
779 1251 855 1305 illi
897 1251 1153 1320 magister
1188 1248 1308 1319 ejus
1346 1248 1397 1302 id
1447 1262 1601 1316 opus.
1652 1244 1829 1313 Cmpit

234 1362 364 1415 ergo
396 1345 711 1399 adolescens
739 1342 977 1411 cogitare
1007 1342 1144 1395 intra
1171 1355 1252 1404 se,
1285 1355 1347 1394 ac
1375 1338 1554 1394 dicere
1587 1353 1603 1391 :
1638 1335 1692 1392 Si
1724 1336 1826 1391 iste

239 1450 417 1494 tantas
439 1437 597 1492 oﬁert
629 1437 880 1505 pecunias
906 1435 1119 1490 Christo
1143 1475 1158 1498 ,
1193 1448 1289 1489 cur
1318 1446 1423 1486 non
1454 1440 1510 1486 et
1554 1444 1654 1500 ego
1685 1443 1827 1483 mer-

238 1530 428 1586 cedem
458 1544 631 1585 meam
658 1531 710 1582 in
739 1530 895 1582 istam
927 1541 1140 1581 crucem
1171 1521 1468 1589 conferam,
1500 1530 1559 1577 ut
1584 1536 1703 1575 eam
1727 1519 1828 1573 mi-

240 1623 315 1689 hi,
346 1633 599 1691 tanquam
626 1621 734 1675 duo
766 1621 969 1675 minuta
998 1620 1175 1675 viduae
1196 1659 1212 1685 ,
1240 1626 1517 1686 computet
1538 1615 1827 1671 Christus?

236 1713 492 1784 Cogi'ans
531 1713 692 1782 igitur
729 1721 985 1782 quantum
1027 1709 1288 1766 mercedis
1316 1717 1459 1763 esset
1484 1716 1822 1775 accepturus,

1464 314 1747 372 PRATUM
1786 309 2222 370 SPIBITUALE.

3407 316 3513 367 5200

1852 432 1902 490 Α
2006 427 2137 481 Erat
2167 433 2342 479 autem
2365 423 2501 478 alius
2522 424 2734 495 quidam
2763 423 2912 479 dives
2936 425 3105 486 valde.
3130 434 3181 480 et
3205 426 3510 495 primarius,

1926 523 2130 577 habens
2162 533 2384 575 uxorem
2429 518 2638 574 ﬁdelem
2667 518 2908 586 Christo,
2938 526 2997 574 et
3026 528 3297 574 timentem
3330 520 3516 574 Domi-

1926 631 2077 681 num,
2108 613 2338 668 habebat
2368 621 2546 666 autem
2576 620 2631 666 et
2649 611 2808 665 ﬁliam
2841 613 3075 667 unicam.
3099 612 3240 667 Dixit
3268 625 3397 680 ergo
3419 612 3511 668 illa

1927 709 2046 762 viro
2067 723 2165 762 suo
2194 724 2207 759 :
2240 707 2386 760 IIanc
2413 705 2581 761 solam
2606 705 2862 761 habemus
2886 705 3070 773 ﬁliam,
3099 714 3348 776 tantaque
3371 706 3511 761 bona

1925 801 2079 856 nobis
2116 797 2336 869 largitus
2373 808 2457 852 est
2498 798 2666 863 Deus;
2707 798 2859 866 cujus
2900 812 3030 866 ergo
3069 798 3147 852 rei
3178 796 3421 867 indiget?
3452 797 3511 853 Si

1926 890 2298 962 quaesierimus
2328 889 2457 943 dare
2487 889 2632 943 illam
2655 889 2812 943 alicui
2845 888 3118 957 primario,
3146 896 3201 943 et
3220 886 3396 952 diviti,
3421 887 3517 958 qui

1928 998 2034 1054 non
2060 982 2132 1037 sit
2161 982 2316 1037 bonis
2348 981 2610 1047 moribus,
2633 980 2830 1051 afﬂiget
2859 994 2978 1035 eam
3024 992 3259 1049 semper.
3291 980 3516 1047 Quccra-

1929 1091 2048 1130 mus
2074 1075 2148 1129 illi
2198 1076 2368 1128 virum
2402 1073 2657 1129 humilem
2678 1113 2694 1139 ,
2721 1086 2775 1129 et
2804 1075 3081 1129 timentem
3114 1073 3396 1128 Dominum
3427 1072 3516 1143 qni

1928 1166 2219 1223 secundum
2240 1168 2405 1222 Deum
2432 1166 2575 1220 illam
2597 1166 2785 1237 diligat
2805 1174 2860 1221 et
2886 1164 3081 1221 foveat.
3112 1166 3212 1233 Qui
3236 1166 3372 1219 dixit
3393 1164 3467 1219 illi
3500 1181 3517 1220 :

1932 1258 2097 1313 Recte
2123 1259 2323 1313 dixisti.
2358 1256 2529 1327 Perge
2554 1272 2682 1328 ergo
2712 1257 2766 1310 in
2796 1256 3101 1323 ecclesiam,
3133 1265 3189 1311 et
3216 1270 3309 1310 ora
3340 1257 3518 1309 inten-

1929 1350 2157 1415 tissime,
2190 1359 2348 1417 atque
2379 1348 2490 1402 illic
2522 1349 2733 1412 reside,
2763 1358 2816 1402 et
2855 1347 2944 1417 qui
2988 1348 3194 1416 primus
3241 1347 3516 1416 ingressus

1928 1440 2122 1506 fuerit,
2154 1441 2239 1493 hic
2289 1439 2364 1493 illi
2404 1454 2433 1493 a
2466 1439 2692 1493 Domino
2732 1440 2926 1493 missus
2954 1448 3038 1495 est
3066 1453 3316 1508 sponsus.
3371 1438 3519 1492 Fecit

1933 1534 2094 1604 igitur
2123 1544 2176 1586 ut
2198 1533 2436 1602 jusserat
2465 1533 2549 1585 vir
2576 1531 2729 1600 ejus;
2760 1544 2990 1599 cumque
3019 1538 3245 1594 orasset,
3278 1537 3332 1583 et
3358 1529 3516 1584 sede-

1930 1636 2035 1692 ret,
2065 1628 2341 1696 ingressus
2371 1640 2487 1680 sum
2516 1640 2615 1695 ego
2648 1626 2871 1694 primus.
2900 1624 3117 1679 Mittens
3143 1639 3272 1694 ergo
3301 1624 3390 1678 illa
3417 1638 3516 1679 ser

1931 1732 2052 1771 vum
2082 1732 2268 1783 suum,
2297 1718 2556 1771 continuo
2595 1715 2877 1770 accersivit
2906 1728 3022 1780 me,
3046 1715 3314 1784 cmpitque
3342 1715 3518 1769 inter-

238 1813 515 1859 mutuatur
541 1805 614 1871 id,
644 1812 697 1859 et
728 1806 778 1857 in
803 1818 1015 1858 crucem
1051 1802 1232 1856 mittit.
1268 1801 1503 1855 Veniens
1524 1799 1703 1869 itaque
1732 1789 1824 1867 pa-
1864 1814 1908 1872 Β
1935 1826 2145 1881 rogare,
2175 1812 2358 1865 dicens
2392 1828 2404 1863 ε
2439 1809 2593 1865 Unde
2629 1810 2724 1864 es?
2753 1809 2865 1879 Ego
2893 1817 3071 1863 autem
3127 1808 3234 1862 dixi
3288 1808 3362 1862 mi
3394 1825 3407 1859 ε
3443 1807 3519 1862 [επ

239 1896 428 1950 tricius
469 1894 730 1959 ponderat
770 1910 1007 1955 crucem,
1041 1894 1352 1963 priusquam
1396 1891 1446 1945 in
1497 1891 1582 1944 illa
1624 1890 1826 1958 lapides

238 1986 661 2052 includerentur,
688 1986 999 2055 invenitque
1022 1986 1140 2054 plus
1165 1985 1360 2039 habere
1384 1983 1639 2054 ponderis
1665 1998 1823 2052 quam

248 2079 815 2147 constkuerat.fC(epit
839 2078 1016 2149 itaque
1034 2077 1284 2131 minitans
1306 2092 1495 2146 urgere
1515 2075 1830 2130 adolescen-

241 2179 369 2237 tem,
404 2172 557 2239 quasi
591 2170 829 2225 fraudem
862 2166 1099 2234 fecisset,
1123 2182 1421 2235 aurumque
1444 2165 1822 2221 adulterasset.

242 2261 393 2316 'I‘onc
432 2262 507 2315 ait
550 2260 623 2315 illi
662 2261 980 2315 adolescens
1023 2276 1035 2312 :
1077 2259 1234 2313 Novit
1272 2258 1360 2312 ille
1401 2256 1490 2327 qui
1523 2256 1672 2310 solus
1703 2269 1826 2309 cor-

239 2353 385 2407 dium
418 2360 687 2407 scrutatur
714 2367 932 2419 arcana,
964 2352 1090 2421 quia
1123 2350 1256 2404 nihil
1290 2349 1392 2403 tale
1426 2345 1675 2405 feci.Sed
1707 2361 1825 2400 cum

240 2446 477 2500 viderem
505 2452 558 2499 te
586 2454 787 2498 tantmn
821 2445 1165 2513 pecuniarum
1188 2442 1401 2497 Christo
1424 2440 1654 2495 Domino
1677 2439 1829 2494 obtu-

242 2540 392 2606 lisse,
426 2539 656 2609 cogitavi
682 2539 973 2593 immittere
1002 2535 1303 2592 mercedem
1337 2549 1533 2601 meam,
1571 2542 1624 2587 ut
1654 2541 1707 2588 et
1729 2549 1829 2601 ego

242 2642 448 2700 partem
482 2630 708 2686 habeam
738 2638 937 2693 tecum,
962 2637 1127 2698 utque
1154 2643 1240 2681 me
1266 2625 1525 2695 suscipiat
1554 2624 1825 2691 Christus,

244 2721 689 2793 quemadmodum
718 2721 824 2775 duo
852 2721 1052 2773 minuta
1084 2717 1257 2772 vidua:
1286 2717 1428 2771 illius
1455 2715 1684 2784 accepit.
1702 2715 1821 2772 Stu-

244 2814 487 2884 pefactus
534 2816 621 2870 ille
648 2814 780 2869 dixit
807 2812 994 2883 juveni
1028 2828 1044 2867 :
1090 2811 1258 2877 Itane,
1287 2810 1378 2875 ﬁli,
1404 2810 1691 2878 cogitasti?
1741 2809 1831 2864 Ait

245 2910 334 2964 ille
367 2926 381 2962 :
415 2908 485 2962 Ita
520 2923 669 2962 sane.
704 2907 963 2962 Patricius
986 2921 1114 2960 vero
1136 2905 1272 2959 dixit
1300 2904 1373 2958 illi
1408 2921 1421 2956 :
1466 2902 1726 2971 Quoniam
1755 2903 1827 2956 ita

246 3002 515 3071 cogitasti,
532 3010 802 3068 totamque
820 2999 1145 3053 voluntatem
1166 3006 1308 3051 tuam
1332 2996 1567 3049 obtulisti
1590 2992 1826 3057 Christo,

249 3092 435 3145 volens
464 3092 663 3146 habere
694 3100 896 3159 partem
945 3105 1176 3154 mecum,
1207 3102 1335 3144 ecce
1360 3103 1424 3142 ex
1457 3086 1715 3141 hodierna
1744 3085 1831 3141 die

252 3183 490 3252 suscipio
524 3192 575 3238 te
604 3183 732 3237 mihi
762 3184 812 3237 in
840 3182 1031 3245 ﬁlium,
1058 3182 1428 3249 ttmredemque
1452 3178 1738 3234 constituo.
1767 3179 1834 3233 Et
1864 3194 1909 3257 ρ

251 3275 536 3343 assumpsit
587 3288 707 3329 eum
746 3288 951 3338 secum,
984 3283 1145 3342 atque
1182 3272 1450 3328 haeredem
1491 3286 1645 3327 suum
1687 3270 1829 3327 fecit.

851 3365 1082 3422 CAPUT
1120 3362 1259 3421 CCI.’

259 3454 381 3529 Vita
414 3456 513 3509 viri
549 3456 1093 3529 Conslantiimpolitani
1116 3458 1442 3529 nobilissimi,
1458 3460 1544 3511 cui
1564 3468 1709 3529 pater
1730 3472 1838 3511 mo-

288 3528 425 3581 riens
461 3528 734 3582 Dominum
762 3527 942 3583 Iesum
979 3530 1234 3584 Christum
1261 3527 1467 3601 reliquit
1490 3527 1798 3583 curatorem.

326 3619 574 3672 Narravit
595 3621 811 3690 quidam
840 3620 1078 3687 Patrum,
1101 3620 1284 3676 dicens
1311 3635 1328 3673 :
1352 3619 1583 3676 Ascendi
1607 3619 1842 3688 aliquan~

254 3711 324 3764 do
363 3710 885 3779 ConstantinOpolim
925 3710 1199 3779 cujusdam
1242 3710 1578 3765 necessitatis
1629 3706 1841 3780 gratia;

254 3817 489 3873 cumque
528 3804 580 3856 iu
619 3803 847 3857 ecclesia
886 3803 1155 3868 sederem,
1185 3803 1458 3871 ingressus
1498 3812 1580 3857 est
1618 3802 1847 3872 quidam

257 3893 560 3959 saecularis,
576 3896 807 3947 maxime
830 3894 1057 3949 illustris
1079 3906 1235 3964 atque
1260 3894 1621 3949 ﬁdelissimus.
1650 3893 1699 3947 Is
1720 3908 1841 3948 cum

257 3985 562 4055 aspexisset
588 4000 693 4047 me,
725 3986 987 4041 accedens
1017 3986 1269 4040 salutavit
1296 4001 1414 4039 cum
1443 3986 1589 4039 omni
1613 3986 1846 4040 Charita-

258 4083 328 4133 tis
367 4078 569 4133 ofﬁcio.
613 4080 676 4132 Iit
717 4089 832 4147 post
872 4080 1246 4134 salutationem
1287 4079 1428 4133 sedit
1460 4079 1611 4148 juxta
1651 4094 1758 4143 me,
1792 4088 1847 4132 et

260 4172 427 4240 etrapit
465 4171 799 4240 interrogare
840 4170 907 4225 de
948 4171 1028 4223 his
1068 4186 1184 4240 qua:
1234 4172 1501 4239 pertinent
1549 4170 1613 4224 ad
1654 4170 1849 4223 anima:

260 4264 513 4317 salutem.
542 4263 786 4332 Cumque
812 4277 908 4331 ego
951 4262 1025 4315 illi
1058 4263 1291 4316 dicerem
1323 4262 1463 4331 quod
1507 4262 1588 4315 his
1620 4262 1706 4331 qui
1750 4263 1849 4315 rite

260 4361 477 4405 terrena
507 4352 815 4421 disponunt,
843 4353 1083 4407 cmlestia
1115 4368 1327 4422 quoque
1349 4352 1614 4407 donantur
1642 4371 1654 4406 :
1685 4353 1848 4417 Bene,

261 4444 462 4512 inquit,
492 4454 660 4511 pater,
690 4445 893 4499 dixisti.
928 4446 1058 4499 Nam
1087 4462 1211 4500 vere
1239 4446 1425 4500 beatus
1448 4457 1561 4511 est,
1590 4447 1678 4516 qui
1701 4461 1849 4515 spem

1935 1906 2034 1959 bac
2060 1905 2272 1959 civitate
2302 1919 2420 1959 sum
2452 1904 2570 1959 talis
2603 1904 2762 1957 ﬁlius.
2798 1903 2939 1957 Dixit
2959 1910 3139 1957 autem
3166 1901 3296 1955 mihi
3324 1920 3338 1957 :
3372 1900 3521 1954 Illius

1938 1997 2386 2070 eleemosynarii?
2415 1997 2483 2051 Et
2505 1997 2610 2051 dixi
2639 2015 2652 2049 ε
2685 1995 2756 2049 Ita
2782 1996 2920 2051 illius
2949 2011 3067 2051 sum
3095 1996 3249 2049 ﬁlius.
3278 1995 3425 2048 Tunc
3447 1993 3522 2047 ait

1935 2091 2065 2144 mihi
2098 2107 2111 2142 :
2153 2090 2331 2145 Habes
2360 2092 2625 2144 uxorem?
2656 2089 2722 2142 Et
2746 2089 2855 2143 dixi
2882 2106 2894 2141 :
2918 2088 3054 2143 Non.
3080 2087 3405 2156 Narravique
3444 2086 3519 2139 illi

1934 2198 2052 2251 quae
2081 2181 2209 2235 mihi
2237 2181 2447 2236 dixerat
2476 2189 2627 2249 pater
2655 2195 2830 2246 meus,
2862 2189 2915 2235 et
2948 2196 3067 2250 qua:
3097 2195 3194 2249 ego
3224 2177 3523 2247 responde-

1935 2291 2047 2328 ram
2075 2275 2199 2344 ipsi.
2230 2274 2324 2330 Illa
2370 2289 2499 2329 vero
2526 2273 2837 2344 gloriﬁcaus
2888 2273 3202 2336 Dominum,
3233 2273 3307 2326 ait
3336 2289 3347 2324 :
3382 2272 3524 2327 Ecce

1936 2366 2107 2421 bonus
2137 2374 2354 2421 curator
2378 2375 2501 2421 tuus
2527 2366 2674 2421 misit
2702 2365 2793 2420 tibi
2822 2381 3063 2431 uxorem,
3087 2373 3141 2420 et
3163 2365 3437 2435 pecunias,
3466 2372 3524 2420 ut

1938 2459 2103 2512 utaris
2133 2459 2376 2529 utrisque
2402 2473 2523 2514 cum
2558 2458 2749 2514 timore
2779 2458 2891 2513 Dei.
2917 2457 3177 2527 Deditque
3203 2455 3332 2512 mihi
3358 2457 3521 2511 ﬁliam

1933 2567 2085 2607 suam
2113 2562 2166 2607 et
2192 2542 2465 2621 pecunias.
2499 2553 2608 2623 Ego
2635 2562 2810 2607 autem
2854 2567 2948 2606 oro
2978 2560 3034 2607 ut
3061 2551 3229 2621 patris
3248 2560 3349 2607 me;
3380 2550 3519 2605 viatn

1936 2660 2103 2716 usque
2133 2646 2182 2699 in
2216 2646 2374 2701 ﬁnem
2404 2655 2617 2701 teneam

2539 2760 2762 2817 CAPUT
2785 2760 2932 2817 CCII.

2090 2873 2202 2927 Vita
2230 2874 2403 2929 Abibo:
2429 2876 2691 2929 stecularis
2718 2876 2938 2929 hominis
2971 2876 3090 2944 ﬁlii,
3116 2876 3244 2930 servi
3266 2875 3384 2929 Dei;

2013 2964 2181 3034 929
2225 2964 2472 3019 Narravit
2518 2965 2708 3034 aliquis
2766 2965 3002 3030 Patrum,
3056 2964 3198 3035 quod
3253 2964 3525 3020 saecularis

1936 3057 2148 3125 quidam
2190 3056 2437 3111 habuerit
2480 3057 2647 3112 ﬁlium
2692 3057 2861 3127 pium,
2885 3058 3517 3129 religiosum,virginem,

1939 3150 2083 3204 etab
2122 3149 2253 3219 ipsis
2283 3153 2443 3206 annis
2474 3152 2775 3221 puerilibus
2820 3153 3167 3209 continentiae
3206 3168 3384 3208 rerum
3415 3171 3530 3208 om-

1948 3241 2093 3294 nium
2126 3250 2423 3308 assuetum,
2453 3243 2588 3299 adeo
2615 3252 2671 3298 ut
2699 3245 2878 3299 vinum
2902 3244 3013 3315 jam
3045 3262 3149 3300 non
3173 3246 3397 3302 biberet.
3425 3247 3532 3301 lla-

1942 3333 2105 3389 behat
2126 3344 2302 3389 autem
2333 3335 2387 3389 in
2411 3337 2550 3391 votis
2566 3338 2756 3392 sedere
2786 3338 2838 3391 in
2871 3338 3156 3394 solitudine
3186 3354 3201 3392 :
3228 3348 3377 3408 pater
3403 3354 3533 3394 vero

1943 3426 2061 3498 ejus
2110 3428 2327 3483 volebat
2372 3428 2520 3484 illum
2555 3431 2739 3485 sreculi
2769 3430 3009 3500 obligare
3054 3432 3301 3501 negotiis,
3360 3446 3543 3502 neque

1949 3528 2194 3588 poterat;
2248 3537 2369 3576 nam
2414 3522 2515 3577 hoc
2554 3522 2645 3577 ille
2676 3523 2896 3579 minime
2937 3523 3256 3592 patiebatur.
3291 3524 3536 3583 Erantet

1955 3610 2030 3665 illi
2056 3613 2143 3666 alii
2179 3614 2388 3680 fratres,
2418 3614 2531 3682 ipse
2557 3624 2734 3669 autem
2768 3614 2941 3683 major
2960 3626 3086 3669 natu
3110 3616 3377 3671 omnibus.
3404 3617 3537 3673 Cum

1956 3714 2136 3760 autem
2160 3706 2301 3761 illius
2322 3706 2586 3761 institutio
2617 3723 2646 3760 a
2680 3707 2844 3776 patris
2893 3707 3167 3762 voluntate
3192 3718 3337 3762 esset
3362 3724 3537 3763 remo-

1953 3796 2179 3861 tissima,
2204 3797 2688 3866 objurgabatillum
2739 3797 2956 3852 assidue
2988 3810 3152 3866 pater,
3200 3799 3537 3866 exprobrans

1950 3890 2029 3943 illi
2060 3891 2227 3957 ipsam
2252 3888 2656 3953 continentiam,
2682 3901 2731 3943 et
2769 3889 2954 3943 dicens
2984 3906 2999 3941 :
3057 3889 3165 3944 Cur
3195 3890 3384 3943 similis
3432 3906 3537 3945 non

1953 3997 2011 4033 cs
2043 3966 2436 4048 fratribnStuis,
2472 3990 2642 4035 necte
2672 3982 2842 4050 ipsum
2878 3981 3104 4051 negotiis
3151 3982 3418 4051 exponis?
3449 3983 3545 4037 Illo

1958 4090 2085 4128 vero
2115 4074 2416 4129 sustinebat
2446 4084 2647 4130 tacens.
2707 4076 2906 4129 Omnes
2934 4090 3060 4130 vero
3098 4075 3391 4145 diligebant
3417 4092 3543 4131 eum

1955 4183 2049 4233 pro
2084 4166 2225 4219 illius
2255 4167 2521 4236 relig‘one
2550 4177 2601 4221 et
2629 4166 2910 4221 modesda.

2030 4257 2158 4312 Cum
2182 4272 2312 4312 vero
2346 4269 2494 4328 pater
2523 4259 2638 4329 ejus
2665 4261 2954 4314 moriturus
2996 4270 3155 4326 esset,
3218 4262 3432 4330 quidam
3473 4277 3542 4317 ex

1956 4367 2154 4419 genere
2184 4352 2370 4421 ipsius,
2395 4361 2447 4407 et
2476 4352 2567 4405 alii
2590 4352 2778 4407 Abibae
2814 4352 2938 4421 (hoc
2957 4352 3099 4406 enim
3130 4363 3244 4407 erat
3295 4353 3403 4407 ﬁlio
3451 4368 3547 4407 no—

1959 4446 2106 4512 men)
2133 4444 2508 4510 amantissimi,
2534 4452 2783 4511 putantes
2813 4445 2952 4514 quod
2987 4446 3136 4498 illum
3165 4444 3367 4500 odisset
3396 4453 3549 4514 pater

261 4552 419 4591 suam
450 4537 504 4591 in
540 4537 706 4592 Deum
758 4537 930 4607 ponit,
963 4544 1018 4592 et
1055 4554 1113 4593 se
1145 4538 1314 4607 ipsum
1359 4547 1524 4594 totum
1567 4540 1855 4593 committit
1890 4540 2076 4631 De;us
2107 4546 2325 4603 propter
2343 4535 2582 4590 assiduas
2613 4536 2753 4591 illius
2796 4535 3221 4605 objurgationes,
3278 4549 3549 4591 convene—

260 4629 398 4684 Deo.
431 4629 495 4683 Et
522 4627 733 4683 dicebat
766 4648 778 4683 :
809 4630 920 4701 Ego
961 4629 1099 4684 ﬁlius
1142 4630 1212 4685 fui
1252 4631 1531 4701 cujusdam
1584 4632 1857 4686 smcularis

263 4719 433 4789 gloria
458 4718 760 4774 clarissimi.
790 4720 918 4774 Erat
938 4732 1113 4775 autem
1139 4723 1251 4789 ipse
1275 4735 1425 4792 pater
1448 4737 1599 4778 meus
1618 4723 1862 4777 eleemo-

265 4815 419 4882 synis
451 4814 679 4868 maxime
710 4814 945 4881 deditus,
979 4826 1032 4871 et
1058 4816 1283 4886 plurima
1316 4816 1642 4886 pauperibus
1674 4816 1861 4871 distri-

269 4906 492 4959 buebat.
526 4905 621 4960 Die
648 4921 775 4974 ergo
799 4908 1026 4975 quadam
1060 4907 1266 4961 vocavit
1285 4922 1393 4974 me,
1416 4918 1469 4961 et
1494 4908 1731 4961 ostendit
1757 4908 1860 4961 mi-

274 4999 327 5053 hi
352 5012 540 5054 omnes
565 5000 1042 5066 pecunias,dicens
1070 5017 1084 5055 :
1116 5001 1235 5064 Fili,
1265 5001 1388 5070 quid
1416 5000 1506 5055 tibi
1533 5001 1736 5070 gratius
1759 5013 1860 5067 est,

273 5102 331 5147 ut
358 5093 622 5147 dimittam
660 5094 752 5147 tibi
789 5097 1039 5162 pecunias
1071 5097 1222 5165 istas,
1254 5112 1321 5149 an
1353 5096 1623 5149 Christum
1650 5105 1864 5151 curato-

274 5199 395 5238 rem
427 5184 615 5238 tuum?
644 5185 777 5254 Ego,
810 5202 932 5240 cum
965 5187 1239 5257 placerent
1279 5189 1409 5243 mihi
1442 5204 1559 5257 quae
1599 5189 1864 5254 faciebat,

278 5275 532 5344 respondi
564 5291 649 5330 me
688 5274 955 5332 Christum
999 5279 1178 5333 malle.
1222 5279 1323 5333 Ista
1353 5279 1494 5334 enim
1523 5280 1700 5335 omnia
1735 5297 1871 5349 prae-

280 5377 517 5433 tereunt,
548 5378 604 5424 et
635 5371 791 5425 hodie
828 5379 975 5439 sunt,
1005 5382 1057 5427 et
1087 5386 1206 5427 cras
1248 5389 1353 5426 non
1381 5374 1578 5428 erunt?
1625 5375 1871 5430 Christus

282 5467 462 5514 autem
495 5471 675 5516 manet
699 5461 755 5516 in
784 5473 1068 5519 mternum.
1099 5464 1250 5528 Quod
1307 5466 1397 5519 ille
1442 5481 1564 5519 cum
1604 5469 1874 5535 audisset,

284 5551 465 5604 omnia
486 5552 599 5621 jam
630 5553 796 5609 libere
819 5564 873 5608 et
896 5560 1042 5625 larga
1067 5570 1225 5609 manu
1251 5558 1573 5627 pauperibus
1599 5558 1873 5627 erogabat,

290 5643 361 5697 ita
395 5652 454 5699 ut
485 5648 721 5701 moriens
739 5662 903 5717 pauca
926 5649 1212 5703 admodum
1243 5650 1370 5704 tnihi
1397 5651 1743 5721 relinqueret.
1770 5652 1878 5722 Ego

289 5741 468 5789 autem
492 5735 599 5805 jam
618 5752 823 5808 pauper
846 5739 1090 5806 eﬁ'ectus,
1114 5742 1326 5796 humilis
1344 5743 1713 5810 procedebam,
1729 5759 1877 5813 spent

291 5842 470 5884 meam
501 5829 705 5887 habens
732 5832 782 5887 in
810 5832 1103 5893 Christum.
1137 5834 1221 5891 cui
1256 5849 1342 5891 me
1375 5834 1462 5891 ille
1489 5835 1801 5894 reticuerat.

1970 4641 2113 4696 runt,
2138 4632 2380 4686 dicentes
2406 4647 2420 4684 :
2446 4630 2523 4687 Ne
2546 4631 2681 4686 forte
2695 4632 2865 4700 privet
2882 4630 3192 4685 haereditate
3216 4645 3434 4684 servum
3456 4630 3549 4685 Dei

1972 4735 2142 4789 pater,
2176 4739 2272 4792 pro
2302 4724 2392 4778 illo
2419 4724 2787 4794 deprecemur.
2836 4725 2963 4777 Erat
2990 4722 3132 4777 enim
3189 4721 3338 4776 dives
3370 4722 3548 4777 valde.

1980 4817 2213 4885 Pergunt
2234 4815 2415 4883 itaque
2438 4819 2502 4868 ad
2530 4831 2674 4878 eum,
2706 4823 2759 4868 et
2781 4814 2968 4869 dicunt
2999 4830 3011 4865 :
3044 4812 3409 4867 Convenimus
3452 4814 3554 4866 ali-

1983 4909 2107 4980 quid
2134 4910 2228 4965 abs
2256 4919 2305 4962 te
2336 4909 2618 4977 precaturi.
2651 4907 2851 4975 Quibus
2881 4906 2971 4960 ille
2998 4906 3071 4959 ait
3101 4923 3113 4957 :
3165 4904 3301 4972 Quid
3335 4904 3494 4962 vultis
3523 4924 3553 4962 a

1976 5018 2059 5055 me
2091 5003 2304 5070 petere?
2338 5001 2440 5056 Pro
2481 5002 2680 5056 domno
2708 5000 2877 5054 Abiha
2907 5013 3144 5063 oramus,
3181 5014 3249 5053 ne
3280 4998 3427 5054 illum
3459 5016 3546 5056 ne-

1973 5094 2164 5163 gligas.
2197 5095 2329 5148 Tum
2365 5103 2514 5163 pater
2548 5111 2559 5146 :
2594 5092 2806 5146 Proillo
2844 5091 3042 5160 rogatis
3076 5091 3194 5145 me?
3238 5090 3431 5147 Dicunt
3460 5094 3508 5147 ei
3541 5110 3554 5145 :

1979 5187 2190 5256 Utique.
2216 5188 2312 5254 Qui
2336 5189 2412 5242 ait
2438 5204 2450 5240 :
2481 5186 2675 5240 Vocate
2696 5186 2840 5238 illum
2872 5185 2994 5239 huc.
3021 5185 3354 5241 Putaverunt
3382 5196 3560 5242 autem

1976 5281 2113 5350 quod
2160 5281 2308 5349 juxta
2367 5280 2805 5335 consuetudinem
2864 5280 3152 5351 objurgare
3195 5296 3317 5336 eum
3376 5282 3560 5335 vellet.

1978 5377 2219 5446 Cumque
2246 5376 2517 5445 ingressus
2546 5372 2752 5439 fuisset,
2777 5374 2849 5427 ait
2871 5373 2944 5427 illi
2969 5382 3149 5443 pater:
3180 5371 3563 5442 Appropinqua

1985 5470 2137 5523 mihi.
2164 5470 2226 5523 Et
2264 5483 2385 5523 cum
2414 5467 2894 5536 appropinquasset
2936 5466 3005 5529 ei,
3059 5468 3228 5521 tenuit
3262 5465 3425 5535 pedes
3448 5465 3565 5534 ejus

1984 5563 2221 5629 plorans,
2275 5572 2329 5616 et
2379 5561 2608 5613 dicens:
2658 5558 2876 5629 Ignosce
2920 5560 3069 5623 mihi,
3130 5559 3200 5613 ﬁli
3232 5560 3327 5621 mi,
3370 5568 3424 5611 et
3472 5571 3567 5613 osa

1986 5654 2175 5717 Deum,
2207 5668 2273 5707 ne
2306 5651 2435 5705 mihi
2471 5650 2697 5720 imputet
2725 5665 2977 5721 quoniam
3003 5648 3164 5704 afﬁixi
3192 5659 3263 5703 te.
3314 5647 3393 5701 Tu
3425 5647 3567 5701 enim

1981 5746 2261 5814 qurerehas
2282 5743 2576 5806 Christum,
2608 5753 2662 5799 et
2684 5760 2782 5816 ego
2803 5743 3129 5798 smculariter
3153 5741 3425 5795 movebar.
3457 5738 3567 5792 Vo-

1985 5847 2069 5891 cat
2097 5846 2275 5895 autcm
2305 5845 2359 5892 et
2382 5834 2513 5888 alios
2541 5836 2702 5902 Iilios,
2736 5846 2787 5893 et
2812 5836 2884 5891 ait
2907 5833 3017 5889 illis
3043 5849 3057 5886 :
3090 5830 3184 5888 Hic
3205 5830 3451 5889 dominus
3479 5844 3567 5886 ve-
