3982 6354
409 309 504 369 251

1565 304 1657 361 DE
1698 301 1875 358 VITIS
1913 295 2195 357 PATRUM
2233 292 2439 351 LIBER
2480 293 2543 351 Χ.

3586 291 3698 349 252

410 446 521 487 sier
550 440 604 487 et
623 443 773 503 pater
799 441 914 498 est;
938 430 1191 500 quidquid
1217 430 1441 493 dixerit,
1464 429 1642 491 facite,
1667 436 1723 481 et
1745 428 1885 495 quod
1901 440 1997 480 vos
2026 422 2073 480 Α
2115 415 2310 470 timens
2327 413 2629 479 Dominum,
2649 419 2706 465 et
2722 408 3247 503 curaeateumﬁum
3258 422 3397 503 vero
3419 408 3697 503 modicum

411 526 612 580 habere
640 525 888 590 voluerit,
907 524 960 577 in
989 524 1157 593 ipsius
1187 532 1451 591 potestate
1473 524 1596 577 erit.
1626 519 1998 587 Admiratique

410 630 535 674 sunt
563 634 772 674 omnes.
804 618 993 674 Statim
1026 631 1151 671 vero
1174 626 1233 669 ut
1271 610 1519 669 mortuus
1543 624 1625 667 est
1654 623 1807 682 pater
1856 611 1994 678 ipso-

414 727 559 776 rum,
604 711 871 764 distribuit
904 709 1153 763 fratribus
1185 716 1381 774 partes.
1441 707 1555 774 Ipse
1601 720 1731 760 vero
1779 717 1997 758 sumens

416 813 618 869 partem
652 817 821 863 suam,
843 799 984 854 dedit
1009 815 1125 854 eam
1143 798 1481 868 pauperibus.
1510 796 1639 850 nihil
1656 796 1754 850 sibi
1780 795 1999 849 omnino

414 907 719 947 reservans.
766 891 911 944 Fecit
940 902 1116 943 autem
1148 889 1247 942 sibi
1275 903 1489 957 parvam
1521 887 1795 948 cellulam,
1831 895 1885 938 nt
1911 900 2001 940 so-

419 985 627 1041 litarius
655 986 901 1054 degeret;
926 997 1156 1050 moxque
1185 997 1305 1036 cum
1334 989 1762 1036 consummasset
1785 979 1996 1045 cellam,

413 1082 713 1135 inllrmatns
735 1087 835 1142 est,
859 1088 1019 1144 atque
1046 1076 1111 1128 ad
1139 1077 1295 1130 linem
1322 1076 1588 1143 pervenit.

484 1171 685 1227 Aderat
708 1181 884 1225 autem
917 1169 992 1223 illi
1035 1168 1201 1224 frater
1251 1170 1388 1240 ejus,
1443 1170 1527 1225 cui
1560 1169 1699 1223 dixit
1743 1186 1757 1223 :
1817 1168 1995 1235 Vade,

417 1264 604 1325 frater,
637 1265 716 1317 fac
741 1262 921 1316 domui
957 1273 1058 1315 tua:
1083 1261 1531 1317 consolationem.
1567 1261 1765 1315 Aderat
1800 1262 1999 1329 quippe

414 1355 699 1409 celebritas
738 1362 1042 1407 sanctorum
1094 1352 1481 1422 apostolorum.
1547 1351 1687 1405 Dixit
1737 1353 1785 1404 ei
1834 1351 2001 1406 frater

414 1447 530 1516 ejus
556 1463 568 1498 :
602 1445 882 1512 Quomodo
904 1445 1165 1499 dimittam
1185 1452 1258 1509 te,
1281 1454 1334 1497 et
1356 1443 1555 1497 abibo?
1580 1445 1665 1497 Ait
1685 1443 1757 1495 illi
1786 1461 1799 1496 :
1833 1443 1998 1507 Vade,

416 1549 469 1591 et
496 1553 615 1591 cum
640 1537 846 1591 venerit
875 1538 1004 1591 hora
1032 1551 1171 1601 mea,
1230 1552 1329 1605 ego
1356 1548 1407 1589 te
1448 1536 1670 1590 vocabo.
1709 1534 1842 1589 Cum
1873 1549 2002 1603 ergo

417 1632 654 1686 venisset
706 1630 860 1693 hora,
907 1632 1137 1685 surrexit
1172 1629 1237 1682 ad
1286 1630 1597 1691 fenestram,
1641 1642 1693 1683 et
1751 1628 2001 1697 pulsavit.

418 1723 649 1777 Intendit
677 1731 858 1777 autem
892 1724 943 1775 in
969 1738 1089 1777 eum
1117 1722 1282 1776 frater
1308 1721 1444 1791 ejus.
1472 1724 1535 1777 Et
1558 1723 1643 1776 ille
1667 1720 1763 1787 ipsi
1793 1721 1997 1787 annuit,

419 1817 607 1871 dicens
634 1833 647 1869 :
677 1816 832 1870 Veni.
865 1816 1055 1870 Statim
1080 1831 1207 1870 vero
1236 1826 1293 1869 ut
1340 1816 1485 1870 venit
1517 1815 1681 1869 frater
1702 1813 1842 1883 ejus.
1898 1824 2002 1867 tra-
2034 1817 2083 1876 Β

417 1907 554 1961 didit
599 1908 845 1972 Spiritum
897 1905 1141 1961 Domino.
1189 1906 1496 1976 Omnesque
1535 1907 1711 1959 mirati
1754 1914 1901 1966 sunt,
1953 1912 2010 1958 et

422 2001 858 2069 gloriﬁcaverunt
895 2001 1079 2061 Deum,
1109 1994 1399 2054 dit-entes:
1461 1999 1665 2052 Eximia
1721 1997 2005 2063 charitate,

425 2108 530 2162 qua
552 2093 744 2147 dilexit
764 2090 1055 2161 Christum,
1077 2092 1295 2161 dignum
1327 2091 1525 2145 invenit
1551 2094 1733 2145 linem.

1001 2229 1229 2284 CAPUT
1268 2228 1439 2284 CCIII.

471 2344 672 2400 Relatio
693 2345 753 2398 de
776 2346 997 2424 quot/unt
1022 2344 1315 2424 Lupidario,
1355 2344 1441 2407 qui
1482 2344 1719 2425 prudenti
1763 2344 1978 2398 consilio

910 2426 1056 2467 vitam
1078 2432 1127 2466 ut
1153 2432 1279 2466 murt
1300 2426 1537 2468 sert'at'tt.

504 2530 749 2586 Narravit
782 2528 997 2594 quidam
1031 2528 1268 2590 Patrum,
1304 2528 1444 2597 qttod
1475 2528 1762 2596 aliquando
1813 2528 2015 2596 lapida-

434 2624 617 2678 darins
646 2621 880 2692 quidam,
901 2622 1101 2675 habens
1124 2620 1324 2686 lapides
1338 2622 1773 2690 pretiosissimos,
1796 2628 1852 2674 et
1875 2637 2018 2690 geni-

435 2731 568 2779 mas,
596 2724 647 2767 et
671 2713 1005 2782 margaritas,
1037 2715 1551 2766 natemconscendit
1579 2730 1698 2766 cum
1732 2714 1850 2769 Iiliis
1879 2716 2012 2780 suis,

433 2824 654 2879 peregre
679 2808 754 2860 ire
782 2822 866 2869 cn;
891 2806 1005 2859 iens
1021 2816 1072 2859 et
1096 2806 1369 2875 negotiari.
1400 2805 1591 2875 Contig
1616 2816 1634 2860 t
1663 2817 1839 2860 autem
1868 2808 2013 2861 illum

430 2896 863 2965 exdiSpositioue
894 2894 981 2950 Dei
1009 2896 1525 2967 pueruinquemdam
1557 2898 1642 2967 qui
1668 2912 1781 2951 erat
1807 2899 1857 2952 iu
1890 2899 2013 2953 navi

431 2990 675 3059 diligere,
708 2987 796 3054 qui
828 2986 904 3040 illi
935 3004 1146 3057 quoque
1188 2990 1239 3042 itt
1267 2990 1387 3043 navi
1418 2989 1773 3055 ministrabat,
1814 3001 1866 3044 et
1902 2991 2019 3056 ipse

436 3083 594 3136 etiam
623 3082 691 3134 ab
718 3096 785 3135 eo
816 3080 1172 3145 reﬁciebatur,
1219 3084 1510 3137 comedens
1536 3098 1599 3135 ex
1652 3082 1734 3135 bis
1782 3100 1899 3150 qum
1928 3084 2019 3137 ille

441 3175 781 3229 comedebat.
833 3174 927 3229 Die
976 3189 1103 3228 vero
1161 3176 1389 3244 quadam
1438 3174 1638 3227 audivit
1676 3186 1861 3231 nautas
1884 3191 2017 3245 puer
2052 3210 2097 3271 Ο

440 3271 935 3321 snlnnurmorantes
963 3268 1102 3322 inter
1123 3283 1204 3332 se,
1222 3277 1276 3322 et
1303 3278 1595 3323 statuentes
1622 3269 1767 3323 illum
1790 3271 1839 3323 in
1870 3286 2020 3325 mare

446 3367 704 3434 projicere
736 3366 1092 3434 pretioSorntn
1145 3365 1374 3432 lapidum
1406 3380 1589 3419 causa.
1645 3365 1805 3420 Venit
1845 3376 2022 3420 autem

446 3473 576 3527 puer
616 3457 704 3511 ille
733 3472 967 3511 moerens
982 3457 1043 3508 ad
1078 3456 1245 3509 virum
1272 3457 1602 3523 praedictum,
1624 3468 1766 3511 ntcx
1800 3473 2028 3513 consue-

446 3550 628 3602 tudine
650 3563 744 3602 sua
773 3548 870 3612 ipsi
897 3548 1241 3601 ministraret.
1264 3548 1364 3613 Qui
1392 3546 1459 3600 ait
1495 3549 1569 3601 illi
1594 3568 1606 3603 :
1631 3548 1737 3603 Cur
1769 3548 1927 3602 hodie
1955 3548 2026 3603 ita

447 3649 669 3696 Intentus
698 3656 782 3703 es,
808 3640 923 3693 Illi?
979 3639 1073 3693 Ille
1114 3654 1240 3692 vero
1280 3640 1933 3708 dissimulabatdolorem,
1973 3654 2028 3699 et

448 3730 676 3785 Iacebat.
713 3730 943 3784 Iintsutn
978 3732 1320 3799 interrogavit
1348 3746 1491 3797 eum,
1522 3733 1705 3788 dicens
1732 3752 1747 3787 :
1775 3735 1865 3789 Dic
1898 3736 2028 3791 mihi

448 3824 705 3877 veraciter
733 3823 858 3890 quid
889 3823 1089 3877 habes?
1120 3822 1162 3876 Τ
1167 3839 1268 3877 unc
1300 3824 1388 3877 ille
1431 3838 1719 3892 erumpens
1770 3826 1819 3879 itt
1844 3825 2026 3881 ﬂetutn

447 3915 524 3968 ait
552 3916 627 3969 illi
664 3931 676 3968 :
726 3915 815 3967 Sic
857 3925 910 3969 ct
958 3914 1034 3969 sic
1060 3916 1339 3970 consilium
1372 3916 1612 3971 fecerunt
1643 3930 1813 3971 nauta:
1843 3920 1911 3973 de
1954 3933 2025 3975 te.

454 4009 592 4061 Dixit
633 4020 811 4061 autem
840 4012 888 4063 ei
924 4025 938 4063 :
996 4010 1146 4064 Nosti
1172 4014 1269 4066 hoc
1298 4012 1614 4079 diligenter?
1644 4016 1729 4069 Ait
1761 4034 1773 4067 :
1813 4016 2025 4083 Utique,

448 4102 527 4154 sic
562 4101 631 4153 dc
656 4109 709 4154 te
739 4104 875 4170 apud
921 4117 979 4155 se
1012 4104 1155 4170 ipsos
1206 4115 1525 4159 statuerunt.
1571 4106 1720 4161 Tunc
1759 4108 2027 4166 advocatis

452 4194 593 4245 Illius
622 4207 749 4246 suos
772 4195 899 4245 dixit
928 4195 1007 4247 eis
1032 4212 1045 4247 :
1069 4194 1428 4265 Quodcunque
1454 4199 1642 4252 dixero
1672 4201 1841 4266 vobis,
1872 4202 2030 4272 impi-

446 4299 547 4355 gre
571 4296 623 4338 ct
652 4286 852 4351 alisque
874 4286 973 4338 ulla
996 4287 1384 4353 disceptatione
1408 4291 1665 4358 perlicite.
1693 4291 1837 4344 Tunc
1861 4296 2031 4362 expli-

449 4392 575 4430 cans
601 4376 885 4431 sindonem
928 4378 1092 4445 cucpit
1146 4379 1227 4432 eis
1257 4378 1436 4434 dicere
1468 4398 1481 4432 :
1527 4381 1729 4436 Allet-te
1759 4389 2025 4451 capsulas.

451 4470 595 4535 Quas
622 4484 741 4521 cttttt
778 4470 1043 4532 tulissent,
1068 4474 1315 4538 aperiens
1341 4487 1434 4526 eas
1453 4475 1615 4542 caepit
1637 4477 1865 4529 educere
1894 4479 2026 4545 lapi-

448 4562 566 4614 des.
591 4561 653 4613 lit
678 4576 800 4614 cum
827 4562 1003 4614 omnia
1033 4562 1393 4629 explicuisset,
1427 4573 1481 4619 et
1527 4566 1577 4619 in
1625 4568 1860 4621 omnium
1891 4586 2023 4623 con-
2056 4580 2108 4639 ι)

445 4661 687 4719 spectum
725 4652 946 4718 posuissc
970 4661 1008 4711 t,
1045 4653 1123 4706 sic
1152 4653 1331 4708 dicere
1359 4655 1521 4724 cmpit
1556 4674 1569 4711 :
1616 4657 1656 4710 ll
1680 4683 1687 4697 ι
1710 4674 1736 4712 c
1770 4659 1874 4713 vita
1900 4662 2024 4715 e~t?

452 4758 666 4813 propter
696 4744 797 4798 ista
831 4746 1138 4812 periclitor?
1166 4757 1220 4800 ct
1248 4763 1365 4800 cum
1397 4752 1526 4803 tnari
1566 4751 1775 4819 pugno?
1804 4762 1859 4806 et
1909 4764 2029 4821 post

451 4839 717 4889 modicum
754 4838 987 4890 tnotior?
1024 4839 1256 4906 nilnlque
1311 4857 1519 4896 mecum
1577 4858 1645 4896 cx
1697 4845 1799 4898 isto
1829 4846 2028 4898 sarculo

446 4929 594 4981 lero?
626 4929 765 4981 Dixit
795 4941 969 4985 autem
1003 4932 1127 4985 filiis
1148 4936 1259 4986 suis
1294 4950 1308 4987 :
1344 4933 1592 5004 Ptojicite
1645 4940 1695 4990 iti
1724 4954 1873 4993 mare
1926 4939 2023 4991 ista

449 5017 651 5071 ottinia.
686 5019 800 5072 Mox
826 5020 1004 5087 itaque
1032 5032 1089 5075 ut
1138 5023 1345 5076 locutus
1376 5036 1479 5088 est,
1518 5027 1743 5080 tulerunt
1771 5044 1856 5096 ea,
1888 5037 1942 5082 et
1972 5029 2023 5081 itt

448 5125 599 5165 tnare
633 5111 988 5180 projecernnt.
1025 5114 1192 5169 Porro
1221 5127 1396 5171 nauta:
1438 5121 1847 5187 obsnipneruut,
1896 5136 2027 5175 con-

446 5201 625 5256 silium
655 5212 810 5258 suum
838 5204 1152 5274 dissipatum
1184 5223 1302 5264 esse
1325 5219 1734 5280 cognoscentes.

1012 5339 1236 5398 CAPUT
1276 5343 1450 5398 ρων.

447 5452 716 5521 Quomodo
741 5456 921 5508 mulier
944 5457 1183 5529 religiosa
1210 5467 1258 5512 et
1283 5461 1463 5514 timens
1497 5458 1683 5526 Deum,
1718 5463 2023 5519 menacltum

779 5547 806 5577 ιι
827 5537 965 5592 turpi
988 5530 1244 5582 desiderio
1275 5538 1665 5601 compescuerit.

525 5639 949 5711 Dit'cltalaliqttis
972 5642 1184 5696 Patrum
1217 5660 1227 5694 :
1254 5642 1441 5697 Frater
1470 5645 1685 5711 quidam
1718 5662 1745 5697 a
1779 5658 2028 5716 serpente

448 5749 656 5786 morsus
689 5744 800 5797 cst,
837 5736 1210 5803 ingressusque
1241 5745 1321 5789 est
1350 5736 1618 5792 civitatem
1650 5754 1700 5793 ιιι
1726 5752 2024 5796 curaretur.

446 5823 874 5891 Suscepitautem
893 5825 1040 5881 illum
1056 5826 1305 5897 religiosa
1317 5828 1560 5895 quaedam
1577 5832 1959 5902 tnulier,93o
1976 5842 2029 5888 et

2103 508 2351 577 coepisset
2374 522 2400 557 a
2424 504 2701 558 doloribus
2715 502 2917 564 deseri,
2942 501 3108 570 cmpit
3131 499 3468 554 illidiabolus
3485 500 3692 557 immite

2110 610 2225 655 tere
2256 609 2438 668 turpes
2459 599 2810 668 Cogitationes
2839 597 2891 649 in
2915 610 3057 659 eam,
3103 596 3425 664 volebatqne
3473 604 3698 664 tangere

2106 694 2272 763 ipsius
2299 708 2535 746 manum.
2559 694 2689 755 Quae
2721 690 2850 742 dixit
2875 688 2925 742 ei
2958 705 2969 740 :
3023 687 3138 742 Non
3171 687 3263 753 ita,
3298 687 3490 753 Pater;
3543 688 3698 742 Chri—

2101 797 2241 837 stum
2273 783 2423 848 time,
2477 782 2655 836 recole
2683 778 2948 833 tristitiam
2979 786 3033 832 et
3063 780 3391 847 pmnitentizc
3419 779 3691 846 dolorem,

2101 891 2262 945 quem
2295 876 2347 929 in
2377 874 2510 929 cella
2543 884 2632 927 tua
2689 886 2942 941 passurus
2972 886 3052 936 es,
3097 881 3372 925 memento
3398 873 3694 940 gemituum

2101 979 2153 1023 et
2176 969 2527 1038 lacrymarunt
2558 979 2691 1035 quas
2712 965 2979 1019 emtsurus
3009 978 3089 1020 es.
3149 963 3274 1018 llaec
3299 964 3388 1017 ille
3415 977 3469 1019 et
3495 965 3597 1017 alia
3622 965 3700 1020 si-

2106 1061 2255 1115 milia
2302 1076 2424 1114 cntn
2459 1059 2527 1113 ab
2553 1074 2615 1113 ea
2639 1057 2896 1120 audisset,
2953 1056 3086 1124 fugit
3125 1058 3193 1110 ab
3234 1058 3350 1125 ipso
3382 1073 3555 1126 pugna
3581 1059 3701 1111 dia-

2102 1152 2234 1216 boli,
2259 1152 2479 1222 jamque
2506 1150 2830 1205 erubescens
2850 1148 2973 1203 inde
3002 1150 3185 1216 lugere
3209 1148 3439 1213 volebat,
3468 1164 3573 1201 non
3605 1163 3701 1203 va-

2105 1244 2219 1299 lens
2247 1260 2355 1313 pra:
2388 1242 2588 1312 pudore
2622 1244 2673 1295 in
2709 1240 2874 1308 ipsius
2896 1240 3083 1294 faciem
3115 1240 3419 1294 intendere.
3450 1239 3543 1293 Illa
3573 1255 3701 1294 rur-

2110 1350 2204 1388 sus
2234 1349 2355 1387 eutn
2386 1333 2437 1387 iit
2467 1331 2762 1386 visceribus
2789 1331 2986 1385 Christi
3016 1331 3299 1396 miserans,
3322 1331 3533 1385 dici-bat
3563 1330 3696 1399 ipsi:

2110 1424 2228 1479 Noli
2253 1423 2553 1486 disci-dire,
2585 1424 2761 1489 I'ater,
2815 1436 2950 1490 opus
2990 1420 3165 1475 adhuc
3209 1420 3373 1475 babes
3426 1419 3699 1474 fomentis.

2107 1517 2229 1571 Non
2249 1527 2363 1571 erat
2399 1530 2541 1585 pura.
2566 1516 2760 1567 anima:
2793 1525 2897 1567 tua:
2936 1513 3023 1566 illa
3054 1514 3331 1584 cogitatio,
3363 1512 3457 1567 sed
3505 1512 3701 1581 perditi

2110 1616 2551 1677 corruptortsque
2572 1607 2769 1660 diaboli
2789 1608 3077 1675 suggestio.
3114 1608 3286 1675 Atque
3316 1606 3385 1658 ita
3414 1606 3532 1660 sine
3547 1619 3702 1660 scan-

2108 1702 2232 1756 dan
2262 1709 2506 1756 curatum
2541 1701 2688 1754 illum
2721 1715 2750 1752 a
2781 1715 2843 1754 se
2867 1715 2987 1754 eum
3012 1699 3208 1754 viatico
3237 1698 3460 1753 dimisit.

2701 1837 2928 1896 CAPUT
2957 1838 3113 1894 CCV.

2114 1947 2193 2001 De
2214 1950 2319 2003 alia
2348 1949 2559 2004 muliere
2576 1953 2972 2022 prudente,qmr
2983 1969 3037 2006 se
3058 1953 3377 2021 inmittentem
3399 1950 3703 2005 monachum

2563 2025 2784 2093 sapienti
2805 2025 3021 2077 consilio
3051 2026 3245 2094 rc-jecit.

2185 2132 2433 2187 Narravit
2455 2135 2606 2189 nobis
2632 2136 2849 2205 quidam
2879 2136 3018 2205 quod
3042 2135 3235 2205 aliquis
3265 2150 3488 2188 manens
3511 2133 3564 2188 in
3594 2148 3704 2188 ete-

2112 2226 2277 2278 nobio
2308 2225 2504 2278 missus
2532 2237 2613 2280 est
2636 2244 2730 2294 pro
2759 2228 3038 2294 responsis
3086 2227 3336 2282 ((DIIODII.
3372 2227 3493 2280 Erat
3522 2236 3704 2279 autem

2112 2314 2328 2384 quidam
2376 2315 2657 2384 religiosus
2706 2317 2982 2371 Stet-ulmis
3029 2317 3079 2370 in
3130 2322 3246 2370 vico
3270 2332 3511 2380 moratis,
3564 2316 3706 2384 apud

2114 2424 2273 2473 quem
2310 2408 2397 2462 ille
2421 2409 2738 2477 diiettebat,
2784 2410 2991 2480 quoties
3032 2409 3313 2464 veniretiu
3347 2410 3548 2462 vicum.
3597 2410 3708 2460 ila-

2116 2500 2279 2554 bebat
2306 2516 2433 2554 vero
2481 2503 2574 2555 ille
2604 2503 2764 2555 tiliam
2819 2517 2987 2572 nuper
3014 2501 3224 2555 viduam
3268 2500 3530 2563 relictam,
3586 2515 3709 2569 qum

2118 2594 2329 2647 vixerat
2356 2609 2476 2647 cum
2503 2594 2618 2647 viro
2647 2609 2745 2648 suo
2769 2611 2930 2647 unum
2958 2605 3048 2647 aut
3066 2593 3204 2647 duos
3217 2608 3408 2647 annos.
3429 2596 3560 2647 Cum
3583 2608 3709 2658 ergo

2120 2685 2288 2741 frater
2333 2687 2423 2742 ille
2447 2688 2818 2755 ingrederetur
2864 2697 2918 2740 et
2972 2686 3322 2755 egrederetur
3359 2686 3426 2737 ad
3467 2700 3581 2749 eos,
3612 2685 3711 2735 im-

2121 2779 2352 2851 pugnari
2384 2780 2451 2832 de
2479 2779 2566 2833 illa
2585 2780 2768 2848 coepit.
2802 2779 2953 2846 Qua',
2983 2787 3042 2832 ut
3077 2788 3195 2833 erat
3226 2783 3479 2847 prudens,
3524 2777 3575 2829 id
3619 2792 3712 2829 co-

2123 2871 2329 2939 gnovit,
2359 2880 2413 2924 et
2443 2870 2761 2923 observabat
2793 2886 2851 2925 se
2887 2880 2941 2923 ut
2963 2884 3067 2924 non
3102 2869 3312 2923 veniret
3362 2868 3416 2920 in
3473 2882 3705 2935 conspe-

2121 2974 2265 3016 ctum
2296 2960 2435 3031 ejus.
2467 2962 2706 3028 Quadam
2736 2977 2862 3016 veto
2890 2962 2979 3015 die
3012 2961 3228 3014 intravit
3266 2970 3415 3027 pater
3443 2958 3559 3027 ejus
3588 2973 3713 3025 pro-

2124 3054 2323 3108 ximam
2348 3054 2616 3107 CIVIlﬂtL’ln
2649 3054 2927 3121 cujusdam
2959 3050 3292 3107 necessitatis
3314 3062 3497 3111 causa,
3534 3052 3622 3102 diu
3648 3050 3713 3101 it-

2127 3154 2244 3200 lens
2266 3159 2383 3198 cam
2409 3144 2461 3197 itt
2503 3144 2665 3197 domo
2692 3149 2887 3198 solam.

2205 3238 2434 3292 Veniens
2460 3247 2641 3292 autem
2697 3238 2861 3291 frater
2911 3236 3003 3291 ille
3034 3234 3328 3291 secundum
3368 3232 3714 3288 consuetudi~

2129 3348 2273 3398 nent,
2300 3337 2467 3386 Solam
2496 3347 2616 3386 eam
2643 3334 2863 3400 reperit,
2895 3340 2950 3384 ct
2979 3331 3111 3385 dixit
3141 3330 3190 3383 ei
3226 3347 3237 3380 :
3303 3327 3399 3383 Ubi
3452 3336 3536 3381 est
3566 3340 3713 3395 pater

2131 3426 2287 3480 tuus?
2317 3424 2411 3478 Cui
2446 3423 2566 3476 illa:
2595 3425 2869 3492 Ingressus
2898 3433 2982 3476 est
3009 3422 3306 3476 civitatein.
3363 3419 3539 3486 C(epit
3584 3429 3714 3485 etgo

2130 3517 2330 3572 tmbari
2362 3519 2428 3570 ab
2457 3516 2877 3587 impugnatione,
2910 3516 3094 3568 volens
3137 3515 3412 3581 insurgere
3460 3511 3513 3563 iu
3569 3524 3712 3564 eam.

2130 3607 2261 3675 Qua-
2292 3625 2413 3663 cum
2456 3611 2602 3663 omni
2634 3607 2913 3675 prudentia
2943 3607 3083 3660 dixit
3111 3608 3176 3659 ad
3202 3608 3349 3660 illuni
3380 3622 3393 3658 :
3456 3604 3575 3657 Noli
3602 3615 3716 3656 tur—

2130 3701 2284 3769 bari;
2344 3716 2496 3773 pater
2545 3718 2696 3757 tnens
2728 3718 2897 3771 usque
2925 3716 3071 3755 scto.
3096 3717 3200 3755 non
3244 3709 3553 3753 revertetur
3588 3719 3600 3751 :
3635 3698 3717 3750 hic

2130 3796 2290 3851 antibo
2312 3811 2529 3860 sumus;
2553 3810 2611 3849 sc
2634 3811 2666 3849 ο
2695 3804 2871 3849 autem
2896 3793 3036 3864 quod
3067 3809 3160 3848 vos
3174 3793 3423 3849 monachi
3454 3793 3572 3847 sine
3598 3806 3718 3845 οη-

2133 3887 2279 3943 tione
2330 3888 2456 3942 nihil
2491 3888 2686 3951 facitis,
2743 3903 2903 3957 surge
2957 3887 3136 3956 itaque
3188 3896 3242 3940 et
3292 3903 3385 3939 ora
3420 3887 3608 3949 Deum,
3665 3896 3720 3939 et

2130 3983 2393 4052 quidquid
2422 3982 2626 4035 miserit
2656 3983 2705 4034 in
2735 3997 2847 4044 cur,
2882 3982 2981 4035 hoc
3007 3981 3285 4034 faciamus.
3338 3980 3431 4033 Ille
3458 3994 3584 4034 vero
3614 3995 3720 4034 non

2132 4073 2530 4144 acquiescehat,
2560 4075 2652 4127 εει]
2685 4074 3097 4141 perturbabatur
3128 4075 3317 4143 magis.
3345 4074 3494 4139 Quod
3528 4072 3612 4125 iLIa
3633 4070 3719 4125 ubi

2133 4166 2531 4227 animadvertit,
2561 4167 2633 4217 ait
2683 4167 2756 4219 illi
2796 4182 2809 4218 :
2867 4164 3115 4234 Nunquid
3146 4164 3442 4233 cognovisti
3492 4178 3721 4231 unquam

2135 4258 2450 4311 mulierem?
2481 4257 2616 4310 Dicit
2643 4256 2695 4310 ei
2730 4274 2744 4310 :
2799 4257 2935 4323 Non,
2993 4257 3086 4310 sed
3140 4259 3282 4311 scire
3314 4257 3435 4308 volo
3465 4257 3720 4324 quidnam

2134 4352 2221 4404 sit.
2255 4349 2381 4416 QIIJ.‘
2406 4349 2482 4401 ait
2504 4349 2579 4401 iiIi
2615 4365 2627 4400 :
2663 4349 2867 4403 idcirco
2910 4351 3159 4412 turbaris,
3194 4351 3318 4419 quia
3350 4350 3564 4419 ignoras
3591 4349 3722 4401 Ielo-

2136 4456 2251 4495 rem
2288 4442 2579 4495 inlelicintn
2625 4441 2926 4494 mulierum.
2992 4443 3057 4495 Et
3089 4443 3274 4495 volens
3303 4442 3379 4496 illi
3420 4441 3721 4509 paSsiunetn

2138 4534 2475 4596 imminuere,
2510 4533 2680 4586 dixit:
2715 4534 2867 4587 Nunc
2911 4549 3011 4603 ego
3059 4551 3175 4589 sum
3209 4533 3261 4587 in
3313 4538 3627 4598 tlteDSIl‘ttlS,
3670 4539 3723 4586 et

2139 4643 2297 4682 nemo
2321 4627 2450 4681 tnihi
2480 4628 2909 4696 apprOpinquare
2932 4636 3126 4695 potest,
3160 4642 3331 4695 neq-ie
3357 4627 3573 4681 odorari
3615 4640 3723 4694 pra

2136 4718 2333 4774 fetore.
2368 4718 2459 4772 llis
2488 4720 2578 4772 ille
2622 4720 2849 4787 aliisque
2879 4721 3126 4783 plurimis
3152 4720 3219 4772 ab
3241 4735 3300 4772 ea
3328 4720 3551 4780 auditis,
3573 4732 3722 4771 COItt-

2138 4819 2374 4881 putlctus
2395 4821 2451 4865 et
2477 4812 2529 4864 in
2558 4810 2793 4879 seipstttn
2828 4811 3066 4875 rediens,
3099 4812 3421 4882 Iacrytnatus
3450 4819 3557 4864 est.

2208 4900 2496 4970 Postquam
2521 4915 2647 4954 vero
2679 4901 2808 4955 vidit
2837 4902 2983 4955 illum
3013 4904 3185 4970 puella
3213 4902 3277 4955 ad
3307 4902 3547 4969 seipsutn
3584 4899 3726 4952 rcdt-

2135 4992 2266 5060 isse,
2292 4993 2491 5049 dixitei
2526 5008 2542 5047 :
2573 4992 2712 5047 Ecce
2726 4995 2769 5046 si
2801 5003 2851 5048 te
2879 4994 3240 5062 audissent,et
3265 4993 3462 5060 obteinj
3484 5007 3725 5047 erassem

2134 5090 2250 5159 tbi,
2277 5090 2496 5159 jamque
2532 5101 2805 5157 teceatum
2851 5086 3389 5156 perpetravissetnus,
3434 5101 3539 5154 qua
3571 5084 3726 5139 dein-

2133 5202 2262 5256 ceps
2303 5188 2461 5255 laeie,
2496 5186 2691 5257 quibus
2730 5187 2903 5240 oeulis
2949 5184 3192 5254 aspicere
3222 5184 3490 5251 potuisses
3516 5192 3723 5251 patrem

2139 5296 2341 5343 meum,
2374 5282 2455 5335 vel
2487 5284 2679 5336 reverti
2712 5282 2775 5333 ad
2825 5279 3205 5333 monasterium
3255 5287 3430 5338 ttittttt,
3456 5285 3509 5328 et
3539 5276 3727 5329 audite

2137 5366 2477 5436 psallentium
2507 5376 2815 5421 sanctorum
2856 5366 3113 5419 chorum?
3162 5366 3429 5433 Deprecor
3458 5363 3639 5425 itaque
3670 5373 3727 5415 ut

2132 5458 2345 5513 sobrius
2374 5476 2436 5514 ac
2465 5460 2690 5526 vigilans
2717 5474 2812 5523 διε,
2847 5473 2944 5514 nec
2968 5458 3227 5525 velisjatn
3258 5467 3477 5526 propter
3507 5459 3723 5511 brevem

2136 5556 2470 5620 voluptatem
2539 5555 2762 5619 perdere
2823 5563 2899 5606 tot
2944 5553 3156 5607 labores
3218 5562 3349 5621 quot
3405 5553 3722 5620 pertulisti,

2134 5647 2461 5714 aeternisque
2491 5648 2684 5713 privari
2729 5646 2906 5698 bonis.
2941 5644 3175 5699 Audiens
3204 5654 3380 5698 autem
3412 5646 3528 5697 lucc
3558 5645 3723 5710 ipsius

2134 5738 2296 5792 verba
2330 5738 2490 5791 l'rater
2512 5736 2601 5789 ille
2631 5736 2719 5805 qui
2762 5752 2950 5805 passus
2979 5738 3149 5791 fuerat
3189 5737 3565 5799 tentationem,
3602 5736 3721 5804 qui-

2135 5847 2240 5902 que
2294 5831 2395 5887 ista
2446 5830 2651 5898 retulit,
2712 5832 2916 5900 gratias
2944 5846 3107 5901 agens
3140 5833 3269 5897 Deo,
3325 5831 3411 5900 qui
3442 5832 3590 5883 illum
3622 5842 3721 5897 per
