3982 6354
230 354 347 413 235

1485 349 1775 410 I‘RATUM
1817 345 2252 405 SPIRITUALE.

3405 360 3511 418 231

237 465 482 525 mulieris
512 464 846 535 prudentiaro
882 474 935 523 et
973 464 1286 539 pudicitiam
1319 479 1386 521 ne
1421 463 1657 520 funditus
1689 460 1824 534 peri-
1852 461 1905 518 Δ
1936 459 2112 516 stiana
2138 501 2154 526 ,
2207 470 2263 517 et
2290 474 2449 518 nemo
2497 461 2605 518 vult
2637 476 2735 534 pro
2778 478 2862 520 me
2909 466 3073 535 loqui.
3105 468 3204 536 Qui
3234 471 3307 528 ait
3330 491 3345 531 :
3368 475 3512 533 Nun-

237 569 326 617 ret
364 561 651 629 eripuerat,
695 575 943 615 reversus
973 569 1057 616 est
1084 560 1149 616 ad
1178 558 1587 623 monasterium,
1618 565 1673 612 et
1704 570 1830 626 pec-

232 654 343 707 cati
376 654 457 705 sui
488 652 853 721 paenitentiam
878 654 1005 722 egit.

807 766 1034 821 CAPUT
1079 765 1257 820 CCVI.

243 858 360 924 Qua
381 864 495 908 arte
524 856 706 909 mulier
738 855 853 926 (47)
880 855 1118 924 ιμιαιάωηι
1141 855 1353 909 illustris
1384 854 1827 909 mansuetudinem

890 938 1067 978 edoci'a
1108 937 1193 982 Sil.

318 1022 565 1075 Narravit
585 1021 799 1088 quidam
831 1036 896 1073 ex
929 1019 1196 1085 I’atribus,
1217 1020 1359 1089 quod
1382 1020 1574 1073 rriulfer
1604 1017 1829 1072 illustris

236 1123 299 1169 et
336 1131 400 1167 ex
442 1114 713 1167 senatorio
741 1126 959 1182 genere,
993 1114 1194 1165 venerit
1221 1112 1447 1165 adorare
1468 1123 1649 1163 sancta
1684 1111 1824 1166 loca.

239 1207 488 1277 Cumque
522 1207 890 1261 descendi-set
943 1207 1264 1271 Caesaream,
1323 1207 1517 1272 placuit
1567 1206 1668 1259 sibi
1721 1206 1828 1261 illic

238 1300 603 1369 requiescere.
638 1302 946 1365 rogavitque
963 1299 1294 1367 episcopum,
1321 1297 1505 1352 dicens
1536 1315 1547 1349 :
1584 1298 1655 1351 Da
1689 1298 1821 1352 mihi

248 1406 414 1444 unam
451 1390 735 1459 virginem,
770 1400 825 1443 ut
848 1390 1099 1443 informet
1134 1405 1220 1443 me
1268 1399 1320 1443 et
1356 1389 1545 1444 doceat
1583 1391 1824 1446 timorem

240 1485 361 1539 Dei.
407 1486 617 1554 Eligcns
677 1495 855 1539 autem
911 1486 1191 1554 episcopus
1239 1485 1494 1554 virginem
1545 1485 1822 1549 humilem,

242 1576 459 1628 tradidit
477 1578 547 1628 ei.
565 1575 692 1628 Post
712 1576 1101 1642 aliquantulum
1125 1590 1249 1630 vero
1268 1577 1521 1643 temporis
1535 1590 1828 1631 occurrens

240 1665 319 1719 illi
340 1665 789 1735 epi<eopus,ait:
835 1664 1114 1731 Quomodo
1166 1679 1226 1719 se
1280 1667 1418 1733 gerit
1466 1666 1616 1734 virgo
1666 1682 1825 1734 quant

239 1756 512 1826 assignavi
541 1757 670 1809 tibi?
699 1758 830 1822 Quce
878 1756 994 1811 ait:
1026 1755 1170 1810 Bona
1201 1757 1418 1825 quidem
1450 1765 1553 1820 est,
1596 1757 1687 1811 sed
1721 1774 1828 1812 non

1931 552 2055 621 quid
2087 568 2269 607 revera
2321 554 2462 609 istud
2494 556 2681 625 cupis?
2711 557 3007 626 Respondit
3044 562 3127 615 illa
3157 580 3168 615 :
3200 563 3391 635 Utique
3416 568 3513 622 do-
3582 624 3585 629 ,

1930 645 2095 710 mine,
2126 654 2181 698 et
2209 645 2472 713 deprecor
2501 657 2551 700 te
2578 657 2634 701 ttt
2665 651 2763 703 hoc
2790 650 2918 704 mihi
2959 652 3235 720 impetres.
3266 658 3363 722 Qui
3394 660 3465 712 ait
3494 677 3507 712 :

1929 734 2047 789 Noli
2080 735 2275 791 tristari
2297 779 2313 803 ,
2345 754 2446 808 ego
2474 738 2732 794 adducam
2760 741 2963 811 aliquos
2985 785 3000 808 ,
3031 745 3122 813 qui
3149 756 3199 799 te
3220 749 3506 816 accipient.

1931 826 2164 880 Adduxit
2213 844 2341 897 ergo
2386 831 2519 883 alios
2553 832 2687 884 duos
2718 845 2773 885 et
2815 833 2960 898 ipsos
2990 846 3210 891 Sanctos
3254 841 3509 907 angelos,

1930 919 2302 988 duxeruntque
2330 922 2472 976 illam
2499 924 2550 975 in
2587 924 2866 979 ecclesiam
2902 942 2916 979 :
2952 943 3270 996 rursumque
3300 933 3509 1001 seipsos

1933 1011 2371 1067 transforinantes
2420 1015 2472 1067 in
2525 1030 2782 1083 personas
2833 1021 3088 1087 quasdam
3139 1023 3409 1089 illustres,
3456 1036 3509 1080 et

1933 1112 2085 1155 notas
2114 1118 2180 1155 ex
2216 1103 2403 1158 ordine
2434 1107 2758 1174 Augustalis,
2794 1118 2983 1164 voeant
3012 1111 3255 1178 clericos,
3289 1116 3510 1187 presby-

1935 1202 2107 1247 terum
2140 1197 2342 1251 scilicet
2384 1207 2437 1251 et
2479 1201 2756 1254 diaconum
2778 1242 2794 1266 ,
2827 1205 2914 1270 qui
2948 1205 2999 1257 in
3035 1205 3134 1260 hoc
3167 1207 3341 1275 ip~um
3374 1225 3505 1265 con-

1932 1290 2102 1344 stituti
2135 1299 2309 1344 erant.
2342 1290 2533 1345 Dicunt
2576 1294 2653 1347 eis
2683 1294 2904 1349 clerici:
2936 1296 3122 1351 Vestra
3151 1299 3384 1356 charitas
3418 1318 3512 1372 pro

1932 1396 1993 1435 ea
2041 1381 2367 1451 pollicetur?
2416 1383 2498 1438 Illi
2530 1396 2703 1439 autent
2734 1388 3122 1456 responderunt
3152 1408 3163 1442 :
3196 1392 3367 1447 Etiam
3415 1411 3512 1451 nos

1936 1496 2030 1548 pro
2061 1480 2145 1533 illa
2181 1482 2516 1549 pollicemur.
2551 1482 2837 1539 Sumentes
2865 1500 2996 1554 ergo
3021 1487 3167 1541 illam
3202 1489 3512 1559 baptizave-

1933 1580 2085 1637 runt,
2138 1580 2193 1626 et
2220 1572 2356 1626 albis
2398 1588 2565 1641 nuper
2615 1574 3001 1642 baptizatornm
3045 1581 3282 1635 veStibus
3330 1583 3513 1638 induta

1935 1676 2118 1715 rursus
2146 1663 2211 1716 ab
2234 1664 2311 1717 eis
2328 1664 2579 1718 subvecta
2603 1674 2703 1720 cst.
2735 1664 2901 1733 Quant
2939 1683 3059 1723 cum
3096 1668 3503 1741 deposuissent,

1936 1762 2289 1808 evanuerunt.

240 1848 398 1901 valde
429 1847 643 1909 prodest
676 1850 869 1902 anima:
900 1863 1074 1903 mete:
1120 1848 1379 1917 permittit
1410 1848 1549 1902 enim
1596 1863 1683 1902 me
1732 1863 1825 1903 νο·
1860 1844 1909 1904 Β
2011 1841 2178 1897 νῖείιί
2211 1859 2339 1914 ergo
2371 1860 2491 1899 Cum
2520 1846 2665 1901 “lam
2699 1846 2768 1900 ita
2798 1847 2933 1903 albis
2959 1849 3197 1905 indum“
3229 1852 3507 1919 νῖάεΐθηῑυ

240 1939 480 1993 Ittlttates
507 1954 656 1993 meas
680 1940 879 2004 facere,
923 1955 1042 1993 cum
1074 1941 1143 1994 sit
1170 1940 1402 1994 humilis.
1459 1940 1687 1995 Sumens
1740 1956 1835 1997 au-

242 2041 354 2084 tem
386 2032 675 2101 episcopus
704 2047 863 2085 unam
915 2032 1182 2086 duriorem
1217 2032 1361 2085 dedit
1391 2032 1460 2096 ei,
1519 2048 1639 2100 qum
1689 2033 1832 2087 illaut

242 2122 589 2193 objurgabat,
616 2124 897 2192 appellans
925 2138 1043 2177 eam
1078 2123 1273 2177 fatuam
1306 2124 1546 2188 divitem,
1573 2132 1628 2178 et
1659 2124 1740 2176 his
1763 2123 1829 2177 si-

243 2214 492 2268 tniliailli
542 2217 896 2280 exprobrans.
948 2214 1076 2269 Post
1117 2224 1328 2284 tempus
1373 2215 1586 2284 aliquod
1618 2230 1832 2270 rursum

242 2305 394 2361 illam
420 2308 626 2375 rogavit
648 2307 968 2376 episcopus:
1025 2307 1308 2372 Quomodo
1364 2321 1421 2360 se
1466 2306 1624 2360 habet
1663 2310 1834 2362 altera

243 2399 437 2469 virgo!
458 2400 586 2466 Quae
615 2399 781 2452 dixit:
819 2400 1020 2452 lievcra
1046 2398 1157 2467 ipsa
1196 2398 1417 2466 prodest
1457 2399 1649 2452 animat
1677 2413 1832 2465 meae,

244 2497 425 2561 Atque
456 2490 528 2545 ita
573 2505 817 2560 magnam
848 2489 1127 2559 acquisivit
1159 2489 1646 2543 mansuetudinem.

817 2604 1041 2660 CAPUT
1079 2604 1276 2659 CCVII.

303 2698 425 2753 γεω
457 2700 641 2769 puella:
667 2700 1054 2763 Alexandriam,
1101 2715 1215 2767 qui?
1244 2717 1274 2751 a
1304 2700 1491 2754 sanctis
1519 2699 1714 2770 angelis
1742 2700 1803 2753 de

720 2788 866 2823 sarro
900 2775 1036 2838 {ante
1067 2770 1163 2838 [nit
1192 2771 1370 2823 (etiam.

324 2865 572 2918 Narravit
600 2862 752 2916 nobis
780 2865 944 2916 abbas
969 2862 1215 2915 Theoaas
1244 2871 1295 2916 et
1319 2861 1654 2925 Theodorus,
1688 2863 1831 2933 quod

248 2956 597 3013 Alexandria:
625 2957 722 3007 sub
747 2954 911 3007 Paulo
944 2954 1244 3022 patriarcha
1279 2956 1451 3022 puella
1481 2955 1723 3023 quardant
1758 2970 1842 3010 re-

249 3047 380 3101 tiola
414 3046 587 3101 fuerat
610 3044 806 3113 pupilla
833 3061 857 3095 a
887 3046 1199 3112 parentibus
1246 3061 1432 3114 magna
1474 3046 1727 3101 facultate
1762 3049 1841 3100 lo-

250 3137 603 3205 cupleaibus:
652 3146 763 3189 erat
812 3145 990 3189 autem
1022 3136 1195 3189 adhuc
1244 3138 1359 3190 sine
1402 3137 1689 3206 baptismo.
1748 3138 1844 3193 Die

1938 1945 2216 2004 postquam
2248 1947 2586 1992 recesserunt
2615 1940 2726 2006 illi,
2758 1939 2943 1994 dicunt
2970 1943 3018 1995 ei
3051 1958 3065 1995 :
3097 1942 3223 2010 Quis
3257 1956 3306 1999 te
3345 1947 3516 2014 bapti.

1937 2028 2117 2080 zavit?
2149 2026 2424 2083 Nuntiavit
2452 2040 2630 2084 autem
2663 2034 2741 2085 eis
2770 2048 2880 2086 rem
2912 2043 3073 2088 totam
3096 2080 3110 2101 ,
3158 2036 3382 2096 dicens:
3414 2039 3514 2094 Ve-

1938 2126 2131 2169 nerunt
2172 2119 2386 2186 quidam
2432 2130 2486 2173 et
2513 2121 2746 2173 tulerunt
2794 2136 2880 2176 me
2909 2124 2959 2176 in
2994 2125 3294 2192 ecclesiam,
3329 2126 3519 2182 locuti-

1938 2222 2041 2274 que
2068 2221 2191 2261 sunt
2220 2208 2450 2277 clericis,
2500 2221 2554 2265 et
2596 2212 3001 2280 baptizaverunt
3031 2232 3136 2271 me.
3173 2218 3236 2271 Et
3266 2220 3518 2276 dixerunt

1938 2299 2003 2352 ad
2034 2313 2150 2352 eam
2176 2318 2185 2350 :
2213 2301 2310 2365 Qui
2341 2310 2465 2355 sunt
2496 2304 2609 2356 illi?
2652 2304 2782 2357 Cum
2817 2320 2943 2359 vero
2970 2324 3079 2377 non
3100 2319 3288 2377 posset
3336 2312 3519 2367 dicere

1939 2389 2027 2458 qui
2050 2401 2249 2458 easent,
2283 2391 2355 2445 illi
2385 2393 2644 2449 abeuntes
2679 2397 3056 2453 nuntiaverunt
3081 2402 3352 2471 episcopo.
3378 2404 3520 2459 Dixit

1937 2491 2117 2535 autem
2168 2484 2454 2552 episcopus
2489 2486 2571 2539 his
2603 2489 2693 2556 qui
2724 2490 2788 2541 ad
2822 2490 3197 2559 haptizmdunt
3234 2495 3519 2550 constituti

1943 2584 2134 2628 erant:
2165 2574 2268 2630 Vos
2292 2577 2436 2630 illam
2456 2577 2800 2645 baptizastis?
2830 2581 3139 2637 Etconfessi
3161 2593 3357 2639 suntse
3378 2586 3521 2643 illam

1950 2669 2250 2738 baptizasse
2279 2683 2528 2725 exoratus
2558 2672 2624 2726 ab
2653 2674 2740 2725 illo
2765 2683 2818 2727 et
2840 2674 2928 2727 illo
2953 2674 3352 2743 Angustalibus.
3387 2678 3519 2733 Por-

1942 2778 2003 2817 ro
2046 2764 2321 2817 accersitis
2354 2780 2416 2818 ex
2450 2764 2695 2833 praetorio
2743 2767 2822 2819 his
2851 2783 2985 2837 quos
3012 2769 3194 2823 clerici
3237 2771 3522 2835 dixerant,

1943 2854 2073 2908 dixit
2102 2856 2385 2922 cpiscopus
2408 2870 2423 2907 :
2448 2855 2580 2908 Num
2616 2856 2713 2923 ipsi
2747 2871 2840 2924 pro
2873 2858 2969 2909 ista
3001 2858 3393 2927 lidejussistis?
3416 2860 3523 2928 Qui

1944 2944 2196 2999 dixerunt
2226 2963 2239 2999 :
2271 2948 2451 3015 Neque
2482 2947 2743 3012 novimus,
2773 2964 2943 3016 neque
2968 2951 3170 3004 conscii
3212 2967 3399 3006 sumus
3431 2969 3524 3006 no-

1946 3041 2028 3095 bis
2080 3042 2181 3095 hoc
2212 3040 2422 3095 fecisse.
2470 3041 2619 3094 Tunc
2648 3057 2771 3095 vero
2800 3042 2910 3110 jam
2944 3046 3192 3113 cognovit
3236 3046 3522 3115 episcopus

1949 3133 2042 3187 Dei
2078 3132 2178 3186 hoc
2222 3149 2354 3202 opus
2409 3147 2550 3188 esse.
2606 3133 3026 3204 Convocaitsque
3078 3136 3221 3189 illaut
3253 3137 3389 3190 dixit
3431 3139 3527 3192 ei:

248 3243 389 3281 vero
432 3226 660 3295 quadam
711 3228 944 3294 ingressa
981 3228 1272 3292 pomarium
1322 3228 1458 3296 quod
1484 3229 1583 3281 sibi
1616 3228 1842 3297 relique-
1869 3215 1919 3279 Β
1952 3227 2046 3283 Dic
2073 3225 2224 3291 milii,
2255 3226 2383 3290 tilia,
2414 3225 2537 3296 quid
2561 3227 2775 3294 gessisti
2801 3227 2923 3280 horti
2952 3228 3118 3295 :Qiue
3139 3229 3213 3282 ait
3237 3245 3251 3283 :
3278 3229 3530 3285 Meretrix

251 3329 381 3373 rant
408 3328 653 3386 parentes
675 3316 791 3386 ejus
822 3315 969 3386 (sunt
998 3318 1137 3372 enim
1170 3317 1222 3371 in
1256 3319 1431 3373 medio
1473 3320 1702 3374 civitatis
1744 3335 1843 3389 po-

251 3414 477 3475 maria),
503 3412 633 3463 vidit
662 3410 942 3474 quemdam
976 3418 1249 3477 parantem
1284 3410 1381 3465 sibi
1423 3411 1674 3480 laqueum
1701 3422 1758 3467 ut
1786 3427 1846 3469 se

251 3503 595 3573 praefoearcl.
629 3500 878 3555 Cucurrit
909 3500 1088 3569 igitur,
1144 3512 1197 3554 et
1220 3501 1353 3555 dixit
1383 3502 1430 3556 ei
1464 3518 1475 3556 :
1524 3503 1657 3569 Quid
1690 3504 1842 3571 facis,

254 3593 459 3648 homo?
490 3592 627 3646 Dixit
658 3603 832 3646 autem
858 3592 907 3646 ei
936 3611 948 3645 :
981 3593 1195 3647 Dimitte
1212 3609 1318 3660 me,
1349 3595 1560 3664 mulirr,
1594 3598 1844 3664 quoniam

254 3688 314 3740 in
349 3686 515 3739 multa
573 3685 914 3739 tribulatione
968 3700 1105 3739 smn.
1149 3687 1276 3751 Quae
1322 3690 1391 3740 ait
1424 3688 1539 3742 illi:
1596 3690 1689 3744 Dic
1718 3692 1848 3746 mihi

254 3792 505 3841 causam,
559 3788 611 3831 et
643 3775 885 3830 fortassis
930 3777 1302 3848 9313uvare
1335 3788 1387 3832 te
1438 3792 1644 3848 potero.
1703 3783 1851 3837 Dixit

254 3869 335 3923 illi
369 3886 384 3925 :
418 3869 578 3923 Gravi
610 3884 717 3923 rere
746 3871 922 3923 alieno
949 3885 1182 3938 premor,
1242 3880 1297 3925 ct
1356 3873 1509 3927 Valde
1537 3874 1768 3928 sulfoeor
1821 3890 1848 3927 a

254 3961 661 4026 creditoribus,
714 3961 960 4031 elegique
1006 3966 1180 4031 potius
1241 3962 1403 4017 vitam
1459 3966 1623 4018 semel
1670 3965 1847 4031 finire,

258 4069 424 4122 quam
455 4054 525 4106 ita
558 4054 750 4108 misere
782 4056 986 4109 vivere.
1029 4060 1161 4120 Quae
1206 4054 1338 4108 dixit
1384 4056 1455 4109 illi
1491 4073 1504 4110 :
1553 4057 1747 4124 Ουίιξεο
1778 4066 1847 4123 te,

259 4146 450 4213 accipe
472 4143 647 4197 omnia
674 4160 792 4214 qua:
827 4144 1019 4210 habeo,
1044 4154 1096 4198 et
1125 4145 1308 4212 redde,
1334 4156 1535 4199 tantum
1569 4162 1634 4201 ne
1663 4149 1855 4217 perdas

262 4237 522 4304 teipsum.
556 4236 786 4290 Sumeus
809 4251 936 4290 vero
959 4235 1049 4289 ille
1068 4236 1298 4291 reddidit
1328 4240 1529 4292 omnia.

341 4329 521 4382 Puella
567 4344 693 4397 ergo
723 4329 990 4396 angustari
1032 4330 1222 4399 Cthil,
1256 4348 1359 4385 non
1394 4333 1595 4389 habens
1628 4335 1718 4405 qui
1752 4334 1855 4390 sibi

265 4436 458 4476 curam
502 4430 732 4488 gereret.
785 4422 968 4489 Itaque
1012 4422 1262 4476 destituta
1310 4436 1588 4491 parentum
1632 4429 1851 4496 solatio,

269 4514 529 4568 fornicari
558 4512 785 4566 instituit
805 4554 819 4576 ,
853 4521 906 4567 et
932 4512 1057 4567 inde
1086 4514 1186 4568 sibi
1217 4517 1410 4570 victum
1441 4533 1710 4586 qurerere.

1949 3321 2183 3375 existens
2206 3326 2259 3372 et
2290 3319 2631 3387 paupercula,
2667 3318 2790 3386 quid
2814 3318 2937 3372 boni
2969 3321 3178 3387 Operari
3215 3322 3405 3389 potui?
3444 3321 3531 3375 Dio

1950 3413 2033 3467 xit
2057 3411 2129 3465 illi
2162 3410 2453 3480 episcopus
2479 3426 2491 3463 :
2518 3408 2659 3463 Nihil
2692 3425 2757 3463 ne
2786 3411 3006 3464 oninino
3034 3425 3249 3479 cperam
3275 3413 3373 3466 es?
3402 3413 3534 3467 dix’t

1950 3502 2000 3558 ei
2027 3521 2038 3555 :
2063 3502 2204 3569 Non,
2237 3501 2341 3555 nisi
2370 3501 2510 3570 quod
2535 3501 2717 3555 videns
2749 3502 3031 3570 quemdam
3063 3503 3149 3572 qui
3189 3517 3217 3556 a
3253 3503 3535 3557 credituri-

1951 3594 2052 3649 hus
2100 3594 2464 3663 premebatur,
2516 3610 2575 3649 sc
2622 3592 2887 3648 suffocare
2921 3594 3230 3659 volenrem,
3283 3595 3405 3648 data
3460 3595 3536 3649 illi

1952 3687 2097 3742 omni
2120 3689 2415 3741 subsmntia
2449 3702 2565 3742 mea
2597 3688 2819 3741 liberavi
2853 3704 2997 3741 eum.
3031 3688 3096 3741 Et
3128 3686 3209 3741 his
3232 3687 3387 3740 dictis
3408 3704 3535 3743 con-

1956 3781 2105 3834 tinuo
2134 3780 2457 3833 obdormivit
2489 3780 2541 3833 in
2575 3779 2817 3844 Domino,
2851 3779 3071 3833 liberata
3104 3795 3130 3831 a
3181 3780 3395 3833 delictis
3426 3790 3535 3833 tant

1954 3871 2275 3924 voluntariis
2304 3885 2461 3939 quam
2504 3870 2896 3923 involuntariis.
2932 3870 3078 3924 Tunc
3106 3871 3393 3938 episciipus
3419 3871 3537 3940 glo-

1957 3965 2171 4017 rilieans
2206 3962 2510 4025 Dominum,
2546 3961 2679 4015 dixit
2708 3977 2720 4014 :
2748 3961 2931 4016 Justus
2958 3976 3037 4027 es,
3073 3959 3318 4027 Domine,
3362 3971 3417 4017 et
3444 3976 3534 4017 re-

1957 4063 2097 4109 ctum
2124 4054 2380 4123 judicium
2407 4061 2553 4107 tuum
2587 4051 2757 4123 (Psut.
2789 4054 3006 4121 cxvm).

2507 4164 2733 4220 CAPUT
2776 4164 2996 4218 CCVIII.

1964 4262 2192 4317 Pulchra
2239 4259 2498 4331 responsio
2548 4260 2702 4322 senis,
2755 4258 2894 4326 facta
2940 4258 3089 4320 fratri
3133 4258 3219 4326 qui
3268 4273 3299 4310 a
3331 4258 3541 4311 tristitia

2535 4331 2954 4400 impugnabntur.

2035 4428 2241 4488 Frater,
2275 4420 2363 4491 qui
2394 4435 2423 4474 a
2454 4421 2664 4475 tristitia
2716 4421 3141 4491 iinpugnzibatur,
3194 4419 3541 4489 interrogavit

1966 4535 2171 4582 senem,
2203 4517 2390 4572 dicens
2418 4533 2429 4568 :
2461 4515 2596 4583 Quid
2630 4514 2842 4582 faciam,
2872 4515 2992 4583 quit
3026 4513 3377 4580 cogitationes
3408 4525 3541 4567 mem

340 4606 601 4659 Dicebant
628 4620 756 4672 ergo
788 4605 887 4659 viri
913 4604 1002 4674 qui
1035 4619 1293 4662 noverant
1327 4609 1491 4670 illam.
1518 4627 1623 4680 quo
1656 4612 1707 4664 in
1740 4620 1855 4666 sta-
1888 4597 1937 4657 Ῐ)
1969 4613 2247 4680 insurgunt
2274 4609 2559 4662 adversum
2593 4622 2676 4660 me
2700 4648 2713 4670 ,
2759 4606 3039 4660 dicentes:
3067 4604 3329 4657 lnutiliter
3359 4612 3412 4657 et
3443 4602 3544 4655 ini-

269 4711 325 4753 tu
356 4708 513 4753 erant
558 4710 801 4765 parentes
843 4700 959 4768 eius
986 4719 997 4753 :
1026 4700 1157 4767 Quis
1187 4702 1332 4755 novit
1376 4702 1499 4767 ista,
1558 4704 1663 4757 nisi
1710 4706 1857 4760 Solus

271 4788 457 4845 Deus?
502 4788 772 4855 quomodo
802 4791 1005 4844 scilicet
1034 4792 1368 4860 permittatur
1397 4794 1572 4846 anima
1603 4795 1704 4848 labi
1737 4811 1858 4861 pro-

274 4894 399 4950 pter
424 4895 640 4935 causam
672 4882 900 4951 aliquam
932 4884 1030 4953 ipsi
1064 4884 1166 4939 soli
1210 4888 1498 4955 c0guitam,
1532 4897 1586 4941 et
1615 4888 1679 4942 ad
1726 4898 1859 4943 tein-

274 4992 376 5046 τιμε
401 4975 696 5044 derelittqui

349 5067 480 5121 Post
508 5068 889 5137 aliquantulum
923 5070 1175 5137 temporis
1205 5069 1473 5125 infirmata
1505 5082 1581 5125 est
1630 5074 1808 5140 puella
1834 5116 1850 5142 ,

274 5175 330 5217 et
360 5165 412 5217 in
461 5179 520 5219 se
550 5177 763 5218 reversa
796 5175 1110 5232 compuncta
1144 5175 1224 5219 est
1249 5206 1263 5227 ,
1295 5168 1569 5236 oravitque
1619 5168 1860 5235 vicinos,

276 5256 464 5313 dicens
495 5274 507 5308 :
542 5256 761 5325 Propter
790 5255 1070 5310 Dominum
1095 5256 1252 5311 facile
1284 5259 1708 5313 misericordiam
1741 5276 1860 5316 cum

280 5350 458 5403 anima
491 5362 630 5411 mea,
662 5356 716 5401 et
764 5346 1042 5416 loquimini
1073 5363 1243 5416 papa’,
1280 5357 1337 5401 ut
1369 5365 1453 5402 me
1501 5350 1655 5403 faciat
1701 5350 1854 5404 Chri-

280 5438 746 5494 stianam.0innes
767 5450 942 5492 autem
970 5439 1391 5507 aspernabantur
1416 5454 1558 5501 eam.
1593 5440 1864 5494 dicentes:

279 5532 412 5599 Quis
437 5532 573 5586 hanc
598 5532 877 5601 suscipiat,
909 5546 1028 5600 qua:
1056 5533 1311 5587 meretrix
1359 5534 1487 5587 est?
1536 5534 1868 5604 afﬂigebatur

280 5636 461 5680 autem
489 5623 860 5679 vehementer.
890 5623 1023 5677 Cum
1056 5639 1185 5677 vero
1219 5625 1269 5677 in
1303 5625 1386 5679 his
1413 5634 1557 5680 esset
1581 5628 1861 5697 angustiis,

282 5718 451 5773 astitit
476 5718 548 5772 illi
579 5717 798 5783 angelus
830 5716 880 5769 in
913 5717 1091 5783 specie
1127 5717 1379 5779 hominis.
1406 5734 1525 5774 cum
1557 5736 1662 5787 quo
1694 5721 1860 5775 mise-

285 5808 570 5866 ricttrdiam
601 5808 823 5865 fecerat.
874 5806 969 5862 Cui
1018 5808 1105 5861 illa
1142 5807 1272 5862 dixit
1302 5829 1312 5862 :
1338 5809 1505 5882 Cupio
1565 5813 1675 5868 ﬁeri
1709 5812 1862 5867 Chri-

655 5925 925 5985 PATnOL.
977 5922 1261 5985 LXXIV.

1965 4712 2195 4773 portune
2224 4698 2566 4763 renuntiasti,
2597 4699 2789 4752 salvari
2820 4713 2923 4752 non
2949 4706 3122 4767 potes.
3160 4695 3304 4748 Dixit
3325 4696 3389 4749 ad
3423 4710 3544 4748 eum

1965 4796 2148 4849 senior
2174 4810 2189 4846 :
2212 4792 2354 4858 Scis,
2393 4789 2579 4859 frater,
2613 4790 2735 4860 quia
2765 4790 2862 4843 etsi
2895 4804 3000 4842 non
3039 4802 3319 4855 possumus
3351 4795 3545 4840 terram

1964 4884 2401 4956 repromissionis
2436 4882 2665 4951 ingredi,
2694 4880 2912 4950 expedit
2944 4881 3096 4933 nobis
3123 4887 3180 4933 ut
3210 4878 3464 4933 cadamus
3492 4877 3545 4933 in
3610 4922 3613 4923 ν

1965 4978 2201 5045 deserto,
2232 4991 2391 5046 quam
2422 4982 2479 5029 ut
2507 4982 2842 5028 revertamur
2863 4972 2914 5024 in
2940 4969 3264 5041 Aigyptum?

2537 5082 2766 5141 CAPUT
2804 5080 2986 5136 CClX.

1974 5200 2203 5257 Pulchra
2231 5199 2514 5253 admonitio
2563 5196 2833 5267 cujusdam
2875 5195 3037 5247 sanati
3064 5194 3169 5247 viri
3198 5209 3351 5260 super
3390 5193 3550 5246 verbis

2046 5275 2289 5326 orationis
2322 5269 2606 5323 Dominij
2637 5284 2654 5320 .'
2683 5269 2747 5321 Et
2795 5282 2861 5321 ne
2892 5280 2987 5320 nos
3019 5267 3243 5319 inducas
3274 5279 3326 5317 In
3375 5272 3549 5317 tenta-

2048 5346 2268 5399 tionem.

2053 5435 2196 5489 Dixit
2226 5433 2444 5503 quidam
2478 5439 2782 5485 sanctorum
2812 5446 2824 5481 :
2852 5427 2985 5482 Cum
3029 5442 3245 5482 oramus
3272 5424 3336 5480 ad
3372 5423 3551 5478 Domi-
3614 5418 3629 5426 “

1980 5545 2143 5596 num,
2204 5524 2603 5582 dicentes:Ne
2666 5537 2763 5578 nos
2818 5523 3037 5577 inducas
3091 5521 3143 5574 in
3211 5519 3551 5573 tentationem

1982 5624 2197 5701 (Matth.
2227 5622 2302 5688 vt)
2330 5638 2343 5685 ;
2376 5634 2481 5673 non
2511 5627 2567 5672 ιιι
2599 5632 2703 5672 non
2728 5626 2994 5672 tentemur
3018 5629 3235 5668 oramus
3257 5611 3382 5681 (hoc
3413 5609 3549 5662 enim

1984 5717 2238 5788 possibile
2260 5729 2364 5769 non
2395 5710 2521 5782 est),
2554 5710 2648 5767 sed
2683 5727 2750 5765 nc
2772 5726 2798 5763 a
2832 5710 3123 5763 tentatione
3154 5702 3536 5759 aborbeamur

1982 5814 2022 5867 si
2056 5808 2251 5881 aliquid
2284 5820 2500 5878 agamus
2531 5805 2668 5876 quol
2703 5804 2973 5873 diSpliccat
3020 5799 3259 5860 Christo;
3294 5795 3392 5847 hoc
3415 5789 3561 5846 enim

3179 5904 3221 5965 8
