3982 6354
390 354 510 409 ἲὶἱὸ

1508 342 1596 398 DE
1637 337 1812 395 VITIS
1834 333 2125 391 PATRUSI
2170 333 2371 388 LIBER
2414 335 2477 390 Χ.

3570 335 3673 391 25έῖ

396 479 485 526 est
515 484 618 524 non
648 468 845 522 intraro
870 467 925 519 in
973 456 1561 517 tentationem.'Sancti
1595 454 1741 507 enim
1778 462 1981 519 marty-
2013 446 2062 506 A
2090 446 2209 500 dam
2234 446 2414 502 fratris
2442 449 2659 515 furtum,
2692 446 2994 518 missusque
3018 458 3099 503 est
3132 450 3183 505 in
3213 465 3507 517 carcerem,
3544 470 3676 511 sene

380 578 492 620 ‘res
523 560 704 616 tentati
737 574 830 629 per
860 556 1145 625 Supplicia,
1176 570 1272 608 nec
1294 550 1554 619 superati,
1584 562 1687 600 non
1714 545 1980 599 intrarunt

405 658 459 710 in
494 655 863 716 tentationem,
894 632 1047 702 sicuti
1081 661 1253 715 neque
1280 642 1367 712 qui
1400 651 1592 709 pugnat
1620 653 1741 691 cum
1781 635 1974 694 bestia,

405 759 684 815 quousque
710 759 812 797 non
841 742 1128 795 devoratur
1154 739 1221 791 ab
1252 751 1311 788 ea
1340 751 1353 787 :
1381 749 1500 787 cum
1533 744 1658 783 vero
1686 730 1978 779 devoratus

408 834 587 901 fuerit,
621 844 748 889 tunc
776 831 1013 886 introivit
1062 830 1112 884 in
1148 827 1511 882 tentationem.
1567 821 1638 873 Ita
1666 827 1719 870 ct
1750 818 1802 869 in
1835 814 1980 867 omni

409 928 658 997 passione
690 925 785 990 Iit;
835 939 1006 994 neque
1043 923 1187 976 enim
1222 920 1482 972 intramus
1513 915 1565 967 in
1615 912 1983 975 tentationcm,

410 1024 511 1078 nisi
542 1038 568 1077 a
600 1022 847 1092 passione
878 1030 1213 1086 superentur.

985 1124 1210 1181 CAPUT
1248 1121 1403 1176 CCX.

416 1227 685 1293 Quomodo
714 1232 916 1277 sanctus
942 1217 1211 1289 episcopus
1239 1215 1563 1292 altercantcm
1588 1224 1753 1262 serum
1773 1208 1990 1257 a'lerttm

870 1292 1157 1344 humilitate
1188 1292 1523 1343 superaverit.

480 1406 706 1473 Quidam
751 1419 814 1457 ex
849 1402 1097 1455 Patribus
1150 1395 1384 1451 narravit
1428 1394 1494 1448 de
1543 1391 1749 1445 duohus
1798 1386 1991 1441 vicinis

409 1499 711 1567 episcopis,
745 1496 885 1566 quod
919 1494 1205 1561 aliquando
1256 1492 1394 1544 inter
1425 1504 1519 1543 eos
1551 1487 1794 1540 simultas
1840 1498 1991 1552 qua:-

411 1591 531 1645 dam
562 1598 744 1643 exorta
792 1589 882 1641 sit.
914 1586 1039 1640 Erat
1072 1592 1248 1635 autem
1278 1596 1341 1634 ex
1374 1580 1455 1632 his
1484 1578 1619 1631 altrr
1656 1573 1870 1644 quidem
1915 1571 1995 1624 di-

411 1697 505 1738 ves
533 1692 585 1737 et
616 1689 845 1745 astutus,
876 1678 1009 1731 alter
1040 1691 1165 1729 vero
1208 1673 1425 1727 humilis
1457 1671 1643 1733 valde;
1694 1665 1993 1736 quaerebat-

412 1790 514 1844 que
544 1748 749 1827 astutus
781 1771 870 1825 ille
902 1769 1062 1820 alium
1095 1766 1312 1820 laedere.
1344 1762 1494 1829 Quod
1529 1778 1646 1815 eum
1694 1760 1809 1826 ipse
1840 1772 1993 1811 com—

2090 542 2217 595 nihil
2250 543 2457 609 penitus
2484 542 2706 597 sciente.
2734 540 3023 611 Comperto
3050 554 3228 599 autem
3270 547 3407 616 quod
3455 548 3507 601 in
3558 564 3674 602 car-

2089 651 2263 689 cerem
2294 633 2459 689 frater
2493 636 2582 689 ille
2628 636 2905 703 conjectus
2945 647 3117 702 esset,
3174 639 3425 708 ignorans
3457 654 3672 693 causam

2089 742 2272 779 semor
2292 766 2307 792 ,
2342 729 2483 779 venit
2513 727 2577 779 ad
2607 728 2990 780 monasterium
3021 739 3282 791 nostrum,
3314 730 3377 782 ad
3411 731 3550 799 quod
3584 747 3675 784 ac-

2090 816 2281 871 cedere
2311 832 2452 885 s.epe
2478 827 2854 881 consueverat,
2890 817 3127 886 dixitque
3153 820 3283 872 mihi
3312 837 3323 871 :
3349 820 3458 873 Fac
3488 822 3671 873 chari-

2092 917 2274 973 tatem,
2309 921 2362 964 et
2391 910 2453 962 da
2484 909 2610 962 mihi
2645 912 2818 979 aliqua
2846 912 3141 966 esculenta.
3179 916 3239 965 lit
3270 916 3355 965 aio
3384 914 3451 966 ad
3485 914 3630 967 illum
3659 930 3673 966 :

2092 1002 2224 1056 Ntnn
2294 1006 2521 1072 aliquem
2615 1006 2780 1059 habes
2874 1005 3178 1074 hospitem?
3263 1007 3403 1061 Dixit
3495 1019 3672 1061 autem

2093 1096 2484 1150 IllIItI:II.‘til00
2558 1110 2704 1149 sane.
2785 1096 3003 1164 Accepit
3078 1106 3254 1150 autem
3334 1112 3394 1150 ea
3474 1098 3674 1160 senior,

2094 1200 2150 1243 ut
2205 1191 2306 1242 iret
2351 1189 2415 1241 ad
2471 1188 2693 1241 fratrem
2743 1187 2795 1241 in
2853 1202 3148 1250 carcerem,
3202 1196 3256 1240 et
3306 1189 3679 1240 consolaretur

2094 1296 2153 1335 ac
2198 1281 2446 1334 reticeret
2491 1296 2635 1332 etini.
2697 1278 2761 1334 Ut
2816 1290 2996 1333 autem
3054 1280 3324 1348 ingressus
3373 1286 3456 1330 est
3498 1291 3679 1329 carce-

2096 1388 2232 1436 rem,
2275 1372 2500 1440 procidit
2531 1370 2695 1423 frater
2725 1370 2815 1423 ille
2850 1369 2916 1423 ad
2949 1369 3111 1438 pedes
3141 1368 3278 1438 ejus,
3300 1368 3486 1421 dicens
3514 1385 3525 1419 :
3562 1367 3681 1421 Pro-

2098 1474 2213 1530 pter
2245 1473 2294 1517 te
2327 1464 2411 1516 hic
2443 1463 2709 1527 detineor,
2739 1462 2911 1526 abba;
2956 1476 3054 1531 ego
3105 1464 3246 1515 enim
3295 1476 3411 1512 sum
3454 1460 3544 1529 qui
3589 1471 3680 1513 tua

2098 1554 2277 1609 omnia
2311 1554 2515 1607 furatus
2543 1555 2614 1607 fui
2649 1572 2660 1604 :
2694 1553 2786 1608 sed
2832 1568 2957 1607 ecce
3001 1555 3134 1607 liber
3162 1562 3286 1606 tuus
3335 1554 3473 1618 apud
3527 1553 3677 1604 illum

2097 1660 2200 1712 est,
2230 1659 2283 1703 et
2314 1648 2527 1716 pallium
2580 1657 2724 1700 tuum
2749 1688 2762 1711 ,
2794 1654 2847 1700 et
2894 1655 3088 1700 caetera
3135 1646 3227 1699 illo
3257 1655 3310 1698 et
3359 1646 3448 1698 illo
3479 1644 3529 1698 in
3565 1646 3683 1699 loco

2102 1752 2246 1794 sunt.
2302 1741 2439 1793 Dixit
2468 1740 2518 1794 ei
2554 1740 2768 1793 senior:
2794 1738 2984 1793 Certus
3024 1748 3160 1802 esto,
3195 1740 3290 1803 ﬁli,
3326 1738 3486 1807 idque
3518 1740 3682 1792 firmi-

396 1825 673 1935 .perigsei,
728 1862 805 1914 ςιῑι
836 1861 979 1913 clero
1011 1872 1105 1909 suo
1137 1873 1148 1907 ε
1181 1825 1384 1909 Christi
1423 1853 1589 1924 ει-ηιίει
1624 1825 1840 1903 νίηέειοε
1872 1861 1993 1913 ρυε-
2028 1825 2071 1885 Β
2102 1847 2181 1888 ter
2210 1844 2353 1898 tene,
2405 1836 2527 1899 quia
2563 1848 2666 1886 non
2715 1833 2912 1888 idcirco
2940 1833 3003 1886 ad
3036 1842 3086 1887 te
3117 1833 3267 1894 veni,
3319 1848 3495 1902 neque
3540 1835 3682 1886 enim

398 1971 620 2013 sumus.
656 1954 1018 2020 Dixeruntque
1065 1948 1142 2002 illi
1179 1965 1189 1998 :
1228 1946 1391 2012 Quis,
1424 1944 1645 1997 domine
1672 1983 1687 2005 ,
1738 1940 1997 1993 adversus

338 2044 341 2047 ’
394 2050 576 2105 istum
604 2046 893 2116 praevalere
917 2044 1125 2113 possit?
1156 2041 1216 2094 Et
1240 2036 1310 2091 ait
1341 2038 1445 2091 illis
1473 2055 1484 2089 :
1518 2036 1843 2104 Exspectate
1869 2046 1998 2099 pau-

398 2143 605 2210 llisper,
638 2148 692 2192 et
726 2137 975 2191 videbitis
1002 2135 1165 2204 932
1197 2130 1615 2187 misericordiam
1650 2126 1760 2181 Dei.
1795 2126 1997 2179 Obser-

408 2233 561 2285 vavit
608 2231 768 2301 igitur
796 2230 974 2292 diem,
1020 2242 1122 2295 qua
1169 2226 1256 2278 ille
1304 2233 1601 2292 martyrum
1656 2217 1998 2272 festivitatem

390 2323 739 2386 scelebraret,
767 2332 1150 2386 assnmensque
1193 2317 1393 2376 clerum
1422 2328 1575 2366 suum
1608 2312 1680 2363 ait
1712 2310 1815 2363 illis
1845 2325 1860 2361 :
1889 2310 1985 2362 Se-

419 2413 644 2484 quimini
677 2428 783 2477 me,
812 2420 868 2464 et
897 2407 1156 2479 quidquid
1191 2422 1275 2461 tne
1321 2405 1497 2458 facere
1528 2400 1789 2463 videritis,
1823 2406 1877 2452 et
1907 2411 2003 2451 vos

420 2508 600 2570 facite,
629 2518 951 2575 prorsusque
984 2505 1216 2554 viatores
1266 2495 1490 2551 erimus.
1525 2492 1784 2547 Dicebant
1831 2503 1998 2557 ergo:

420 2599 556 2668 Quid
585 2608 738 2669 putas
763 2596 1000 2650 facturus
1031 2595 1152 2647 est?
1187 2590 1341 2644 Venit
1367 2588 1527 2657 igitur
1557 2586 1619 2639 ad
1669 2585 1999 2652 episcopum,

419 2705 476 2749 et
508 2698 917 2761 pertranseuute
944 2686 1173 2749 Litania,
1227 2683 1529 2753 p0puloqne
1560 2678 1718 2733 totius
1770 2674 2004 2730 civitatis

418 2796 763 2857 congregato,
798 2780 1023 2852 procidit
1065 2779 1129 2833 ad
1160 2778 1323 2849 pedes
1366 2775 1481 2844 ejus
1525 2788 1644 2827 eum
1700 2781 1809 2824 toto
1858 2770 2006 2823 clero

423 2893 546 2946 suo,
574 2878 801 2932 dicens:
835 2876 1052 2943 Ignosce
1104 2872 1281 2937 nobis,
1334 2867 1574 2930 domine,
1626 2864 1766 2919 servi
1799 2864 1870 2916 tui
1916 2876 2008 2915 su-

409 2985 561 3025 »mus.
608 2967 948 3038 Stupefactus
1000 2965 1109 3027 ille,
1160 2969 1319 3029 atque
1362 2966 1713 3025 compunctus
1765 2954 1817 3006 in
1858 2961 2002 3005 tanta

422 3063 661 3133 episeopi
712 3061 1012 3114 humilitate
1033 3098 1049 3122 ,
1086 3056 1193 3111 Deo
1224 3070 1317 3108 cor
1346 3054 1491 3106 illius
1532 3052 1879 3111 immutante,
1914 3061 2009 3114 pc-

398 3156 519 3210 ‘des
541 3156 681 3209 illius
709 3154 903 3217 tenuit,
930 3151 1153 3205 dicens:
1186 3149 1263 3202 'l'u
1292 3162 1440 3201 meus
1464 3155 1514 3200 et
1541 3144 1788 3197 dominus
1818 3149 1871 3195 et
1903 3141 2008 3193 I’a-

430 3260 514 3303 ter
543 3262 621 3301 es.
655 3245 921 3314 Factaque
953 3253 1036 3297 est
1064 3245 1200 3295 inter
1230 3256 1323 3295 eos
1351 3255 1417 3293 ex
1446 3239 1534 3291 illa
1558 3237 1642 3289 die
1670 3249 1858 3302 magna
1882 3232 2008 3285 cha-

408 3343 561 3394 rlritas
586 3351 751 3408 atque
780 3336 1087 3391 concordia.
1126 3333 1342 3387 Dicebat
1370 3341 1548 3384 autem
1602 3329 1746 3381 clero
1778 3341 1876 3379 suo
1908 3325 2010 3376 hu-

404 3430 573 3484 ~inilis
605 3429 689 3483 ille
722 3447 734 3481 :
768 3426 1011 3496 Nunquid
1038 3439 1140 3478 non
1167 3439 1258 3491 per
1279 3422 1473 3476 Christi
1498 3420 1720 3490 gratiam
1748 3415 2013 3471 vicimus?

431 3532 484 3577 et
513 3537 606 3577 vos
631 3537 757 3590 ergo
787 3537 918 3575 cum
948 3516 1154 3573 habetis
1185 3515 1482 3579 inimicum,
1516 3515 1585 3567 ita
1634 3512 1815 3578 facite,
1848 3523 1902 3565 et
1932 3511 2010 3564 vi-

434 3624 608 3673 ctores
631 3615 804 3670 eritis.

507 3707 651 3762 Dixit
692 3708 885 3760 iterutn
935 3717 1099 3758 senex
1128 3719 1139 3754 ε
1168 3700 1423 3770 Maiorem
1478 3698 1640 3752 habet
1666 3697 1885 3767 gloriam
1920 3696 2016 3750 hu-

418 3800 579 3855 milis
606 3813 765 3867 quam
800 3813 923 3861 rex;
960 3796 1048 3849 ille
1077 3796 1217 3848 cnim
1246 3793 1415 3847 solum
1441 3792 1494 3844 in
1520 3791 1708 3844 faciem
1736 3790 2012 3851 laudatur;

417 3888 525 3941 ‘-hic
553 3897 728 3939 autem
758 3896 1047 3954 scmperet
1071 3883 1268 3952 ubique
1299 3880 1567 3947 laudatur,
1598 3888 1651 3933 et
1675 3881 1861 3933 beatus
1892 3894 2019 3949 prie-

437 3979 663 4032 dicatur.

1009 4066 1089 4120 (ΖΛ
1102 4067 1235 4121 PUT
1277 4065 1452 4121 CCXI.

442 4154 522 4210 De
561 4170 678 4208 sene
698 4170 897 4224 magna:
921 4156 1137 4217 virtutis,
1187 4156 1272 4222 qui
1296 4160 1505 4222 fratrem
1547 4171 1638 4208 sua
1678 4154 1758 4208 illi
1790 4154 2019 4222 sulfura-

908 4236 1013 4278 lum
1032 4243 1061 4278 a
1082 4240 1283 4277 carcere
1304 4227 1551 4278 liberavit.

516 4318 761 4373 Narravit
791 4319 943 4370 nobis
972 4318 1136 4371 abbas
1180 4318 1416 4385 quidam,
1448 4318 1669 4370 dicens:
1699 4318 1825 4371 Erat
1859 4333 2023 4385 prope

443 4409 746 4465 cmnobittm
779 4417 1020 4461 nostrum
1069 4423 1230 4461 senex
1278 4407 1490 4474 quidam
1538 4407 1793 4460 lenissimi
1835 4409 2018 4475 animi,

448 4502 800 4569 maxiquue
846 4501 1074 4553 virtutis.
1112 4499 1347 4551 llahebat
1373 4509 1550 4552 autem
1585 4501 1633 4550 iu
1666 4500 1842 4552 vicino
1872 4500 2022 4554 cella:

2098 1924 2330 1979 sciebam
2378 1924 2584 1992 penitus
2626 1925 2766 1993 quod
2816 1934 3030 1992 propter
3071 1939 3156 1978 me
3209 1923 3293 1979 hic
3342 1939 3525 1987 esses;
3577 1925 3685 1976 imo

2099 2024 2375 2084 comperto
2405 2016 2545 2085 quod
2579 2017 2663 2069 hic
2694 2016 3012 2070 detinereris
3043 2016 3306 2080 inclusus,
3335 2015 3563 2080 indolui,
3595 2016 3681 2068 in-

2100 2125 2424 2181 gressusque
2475 2124 2591 2162 sum
2648 2108 2956 2162 consolandi
3014 2108 3088 2161 tui
3141 2121 3334 2163 causa;
3384 2119 3507 2160 nam
3553 2120 3683 2159 ecce

2102 2216 2219 2270 qua:
2248 2201 2398 2253 attuli
2440 2215 2537 2269 pro
2584 2199 2875 2253 refectione
2905 2208 2991 2252 tua
3023 2186 3045 2251 :7
3069 2200 3254 2251 faciam
3284 2207 3460 2251 autem
3483 2200 3686 2260 omnia,

2103 2302 2162 2346 ut
2193 2304 2245 2348 te
2273 2292 2340 2346 de
2370 2306 2589 2346 carcere
2621 2291 2866 2345 liberem.
2916 2289 3303 2359 Profectusque
3350 2292 3557 2359 rogavit
3588 2304 3689 2359 pro

2103 2400 2168 2440 eo
2199 2386 2457 2453 quosdam
2488 2385 2556 2438 de
2589 2385 2946 2454 principibus;
2995 2385 3188 2450 quibus
3227 2398 3347 2437 eum
3378 2394 3503 2437 nota
3543 2394 3690 2438 esset

2105 2479 2207 2532 viri
2238 2479 2439 2545 virtus,
2472 2478 2751 2532 mittentes
2797 2477 3098 2532 eduxerunt
3149 2476 3367 2533 fratrem
3419 2476 3570 2531 iélum
3618 2476 3688 2532 de

2105 2572 2369 2627 custodia.

2664 2681 2890 2738 CAPUT
2931 2681 3135 2739 CCXII.

2112 2823 2188 2879 De
2227 2822 2429 2877 duabus
2457 2822 2681 2887 senibus,
2730 2822 2815 2891 qui
2847 2822 2978 2902 mira
3022 2822 3269 2889 patientia
3296 2838 3420 2894 erga
3468 2821 3694 2877 latrant:

2788 2909 2866 2945 ῑιδι
2885 2902 3024 2948 sunt.

2189 3012 2405 3067 Dicebat
2465 3009 2679 3078 quidam
2727 3024 2914 3065 senum
2947 3025 2961 3061 :
2992 3009 3229 3062 Accessit
3271 3008 3337 3060 ad
3388 3021 3486 3059 nos
3531 3022 3695 3063 senex

2114 3121 2318 3176 magna:
2363 3105 2604 3169 virtutis;
2658 3103 3061 3171 Iegcntibusque
3095 3099 3249 3154 nobis
3294 3108 3502 3169 patrum
3550 3099 3698 3152 Vitas

2037 3201 2080 3264 C
2114 3210 2275 3267 atque
2325 3198 2620 3250 sententias
2672 3194 3062 3264 (delectabatur
3112 3192 3255 3247 enim
3303 3206 3464 3246 senex
3500 3192 3591 3245 ille
3635 3206 3697 3245 ea

2117 3287 2452 3359 potissimum
2485 3289 2711 3340 lectione
2734 3326 2746 3349 ,
2783 3286 2851 3337 ita
2905 3292 2962 3338 ut
2988 3293 3133 3339 esset
3177 3283 3249 3336 illi
3280 3299 3494 3351 semper
3523 3284 3573 3336 in
3605 3297 3700 3337 ore

2116 3394 2169 3435 et
2203 3379 2255 3433 in
2295 3379 2497 3444 corde;
2532 3378 2677 3431 unde
2716 3387 2771 3430 et
2808 3391 2871 3431 ex
2901 3390 2965 3430 ea
3019 3377 3308 3429 maximum
3344 3360 3554 3431 vii'tutis
3586 3374 3700 3429 fru-

2116 3482 2259 3527 ctum
2291 3471 2619 3540 acquisivit),
2650 3468 2715 3521 ad
2745 3484 2865 3521 eum
2891 3482 3075 3522 senem
3111 3467 3334 3535 tegendo
3357 3479 3572 3521 ventum
3593 3474 3698 3531 est,

2118 3566 2184 3619 ad
2235 3579 2391 3634 quem
2442 3562 2667 3633 ingressi
2714 3561 2949 3614 latrones
2996 3560 3524 3623 dixeruntzthnnia,
3576 3574 3697 3623 qua:

2121 3656 2285 3710 habes
2328 3656 2379 3710 in
2428 3657 2563 3709 cella
2595 3663 2704 3718 tua,
2757 3652 2945 3705 tollere
2981 3653 3225 3704 venimus
3255 3650 3445 3720 (Apud
3481 3650 3701 3720 Pe!ag.,

2122 3747 2279 3801 libell.
2322 3762 2409 3800 XVI
2433 3790 2446 3814 ,
2480 3763 2534 3799 η.
2569 3743 2689 3812 15).
2741 3742 2861 3811 Ipso
2909 3757 3036 3797 vero
3079 3741 3290 3795 diernte
3317 3759 3327 3792 :
3358 3744 3701 3810 Qnrcnnque

2125 3844 2369 3896 videntur
2398 3838 2566 3900 vobis,
2600 3837 2696 3890 filii
2717 3877 2731 3902 ,
2766 3837 2935 3889 tollite
2960 3875 2974 3901 ,
3013 3835 3185 3888 tuleru
3216 3844 3246 3885 at
3278 3835 3484 3897 omnia,
3514 3842 3570 3887 ct
3610 3833 3705 3886 ab-

2125 3933 2321 3987 ierunt.
2355 3932 2418 3985 Et
2445 3945 2564 3984 cum
2598 3932 2766 3982 solum
2794 3930 3121 3994 marsppium
3151 3927 3287 3994 quod
3324 3926 3533 3993 pendeb
3572 3933 3590 3979 ι
3620 3941 3704 3977 re-

2125 4026 2430 4092 liquissent,
2460 4039 2653 4091 senex,
2689 4023 2777 4076 illo
2805 4030 3061 4089 accepto,
3115 4031 3234 4088 post
3262 4034 3356 4073 eos
3386 4022 3708 4087 sequebatur

2125 4122 2363 4173 clamans
2394 4133 2457 4173 ac
2485 4118 2670 4172 dicens
2695 4114 2992 4182 :‘Accipte,
3020 4113 3131 4175 tilii,
3168 4127 3195 4164 a
3227 4127 3312 4165 me
3344 4112 3487 4181 quod
3516 4113 3700 4163 toltere

2127 4213 2278 4265 obliti
2320 4213 2450 4265 estis
2478 4212 2544 4263 de
2575 4211 2705 4262 cella
2737 4215 2933 4261 nostra.
2981 4205 3338 4271 Quamobrem
3376 4204 3710 4257 aitniirantes

2131 4305 2205 4358 illi
2246 4303 2395 4357 senis
2442 4302 2815 4367 tolerantiam,
2847 4299 3025 4351 utntiia
3061 4300 3170 4349 suis
3219 4296 3348 4348 locis
3383 4297 3432 4346 in
3467 4295 3707 4348 cellulam

2132 4396 2329 4450 reversi
2365 4394 2731 4457 restituerunt,
2769 4392 3006 4445 dicentes
3038 4390 3102 4442 ad
3152 4386 3381 4441 III\IL'CIII
3411 4403 3423 4437 :
3456 4386 3593 4439 Vere
3623 4385 3710 4436 hic

2134 4491 2293 4543 homo
2321 4488 2411 4541 Dei
2435 4496 2536 4540 est.

446 4606 559 4646 sua:
591 4591 830 4654 fratrem,
861 4592 949 4659 qui
984 4606 1074 4658 per
1102 4590 1491 4657 instigatioueui
1519 4590 1607 4643 die
1635 4591 1858 4658 quadam
1892 4592 2017 4645 dum
2056 4584 2102 4642 D
2204 4595 2332 4645 Cum
2366 4591 2521 4660 igitur
2555 4589 2653 4641 hoc
2682 4586 3007 4654 legeremus,
3042 4583 3113 4635 ait
3150 4581 3214 4634 ad
3241 4596 3325 4635 me
3351 4593 3518 4632 senex
3556 4596 3569 4631 :
3600 4576 3711 4629 Iloc

446 4684 575 4737 abes
607 4694 660 4735 et
691 4697 878 4745 senex,
925 4681 1193 4749 ingressus
1223 4690 1305 4735 est
1351 4681 1542 4734 cellam
1574 4681 1710 4749 θείης,
1756 4683 2026 4751 librasque

449 4774 594 4828 illius
638 4782 691 4827 et
721 4788 843 4826 vasa
876 4773 1112 4841 diripuit.
1143 4771 1275 4825 Cum
1306 4786 1434 4840 ergo
1466 4772 1711 4826 rediisset
1741 4788 1903 4825 senex
1926 4817 1939 4838 ,
1973 4784 2026 4827 et

450 4875 632 4933 aperto
659 4867 827 4929 ostio,
860 4863 1097 4917 vidisset
1131 4877 1256 4915 \asa
1281 4877 1601 4930 omnemque
1628 4863 2021 4932 supellectilem

453 4956 713 5008 sublatam
743 4970 885 5020 esse,
919 4955 1161 5024 perrexit
1186 4956 1250 5007 ad
1286 4954 1525 5019 fratrem,
1577 4964 1633 5008 ιιι
1681 4960 1946 5009 nuntiaret
1975 4957 2023 5009 ei

450 5044 575 5114 quid
607 5044 706 5098 sibi
737 5046 1066 5113 contigisset,
1098 5046 1404 5113 invenitque
1428 5061 1555 5099 vasa
1604 5047 1777 5099 adhuc
1823 5052 1874 5100 in
1910 5064 2023 5101 me-

452 5136 541 5189 dio
571 5136 777 5205 posita;
810 5136 1041 5191 nondum
1073 5138 1214 5191 enim
1248 5136 1411 5191 frater
1440 5153 1503 5191 ea
1536 5148 1870 5205 reposuerat.
1923 5140 2031 5193 No-

452 5226 572 5280 Iens
605 5232 782 5279 autem
829 5227 1007 5281 senior
1042 5228 1367 5283 Confundere
1398 5229 1479 5282 vel
1524 5245 1747 5297 arguere
1788 5231 2028 5295 fratrem,

454 5317 700 5373 simulata
732 5318 1068 5383 necessitate,
1096 5322 1349 5373 continuo
1379 5319 1444 5372 ad
1478 5322 1778 5373 necessaria
1818 5331 2029 5375 natura!

456 5422 711 5477 egressus
740 5417 858 5476 est,
888 5408 1065 5478 ibique
1096 5411 1389 5478 permansit
1420 5425 1511 5478 per
1544 5411 1765 5465 multam
1810 5412 2028 5475 horam,

456 5506 629 5559 donec
659 5503 824 5560 frater
873 5504 962 5559 ille
989 5518 1112 5557 vasa
1144 5506 1212 5560 de
1260 5505 1438 5558 medio
1480 5504 1713 5571 tolleret,
1761 5517 1918 5576 atque
1951 5521 2037 5560 re-

456 5604 700 5667 poneret.
739 5594 969 5651 Veniens
998 5604 1175 5649 autem
1222 5596 1559 5663 postmodum
1592 5612 1789 5662 senex,
1822 5599 1890 5653 de
1933 5599 2035 5652 alia

457 5701 518 5743 re
544 5687 695 5742 illum
725 5685 920 5755 alloqui
952 5685 1137 5754 erepit,
1168 5700 1341 5756 neque
1372 5687 1543 5756 ipsum
1578 5690 1798 5743 omnino
1833 5691 2028 5759 arguit.

528 5776 657 5835 I'ost
674 5790 871 5847 paucos
896 5786 1076 5831 autem
1101 5774 1217 5832 dies
1243 5776 1635 5846 deprehensum
1664 5790 1745 5835 est
1766 5795 1794 5835 a
1825 5780 2036 5850 quibus-

2134 4686 2435 4750 exentplutn
2488 4680 2614 4734 mihi
2664 4682 2883 4731 multum
2939 4674 3155 4743 proluit,
3215 4674 3371 4725 abba.
3425 4670 3506 4724 Ad
3553 4684 3709 4737 quem

2136 4792 2235 4843 ego
2264 4792 2275 4826 :
2305 4775 2615 4841 Quomodo,
2652 4768 2838 4822 I‘ater?
2881 4768 2940 4819 Et
2968 4767 3039 4818 ait
3072 4764 3199 4818 mihi
3228 4780 3239 4814 :
3270 4764 3398 4815 Cum
3430 4760 3716 4826 aliquando

2135 4884 2373 4923 morarer
2416 4880 2584 4936 prope
2617 4869 2728 4916 loea
2776 4861 3043 4922 Iordanis,
3080 4857 3179 4925 legi
3229 4856 3329 4907 hoc
3354 4894 3367 4917 ,
3401 4860 3454 4906 et
3484 4851 3718 4904 mirabar

2138 4964 2276 5016 hunc
2307 4976 2510 5024 senem,
2545 4967 2598 5013 el.
2621 4957 2862 5009 dicebam
2894 4971 2904 5003 :
2937 4950 3161 5005 Domine
3204 4948 3344 5001 Deus
3370 4988 3383 5010 ,
3415 4946 3504 5015 qui
3536 4960 3621 4997 me
3653 4942 3719 4997 ad

2138 5057 2281 5110 hunc
2332 5054 2569 5106 habitum
2617 5060 2809 5102 vocare
2858 5045 2887 5096 d
2914 5053 3107 5113 gnatus
3134 5055 3212 5103 es,
3248 5039 3329 5092 fac
3360 5052 3445 5091 me
3490 5037 3713 5107 dignum

2138 5148 2296 5214 hujus
2325 5142 2549 5212 vestigia
2579 5140 2750 5207 sequi.
2793 5136 3005 5189 Etcum
3050 5133 3292 5186 arderem
3329 5143 3540 5182 summo
3583 5127 3714 5179 affe-

2138 5246 2226 5291 ctu
2255 5233 2493 5287 imitandi
2521 5246 2668 5294 eum,
2696 5238 2814 5297 post
2844 5227 3061 5280 biduum
3090 5229 3524 5292 supervenerunt
3559 5222 3725 5271 latro-

2141 5344 2235 5385 nes
2258 5370 2272 5394 ,
2308 5338 2360 5381 et
2394 5322 2726 5394 pulsantibus
2754 5319 2857 5372 illis
2898 5319 3149 5389 januam,
3184 5314 3373 5383 agnovi
3405 5317 3525 5381 quia
3560 5311 3725 5365 latro-

2143 5435 2237 5475 nes
2267 5427 2469 5481 essent,
2498 5417 2714 5482 dixique
2749 5413 2799 5466 in
2831 5411 3038 5478 meipso
3065 5426 3077 5460 :
3107 5408 3215 5460 Deo
3240 5406 3475 5475 gratias;
3509 5414 3720 5471 tempus

2143 5529 2225 5575 est
2274 5528 2333 5571 ut
2373 5515 2654 5572 ostendam
2695 5515 2919 5567 fructum
2971 5505 3225 5561 desiderii
3280 5503 3408 5557 mei.
3462 5500 3727 5568 Al‘elit‘lis

2148 5623 2323 5666 autem
2352 5610 2590 5679 januam,
2624 5604 2865 5658 hilariter
2896 5601 3107 5669 suscepi
3141 5614 3257 5660 eos,
3308 5609 3361 5651 et
3391 5594 3613 5648 accendi
3647 5593 3729 5644 lu-

2143 5723 2380 5773 cernam,
2412 5714 2468 5760 et
2493 5704 2629 5772 εωρί
2665 5702 2740 5757 eis
2764 5700 2941 5754 omnia
2965 5695 3267 5759 ostendere,
3296 5692 3483 5748 dicens
3505 5691 3570 5744 ad
3593 5704 3689 5743 eos
3711 5705 3726 5739 :

2144 5799 2320 5856 Nolite
2348 5794 2587 5861 turbari;
2622 5792 2833 5850 confido
2864 5791 2916 5845 iu
2952 5788 3197 5853 Domino,
3228 5786 3345 5857 quia
3372 5782 3508 5842 nihil
3542 5780 3727 5837 celabo
