3982 6354
304 351 437 409 ’237

1535 368 1826 427 'PRATL’M
1869 370 2300 432 SPIIlITUALE.

3488 406 3597 462 253
3645 469 3648 471 λ

322 481 445 586 vos:
493 468 670 586 iit-iuni
701 478 896 586 autem.
944 472 1074 586 mihi
1109 474 1331 581 :‘llabes
1375 481 1603 534 aurum?
1630 482 1792 552 933
1844 483 1909 537 Et
1940 487 1985 546 Α
2014 488 2236 542 salutem
2279 491 2418 547 male
2445 491 2801 556 delinivimus.
2835 499 2966 560 Nam
2993 506 3037 562 si
3065 507 3300 570 llerodes
3332 519 3594 586 pmniien-

321 559 547 618 dixieis
581 579 594 615 :
632 563 824 630 Etiam,
881 564 1052 622 habeo
1104 569 1205 624 tria
1253 572 1594 638 nomismata,
1649 578 1909 645 posuique

319 651 418 706 illa
447 667 628 708 coram
655 655 768 717 eis;
819 658 909 726 qui
937 659 1260 728 accipientes
1300 677 1362 717 ea
1400 665 1644 720 abierunt
1675 668 1725 721 in
1757 683 1904 732 pace.

321 745 426 800 llis
457 762 555 816 ego
575 747 793 813 auditis,
819 748 1010 818 jocans
1039 751 1154 806 diiii
1186 755 1301 808 seni
1329 773 1343 809 :
1373 756 1618 826 Nunquid
1645 759 1726 813 isti
1760 763 1825 813 ad
1857 773 1908 817 te

318 843 528 895 reversi
570 853 713 903 sunt,
748 846 1200 913 quemadmodum
1233 850 1305 903 illi
1337 852 1404 904 ad
1429 855 1657 908 eseiiem?
1689 856 1775 923 qui
1799 869 1910 911 sta-

307 934 421 988 tim
450 935 584 988 dixit
611 936 739 990 mihi
767 936 913 990 :Non
939 955 954 1002 ;
987 949 1192 993 avertat
1225 941 1327 998 hoc
1360 943 1532 1007 Deus;
1568 961 1739 1016 neque
1761 949 1902 1003 enim

313 1029 607 1084 Vulttissem
639 1045 738 1100 ego
770 1041 825 1084 iit
847 1040 1258 1087 reverterentur

863 1144 1092 1200 CAPUT
1131 1146 1357 1202 CCXIII.

312 1254 426 1310 Cur
454 1259 603 1330 signa
629 1268 675 1313 et
695 1260 933 1330 prodigia
955 1261 1195 1315 divinitus
1226 1264 1276 1314 in
1306 1272 1483 1316 sancta
1507 1262 1733 1317 Ecclesia
1755 1263 1901 1332 ﬁant.

385 1375 613 1429 Dicebat
641 1391 803 1428 senex
837 1374 1050 1442 quidam
1077 1393 1090 1427 :
1113 1375 1273 1444 Signa
1299 1385 1356 1430 et
1387 1376 1623 1445 prodigia
1645 1375 1904 1432 divinitus

296 1483 487 1536 usque
515 1467 673 1523 hodie
706 1470 755 1521 in
791 1469 1026 1522 Ecclesia
1083 1471 1214 1522 liunt
1243 1477 1462 1536 proptrr
1491 1484 1582 1522 eas
1627 1484 1746 1534 qua:
1790 1470 1906 1538 pul-

307 1560 577 1624 lnlarunt,
629 1575 681 1614 et
730 1561 968 1629 quOtidie
1003 1562 1278 1628 pullulant,
1331 1562 1524 1631 impias
1555 1562 1815 1628 litera-ses,
1848 1571 1906 1618 et

307 1663 552 1714 maxime
583 1670 802 1727 propter
829 1656 1068 1724 accpbali
1093 1657 1312 1721 Severi,
1344 1667 1398 1711 et
1426 1667 1746 1712 cuzterorum
1781 1672 1902 1726 per-

295 1753 520 1807 niciosa
565 1752 878 1814 schismata,
925 1749 990 1803 ad
1023 1751 1297 1803 munimen
1329 1765 1391 1802 ac
1421 1749 1728 1804 ﬁrmitatem
1755 1748 1904 1802 inlir-

302 1862 520 1901 marum
546 1845 867 1907 animarum,
901 1853 1061 1913 atque
1105 1845 1171 1895 ad
1201 1844 1412 1896 illorum
1442 1844 1702 1909 ipsorum,
1735 1843 1781 1898 si
1823 1842 1894 1899 ita
1929 1861 1975 1920 Β

301 1937 605 2001 voluerint,
648 1936 1078 1990 conversionem.
1114 1934 1402 2003 l’mpterea
1451 1934 1608 2003 igitur
1634 1943 1689 1990 et
1713 1950 1739 1985 a
1772 1949 1897 1989 san-

284 2032 408 2084 ctis
444 2029 708 2091 l‘atribus,
741 2034 798 2081 et
840 2041 868 2078 a
903 2026 1229 2081 beatissiinis
1260 2027 1583 2094 martyribus
1628 2025 1694 2081 ab
1743 2026 1896 2081 initio

293 2123 440 2176 ﬁdei
473 2136 642 2190 usque
675 2121 832 2173 hodie
872 2121 1006 2173 tiunt
1049 2120 1310 2174 mirabilia
1343 2121 1395 2173 in
1423 2128 1607 2178 sancta
1631 2119 1892 2176 catholica

297 2225 354 2271 ct
382 2215 676 2284 apostolica
709 2211 966 2267 Ecclesia.

859 2303 1084 2360 CAPUT
1123 2304 1350 2359 CCXlV.

295 2401 622 2458 Ilii-aculam
647 2400 806 2470 fontis
833 2400 1150 2464 baptismatis
1189 2399 1241 2451 in
1273 2397 1624 2452 Cwanensium
1666 2395 1890 2450 civitate.

369 2494 584 2548 Sornba
614 2492 766 2544 vicus
791 2490 1001 2560 quidam
1033 2499 1116 2542 est
1138 2487 1203 2541 ad
1237 2487 1443 2540 radices
1466 2489 1685 2549 montis,
1711 2486 1764 2540 in
1787 2499 1894 2554 quo

293 2583 404 2638 sita
437 2593 520 2638 est
562 2581 936 2636 Cocaneusium
967 2579 1176 2632 civitas.
1212 2577 1266 2630 In
1289 2591 1357 2631 eo
1397 2577 1764 2642 baptisterium
1789 2587 1889 2640 est,

281 2675 450 2746 quod
473 2677 524 2728 in
551 2674 754 2728 sani-tis
787 2670 1098 2742 Epi,.liauiis
1125 2670 1303 2734 sudat,
1331 2671 1422 2738 qui
1456 2670 1622 2724 sudor
1652 2685 1746 2739 per
1781 2680 1891 2726 tres

294 2768 466 2823 horas
513 2767 784 2822 continuis
827 2764 1175 2820 incrementis
1229 2773 1476 2833 augetur,
1533 2772 1588 2816 et
1630 2773 1753 2832 post
1793 2765 1891 2818 ba-

295 2859 501 2925 ptisma
533 2871 812 2926 peractum
858 2856 1175 2912 decrescere
1220 2855 1428 2924 incipit,
1460 2864 1514 2910 et
1554 2857 1729 2911 tribus
1769 2856 1890 2912 aliis

283 2968 453 3024 horis
483 2967 684 3021 Sensim
713 2965 835 3020 deli.
858 2965 925 3020 it.

875 3057 1104 3112 CAPUT
1142 3057 1350 3114 CCXV.

393 3153 550 3206 Aliud
577 3152 883 3205 miraculum
917 3150 1204 3219 baptister.‘i
1233 3148 1432 3203 castelli
1462 3149 1774 3203 Ci‘debratis.

2015 579 2138 632 tiam
2172 582 2392 652 egisset,
2421 601 2594 658 neque
2616 591 2997 662 jusjurandum
3046 603 3185 671 quod
3217 579 3378 661 stulte
3403 613 3596 668 emise-

2013 678 2113 732 rat,
2163 684 2451 742 servasset,
2503 695 2771 750 nunquam
2831 689 3068 754 prol'ecto
3116 697 3410 752 maximum
3467 701 3594 758 illud

2011 761 2186 814 scelus
2216 763 2542 834 admisisset,
2577 783 2634 826 ot
2682 791 3069 842 prin-cursorem
3121 783 3322 840 Christi
3353 788 3588 843 decolla-
3635 787 3637 791 ’

2011 861 2114 906 ret.
2149 856 2296 920 Quod
2329 859 2542 926 quidem
2589 866 2755 934 ipsius
2797 871 2972 928 Basilii
3016 885 3277 932 sententia
3307 883 3594 938 eoulirina-

2011 953 2117 1008 tur,
2149 962 2304 1008 quam
2335 950 2402 1003 de
2431 951 2716 1024 Evangelii)
2745 966 2988 1033 sumpsit,
3020 971 3234 1037 quando
3262 974 3428 1029 Voluit
3481 977 3592 1030 Do-

2009 1039 2181 1094 minus
2201 1044 2379 1102 lavare
2402 1051 2563 1117 pedes
2589 1053 2964 1125 beatiapostoli
2984 1063 3146 1129 Petri,
3174 1084 3294 1120 iuni
3316 1069 3404 1124 illc
3419 1076 3594 1139 primo

2010 1137 2355 1200 pertinaciter
2380 1142 2666 1210 obsistens,
2700 1158 2882 1216 postea
2915 1159 3236 1213 sentcntiain
3267 1137 3518 1218 mutavit.

2543 1257 2767 1316 CAPUT
2806 1263 3050 1321 CCXVII.

2012 1337 2274 1409 Optimum
2304 1347 2439 1401 senis
2461 1351 2749 1434 consilium,
2784 1371 2846 1406 ne
2866 1359 3141 1415 monac/tus
3173 1363 3376 1418 mulieri
3400 1365 3590 1437 appro-

2685 1437 2909 1489 pmquct.

2079 1502 2228 1557 Dixit
2255 1507 2438 1561 senior
2471 1510 2686 1574 quidam
2715 1529 2728 1566 :
2761 1516 2956 1583 FlllOli,
3003 1521 3082 1576 sal
3111 1537 3174 1576 ex
3223 1540 3356 1595 aqua
3386 1536 3488 1592 est,
3533 1539 3589 1586 et

2008 1601 2052 1652 si
2084 1601 2592 1670 appmpinqiiaverit
2617 1617 2789 1674 aqiiz‘c,
2819 1612 3072 1667 continuo
3100 1617 3354 1683 solvitur,
3381 1629 3434 1672 et
3455 1621 3590 1676 dell-

2007 1688 2081 1742 cit
2106 1705 2119 1743 :
2147 1703 2201 1744 et
2231 1693 2523 1748 monachus
2554 1697 2798 1752 similiter
2820 1714 2887 1754 ex
2921 1705 3142 1759 muliere
3177 1717 3291 1773 est;
3332 1709 3509 1778 itaque
3538 1712 3585 1764 si

2005 1783 2396 1854 appropinquat
2445 1789 2675 1855 mulieri,
2727 1792 2954 1847 solvitur
2994 1806 3050 1850 et
3092 1798 3226 1867 ipse,
3260 1811 3420 1869 atque
3450 1803 3501 1858 in
3530 1803 3584 1858 id

2002 1872 2217 1939 desinit,
2255 1885 2309 1928 ut
2331 1876 2443 1946 jam
2476 1882 2769 1936 monachus
2792 1900 2896 1938 non
2925 1886 3014 1940 sit.

2533 1993 2760 2051 CAPUT
2797 1996 3072 2054 CCXVIII.

2004 2075 2272 2142 Quomodo
2318 2082 2476 2137 abbas
2510 2083 2724 2171 sergius
2777 2089 3110 2171 injuriantem
3161 2098 3438 2167 agricolam
3489 2118 3582 2171 pa-

2541 2162 2716 2209 tientia
2744 2162 3048 2230 confuderit.

2071 2239 2314 2296 Narravit
2341 2244 2498 2300 nobis
2527 2247 2691 2303 abbas
2719 2250 2938 2320 Sergius
2960 2295 2974 2317 ,
3014 2257 3238 2312 antistes
3271 2264 3583 2321 monasterii

1985 2329 2207 2386 abbatis
2255 2335 2613 2405 Constantini,
2673 2343 2860 2396 dicens
2902 2345 3081 2400 :Cum
3133 2351 3421 2419 aliquando
3479 2357 3582 2412 iter

1996 2435 2279 2492 ageremus
2307 2440 2430 2480 cum
2463 2432 2700 2501 quodam
2722 2444 2912 2488 Sancto
2959 2451 3116 2501 sene,
3168 2442 3465 2499 erravimus
3512 2446 3601 2502 de-

1998 2517 2101 2580 via,
2134 2529 2187 2570 et
2217 2533 2390 2588 neque
2417 2522 2714 2578 scientibus
2748 2527 2900 2581 nobis
2933 2543 3104 2598 nequ
3138 2533 3472 2601 volentibus,
3500 2539 3582 2591 in-

1997 2611 2078 2659 ter
2121 2619 2233 2660 sata
2267 2609 2467 2665 inventi
2501 2628 2708 2679 sumus,
2759 2625 2814 2670 et
2855 2618 3030 2688 aliqua
3066 2621 3134 2675 de
3182 2623 3311 2676 satis
3337 2627 3580 2682 volentes

1995 2696 2347 2769 nolentesque
2373 2703 2718 2759 calcavimus.
2747 2707 2898 2773 Quod
2938 2725 3058 2763 cum
3091 2713 3318 2769 vidiSset
3345 2720 3580 2786 agricola

1993 2791 2130 2857 (erat
2165 2791 2304 2846 enim
2337 2795 2443 2849 illic
2469 2798 2720 2868 operans)
2752 2803 2915 2867 cmpit
2951 2814 3138 2857 contra
3175 2822 3270 2860 nos
3316 2809 3574 2877 iujuriosa

1993 2884 2158 2937 multa
2188 2887 2426 2952 proferte
2451 2903 2570 2941 cum
2605 2892 2900 2956 iracundia,
2929 2894 3117 2949 dicens
3145 2914 3156 2949 :
3193 2897 3296 2952 Vos
3329 2901 3578 2961 monachi

1989 2975 2160 3026 estis?
2193 2991 2286 3028 vos
2317 2977 2515 3032 timetis
2557 2979 2766 3034 Deum?
2795 2983 2839 3035 si
2872 2985 3117 3039 timorem
3165 2989 3254 3042 Dei
3299 3001 3424 3045 ante
3446 3008 3577 3049 ocu-

1991 3064 2070 3117 los
2095 3063 2434 3134 habuissetis,
2467 3070 2569 3124 lioc
2597 3073 2838 3140 proleuo
2862 3091 2967 3128 non
3001 3077 3285 3135 feci~setis.
3312 3083 3462 3140 Tunc
3499 3089 3576 3141 ait

1993 3158 2146 3211 nobis
2177 3171 2394 3214 sanctus
2423 3163 2603 3217 senior
2649 3182 2661 3218 :
2696 3166 2796 3221 Per
2855 3168 3136 3224 Domitium
3190 3176 3370 3228 nullus
3399 3178 3449 3230 ei
3493 3195 3578 3233 re.

360 3247 466 3301 Est
515 3258 568 3300 el
614 3245 668 3298 ill
721 3245 942 3298 castello
996 3242 1342 3306 Cedebﬂllisi
1397 3243 1540 3310 (1⁸³οά
1572 3242 1672 3296 θυι)
1700 3252 1884 3298 ιηοηιθ
1913 3232 1958 3295 C
1989 3253 2268 3318 spondeat.
2303 3253 2711 3328 Conversusque
2738 3262 2802 3313 ail
2837 3262 3005 3325 illum,
3033 3265 3202 3319 dixit:
3243 3266 3406 3324 Recte
3432 3232 3576 3325 locu-

281 3339 646 3398 JEnoandrou
693 3338 924 3391 civitatis
971 3335 1132 3390 situm
1165 3345 1269 3400 est,
1305 3336 1698 3402 baptisterium,
1739 3335 1880 3406 quod

276 3435 342 3490 .iu
383 3432 618 3499 paschali
649 3441 846 3483 sancta.
877 3428 1286 3482 resurrectionis
1319 3425 1632 3493 festivitate,
1665 3444 1784 3484 cum
1813 3430 1881 3484 sit

285 3527 430 3594 lapis
471 3540 622 3590 unus,
671 3539 736 3578 ex
766 3538 826 3578 se
870 3523 986 3592 ipso
1016 3523 1271 3576 continuo
1302 3521 1573 3592 impletur.
1611 3523 1880 3593 Duratque

285 3633 428 3690 aqua
483 3618 572 3672 illa
621 3632 789 3686 usque
823 3616 887 3668 ad
920 3615 1028 3669 Pen
1055 3628 1296 3680 ecosten,
1347 3630 1581 3682 moxque
1609 3624 1878 3670 transacta

283 3711 610 3767 Pentecoste
641 3707 933 3764 evanescit.
969 3707 1198 3777 Utraque
1247 3722 1375 3762 vero
1407 3707 1504 3762 ista
1538 3709 1789 3762 miracula
1823 3713 1874 3763 in

275 3803 567 3874 provincia
608 3801 786 3872 Lycia:
813 3801 962 3853 liiint.
1016 3799 1074 3854 Si
1104 3800 1225 3868 quis
1273 3808 1456 3854 autem
1487 3799 1601 3855 haec
1654 3802 1721 3853 ita
1744 3815 1876 3856 esse

282 3911 395 3955 n0n
427 3895 621 3963 credit,
674 3909 841 3964 u~que
869 3895 934 3948 ad
981 3893 1221 3964 Lyciam,
1255 3910 1360 3948 non
1390 3895 1592 3963 grande
1632 3895 1734 3952 iter
1766 3906 1872 3966 est,

283 4001 496 4063 pergat,
531 4001 586 4044 ut
616 3991 694 4045 rei
720 3991 915 4044 veritas
947 3991 1102 4044 Iidem
1126 3989 1202 4043 illi
1235 3988 1420 4043 faciat.

858 4101 1088 4158 CAPUT
1126 4101 1305 4158 CCVI.

283 4193 534 4250 Prudens
565 4195 838 4247 consilium
886 4195 948 4246 de
979 4211 1078 4246 non
1109 4204 1293 4246 temerc
1339 4193 1631 4257 definiendo
1651 4235 1664 4260 ,
1717 4194 1875 4264 deque

455 4282 557 4320 non
591 4267 842 4319 servando
872 4280 984 4330 qua:
1009 4273 1196 4318 temere
1230 4265 1441 4333 deﬁnita
1487 4267 1702 4335 fuerint.

349 4360 489 4416 Cum
517 4375 694 4415 essem
725 4359 891 4412 semel
927 4359 978 4410 in
1011 4370 1193 4413 sancta
1223 4359 1458 4422 civitate,
1505 4361 1648 4413 venit
1678 4359 1744 4413 ad
1789 4374 1875 4414 me

281 4454 371 4508 vir
397 4444 613 4521 quidam
645 4451 838 4518 liilelis,
865 4461 920 4506 et
947 4451 1082 4505 dixit.
1113 4450 1247 4504 mihi
1276 4469 1288 4504 :
1325 4451 1459 4518 Quia
1491 4451 1735 4520 quaedam
1755 4451 1872 4505 'iu-

281 4545 522 4615 dignatio
549 4545 736 4598 oborta
767 4555 848 4596 est
872 4543 1012 4596 inter
1040 4559 1124 4598 me
1147 4553 1200 4597 et
1229 4543 1446 4598 fratrem
1477 4561 1677 4612 meum,
1704 4554 1757 4598 et
1781 4546 1873 4600 ille

1987 3349 2072 3397 tus
2091 3358 2170 3408 es,
2205 3346 2278 3400 lili
2322 3347 2422 3413 mi;
2463 3365 2584 3402 nam
2616 3351 2658 3404 si
2687 3352 2930 3407 tiiiiorcm
2965 3356 3054 3409 Dci
3078 3359 3413 3428 haberemus,
3467 3378 3576 3420 non

1983 3433 2054 3489 ita
2081 3433 2410 3491 fecissemus.
2442 3439 2534 3494 Ille
2567 3456 2751 3496 rursus
2780 3443 2983 3510 l'iirens,
3019 3451 3360 3504 contumeliis
3404 3451 3574 3521 impc-

1981 3532 2128 3585 tebat
2178 3549 2296 3587 nos.
2349 3535 2686 3604 Rursumque
2714 3539 2845 3592 dixit
2891 3541 3075 3594 senior
3102 3542 3166 3594 ad
3203 3543 3346 3596 illum
3381 3562 3394 3598 :
3435 3547 3570 3600 Vera

1985 3628 2349 3694 prosequeris,
2374 3627 2479 3693 lili;
2507 3644 2626 3681 naui
2655 3631 2697 3683 si
2728 3633 2836 3682 veri
2871 3633 3114 3687 monachi
3139 3649 3402 3698 essemus,
3430 3635 3572 3691 istud

1984 3732 2090 3770 non
2144 3717 2461 3783 egissemus,
2520 3721 2612 3773 sed
2667 3735 2761 3788 per
2817 3722 3100 3776 Dominum
3145 3725 3358 3789 indulge
3417 3729 3574 3783 nobis

1983 3809 2238 3876 quoniam
2272 3810 2638 3878 peccavimus.
2680 3811 3026 3881 Stupelactus
3058 3831 3207 3883 ergo,
3239 3818 3326 3870 ille
3348 3819 3412 3871 ad
3450 3829 3571 3872 tan-

1977 3907 2091 3953 tam
2143 3901 2292 3954 senis
2324 3902 2703 3966 humilitatem,
2729 3904 2961 3956 accessit
2990 3908 3227 3974 propius,
3257 3910 3572 3976 prostravit-

1981 4005 2085 4060 que
2123 4006 2182 4045 se
2213 3992 2286 4046 .ail
2320 3993 2483 4060 pedes
2510 3992 2676 4056 senis,
2709 3993 2896 4048 dicens
2944 4013 2957 4048 :
2993 3997 3237 4063 Peccavi,
3281 4000 3448 4071 93a
3487 4001 3571 4055 in-

1981 4082 2138 4152 dulge
2171 4082 2322 4148 inihi,
2361 4093 2414 4138 et
2460 4099 2555 4153 per
2614 4085 2894 4140 Dominum
2951 4091 3208 4146 assuiuite
3259 4109 3344 4148 me
3393 4093 3572 4148 vobis-

1979 4191 2122 4231 cum.
2155 4175 2480 4245 Dicebatque
2519 4177 2706 4232 beatus
2736 4178 2979 4248 Sergius,
3003 4182 3130 4253 quia
3159 4196 3374 4240 secutus
3409 4185 3481 4241 sit
3502 4185 3570 4240 il-

1979 4269 2060 4324 los
2085 4270 2338 4335 rusticus,
2366 4279 2422 4326 et
2445 4274 2716 4336 acceperit
2748 4273 3007 4330 habitum.

2543 4385 2774 4442 CAPUT
2809 4385 2990 4442 CCIX.

1983 4477 2248 4544 Quomodo
2273 4477 2430 4547 frater
2453 4477 2666 4545 quidam
2707 4479 2994 4536 humilitate
3014 4480 3233 4534 diacono
3260 4479 3323 4533 de
3357 4493 3412 4534 se
3439 4495 3562 4536 cett-

2428 4551 2656 4617 querenti
2691 4552 2992 4602 conciliatus
3020 4552 3106 4603 sit.

283 4653 392 4691 non
436 4639 549 4690 vult
589 4635 921 4690 reconciliari
969 4634 1133 4701 inibi;
1166 4636 1438 4704 allziquere
1483 4636 1663 4700 illuni,
1711 4647 1763 4690 et
1807 4639 1871 4691 ad
1906 4619 1958 4678 Ῑ)
2053 4638 2300 4694 Narravit
2331 4639 2484 4693 nobis
2513 4654 2695 4694 senior
2723 4641 2938 4708 quidam
2971 4639 3038 4694 de
3064 4656 3144 4704 se,
3177 4641 3398 4696 dicens:
3425 4639 3557 4697 Cum

279 4727 776 4783 reconciliationem
828 4725 1137 4780 exbortare.
1182 4727 1334 4795 Quod
1367 4743 1467 4794 ego
1517 4728 1872 4783 libentissime

277 4821 608 4890 suscipiens,
653 4819 880 4874 conveni
930 4817 1150 4872 fratrem
1203 4819 1368 4884 illius,
1403 4819 1716 4890 loculosque
1745 4835 1868 4874 cum

281 4913 377 4967 illo
407 4927 524 4964 sum
555 4927 618 4966 ea
648 4917 764 4980 quz'e
790 4911 855 4964 ad
889 4911 1202 4964 charitatein
1249 4921 1301 4964 et
1329 4911 1668 4964 concordiam
1705 4912 1871 4981 perti-

283 5017 417 5058 nere
444 5003 782 5056 videbantur.
817 5002 1080 5070 Visusque
1111 5013 1193 5057 est
1234 5002 1451 5056 interim
1491 5006 1872 5072 obtemperare

277 5095 438 5159 mihi,
466 5097 803 5164 postmodum
830 5109 959 5150 vero
987 5095 1122 5148 dixit
1149 5095 1215 5148 ad
1247 5110 1332 5149 ine
1355 5111 1370 5148 :
1397 5095 1752 5150 ltecoiiciliari
1777 5112 1872 5152 ne-

277 5204 445 5258 queo,
476 5191 596 5258 quia
622 5187 794 5257 juravi
823 5203 916 5258 per
939 5202 1183 5254 crucem,
1216 5190 1353 5242 ultra
1380 5187 1450 5242 illi
1483 5205 1586 5242 non
1623 5188 1868 5242 reconci-

284 5282 423 5337 liari.
453 5282 569 5350 Quo
597 5281 798 5346 audito,
830 5281 1118 5336 subridens
1145 5283 1230 5336 aio
1259 5283 1322 5335 ad
1355 5281 1501 5335 illum
1537 5299 1550 5336 :
1586 5281 1870 5336 loramen-

283 5385 396 5432 tum
423 5379 764 5432 tuuui'talem
783 5376 946 5432 habet
966 5380 1096 5442 vim,
1131 5393 1194 5431 ac
1223 5377 1268 5430 si
1297 5377 1563 5431 dixisses:
1596 5377 1698 5431 Per
1749 5392 1872 5445 pre-

280 5472 472 5526 tiosam
503 5487 717 5526 crucem
749 5480 917 5532 tuam,
956 5471 1199 5536 Christe,
1233 5487 1337 5524 rion
1370 5471 1672 5525 observabo
1713 5487 1869 5524 man-

279 5565 404 5619 data
436 5575 548 5632 tua,
586 5567 677 5620 sed
721 5565 922 5620 inimici
952 5565 1250 5618 toi,diaboli
1283 5565 1614 5618 voluntatem
1651 5565 1866 5617 iaciam.

282 5654 398 5711 Non
443 5659 616 5712 solum
665 5658 806 5710 enim
855 5672 956 5707 non
988 5655 1247 5710 debemus
1291 5669 1354 5709 ea
1396 5668 1644 5716 servare,
1677 5669 1794 5722 qua:
1837 5667 1866 5707 a

286 5747 440 5802 nobis
463 5749 693 5817 pessime
715 5747 931 5804 deﬁnita
959 5746 1172 5811 fuerint,
1203 5746 1296 5800 sed
1323 5745 1480 5800 etiam
1505 5745 1738 5798 maxime
1757 5759 1871 5812 poe-

285 5842 563 5899 uitentiam
589 5858 744 5914 agere
775 5850 830 5899 et
855 5841 1018 5913 afﬂigi
1049 5843 1100 5898 in
1141 5841 1225 5896 bis
1253 5855 1372 5910 qua:
1409 5850 1594 5896 contra
1631 5850 1868 5895 nostram

1981 4734 2270 4804 aliquando
2317 4748 2558 4786 morarer
2607 4733 2671 4786 ad
2720 4733 2880 4788 breve
2913 4743 3119 4801 tempus
3148 4734 3202 4788 in
3235 4737 3562 4790 monasterio

1981 4825 2191 4879 abbatis
2237 4821 2521 4888 Gerasiini,
2552 4824 2815 4879 habebam
2853 4826 3136 4894 quemdam
3170 4823 3297 4879 mibi
3331 4829 3564 4882 maxime

1981 4917 2230 4970 dilectum
2272 4915 2486 4972 fratrem
2535 4916 2587 4968 in
2629 4915 3000 4970 contubernio.
3037 4915 3131 4969 Die
3160 4930 3288 4970 vero
3329 4916 3559 4986 quadam

1980 5008 2289 5063 sedentibus
2319 5010 2495 5075 nobis,
2528 5018 2581 5062 et
2613 5010 2678 5062 de
2710 5006 2941 5061 utilitate
2972 5007 3164 5061 animae
3192 5007 3558 5078 loquentibus,

1979 5104 2311 5158 mentionem
2336 5101 2438 5156 feci
2465 5117 2564 5170 ego
2586 5101 2653 5155 de
2675 5115 2924 5154 sermone
2951 5099 3184 5170 quodam
3207 5101 3412 5156 abbatis
3439 5102 3560 5158 Pa:-

1984 5195 2174 5247 menis.
2206 5194 2305 5260 Qui
2337 5195 2412 5246 ait
2441 5194 2505 5245 ad
2541 5209 2664 5246 me:
2701 5192 2810 5261 Ego
2838 5195 3210 5256 experimento
3243 5192 3401 5248 didici
3441 5209 3560 5248 ver-

1981 5285 2171 5340 borum
2198 5285 2421 5339 istorum
2462 5290 2567 5337 vim
2603 5293 2656 5336 et
2686 5283 3151 5352 tranquillitatem,
3179 5299 3240 5338 ac
3270 5284 3560 5340 vehemen-

1978 5388 2082 5434 tem
2105 5377 2395 5432 elticaciam
2441 5377 2676 5430 illorum.
2707 5375 2873 5429 llabui
2903 5376 3046 5430 enim
3075 5378 3240 5430 semel
3273 5377 3558 5430 diaconum

1975 5474 2256 5541 quemdam
2278 5471 2584 5524 monasterii
2605 5468 2732 5524 mihi
2760 5469 3161 5534 charissimam,
3195 5481 3354 5538 atque
3380 5485 3536 5522 aman

1978 5569 2242 5628 t'ssinium
2277 5566 2401 5619 mei.
2435 5562 2597 5627 lluic,
2636 5563 2816 5618 nescio
2848 5563 3008 5628 unde,
3035 5563 3179 5616 venit
3217 5561 3452 5630 suspicio
3494 5560 3558 5616 de

1983 5675 2069 5714 ine
2098 5655 2374 5724 cuiusdam
2404 5657 2480 5710 rei
2515 5655 2614 5710 sibi
2647 5654 2924 5711 inferentis
2959 5668 3266 5719 nuerorem,
3297 5654 3555 5721 carpitque

1981 5747 2312 5815 contristari,
2337 5756 2498 5801 etme
2527 5763 2630 5802 non
2661 5757 2718 5802 ut
2744 5747 2952 5802 solebat
2976 5747 3194 5800 intueri.
3224 5743 3424 5798 videns
3463 5757 3544 5810 au,

1982 5850 2094 5896 tem
2134 5855 2233 5910 ego
2257 5838 2410 5894 illum
2443 5839 2675 5907 tristem,
2709 5852 2926 5895 causam
2973 5837 3041 5892 ab
3069 5850 3133 5891 eo
3164 5835 3396 5890 tristitia;
3439 5847 3537 5903 per
