3982 6354
428 301 533 358 Ξεῖ)

1533 300 1874 357 ΑΡΡΕΝΟΙΧ
1917 301 2008 356 AD
2049 301 2248 358 VITAS
2287 303 2588 362 ΡΑτιιυΜ.

3595 305 3714 365 2w

428 419 592 490 piam,
617 414 1152 492 q110_d_c_erti'nummi
1183 429 1369 486 genus.
1404 416 1668 486 lntcrpres
1695 419 2006 473 numismata
2036 423 2088 485 Α
2120 419 2206 474 ubi
2238 421 2380 488 quod
2429 420 2515 476 hic
2543 429 2652 488 est,
2693 421 2926 492 tunicam
2979 437 3079 475 non
3129 421 3522 492 habemrertit
3567 426 3696 492 ille,

432 485 685 542 'verterat.
720 485 851 539 Vide
877 485 1280 543 OnomastirOn.

663 557 1052 626 Apparentimu.
1077 557 1314 632 lerce
1348 566 1459 623 est,
1493 560 1755 632 φανητίαν,
1796 559 1848 614 id
1894 568 2005 629 est,

431 627 696 695 cnpiditas
727 643 786 679 se
811 631 1116 682 ostentandi

506 696 621 767 (4‘2)
662 697 1105 769 Chrysostomum]
1137 700 1396 753 Henricus
1424 700 1652 754 Ξτιγὶιίιιε
1674 739 1689 762 .
1725 701 1868 756 notis
1893 703 2005 757 auis

427 767 494 840 ad
539 778 736 821 tomum
776 768 878 840 Vill
910 767 1273 840 Clu-ysostomi
1309 769 1494 824 (ἔνευσε
1526 788 1552 823 a
1585 787 1642 824 se
1671 771 1802 825 editi
1824 810 1840 836 ,
1893 775 2008 826 exi-

429 839 616 892 stimat
667 855 772 891 non
830 839 1099 907 indignum
1143 843 1428 894 observatu
1479 843 1810 906 temporibus
1867 843 2007 896 inter

436 910 680 977 quintam
715 912 975 978 synodum
996 951 1010 972 ,
1043 926 1182 962 anno
1208 912 1346 974 5.235,
1381 921 1434 964 et
1465 923 1700 972 sextam.
1732 928 1872 964 anno
1902 913 2007 968 680

429 979 754 1052 celebratam
831 980 1050 1052 {quibus
1107 980 1392 1048 Georgium
1456 982 1588 1036 Vitae
1641 983 2004 1052 Citrysiismmi

423 1051 746 1112 scripturcm
779 1049 994 1122 ivimsse
1036 1052 1308 1114 probabile
1349 1067 1469 1106 esse
1509 1056 1576 1104 ait
1608 1053 1625 1116 )
1657 1049 2008 1122 Clirysostomi

423 1133 723 1189 Cognomeu
776 1121 1012 1188 ignarum
1061 1122 1244 1174 fuisse.
1294 1123 1400 1176 Sed
1445 1125 1640 1176 rcf»-llit
1678 1121 1799 1176 eunt
1845 1124 2003 1177 Joan.

426 1190 676 1243 Moschus
704 1205 796 1244 seu
848 1191 1182 1257 Sophronins
1232 1193 1346 1252 hic,
1389 1195 1478 1258 qui
1520 1203 1662 1260 ti-inp
1700 1209 1757 1247 re
1790 1193 2006 1261 Georgii

425 1261 580 1314 istius
611 1261 788 1315 vixere
810 1299 824 1327 ,
853 1272 907 1316 et
939 1262 1096 1330 hujus
1125 1265 1463 1331 cognooninis
1493 1263 1862 1333 Cltrysostouti
1893 1270 2007 1318 ine-

422 1347 647 1386 Intuere.

491 1401 609 1470 (1:3)
648 1400 928 1472 στερονὶἰά
971 1401 1208 1456 [labetur
1238 1403 1352 1456 haec
1383 1403 1616 1457 narratio
1648 1403 1698 1456 in
1732 1403 1848 1458 Vita
1884 1420 2008 1459 san-

417 1471 486 1523 cti
514 1472 754 1540 Gregorii
777 1513 793 1538 ,
828 1471 927 1526 lib.
953 1489 986 1525 ιι
1012 1515 1028 1536 ,
1060 1488 1181 1536 cap.
1209 1472 1280 1525 45
1310 1490 1402 1540 per
1425 1474 1685 1527 Joannem
1711 1475 2003 1528 Diaconum

415 1542 646 1612 scripta,
675 1545 761 1609 qui
791 1558 909 1596 eam
939 1553 1069 1597 citat
1096 1560 1160 1596 ex
1194 1545 1332 1597 libro
1352 1587 1366 1606 ,
1399 1545 1490 1612 q‘ui
1523 1561 1550 1596 a
1583 1545 1784 1598 Graacis
1812 1551 2008 1612 Λειμὼν

414 1605 630 1686 dicitur,
666 1605 704 1686 θ’
728 1612 930 1686 Latinis
980 1628 1109 1686 itero
1147 1605 1463 1684 intelligitur
1502 1615 1724 1686 Campus
1757 1619 1836 1668 vel
1872 1605 2006 1670 Pra-

417 1688 544 1754 tum.
592 1681 809 1754 Quibic
841 1681 956 1750 ipse
998 1684 1131 1754 liber
1164 1692 1276 1749 est,
1308 1681 1463 1751 quem
1497 1701 1605 1754 pra!
1629 1681 1884 1740 inanibus
1916 1690 2001 1742 ha-

2116 493 2341 544 casulum
2361 508 2462 545 non
2479 492 2658 545 habeo.
2688 491 2886 545 Eoden
2917 492 3076 546 modo
3100 493 3241 546 idem
3259 535 3274 559 ,
3300 491 3393 546 lib.
3419 509 3491 558 ιν,
3517 510 3568 550 c.
3595 491 3693 552 63E

2119 578 2138 612 ι
2169 563 2231 614 Et
2253 561 2415 627 jussit
2445 562 2575 615 mihi
2603 563 2716 616 dari
2747 564 2984 616 caSuIam
3012 605 3024 626 ,
3067 573 3121 616 et
3157 563 3504 618 necessitates
3546 582 3704 622 meae

2113 647 2322 686 omnes.
2348 653 2364 684 ι
2402 633 2498 689 Ubi
2535 644 2714 684 noster
2746 635 3012 701 interpres
3043 634 3227 687 Ambr.
3263 633 3696 690 Camaldulcnsis

2113 701 2233 766 hic,
2265 719 2384 771 cap.
2416 703 2509 757 181
2547 718 2561 754 :
2593 720 2610 752 ι
2639 702 2840 756 Juliens
2873 706 2998 756 mihi
3029 703 3145 757 dari
3181 719 3514 773 quaecunque
3543 715 3696 760 erant

2112 777 2416 827 necessaria
2441 817 2455 841 ,
2486 791 2503 824 ι
2540 773 2838 828 decurtata.
2868 774 3059 829 Omisit
3091 775 3235 828 cnim
3265 775 3392 828 illud
3419 779 3486 830 de
3515 779 3700 830 casula

2109 859 2206 898 seu
2239 847 2432 898 “mira.

2181 913 2297 982 (ili)
2341 914 2613 986 Nouimus
2645 930 2734 986 seu
2765 912 3221 986 dispensatorem]
3261 915 3417 968 Varia
3451 914 3692 982 Nomici,

2107 993 2327 1054 Νομικοῦ
2348 1027 2361 1049 ,
2394 997 2449 1038 ιιι
2479 985 2564 1036 hic
2597 985 2648 1037 in
2674 984 2862 1038 Gnrcai
2894 996 3045 1039 textu
3071 1027 3084 1042 .
3113 984 3569 1052 est'siguilicatio.
3597 989 3692 1042 llic

2110 1056 2537 1122 dispensatorem
2571 1055 2860 1123 signiﬁmt.
2895 1056 3023 1110 Vide
3052 1057 3459 1110 Onomasticon.

2187 1125 2313 1248 (452‘
2346 1127 2386 1178 Α
2418 1126 2616 1178 notario
2647 1125 2899 1191 perfecte,
2930 1138 2976 1180 et
3008 1143 3038 1179 α
3068 1130 3398 1197 grammatico
3427 1128 3702 1196 suﬁcien-

2191 1195 2227 1248 .i
2312 1196 2520 1248 'olariua
2568 1195 2655 1248 hic
2701 1207 2783 1248 est
2831 1198 2919 1248 nui
2970 1209 3161 1248 nrzeest
3206 1199 3382 1248 niteris
3421 1201 3486 1248 ad
3523 1201 3689 1248 nrima

2111 1195 2228 1266 ten]
2275 1195 2520 1249 Notarius
2568 1195 2655 1249 hic
2701 1207 2783 1250 est
2831 1198 2919 1266 qui
2970 1195 3161 1265 pricest
3206 1199 3382 1263 pueris
3421 1195 3689 1262 adprime

2108 1267 2370 1322 elementa
2401 1279 2454 1320 et
2483 1267 2684 1319 litteras
2710 1267 3037 1324 formandas.
3071 1268 3200 1321 Vide
3222 1269 3625 1322 Unotuasticon.

2181 1338 2300 1406 (46)
2344 1335 2541 1390 idcirco
2571 1347 2686 1390 sunt
2715 1336 2982 1404 baptizati.
3014 1337 3032 1407 Ῑ
3076 1339 3362 1402 Baronins,
3412 1347 3556 1390 touio
3587 1337 3650 1390 lll
3673 1377 3689 1398 ,

2107 1421 2248 1460 anno
2278 1409 2470 1460 Christi
2498 1410 2622 1472 3H),
2659 1408 2684 1478 §
2720 1410 2806 1463 15.
2843 1407 3117 1478 Signiﬁcat
3147 1410 3393 1461 nimirum
3423 1408 3689 1474 ejusmodi

2111 1487 2510 1533 sacramentum
2551 1491 2869 1532 consecutos
2890 1521 2904 1544 ,
2948 1496 3051 1532 nun
3083 1489 3260 1533 autem
3285 1521 3302 1543 ,
3333 1481 3654 1546 quod-aiunt
3671 1518 3698 1541 ,-

2109 1565 2222 1604 rem
2257 1549 2614 1612 saeramenti,
2651 1551 2819 1615 ipsam
2853 1555 3078 1616 gratiam
3108 1551 3408 1602 abluentem
3445 1556 3701 1616 peccata-

2185 1618 2598 1690 (47)751u!ier.]
2636 1620 2871 1673 Joannes
2920 1620 3236 1680 Cassianus.
3287 1621 3467 1672 collat.
3519 1633 3689 1678 xvut.

2109 1689 2231 1756 cap.
2278 1689 2381 1753 14,
2424 1691 2602 1744 simile
2639 1691 2941 1758 exemplum
2981 1691 3246 1758 religiosae
3291 1691 3540 1758 feminzn,
3571 1704 3690 1760 qua:

416 1750 626 1806 bemus.
655 1752 798 1806 Citat
827 1755 918 1808 ille
944 1769 1010 1808 ex
1041 1750 1856 1827 interpretationepraeceptoris
1883 1760 2001 1824 sui,
2035 1795 2082 1855 Β
2114 1750 2387 1830 patientia:
2411 1761 2747 1830 acquirenda:
2773 1750 2978 1816 intenta
3005 1750 3154 1826 erat,
3189 1769 3394 1814 narrat.
3483 1807 3493 1816 .

1991 1928 2340 1936 __.——.—____—

1411 2121 2696 2335 APPENDIX

864 2466 1194 2635 AD
1319 2475 2043 2640 VITAS
2175 2471 3358 2661 ΡΑΤΙὶΙΙΜἸ

414 1923 3662 1979 Ἥ

427 2767 3696 2801 W

1757 2927 2322 3012 LECTORL

480 3111 647 3183 938
687 3111 762 3167 Ne
790 3113 921 3182 quid
947 3114 1278 3186 antiquitatis
1301 3113 1578 3170 studiosus
1609 3111 1879 3167 desideret
1905 3112 2046 3182 quod
2071 3111 2222 3167 Vitas
2249 3110 2467 3165 Patrum
2499 3117 2736 3178 spectat,
2773 3110 2945 3164 visum
2976 3109 3062 3166 hic
3089 3107 3415 3180 snlijungere
3444 3105 3686 3164 Heracli-

409 3205 493 3262 dis
513 3203 822 3260 Paradisum
851 3220 918 3261 ex
949 3207 1114 3262 veteri
1145 3206 1620 3275 interpretatione,
1650 3207 1739 3276 qui
1772 3206 1959 3260 eadem
1985 3219 2106 3260 cum
2135 3205 2372 3260 Palladio
2421 3212 2634 3259 tractat.
2665 3202 2763 3271 Qui
2794 3204 2922 3260 olim
2967 3204 3187 3259 Parisiis
3232 3214 3458 3257 curante
3488 3201 3692 3257 Jacobo

408 3296 584 3352 Fabro
613 3297 911 3364 Stapulensi
946 3313 1085 3352 anno
1115 3297 1254 3356 1505
1280 3315 1344 3354 ex
1374 3298 1584 3355 ofﬁcina
1612 3297 1971 3354 Bellovisiana
2002 3299 2215 3368 prodiit.
2242 3299 2412 3366 Quem
2444 3298 2636 3351 deinde
2668 3296 2988 3366 Lipomanus
3020 3297 3244 3353 Palladii
3288 3298 3509 3354 nomine
3541 3305 3690 3347 tumo

408 3401 506 3442 suo
537 3387 598 3442 ΙΙΙ
625 3388 692 3444 de
719 3388 854 3443 Vitis
884 3390 1202 3445 Sanctorum
1250 3391 1514 3457 inseruit,
1565 3404 1707 3444 anno
1756 3386 1932 3454 1551,
1977 3387 2212 3445 Venetiis
2257 3389 2434 3454 edito,
2488 3388 2675 3459 paucis
2713 3388 2911 3444 additis
2946 3397 3002 3444 et
3040 3389 3365 3454 immutatis,
3397 3388 3467 3443 de
3495 3387 3690 3456 quibus

407 3497 622 3538 moueo.
654 3482 805 3538 Addo
836 3491 890 3538 et
917 3483 1214 3538 Palladium
1243 3482 1322 3538 uti
1347 3484 1469 3538 olim
1513 3485 1565 3538 in
1613 3483 1978 3554 typographia‘.
2011 3483 2236 3538 infantia
2267 3498 2331 3536 ex
2365 3481 2531 3536 veteri
2574 3497 2787 3550 quoque
2825 3482 3263 3551 interpretatione
3297 3481 3510 3551 prodiit.
3540 3478 3686 3532 [laud

408 3575 630 3631 dubium
659 3585 711 3628 et
742 3573 1014 3631 Palladius
1041 3576 1131 3631 hic
1160 3586 1334 3642 vetus,
1359 3585 1414 3630 et
1438 3575 1727 3630 Paradisus
1760 3575 2056 3630 Heraclidis
2079 3616 2094 3639 ,
2139 3583 2192 3628 et
2239 3571 2511 3628 Palladius
2560 3571 2774 3627 llerveti
2801 3614 2816 3638 ,
2849 3587 2968 3626 cum
3005 3571 3146 3627 idem
3180 3577 3397 3626 omnino
3424 3578 3684 3633 tractent,

407 3683 509 3736 pro
531 3669 720 3724 eodem
751 3679 972 3725 auctore
1001 3671 1188 3726 haberi
1216 3681 1458 3740 possunt.
1493 3671 1702 3725 Placuit
1731 3678 1908 3724 tamen
1939 3678 1994 3723 et
2031 3670 2148 3723 tunc
2179 3668 2230 3722 in
2265 3667 2368 3722 line
2397 3668 2717 3721 subnectere
2737 3706 2752 3731 ,
2787 3676 2844 3718 ut
2871 3664 3088 3720 diversa
3121 3665 3490 3733 interpretatio
3517 3662 3688 3714 lucem

406 3763 638 3819 subinde
665 3765 901 3820 tenebris
934 3765 1156 3832 inferat;
1186 3764 1310 3820 dum
1345 3764 1457 3820 fere
1487 3765 1565 3830 lit,
1599 3773 1659 3819 ut
1685 3764 1824 3819 alter
1851 3764 2021 3818 altero
2057 3772 2260 3816 textum
2288 3762 2624 3816 nanciscatur
2650 3768 2706 3813 et
2728 3757 3078 3812 sixteeriorem
3109 3767 3164 3812 et
3203 3756 3524 3812 uberiorem.
3553 3752 3686 3804 Vide

407 3873 527 3927 qua:
556 3857 623 3912 de
651 3857 844 3926 triplici
871 3858 968 3914 bac
988 3859 1234 3914 versione
1261 3867 1314 3912 et
1344 3858 1578 3914 editione
1607 3855 1838 3911 diximus
1867 3857 2246 3926 prolegomcno
2277 3852 2513 3923 generali
2549 3853 2652 3909 14..
2672 3849 2867 3904 Addidi
2901 3859 2955 3904 et
2982 3850 3286 3903 Sententias
3315 3845 3684 3916 ASgyptiorum

408 3948 624 4004 Patrum
653 3964 684 4003 a
709 3951 936 4005 Martino
959 3951 1228 4007 Dumiensi
1262 3952 1514 4021 episcopo
1542 3967 1571 4005 e
1596 3949 1786 4005 Graeco
1815 3951 1866 4004 in
1898 3949 2145 4004 Latinum
2171 3946 2486 4011 translatas,
2527 3959 2659 4014 quas
2701 3958 2764 3998 ex
2809 3942 3066 3996 Toletana
3121 3939 3446 3995 bibliorbeca
3493 3939 3557 3991 ad
3604 3953 3687 3992 me

421 4040 570 4095 misit
598 4040 1018 4110 Cltristopltorns
1047 4058 1077 4096 a
1105 4043 1313 4107 Castro,
1345 4045 1617 4098 societatis
1659 4052 1856 4098 nostra:
1899 4043 2213 4112 theologus,
2255 4048 2309 4094 et
2339 4039 2680 4098 Salinanticae
2732 4051 3002 4090 sacrarum
3052 4035 3350 4090 litterarum
3390 4033 3684 4101 protessor.

311 4173 314 4176 «
420 4131 650 4188 Easdem
683 4132 861 4188 inveni
891 4134 968 4204 in"|
990 4134 1085 4188 Ms.
1117 4132 1313 4190 Codice
1341 4136 1511 4190 sancti
1542 4135 1777 4190 Floriani
1810 4144 1929 4204 post
1975 4135 2122 4186 Vitas
2151 4134 2367 4187 Patrum
2398 4147 2426 4184 a
2462 4131 2752 4185 Pascliasio
2773 4144 2803 4184 e
2833 4128 3038 4184 Graecia
3067 4130 3118 4184 in
3145 4128 3354 4182 Latium
3390 4128 3686 4180 traductas.

411 4225 568 4284 Certe
595 4225 913 4281 Paschasius
934 4225 1108 4281 eidem
1136 4227 1364 4282 Martino
1394 4243 1552 4284 suum
1580 4228 1647 4283 de
1677 4229 1893 4282 Patrum
1926 4225 2058 4281 Vitis
2090 4226 2282 4280 librum
2307 4265 2323 4292 ,
2355 4225 2444 4294 qui
2479 4237 2640 4292 supra
2669 4232 2753 4276 est
2787 4221 2978 4277 ordine
3022 4221 3283 4292 septimus
3307 4260 3322 4285 ,
3366 4219 3685 4274 inscribitet

409 4319 645 4376 dedicat.

1853 4423 3686 4450 Μ

912 4572 2031 4688 EERACLIDIS
2105 4592 2186 4666 (ι)
2261 4563 3156 4682 EBEMITE

1431 4773 2582 4922 PARADISUS
2626 4874 2671 4940 .,

853 5023 1418 5132 INCERTO
1498 5023 1736 5138 SED
1811 5023 2297 5130 VETERI
2374 5016 3253 5124 INTERPBETE:

927 5295 1436 5361 HERACLIDES
1480 5293 2106 5359 ALEXANDRINUS
2148 5293 2256 5354 AD
2309 5289 2630 5353 LAUSUM
2674 5286 3103 5350 PRINCIPEM
3141 5285 3182 5345 ‘.

480 5444 648 5519 939
682 5441 740 5498 In
770 5439 870 5498 lioc
897 5440 1056 5511 libro,
1086 5456 1245 5512 quem
1273 5441 1340 5498 de
1365 5439 1480 5496 Vita
1509 5447 1816 5494 sanctorum
1849 5438 2065 5492 Patrum
2110 5434 2356 5504 scripturi
2387 5448 2592 5500 smnus,
2625 5433 2894 5503 descripta
2943 5441 3030 5487 est
3077 5429 3272 5486 nobilis
3319 5427 3682 5519 continentia,

411 5518 782 5606 mirabilisque
809 5535 1228 5594 conversationis
1256 5534 1547 5589 transactio
1574 5531 1965 5588 coeaobitarum
2013 5529 2214 5598 pariter
2239 5537 2400 5596 atque
2423 5527 2895 5591 anachoretarum,
2926 5521 3017 5592 qui
3059 5521 3112 5576 in
3153 5535 3340 5576 eremo
3367 5519 3435 5574 ad
3463 5518 3681 5574 matula-

486 5686 503 5717 ⁸
542 5683 616 5738 Ita
645 5677 953 5737 inscribitur
976 5677 1029 5733 in
1060 5674 1230 5746 prima
1259 5673 1508 5746 Editione
1533 5673 1728 5746 Fabri;
1760 5673 1812 5746 in
1843 5670 2077 5746 secunda
2104 5669 2403 5746 Lipomani,
2437 5666 2584 5723 Idem
2613 5666 2681 5721 ad
2707 5665 2940 5723 eumdem
2961 5703 2974 5728 ,
3011 5659 3280 5728 videlicet,
3308 5657 3579 5717 Palladius
3611 5653 3679 5710 ad

415 5751 668 5813 Lausum.
702 5751 758 5809 in
785 5750 942 5808 tertia
966 5741 1202 5814 Het‘veti,
1224 5753 1307 5803 est
1327 5744 1446 5802 loco
1471 5744 1715 5814 prooemit
1742 5745 1859 5800 sine
1885 5742 1995 5800 ullo
2023 5741 2266 5798 nomine.
