3982 6354
264 334 385 395 245
1467 336 1836 394 ΡΒΟΟΕΜΙω

1998 356 1999 371 ι
2040 332 2336 392 LAUSUM.
3442 339 3570 400 Ξισ

267 450 468 502 tionem
496 445 960 517 imitationemque
984 447 1284 504 cretesdum
1315 446 1496 502 vivere
1526 448 1803 514 cupientes
1832 488 1847 512 ,
1901 449 2119 517 superni
2172 449 2318 517 regni
2364 448 2463 503 iter
2510 449 2745 519 aggressi
2794 458 2916 503 sunt
2943 466 2955 504 :
2982 449 3296 508 feminarum
3335 469 3551 527 quoque

263 548 642 609 provectarum
676 550 835 610 atque
863 538 1230 604 honesmrum,
1263 554 1326 593 ac
1350 540 1705 607 spiritualium
1755 551 1985 593 matrunt
2033 541 2507 605 commemoratio,
2552 556 2672 610 qure
2704 542 2847 596 virili
2894 543 3239 616 perfectoque
3281 561 3443 603 sensu
3480 549 3549 604 ad

268 633 579 699 exemplum
610 646 953 699 amoremque
981 631 1244 690 divinum.
1276 646 1459 685 eorum
1483 632 1573 697 qui
1600 632 1906 686 de~iderant
1935 632 2279 687 continentiae
2300 648 2361 687 ac
2386 633 2653 701 pudicitia:
2683 636 2916 691 redimiri
2952 639 3186 708 coronis,
3210 653 3333 694 cum
3358 639 3554 709 insigni

263 725 594 779 abstinentia
627 725 812 779 liniere
840 724 1152 779 certamina.
1212 723 1413 778 Idcirco
1463 726 1801 790 prmeipiente
1846 726 2000 779 nobis
2028 725 2141 778 viro
2188 728 2424 780 moribus
2472 729 2830 793 suavissimo,
2885 746 3155 801 sensuque
3204 733 3547 799 doctissimo,

266 818 454 872 animo
482 833 695 887 quoque
729 818 970 885 pacifico,
995 826 1043 871 et
1080 817 1243 871 corde
1277 818 1531 886 piis-imo,
1564 828 1742 870 tuente
1772 823 1932 871 etiam
1976 828 2215 872 amatore
2248 819 2339 872 Dei
2362 862 2376 885 ,
2424 829 2585 889 atque
2641 825 2692 874 itt
2745 823 3157 877 necessitatibus
3203 824 3548 895 indigentium

263 910 441 973 socio,
476 919 530 963 et
556 911 877 965 celsitudine
905 911 1217 980 dignitatum
1248 926 1340 977 pro
1380 911 1615 964 bonitate
1646 911 2009 971 conscientia',
2050 911 2294 978 plurimis
2323 912 2700 981 eloquentibus
2734 913 3086 980 praeferendo,
3114 923 3272 983 atque
3298 915 3351 968 itt
3375 918 3573 969 ontni-~

261 999 371 1054 bus
397 1002 592 1055 virtute
615 1002 776 1055 divini
806 1002 1037 1071 Spiritus
1062 1002 1404 1071 praemunito,
1434 1002 1674 1071 quiuimo
1711 1002 1874 1069 (quod
1915 1010 2128 1068 oportet
2161 1003 2423 1054 veraciter
2465 1001 2665 1072 dicere)
2696 1002 2760 1055 ad
2808 1004 3226 1071 spetulationent
3260 1005 3544 1073 potiorem,

259 1091 567 1148 sedulitatis
592 1095 840 1162 exemplo
883 1110 1073 1163 segnes
1103 1096 1310 1148 animos
1344 1094 1629 1161 incitante,
1672 1094 2052 1148 abstinentiam
2102 1106 2412 1149 sanctorum
2456 1096 2921 1165 Spiritualiumque
2967 1098 3178 1151 Patrum
3224 1098 3419 1167 (quiin
3456 1098 3545 1154 Dei

261 1187 465 1253 placito
497 1186 822 1251 victitantes,
856 1186 1200 1256 insuperabili
1224 1186 1521 1241 certamine
1549 1186 1725 1239 οηιηιίς
1757 1187 2074 1241 crucifixere
2106 1186 2386 1240 mollitiem
2416 1232 2427 1255 ,
2461 1203 2685 1256 quorum
2715 1189 2829 1256 ipse
2858 1204 3070 1257 quoque
3093 1188 3233 1243 bene
3259 1199 3552 1245 transactas

259 1275 492 1330 virtutes
517 1276 806 1341 praedicare
831 1292 938 1330 non
965 1278 1184 1344 desinit)
1222 1278 1498 1331 studemus
1530 1277 1862 1330 describere.
1902 1278 1995 1330 Est
2025 1288 2201 1330 autent
2245 1278 2400 1344 hujus
2442 1278 2698 1331 desiderii
2725 1279 3024 1348 spiritualis
3064 1288 3288 1335 exactor
3311 1282 3555 1338 virorum

259 1370 501 1436 Optimus
529 1370 759 1435 Lausus,
791 1371 878 1439 qui
912 1380 1031 1439 post
1061 1370 1153 1423 Dei
1183 1370 1424 1433 tutelam,
1455 1380 1634 1423 custos
1666 1370 1893 1436 piissimi
1925 1369 2180 1435 probatur
2206 1370 2482 1422 ordinatus
2515 1370 2748 1437 imperii.

332 1461 448 1528 Ego
483 1461 645 1531 igitur
682 1472 738 1515 et
778 1462 955 1531 lingua
997 1462 1293 1529 imperitus,
1325 1470 1376 1515 et
1408 1461 1700 1530 Spiritualis
1747 1462 1991 1515 scientia:
2040 1463 2274 1515 tenuiter
2317 1462 2668 1530 degastator,
2718 1477 2815 1517 nec
2873 1478 2979 1518 non
3028 1464 3189 1518 etiam
3234 1475 3547 1522 sanctarum

261 1551 488 1606 Patrum
518 1555 779 1622 spirituali
809 1558 1051 1627 catalogo
1083 1557 1241 1611 nimie
1271 1558 1540 1626 indignus,
1575 1556 1992 1626 magnitudinem
2023 1558 2274 1625 prmeepti
2308 1557 2445 1610 ultra
2477 1572 2782 1611 mensuram
2813 1574 2984 1612 meam
3015 1574 3138 1614 esse
3178 1562 3508 1631 perspiciens
3536 1603 3552 1626 ,

256 1643 516 1698 relnetari
551 1648 816 1698 tentabant
850 1646 1154 1714 hujusmztdi
1180 1648 1429 1715 jussioni,
1460 1665 1577 1716 qui:
1608 1658 1662 1702 et
1687 1648 1963 1714 sapientia:
1994 1647 2261 1712 litteratze,
2294 1657 2350 1701 et
2374 1650 2568 1702 divime
2599 1648 2855 1703 doctrina:
2882 1649 3085 1718 indiget
3117 1652 3411 1706 intellectu.
3439 1653 3549 1709 Sed

256 1748 383 1787 cum
419 1751 606 1790 rursus
639 1752 874 1801 tererer,
909 1740 1136 1806 primunt
1170 1740 1385 1807 quidem
1418 1739 1595 1792 nobile
1624 1738 1862 1792 studium
1894 1737 2243 1806 injungentis,
2276 1739 2469 1792 deinde
2501 1740 2779 1792 utilitatem
2811 1739 3101 1807 legentium
3130 1751 3547 1809 pertractarem,.

257 1836 539 1892 postremo
571 1838 813 1882 metuens
839 1828 1213 1883 inobedientite
1243 1843 1405 1898 grave
1439 1829 1756 1895 periculum,
1790 1828 1922 1881 tanti
1949 1827 2198 1895 praecepti
2226 1827 2505 1880 cumulum
2537 1843 2789 1893 superna:
2844 1827 3234 1897 dispensationi
3274 1834 3518 1888 commisi
3539 1828 3569 1852 "

253 1918 625 1986 attentiusqtte
672 1930 981 1975 sanctorum
1028 1923 1244 1976 Patrum
1294 1922 1682 1976 intercessione
1727 1936 1875 1975 meas
1920 1923 2060 1975 vires
2089 1922 2498 1986 commttniens,
2531 1920 2596 1974 ad
2625 1921 2935 1975 certtminis
2979 1922 3208 1976 stadium
3250 1939 3367 1979 sum
3432 1942 3557 1995 pro-

254 2023 512 2078 σαεευδ.
560 2014 795 2068 virorum
835 2014 1088 2082 fortium,
1134 2031 1232 2071 nec
1276 2031 1382 2069 non
1413 2014 1571 2070 etiam
1603 2014 1961 2080 feminarum,
2009 2029 2145 2083 quos
2191 2024 2283 2067 aut
2309 2014 2423 2082 ipse
2463 2017 2611 2069 vultu
2639 2016 2857 2083 proprio
2897 2015 3084 2070 videre
3128 2019 3419 2084 promerui,
3463 2028 3557 2073 aut

254 2114 287 2152 a
328 2104 538 2155 sani-tis
585 2104 824 2172 patribus
865 2106 959 2176 qui
1003 2121 1191 2161 eorum
1244 2121 1447 2161 novere
1495 2107 1756 2171 virtutes,
1803 2120 1892 2160 me
1931 2105 2149 2160 audisse
2196 2105 2573 2172 commemini,
2604 2105 2839 2176 gloriosa
2886 2106 3038 2177 signa
3069 2108 3368 2178 scripturus
3397 2121 3558 2180 atque

255 2191 558 2247 certamina
569 2233 583 2247 .

328 2282 469 2337 Nam
501 2294 556 2338 et
585 2288 840 2351 plurimas
868 2289 1113 2345 civitates
1141 2304 1203 2343 ac
1231 2289 1406 2355 villas,
1433 2304 1727 2358 omnesque
1771 2302 1908 2357 pene
1935 2288 2222 2357 speluncas
2251 2298 2308 2344 et
2354 2299 2492 2344 tecta
2525 2288 2691 2343 eremi
2735 2292 2810 2360 (in
2847 2305 2948 2359 qua
2994 2292 3243 2346 monachi
3287 2293 3567 2365 habitant}

255 2374 677 2444 dii-igenticura,
709 2379 799 2433 Dei
826 2379 1021 2448 pietate
1052 2380 1287 2450 pedestri
1321 2380 1505 2435 labore
1535 2380 1888 2445 circumiens,
1934 2388 1989 2433 et
2026 2379 2260 2433 virorum
2303 2395 2441 2449 quos
2472 2379 2641 2433 oculis
2684 2382 2816 2434 meis
2865 2381 3073 2450 inspexi
3104 2422 3118 2447 ,
3165 2393 3220 2437 et
3270 2385 3553 2442 mulierum

256 2483 488 2541 propter
515 2488 663 2541 spem
692 2489 811 2543 qurc
839 2474 1070 2529 nobisin
1098 2474 1316 2529 Christo
1348 2476 1582 2543 reposita
1628 2485 1705 2528 est
1734 2518 1748 2543 ,
1795 2489 1982 2527 sexum
2016 2473 2307 2529 femineum
2356 2474 2519 2528 animi
2558 2477 2755 2527 virtute
2800 2476 3126 2530 vincentium
3149 2514 3166 2541 ,
3201 2476 3253 2529 in
3297 2489 3555 2545 quantum

256 2581 398 2621 meae
430 2569 730 2637 suppeditat
763 2571 1029 2639 parvitati,
1069 2572 1282 2626 nomina
1313 2573 1515 2642 pariter
1544 2581 1597 2626 et
1626 2586 1814 2641 genus,
1847 2582 1899 2627 et
1929 2575 2177 2642 patriam,
2212 2576 2496 2644 lortnttque
2531 2574 2873 2630 habitationis
2903 2579 3153 2645 pra-senti
3185 2577 3367 2633 libello
3399 2591 3553 2631 cetu-

258 2658 478 2727 plexns,
506 2660 601 2713 tibi
631 2663 853 2726 amatori
880 2663 1102 2729 Christi,
1137 2664 1439 2733 famuloque
1475 2663 1587 2732 Dei,
1615 2673 1774 2731 atque
1813 2662 2012 2733 inclyte
2045 2664 2112 2732 pii
2146 2666 2353 2735 imperii
2400 2676 2747 2729 ornamento,
2783 2664 2951 2720 Lause
2977 2708 2990 2732 ,
3036 2667 3305 2720 transmisi
3335 2708 3351 2733 ,
3384 2664 3549 2719 simul

255 2766 693 2806 commemorans
726 2755 1002 2823 utriusque
1043 2769 1201 2810 sexus
1234 2757 1286 2810 itt
1326 2756 1645 2827 quibusdam
1679 2757 1745 2811 ad
1777 2772 2042 2810 summum
2076 2758 2291 2827 quidem
2327 2768 2537 2823 peracta
2580 2759 2872 2813 certamina
2899 2802 2913 2823 ,
2951 2759 3042 2813 sed
3074 2769 3291 2828 propter
3323 2767 3547 2812 matrem

255 2845 530 2913 superbiae
559 2847 701 2913 (qua:
726 2856 945 2901 vocatur
974 2849 1303 2919 (Zenozloxia)
1338 2851 1401 2903 ad
1440 2861 1747 2906 extremum
1794 2852 2105 2905 barathrum
2126 2890 2141 2916 ,
2173 2851 2473 2920 infernique
2519 2853 2839 2919 profundum
2870 2852 3247 2905 miserabiliter
3285 2853 3547 2907 deducto-

256 2954 406 3002 rum,
430 2952 492 2993 ac
514 2938 715 3004 ptisitas
736 2956 801 2994 ex
833 2941 1002 3011 longis
1028 2944 1354 3010 temporibus
1380 2960 1443 2999 ac
1471 2946 1737 3000 liboribus
1759 2946 2099 2998 abstinentiae
2124 2944 2348 3010 palmas,
2373 2944 2654 3012 repentino
2676 2945 2921 2999 elationis
2945 2960 3006 2997 ac
3026 2946 3247 2998 tumoris
3271 2953 3548 2996 momento

258 3032 665 3100 praemarcidas,
697 3035 868 3103 gratia
900 3050 1026 3099 vero
1057 3037 1351 3091 Salvatoris
1377 3039 1566 3099 nostri,
1603 3039 2014 3105 provisioneque
2043 3045 2354 3089 sanctorum
2388 3036 2600 3089 Patrum
2627 3078 2642 3103 ,
2686 3051 2748 3090 ae
2797 3037 3143 3091 miseratione
3189 3034 3549 3104 spiritualium

256 3129 531 3184 viseerum
560 3172 575 3195 ,
619 3140 669 3181 et
701 3130 1033 3183 orationibus
1065 3130 1458 3185 venerabilium
1490 3130 1785 3196 seniorum,
1818 3128 1886 3184 de
1916 3128 2117 3196 laqueis
2144 3127 2343 3182 diaboli
2374 3138 2624 3196 ereptos,
2657 3128 2722 3183 ad
2753 3128 3214 3199 recuperationem
3240 3129 3363 3183 vitae
3392 3127 3563 3183 nobis

258 3219 419 3276 liuris
445 3235 719 3276 reversos.
748 3220 895 3276 \‘ale.

2927 3374 3559 3404 τῖε-ᾔ

261 3375 1391 3405 ==_.___________

1022 3516 1823 3700 ἦβτοαιιιὶιιιη
1930 3525 2099 3656 ιω
2211 3524 2594 3663 Stans

1294 3516 1823 3657 ιαιιιιὶιιιιῖ
1930 3525 2099 3656 αδ
2211 3524 2866 3663 inrisum.

329 3841 504 3914 9&0
542 3843 686 3898 Multi
717 3842 932 3913 quidem
976 3841 1175 3897 mullos
1220 3842 1502 3911 variosque
1545 3841 1710 3896 libros
1733 3841 1959 3896 diversis
2007 3841 2337 3912 tetttporibus
2382 3842 2504 3898 huic
2543 3844 2741 3898 saeculo
2784 3845 3150 3915 reliquerunt,
3199 3859 3424 3915 quorum
3452 3846 3555 3903 alii

263 3951 498 4006 superna
528 3938 878 4006 inspiratione
916 3945 972 3991 et
1012 3936 1179 4005 gratia
1210 3934 1462 3988 divinitus
1490 3933 1640 3997 data,
1681 3933 2083 3988 :edificaveruttt
2121 3948 2185 3986 ac
2232 3933 2536 3988 tnuniertntt
2566 3949 2661 3988 eos
2686 3935 2775 4003 qui
2816 3936 2957 3991 fideli
3001 3936 3275 4005 proposito
3302 3937 3545 3992 instituta

267 4041 432 4099 atque
456 4031 673 4098 vestigia
698 4028 992 4084 Salvatoris
1023 4038 1351 4097 sequuntur;
1375 4027 1462 4080 alii
1486 4041 1613 4080 vero
1634 4027 1763 4079 solis
1789 4026 2093 4079 hominibus
2121 4026 2335 4092 placere
2359 4026 2657 4092 cupientes.
2687 4036 2941 4097 corrupto
2962 4038 3122 4096 atque
3148 4028 3328 4083 vitiato
3351 4031 3547 4084 mentis

266 4123 509 4196 ingenio,
542 4125 701 4179 veluti
733 4124 958 4193 quadam
984 4136 1159 4175 rerum
1188 4120 1341 4191 [Μδη
1375 4119 1581 4190 aerum]
1604 4118 1921 4174 coitfnsione
1953 4122 2157 4185 vesani,
2182 4134 2222 4173 si
2246 4118 2336 4173 lari
2362 4126 2487 4172 sunt
2507 4133 2600 4172 eos
2627 4120 2715 4187 qui
2741 4122 3032 4190 cupiditate
3061 4122 3248 4190 gloria:
3279 4122 3559 4179 laborant.

270 4218 522 4274 Nonnulli
554 4226 732 4271 autem
764 4216 944 4270 furore
976 4216 1157 4269 nescio
1186 4230 1291 4285 quo
1318 4224 1373 4269 et
1406 4216 1658 4270 instinctu
1685 4213 1950 4268 daemonis
1978 4212 2093 4281 (qui
2121 4214 2280 4267 rebus
2306 4212 2458 4267 bonis
2485 4213 2730 4268 inimicus
2750 4218 2854 4283 eat)
2880 4215 3060 4270 rabida
3089 4214 3321 4270 elitioite
3342 4218 3555 4284 caecati,

271 4312 325 4365 itt
350 4292 642 4378 perniciem
674 4306 904 4361 levitatis
936 4306 1203 4371 humanm,
1233 4316 1288 4359 et
1318 4306 1367 4359 in
1400 4307 1593 4359 divina:
1624 4314 1786 4374 atque
1810 4304 2095 4359 catholica:
2121 4304 2372 4359 [Sceleste
2398 4305 2661 4359 maculam
2686 4346 2701 4371 ,
2737 4307 3054 4361 stolidorunt
3084 4306 3291 4358 animos
3318 4320 3549 4373 occupa—

270 4418 401 4458 vere
435 4401 758 4466 mortalinm,
789 4400 855 4453 ad
881 4400 1223 4455 evertendam
1268 4413 1480 4453 morum
1512 4398 1858 4452 laudabilium
1909 4398 2268 4466 disciplinam.
2317 4397 2444 4450 Mihi
2485 4414 2696 4468 quoque
2738 4398 2941 4453 homini
2994 4398 3297 4452 humillimo
3350 4397 3551 4466 placuit

276 4496 429 4563 (dum
454 4491 836 4561 magnitudinis
866 4500 989 4558 tum,
1019 4505 1176 4559 quem
1200 4490 1313 4543 scio
1344 4504 1639 4544 amatorem
1667 4504 1787 4543 esse
1816 4489 2096 4552 doctriuie,
2129 4489 2319 4542 erubui
2357 4504 2462 4542 non
2495 4490 2713 4545 obedire
2758 4492 3069 4560 prmceptis,
3105 4490 3295 4559 quibus
3327 4489 3392 4543 ad
3440 4504 3555 4545 me-

274 4588 408 4643 liora
455 4587 616 4639 anmti
666 4582 1044 4654 provocamur)
1077 4583 1404 4651 trigesimum
1449 4581 1666 4651 quidem
1706 4595 1769 4635 ac
1812 4587 2027 4634 tertium
2072 4582 2247 4649 agenti
2297 4595 2523 4643 annum,
2552 4580 2704 4649 quasi
2738 4584 2789 4634 in
2818 4597 3039 4635 numero
3071 4580 3303 4634 fratrum
3337 4580 3553 4648 vitaque

276 4678 685 4743 monachorum,
716 4674 1029 4744 vigesimum
1059 4681 1236 4727 autent
1269 4674 1382 4741 epis
1404 4680 1629 4741 'opatus,
1663 4671 2167 4740 quinquagesimum
2203 4684 2331 4723 Vero
2360 4680 2413 4723 et
2448 4679 2661 4724 tertium
2691 4674 2865 4725 artatis
2890 4672 3187 4737 universa),
3214 4671 3304 4725 tibi
3335 4668 3557 4726 deside.-

280 4774 415 4828 ranti
445 4773 657 4827 Patrum
690 4779 996 4824 nostrorum
1026 4778 1170 4840 gesta
1193 4782 1540 4837 cognoscere,
1569 4781 1671 4819 non
1705 4764 1945 4818 virorum
1974 4773 2212 4828 tantum,
2240 4762 2331 4815 sed
2367 4763 2529 4815 etiam
2562 4762 2913 4829 feminarum,
2957 4778 3091 4831 qttos
3122 4761 3246 4829 ipse
3284 4759 3509 4813 viderim
3530 4800 3549 4825 ,

277 4880 520 4937 quosque
550 4865 671 4918 aliis
701 4864 1052 4917 referentibus
1080 4863 1343 4926 noverim,
1374 4876 1494 4915 cum
1534 4860 1732 4930 quibus
1771 4861 1931 4912 etiam
1974 4859 2184 4912 deserta
2227 4856 2442 4926 ASgypti
2488 4859 2885 4927 peragraverim
2908 4899 2924 4922 ,
2982 4856 3196 4926 Lybiae,
3229 4854 3553 4919 Tlteba'dis,

276 4963 492 5033 Sycnze,
526 4959 577 5011 in
609 4957 801 5026 quibus
829 4966 883 5011 et
926 4958 960 5011 ii
1001 4972 1137 5026 quos
1187 4955 1652 5010 'l‘abennensiotas
1698 4953 1884 5007 dicunt
1929 4963 2230 5018 morantur,
2262 4953 2400 5007 circa
2442 4956 2575 5008 fines
2616 4967 2829 5023 quoque
2875 4950 3303 5018 MeSOpotamize,
3346 4949 3551 5020 Syrize,

276 5051 597 5113 Paluastinat,
630 5057 686 5103 et
709 5048 812 5102 sub
842 5047 1274 5102 Occidentalibus
1300 5046 1471 5117 plagis
1510 5046 1693 5098 [inmte
1721 5055 1883 5113 atque
1910 5042 2237 5109 Campani-.e,
2262 5054 2316 5098 et
2348 5047 2396 5097 itt
2423 5047 2629 5098 caneris
2651 5047 2791 5097 circa
2823 5045 2933 5110 ipsa
2974 5044 3089 5096 loca
3118 5041 3459 5104 describere,
3496 5050 3585 5094 ct-

280 5144 364 5211 (ut
387 5139 635 5209 superius
663 5137 1067 5207 comprehendi)
1093 5152 1343 5191 enarrare
1370 5150 1399 5189 a
1429 5135 1687 5204 principio
1708 5134 1947 5186 omnium
1975 5133 2118 5186 Vitas
2141 5150 2204 5188 ex
2233 5134 2555 5199 supradictis
2584 5132 2896 5200 regionibus
2930 5132 3033 5187 hoc
3057 5132 3261 5195 libello,
3294 5141 3352 5185 ut
3384 5130 3552 5184 Itone-

282 5243 420 5287 stum
462 5240 517 5286 et
562 5232 755 5284 anima:
802 5230 1135 5299 profuturum
1187 5226 1747 5282 eommemoratorium
1793 5238 1989 5294 gerens
2019 5223 2097 5293 (id
2129 5235 2213 5279 est
2262 5241 2495 5293 pCPt‘nlle
2535 5224 2982 5278 medicamentum
3030 5224 3295 5301 veritatis)
3337 5238 3555 5278 omnem

280 5328 495 5396 quidem
515 5325 797 5380 oblivionis
826 5339 890 5378 ex
921 5320 1271 5376 irrationabili
1304 5318 1573 5373 desiderio
1600 5333 1826 5386 respuas
1855 5332 2103 5371 somnum
2125 5358 2139 5381 ,
2168 5329 2489 5385 omnemque
2516 5313 2744 5383 duplicis
2770 5313 2951 5367 dolum
2979 5315 3173 5368 mentis
3196 5312 3347 5367 aiide
3370 5326 3583 5368 rerum,

283 5424 643 5477 necessarium
675 5422 935 5485 secludas,
970 5434 1089 5473 eum
1130 5421 1377 5472 universa
1408 5416 1728 5486 pigritudiue
1761 5429 1970 5467 morum
2015 5413 2275 5466 bonorum
2298 5456 2311 5479 ,
2345 5420 2397 5465 et
2426 5408 2655 5464 deformi
2685 5408 2884 5462 anima:
2923 5408 3252 5473 defeetione,
3280 5416 3335 5460 et
3357 5414 3413 5459 ιιι
3439 5404 3557 5460 ira-

281 5518 494 5574 cundize
518 5534 729 5588 quoque
759 5526 982 5577 motum,
1017 5514 1481 5569 conturbationem
1513 5518 1675 5579 atque
1703 5507 2009 5570 tristitiam,
2042 5516 2095 5559 et
2132 5503 2562 5559 irrationabilem
2614 5511 2815 5555 metum
2864 5516 2960 5569 per
3004 5501 3103 5554 ista
3146 5500 3420 5555 declinans
3441 5535 3468 5588 ,4
3497 5505 3559 5551 et.

284 5586 657 5664 evocationem
679 5608 858 5663 satculi
884 5621 1096 5670 vanam,
1122 5620 1307 5658 amore
1330 5612 1589 5673 perpetuo
1615 5602 1758 5655 circa
1785 5598 2118 5667 propositum
2151 5595 2249 5665 pice
2274 5594 2550 5662 religionis
2580 5594 2860 5664 eﬂ'ulgeas,
2891 5593 2996 5645 dux
3029 5591 3200 5645 beata:
3227 5590 3350 5643 vita:
3379 5586 3473 5641 tibi
3498 5592 3560 5641 et

286 5700 374 5769 qui
408 5712 582 5757 tecum
614 5710 758 5767 sunt,
787 5710 840 5754 et
867 5699 956 5769 qui
981 5699 1079 5753 sub
1103 5706 1152 5753 te
1174 5709 1369 5767 agunt,
1399 5705 1451 5750 et
1483 5695 1843 5765 piissituorum
1884 5689 2093 5743 futurus
2133 5689 2537 5755 imperatorum.
2563 5684 2784 5739 Talibus
2827 5684 2971 5739 enim
3026 5681 3176 5735 factis
3223 5693 3437 5745 semper
3485 5689 3553 5769 ac

291 5767 517 5856 meritis,
548 5790 745 5846 Christi
780 5767 962 5846 amore
990 5788 1271 5858 ﬂagrantes
1303 5786 1412 5841 Deo
1441 5792 1728 5855 properant
1751 5780 2009 5851 copulari.
2048 5779 2150 5835 Per
2197 5777 2435 5848 singulos
2480 5785 2658 5834 tamen
2697 5778 2809 5835 dies
2831 5786 2886 5832 et
2914 5775 3179 5831 redditum
3207 5771 3434 5836 animae,
3457 5767 3557 5841 qui
