3982 6354
414 319 519 377 247
1510 321 1860 380 APPENDIX
1899 324 1992 380 AD
2032 323 2235 383 V’ITAS
2273 325 2581 386 PATRIM.
3587 334 3693 391 Si!

412 435 766 506 proculdubio
791 436 1036 504 debetur,
1064 443 1333 508 exspecta,
1359 435 1652 493 secundum
1682 437 1823 506 quod
1853 438 2112 506 scriptum
2146 447 2229 494 est
2257 457 2269 493 :
2301 438 2563 496 Coaretor
2583 455 2647 496 ex
2687 439 2917 510 duobus,
2955 441 3288 500 desiderium
3331 443 3535 502 habens
3558 447 3683 503 dis-

410 527 543 584 solvi
571 539 622 583 et
653 543 771 584 esse
801 545 922 585 cum
954 526 1169 585 Christo
1213 529 1381 582 multo
1412 527 1602 582 melius
1633 525 1859 597 (Philip.
1884 526 1946 596 t).
1977 528 2041 582 Et
2070 530 2263 583 iterum
2292 546 2305 582 :
2342 530 2587 599 Prtepara
2619 530 2685 586 ad
2718 532 3105 601 perfectionem
3138 549 3300 602 opera
3343 544 3465 602 tua,
3491 546 3548 591 et
3568 545 3693 592 esto

412 620 466 677 in
496 635 623 691 agro
649 633 900 693 eperator
924 624 1104 694 (Prov.
1135 622 1301 691 xxiv).
1328 621 1459 675 Nam
1491 621 1579 689 qui
1609 635 1814 673 memor
1842 634 2059 689 semper
2103 631 2187 674 est
2234 622 2419 674 mortis
2450 637 2570 689 quas
2596 623 2922 676 omnimodis
2961 625 3083 679 sine
3115 626 3465 680 cunctatione
3510 636 3565 681 et
3596 642 3697 681 ne-

417 716 647 767 cesmrio
672 726 889 769 ventura
924 726 1025 781 eq,
1049 733 1117 770 nu
1146 730 1317 784 quam
1347 713 1526 782 gravia
1551 727 1613 765 ac
1643 727 1837 783 magna
1863 715 2124 781 peccabit,
2154 712 2302 780 juxta
2334 714 2475 783 quod
2507 715 2763 783 scriptum
2791 727 2906 771 est:
2937 718 2990 771 lo
3019 734 3053 772 o
3078 722 3272 772 auibus
3299 723 3552 786 operibus
3577 724 3686 775 tuis

413 820 717 861 memorare
760 810 1050 861 novissima
1087 818 1195 869 tua,
1224 816 1275 859 et
1305 806 1355 858 in
1387 816 1699 874 perpetuum
1733 823 1837 860 non
1868 809 2113 875 peccabis
2144 806 2336 879 (Eccli.
2368 806 2482 877 vn).
2514 808 2684 877 Supra
2731 819 2928 863 caetera
2970 827 3097 865 vero
3129 817 3331 877 omnia,
3367 829 3542 880 neque
3570 829 3694 884 quae

420 905 784 959 tomnteudata
816 905 1063 959 sensibus
1121 901 1223 955 tuis
1274 900 1471 954 fuerint
1512 900 1715 953 salubri
1769 903 2026 955 relatione
2053 940 2069 965 ,
2126 911 2472 963 contemnas;
2508 917 2607 956 nec
2636 918 2859 970 respuas
2888 903 3254 960 elocutionum
3290 909 3688 973 humilitatem,

416 994 868 1064 rusticitatemque
899 991 1334 1048 verborum.Non
1358 991 1500 1044 enim
1533 991 1632 1044 hoc
1660 1006 1796 1056 opus
1825 992 2019 1045 divina:
2041 992 2303 1045 doctrinae
2326 1001 2428 1058 est,
2460 1003 2514 1045 ut
2536 993 2656 1061 quis
2686 992 2909 1048 facunde
2942 993 3217 1062 loquatur;
3243 996 3336 1051 sed
3370 1007 3425 1050 ut
3452 999 3690 1050 omnium

405 1096 602 1140 sensus
634 1084 901 1137 in‘ellectu
933 1083 1174 1136 veritatis
1206 1080 1473 1145 instituat,
1507 1080 1799 1135 secundum
1831 1082 1973 1151 quod
2005 1082 2207 1136 dictum
2236 1091 2321 1136 est
2352 1084 2557 1151 :Aperi
2589 1100 2652 1138 os
2690 1095 2837 1139 tuum
2881 1090 3046 1139 verbo
3078 1087 3171 1142 Dei
3206 1086 3384 1155 (Prov.
3421 1088 3591 1159 χιιι).
3627 1090 3696 1143 Et

411 1169 602 1228 iterum
629 1190 643 1230 :
678 1174 754 1231 Ne
782 1174 1079 1244 perdideris
1112 1175 1474 1229 narrationem
1508 1160 1732 1239 senum;
1766 1190 1887 1227 nam
1917 1185 1971 1230 et
2001 1175 2101 1243 ipsi
2122 1191 2150 1229 a
2182 1178 2292 1230 suis
2324 1177 2565 1245 patribus
2588 1177 2899 1232 didicerunt
2930 1178 3116 1247 (Ereti.
3152 1182 3292 1249 vttt).

482 1268 594 1336 Ego
626 1269 823 1337 itaque,
863 1269 1020 1322 homo
1048 1268 1142 1321 Dei
1164 1278 1216 1321 et
1247 1269 1509 1335 stupende
1533 1283 1718 1322 atnore
1758 1268 2029 1331 discendi,
2057 1269 2145 1338 qui
2177 1276 2306 1336 opto
2335 1269 2421 1323 vel
2448 1283 2511 1323 ex
2548 1280 2703 1337 parte
2729 1272 2870 1340 quod
2905 1273 3160 1326 divinitus
3201 1273 3419 1341 jubetur
3460 1273 3691 1338 imitari,

407 1356 666 1426 plurimos
697 1375 807 1413 sani
830 1368 911 1413 tos
942 1360 1087 1413 viros
1117 1359 1316 1413 vidis~e
1351 1374 1436 1413 nte
1467 1359 1717 1423 memini,
1749 1372 1845 1412 nec
1879 1369 2054 1412 tamen
2101 1358 2153 1411 id
2185 1359 2349 1412 veluti
2384 1375 2478 1427 per
2512 1370 2793 1414 transitum
2837 1369 2891 1415 et
2924 1362 3287 1430 perfunctorie
3326 1360 3561 1430 faciens,
3594 1364 3689 1418 sed

405 1465 507 1521 per
540 1450 748 1520 triginta
780 1463 832 1507 et
864 1467 961 1521 per
1001 1452 1136 1505 alios
1169 1451 1389 1505 tetidem
1420 1466 1648 1520 pergens
1678 1452 1815 1515 dies,
1850 1452 2074 1520 pedibus
2106 1452 2268 1521 (quod
2300 1462 2426 1506 ante
2463 1453 2628 1507 Deum
2662 1455 2861 1522 dicant)
2894 1457 2994 1510 iter
3025 1472 3186 1511 omne
3214 1459 3444 1521 conleci,
3471 1461 3690 1514 univer-

403 1560 521 1599 sunt
556 1560 690 1614 pene
716 1546 1013 1601 Ilomanum
1044 1548 1217 1600 solum
1249 1546 1573 1599 ambulando
1603 1559 1957 1614 cognoscens,
1987 1554 2041 1599 et
2071 1546 2283 1600 itineris
2330 1546 2610 1600 molestias
2664 1546 2893 1599 libenter
2943 1550 3311 1616 amplectens,
3362 1562 3419 1603 ut
3458 1550 3691 1605 hominis

406 1636 577 1690 sancti
610 1645 663 1691 et
692 1639 950 1692 amatoris
980 1640 1073 1693 Dei
1103 1638 1482 1709 conspectibus
1525 1637 1767 1693 fruerer:
1797 1638 1939 1708 quod
1976 1638 2336 1707 proculdubio
2366 1639 2524 1693 aliter
2553 1655 2659 1693 non
2696 1638 2970 1695 haberem.
3001 1640 3132 1695 Nam
3166 1644 3209 1695 si
3245 1643 3331 1696 ille
3363 1645 3451 1712 qui
3490 1645 3693 1712 absque

402 1732 578 1801 aliqua
606 1736 1013 1803 comparatione
1049 1736 1240 1790 melior
1268 1752 1353 1790 nte
1380 1746 1484 1801 est,
1515 1737 1710 1805 quique
1743 1735 1901 1804 longe
1928 1736 2182 1803 prrecedit
2219 1751 2280 1789 ac
2313 1738 2481 1791 v;ncit
2521 1746 2688 1791 totum
2728 1738 2986 1791 mundum
3022 1753 3205 1793 rerum
3240 1737 3427 1800 peritia
3478 1748 3533 1791 et
3572 1747 3686 1792 tuta

402 1824 747 1880 conscientiae
779 1825 883 1880 fide
906 1827 1103 1880 Paulus
1125 1827 1423 1895 apostolus,
1450 1827 1514 1880 de
1537 1827 1706 1879 Tarso
1740 1841 1907 1895 usque
1928 1826 1994 1879 ad
2020 1826 2244 1895 patriam
2275 1826 2579 1881 Judteorttm
2622 1827 2948 1882 ambulando
2994 1839 3259 1897 perrcxtt.
3293 1836 3353 1882 ut
3383 1833 3598 1885 Petrum
3627 1839 3682 1885 et

400 1920 659 1976 Jacobum
684 1933 737 1979 et
763 1924 1022 1978 Joannem
1053 1924 1289 1985 videret;
1325 1931 1378 1977 et
1404 1924 1503 1976 hoc
1535 1921 1650 1990 ipse
1676 1923 1826 1984 quasi
1857 1936 1978 1975 cum
2012 1923 2241 1990 quadam
2266 1921 2524 1990 jactantia
2552 1921 2825 1984 referens,
2863 1925 3109 1993 proprios
3140 1922 3380 1990 divulgat
3425 1923 3638 1977 labores
3659 1964 3676 1988 ,

403 2010 533 2069 dum
562 2016 683 2070 illos
712 2018 801 2086 qui
829 2018 941 2071 otio
966 2027 1126 2084 atque
1146 2015 1367 2085 segnitia
1400 2026 1706 2083 torpescere
1738 2013 2007 2079 videntur,
2043 2014 2307 2079 accendit,
2335 2013 2521 2067 dicens
2550 2030 2560 2064 :
2594 2013 2823 2067 Asceodi
2847 2014 3236 2082 Jerosolytnatn
3267 2013 3452 2068 videre
3470 2015 3687 2069 Petrum

401 2102 607 2175 (Colat.
639 2110 696 2175 tt)
724 2110 849 2175 (non
873 2110 1013 2164 enim
1043 2110 1113 2163 illi
1147 2109 1445 2164 sufficiebat
1473 2109 1587 2162 sola
1621 2107 1753 2161 fama
1782 2106 2020 2169 virtutis,
2056 2107 2154 2161 nisi
2185 2107 2345 2160 etiam
2376 2107 2578 2160 vultum
2601 2122 2814 2176 quoque
2836 2122 2898 2161 ac
2932 2110 3156 2177 ligurem
3196 2108 3362 2174 ipsius
3386 2108 3484 2160 viri
3518 2122 3686 2177 cupe-

403 2204 492 2250 ret
515 2197 752 2268 intueri),
783 2210 982 2270 quanto
1007 2204 1175 2269 magis
1203 2200 1305 2254 hoc
1333 2215 1433 2268 ego
1463 2200 1648 2252 derem
1675 2197 1898 2251 millium
1928 2199 2140 2251 debitor
2173 2197 2495 2251 talentmum
2528 2201 2701 2250 lacere
2730 2198 2934 2251 debui?
2956 2214 3064 2251 ttott
3098 2208 3153 2251 ιιι
3184 2197 3289 2251 illis
3326 2200 3529 2252 sanctis
3548 2213 3676 2267 pro-

400 2287 614 2343 dessem
643 2289 866 2360 aliquid,
899 2291 991 2345 sed
1024 2302 1075 2345 ut
1103 2292 1235 2346 tttilti
1271 2293 1540 2361 peccaturi
1577 2306 1671 2359 per
1700 2290 1879 2344 omnia
1927 2288 2287 2357 providerem.
2318 2288 2447 2342 Nam
2493 2297 2544 2342 et
2579 2289 2611 2342 ii
2654 2288 2741 2356 qui
2774 2290 3111 2353 scripserunt
3150 2290 3284 2343 vitas
3324 2303 3535 2358 patrum
3561 2300 3684 2345 ante

398 2389 731 2449 nostrorum,
756 2385 923 2439 sancti
956 2385 1209 2451 Abrahae,
1248 2386 1412 2447 Isaac,
1445 2387 1635 2452 Jacob,
1666 2393 1721 2439 et
1746 2384 1835 2453 qui
1870 2383 2015 2450 ipsos
2040 2390 2357 2452 sequuntur,
2396 2381 2561 2451 Moysi
2584 2422 2599 2442 ,
2640 2379 2823 2446 Elite,
2869 2382 3094 2436 Joannis
3123 2391 3284 2451 atque
3311 2382 3643 2451 reliquorum
3665 2421 3683 2448 ,

397 2488 506 2531 non
538 2486 591 2530 ut
623 2478 754 2546 ipsis
781 2478 1043 2547 adjecturi
1076 2480 1264 2548 gloria:
1294 2479 1499 2547 aliquid
1532 2479 1846 2541 retulerunt,
1882 2477 1977 2530 sed
2009 2484 2064 2528 ut
2094 2476 2393 2543 legentibus
2428 2475 2711 2539 profuturi.

469 2564 806 2637 Quapmpter
829 2578 942 2622 tta-e
970 2568 1168 2635 sciens,
1188 2567 1498 2623 fidelissime
1527 2568 1859 2635 multumque
1876 2565 2198 2620 venerabilis
2217 2580 2370 2618 serve
2394 2564 2590 2617 Christi
2612 2565 2801 2629 Lause,
2819 2580 2910 2634 per
2925 2567 3264 2635 temetipsnm
3285 2568 3558 2624 suadendo
3572 2584 3686 2625 me-

401 2655 506 2711 lius
538 2657 630 2711 tibi
662 2660 967 2723 consulens,
992 2662 1151 2714 etiam
1183 2669 1421 2714 nostram
1450 2660 1822 2728 loquacitatem
1842 2657 1906 2710 ad
1928 2656 2336 2710 custodiendum
2357 2655 2406 2709 itt
2442 2665 2490 2709 te
2521 2659 2849 2724 propositum
2886 2658 2985 2725 piae
3018 2660 3308 2714 voluntatis
3331 2664 3681 2731 amplectere;

396 2763 520 2819 qua:
546 2750 757 2818 quidem
782 2753 942 2808 variis
965 2752 1254 2806 visibilium
1287 2751 1736 2819 invisibiliumque
1758 2749 2004 2802 vitiorum
2023 2746 2185 2800 veluti
2205 2745 2450 2800 fluetibus
2480 2749 2809 2813 verberatur,
2830 2764 2988 2815 quam
3020 2750 3120 2803 nisi
3150 2750 3411 2819 frequenti
3443 2755 3684 2810 oratione

395 2851 450 2899 et
468 2844 705 2913 diligenti
735 2848 927 2901 animae
952 2848 1017 2899 ad
1050 2846 1212 2898 Deum
1244 2845 1522 2898 vacatione
1552 2842 1741 2897 sedare
1769 2856 1874 2894 non
1916 2853 2218 2907 possumus.
2252 2837 2394 2891 Multi
2425 2838 2568 2891 enim
2594 2838 2816 2891 fra:rutn
2844 2848 2898 2892 et
2920 2839 3194 2894 laboribus
3223 2841 3597 2907 abstinentia,
3630 2854 3685 2900 et

394 2936 552 2993 bonis
580 2938 720 2994 circa
751 2953 1013 3009 pauperes
1041 2937 1197 2993 factis
1223 2936 1384 3008 941
1416 2938 1792 2998 exuherantes,
1823 2934 1913 2988 alii
1938 2940 2086 2987 casta
2117 2931 2374 2985 viduitate
2400 2931 2699 2998 gaudentes
2719 2972 2733 2996 ,
2766 2932 2856 2986 alii
2885 2932 3199 2989 virsinitate
3225 2935 3484 2989 sublimes
3507 2978 3523 3001 ,
3546 2937 3683 2991 divi-

392 3044 583 3084 narum
608 3030 768 3084 etiam
800 3027 1122 3085 lectionibus
1154 3037 1205 3083 at
1230 3028 1613 3095 scriptionibus
1642 3027 1938 3080 litterarum
1967 3022 2253 3092 plurimum
2277 3020 2585 3090 gloriantes,
2622 3036 2651 3075 a
2682 3023 2811 3076 recti
2848 3023 3105 3091 propositi
3140 3025 3331 3079 itinere
3360 3025 3680 3093 deviarunt;

395 3122 769 3178 indifferenter
794 3125 943 3194 quasi
977 3124 1077 3179 sub
1101 3123 1281 3193 specie
1314 3123 1590 3189 cujusdam
1639 3118 1914 3190 religionis
1936 3156 1949 3177 .
1982 3114 2320 3171 curiositatis
2362 3128 2544 3166 amore
2575 3113 2921 3182 languentes,
2957 3106 3019 3167 ex
3061 3129 3163 3183 qua
3206 3116 3489 3184 multiplex
3520 3119 3681 3171 animi

394 3214 698 3270 sollicitudo
723 3227 1035 3286 generatur;
1065 3223 1185 3285 post
1220 3230 1336 3282 quae
1367 3215 1593 3268 aliorum
1625 3227 1837 3281 quoque
1867 3211 2203 3278 negotiorum
2252 3220 2378 3257 cura
2421 3204 2687 3266 δυορυάἱι.
2724 3205 2866 3259 unde
2908 3206 3227 3261 calumniosi
3277 3209 3442 3262 etiam
3488 3225 3683 3265 nomen

394 3307 707 3376 incurritur,
734 3324 837 3379 quo
869 3307 1084 3362 nomine
1112 3321 1141 3360 a
1171 3308 1432 3361 bonorum
1461 3315 1674 3359 actuum
1706 3300 2172 3357 administratione
2206 3296 2557 3367 prohibentur
2590 3316 2601 3350 :
2639 3312 2740 3366 qua
2782 3298 2997 3366 quidem
3037 3314 3134 3352 nec
3165 3301 3252 3368 qui
3291 3300 3425 3353 solis
3465 3302 3683 3369 proprie

395 3408 603 3454 tantum
634 3402 823 3456 animae
856 3401 1079 3470 negotiis
1111 3409 1330 3464 vacant,
1366 3401 1614 3454 fruuntur
1663 3405 1719 3451 ut
1767 3404 1959 3447 matre.
1993 3392 2182 3446 Insiste
2230 3389 2389 3459 igitur
2418 3389 2675 3454 viriliter,
2719 3405 2931 3459 qttmso,
2983 3405 3087 3444 non
3119 3406 3324 3461 augens
3367 3406 3497 3459 Opes
3529 3396 3682 3462 (quas

397 3499 577 3544 tamen
608 3494 775 3561 magis
804 3506 1014 3559 semper
1042 3489 1335 3560 imntinuis)
1368 3489 1693 3543 sufficienter
1723 3484 1963 3538 dividens
1992 3499 2086 3539 eas
2115 3484 2363 3538 omnibus
2404 3498 2537 3551 quos
2567 3497 2725 3552 egere
2756 3482 3037 3549 cognoscis
3062 3525 3075 3543 ,
3109 3499 3231 3551 qua:
3273 3484 3555 3550 proficiunt
3589 3484 3682 3537 tibi

395 3580 463 3634 ad
495 3582 785 3637 ministeria
813 3590 866 3637 et
896 3582 1129 3637 fomenta
1159 3582 1447 3646 virtutum;
1479 3595 1612 3634 neve
1663 3589 1712 3633 te
1756 3579 1986 3648 impetus
2037 3577 2253 3647 quidam
2304 3575 2651 3631 irrationabili
2685 3576 3067 3646 anticipatione
3110 3576 3400 3645 prteveniat
3422 3617 3436 3641 ,
3474 3587 3530 3631 ut
3558 3580 3683 3631 dum

396 3674 703 3731 hominibus
733 3677 942 3744 placere
974 3675 1214 3739 festinas,
1251 3675 1456 3729 honesti
1490 3673 1744 3743 propositi
1773 3674 2100 3727 voluntatem
2131 3669 2455 3724 sacranteui
2485 3667 2707 3722 vinculis
2737 3667 2867 3735 liges
2897 3686 2908 3719 :
2942 3668 3081 3736 quod
3115 3683 3404 3737 perpessos
3440 3669 3686 3723 novimus

395 3768 598 3837 plures,
629 3770 715 3839 qui
748 3784 896 3825 vana:
926 3770 1111 3839 gloriae
1142 3768 1482 3822 contentione
1510 3766 1563 3819 itt
1586 3766 1721 3819 cibis
1746 3765 1826 3819 vel
1856 3764 2068 3833 potibus
2097 3763 2436 3818 alistinendis
2457 3803 2470 3823 ,
2504 3759 2555 3812 in
2589 3758 2904 3811 servitutem
2936 3758 3333 3826 quodammodo
3361 3759 3684 3828 redegerunt

395 3856 741 3928 iurisjurar'tdi
777 3860 1097 3914 necessitate
1146 3858 1365 3911 liberam
1397 3856 1575 3919 illam,
1608 3869 1762 3922 quam
1790 3851 1841 3906 in
1882 3853 2010 3921 ipsis
2044 3852 2183 3906 Deus
2214 3850 2414 3905 fecerat
2443 3851 2794 3903 voluntatem.
2827 3847 3033 3915 Quique
3062 3849 3417 3903 sacramentis
3447 3849 3679 3917 propriis

396 3952 633 4020 obligati,
666 3953 788 4007 dum
815 3954 1071 4022 promissa
1106 3953 1328 4021 implere
1359 3965 1463 4003 non
1497 3958 1739 4016 possunt.
1773 3957 1824 4000 et
1852 3946 2159 4000 deformiter
2193 3958 2377 3995 amore
2408 3939 2617 3994 vivendi
2650 3952 2710 3990 ac
2741 3937 3013 4003 voluptate
3046 3939 3364 4003 retinentur,
3391 3956 3459 3993 ex
3488 3954 3684 3993 neces-

398 4044 553 4097 sitate
584 4045 689 4113 (cui
720 4058 811 4097 sua
842 4045 1121 4109 subiacent
1150 4041 1324 4112 culpa)
1360 4040 1577 4109 perjurii
1605 4040 1807 4092 crime-t
1846 4039 2145 4089 incurrunt.
2180 4034 2233 4087 Si
2271 4034 2433 4101 igitur
2463 4030 2573 4084 sola
2617 4028 2823 4081 ratione
2852 4028 2933 4080 his
2963 4027 3124 4081 rebus
3166 4031 3459 4094 abstineas,
3486 4039 3541 4083 et
3571 4028 3683 4082 sola

407 4135 604 4187 iterum
634 4132 840 4187 ratione
863 4132 1076 4188 easdem
1106 4148 1225 4185 cum
1259 4132 1390 4184 velis
1435 4144 1615 4182 sumas
1639 4169 1652 4192 ,
1696 4142 1962 4190 nunquam
1995 4124 2235 4193 profecto
2267 4122 2547 4189 peccabis;
2583 4119 2721 4172 Deus
2742 4117 2882 4170 enim
2911 4117 3000 4185 qui
3032 4119 3168 4170 ratio
3199 4125 3311 4181 est,
3338 4133 3544 4183 eaquae
3570 4133 3684 4169 rno-

401 4240 596 4284 ventur
624 4228 674 4282 in
708 4227 860 4282 nobis
886 4223 1099 4280 arcanis
1123 4222 1463 4277 commendat
1490 4220 1699 4273 auxiliis
1720 4259 1734 4283 ,
1767 4219 1852 4270 illa
1881 4218 2096 4286 quidem
2127 4216 2392 4268 damnans
2420 4228 2538 4280 qua:
2572 4212 2791 4276 ltedunt,
2816 4211 3142 4278 amplectens
3173 4225 3299 4263 vero
3328 4221 3486 4279 atque
3513 4213 3685 4264 susci-

408 4323 560 4394 piens
590 4322 673 4376 illa
701 4336 819 4391 quae
848 4328 1069 4389 prosunt
1094 4335 1107 4383 ;
1136 4332 1256 4370 nam
1277 4317 1418 4383 justo
1442 4310 1652 4385 (inquit)
1683 4312 1853 4380 posita
1884 4311 1965 4364 lex
2003 4326 2106 4363 non
2135 4318 2215 4362 est
2240 4306 2441 4379 (ITim.
2470 4306 2533 4369 t).
2562 4303 2778 4355 ltectius
2803 4310 2886 4394 est
2915 4308 3092 4353 autem
3126 4301 3302 4394 vinntn
3333 4317 3453 4394 cum
3479 4304 3687 4357 ratione

399 4392 601 4479 potare,
633 4426 790 4477 quam
819 4424 938 4463 cum
971 4406 1274 4475 arrogantia
1302 4415 1355 4459 et
1387 4404 1521 4458 fastu
1553 4417 1763 4469 aquam.
1802 4401 1866 4454 Et
1916 4400 1960 4453 si
2004 4399 2235 4460 videtur,
2265 4397 2516 4457 adverte,
2563 4407 2658 4446 eos
2698 4393 2917 4461 quidem
2958 4394 3044 4459 qui
3081 4392 3473 4446 rationabiliter
3504 4395 3683 4446 vinum

398 4500 667 4565 biberunt,
697 4514 816 4555 esse
844 4509 1061 4551 sanctos
1093 4497 1256 4560 viros,
1285 4495 1374 4565 qui
1406 4506 1584 4548 autem
1611 4496 1726 4549 sine
1749 4494 1957 4548 ratione
1985 4505 2194 4558 aquam,
2224 4490 2446 4544 vitiosos
2472 4500 2592 4543 esse
2616 4485 2860 4540 homines
2882 4500 2943 4539 ae
2968 4484 3239 4552 profanos.
3273 4484 3457 4550 Neque
3486 4486 3556 4537 ob
3582 4485 3682 4537 ltue

399 4607 629 4661 unquam
672 4591 843 4659 ipsum
877 4588 1107 4654 Speciem
1140 4600 1296 4654 quam
1340 4585 1478 4638 Deus
1512 4584 1631 4637 fet-it
1653 4625 1668 4648 ,
1701 4595 1787 4636 aut
1819 4580 2226 4647 vituperandam
2260 4588 2351 4631 aut
2391 4575 2706 4629 laudandam
2753 4585 2938 4641 putes;
2970 4574 3062 4628 sed
3097 4574 3222 4626 illos
3256 4584 3344 4625 aut
3386 4574 3569 4628 beatos
3599 4591 3687 4627 se-

397 4684 628 4739 cundum
658 4678 987 4750 propositum
1019 4690 1172 4728 suum
1204 4673 1503 4740 arbitreris,
1535 4688 1624 4727 aut
1657 4674 1921 4736 miseros,
1967 4669 2056 4739 qui
2102 4671 2240 4722 bene
2279 4669 2358 4722 vel
2397 4670 2535 4722 male
2584 4665 2714 4735 ipsis
2758 4667 2917 4719 rebus
2959 4674 3196 4719 utuntur.
3234 4665 3373 4719 Bibit
3398 4666 3686 4734 aliquando

398 4771 595 4840 JoSeph
626 4769 763 4839 apud
794 4765 1073 4837 Aigyptios
1101 4762 1277 4816 vinum
1306 4802 1319 4827 ,
1354 4777 1452 4815 nec
1500 4773 1679 4816 tamen
1715 4762 2031 4830 sapientiam
2086 4773 2237 4811 suam
2288 4758 2453 4822 Iresit,
2506 4772 2571 4810 eo
2621 4755 2761 4823 quod
2816 4755 3145 4824 propositum
3188 4760 3382 4811 mentis
3410 4775 3523 4812 sine
3547 4768 3678 4813 ante

399 4861 668 4916 munivit:
703 4858 1030 4927 Pythagoras
1057 4864 1258 4917 autem,
1287 4861 1340 4906 et
1366 4851 1654 4920 Diogenes,
1688 4861 1741 4905 et
1771 4852 1920 4904 Plato
1954 4850 2115 4915 (inter
2154 4866 2286 4918 quos
2319 4849 2596 4903 Manichrei
2640 4864 2884 4919 quoque,
2920 4851 3201 4917 omnisque
3230 4865 3417 4904 eorum
3450 4854 3536 4918 qui
3569 4853 3672 4904 sibi

399 4957 669 5022 sapientes
698 4954 1012 5007 videbantur
1034 4948 1273 5014 caterva)
1303 4946 1355 4999 itt
1394 4955 1592 4999 tantam
1637 4959 1789 4998 vanas
1836 4942 2020 5012 gloriae
2066 4943 2413 5011 cttpiditatcm
2455 4943 2759 5013 progressi,
2814 4944 3112 4999 inciderunt
3152 4944 3596 5007 damnationem,
3634 4956 3687 4999 ιιι

400 5046 574 5112 ipsum
604 5056 813 5110 quoque
845 5042 1100 5095 faetorem
1132 5038 1371 5092 omnium
1396 5036 1704 5106 ignorarent
1741 5036 1926 5098 Deum,
1956 5044 2011 5087 et
2038 5033 2177 5087 idola
2207 5048 2326 5101 quas
2354 5034 2450 5099 ipsi
2481 5032 3045 5089 fecerautadorarent.
3067 5036 3207 5090 Usus
3238 5047 3386 5089 estet
3410 5040 3687 5105 apo-toltts

400 5136 591 5190 Petrus
622 5135 749 5186 vino
777 5145 897 5185 cum
927 5131 1131 5198 reliquo
1159 5126 1548 5195 discipulorum
1598 5126 1801 5190 cltoro;
1852 5125 1996 5179 unde
2043 5133 2098 5179 et
2127 5126 2240 5191 ipse
2270 5122 2514 5177 Salvator
2541 5126 2852 5179 earumdem
2898 5128 3152 5195 magister
3188 5143 3215 5181 a
3246 5127 3449 5183 ludatis
3479 5131 3688 5185 videtur

402 5238 524 5280 esse
554 5222 930 5292 reprehensus,
965 5219 1264 5274 dicentibus
1292 5235 1303 5270 :
1334 5216 1444 5271 Cur
1474 5215 1720 5282 diseipuli
1753 5216 1825 5270 tui
1859 5232 1966 5280 non
1995 5214 2241 5284 jejuttant
2281 5217 2421 5269 sicut
2452 5215 2675 5271 Joannis
2703 5216 2924 5288 (Matth.
2963 5219 3081 5289 xl)?
3118 5220 3218 5284 Qui
3248 5237 3434 5275 rursus
3468 5223 3689 5276 insulta-

401 5321 550 5387 bant,
573 5326 626 5371 et
654 5314 783 5384 ipsis
814 5312 1085 5381 discipulis
1115 5311 1402 5365 dicebant:
1434 5307 1685 5378 Magister
1734 5318 1908 5363 vester
1939 5323 2060 5361 cum
2106 5308 2404 5376 publicanis
2438 5311 2724 5362 manducet
2772 5318 2827 5363 et
2880 5310 3013 5365 bibit
3056 5310 3252 5380 (Marc.
3300 5326 3368 5375 tt,
3422 5310 3574 5367 Luca:
3606 5312 3685 5380 γ).

401 5412 553 5481 Quod
582 5418 763 5464 autem
794 5421 1063 5474 nunquam
1097 5414 1315 5473 propter
1342 5417 1534 5471 partem
1564 5411 1616 5455 et
1644 5415 1837 5470 aquam
1870 5402 2040 5456 solum
2088 5399 2398 5469 reprehensi
2441 5400 2705 5464 fuissent,
2741 5400 2840 5453 nisi
2879 5412 3096 5469 propter
3134 5401 3315 5455 vinum
3346 5402 3426 5455 vel
3458 5417 3684 5465 carnes,

403 5512 578 5572 potest
610 5500 722 5554 fieri
751 5496 1092 5552 manifestum
1121 5495 1184 5547 iis
1215 5493 1303 5561 qui
1336 5492 1772 5549 irrationabiliter
1799 5498 1892 5545 eus
1922 5492 2135 5558 quidem
2159 5494 2246 5558 qui
2281 5491 2468 5545 bibunt
2498 5492 2641 5556 vina,
2673 5491 3005 5576 despiciunt;
3039 5507 3135 5546 eos
3166 5504 3342 5546 autem
3374 5495 3461 5563 qui
3489 5509 3679 5563 aquam

404 5593 578 5649 solent
608 5589 842 5652 haurire,
870 5583 1429 5639 niirantur.-Salvator
1452 5596 1580 5650 ergo
1620 5580 1867 5634 dicebat:
1897 5580 2054 5635 Venit
2081 5581 2315 5636 Joannes
2349 5583 2401 5635 in
2443 5584 2524 5634 via
2563 5582 2816 5653 iustitia),
2853 5598 3025 5650 neque
3069 5585 3235 5639 edens
3278 5601 3456 5653 neque
3501 5587 3688 5642 bibens

406 5685 645 5752 (carnem
677 5686 793 5735 sine
823 5675 986 5733 dubio
1013 5675 1147 5729 dixit
1176 5684 1227 5729 et
1259 5674 1470 5733 vinum;
1514 5688 1634 5727 nam
1672 5673 1788 5726 sine
1820 5671 1938 5725 aliis
1983 5674 2260 5742 speciebus
2311 5672 2549 5741 profecto
2592 5687 2692 5727 nec
2742 5672 2991 5743 viveret),
3019 5682 3075 5727 et
3103 5674 3327 5728 dicunt:
3356 5677 3686 5731 Dtemouinm

406 5775 588 5834 habet.
614 5774 773 5831 Venit
802 5769 967 5828 Filius
997 5764 1230 5825 hominis
1271 5763 1599 5821 manducans
1645 5771 1698 5819 et
1748 5762 1968 5829 bibens,
2002 5772 2057 5819 et
2086 5762 2302 5819 dicunt:
2334 5762 2473 5820 Ecce
2524 5762 2685 5818 homo
2734 5777 2892 5819 vorax
2920 5803 2936 5831 ,
2976 5771 3027 5818 et
3060 5773 3269 5834 potator
3300 5764 3407 5822 vini
3430 5805 3448 5834 ,
3481 5768 3685 5823 amicus
