3982 6354
247 353 358 412 είλιο
1415 358 1506 416 AD
1545 356 1769 416 LAUSU
1780 357 1826 413 Μ
1865 356 2346 415 PREPOSITUM.
3419 364 3529 422 950

249 472 654 542 publicanorum
684 481 733 531 et
765 482 1104 547 peccatorum
1137 474 1354 549 (Matth.
1387 480 1491 544 si),
1519 491 1584 532 eo
1613 476 1753 545 quod
1782 493 1902 532 cum
1930 477 2059 547 ipsis
2088 478 2435 533 manducaret
2455 486 2511 533 et
2534 476 2759 533 biberet.
2784 477 2921 545 Quid
2944 492 3042 534 nos
3064 494 3193 550 ergo
3219 478 3520 538 faciemus?

246 563 429 635 Neque
460 565 577 619 illos
602 569 689 635 qui
718 569 1040 635 vituperant,
1077 580 1252 636 neque
1275 581 1369 622 eos
1393 570 1483 637 qui
1512 569 1729 623 laudant
1753 584 2062 638 sequam-ir,
2106 570 2200 625 sed
2245 578 2339 623 aut
2387 571 2595 626 ratione
2630 572 2886 642 jejunium
2925 588 3047 628 cum
3079 573 3285 628 Joanne
3327 586 3524 630 tenea-

245 671 387 721 mus,
418 658 623 711 etiamsi
650 659 945 713 daemonem
978 660 1176 714 habere
1206 660 1475 713 dicamur:
1502 670 1593 712 attt
1620 674 1742 713 cum
1773 658 1902 713 Jesu
1932 659 2150 715 Christo
2176 660 2446 729 sapienter
2477 662 2595 715 vina
2621 662 2897 727 bibamus,
2927 662 3137 731 quando
3177 664 3277 717 huc
3299 666 3527 733 requirit

244 751 540 803 necessitas
567 752 881 817 corpmalis,
903 755 1065 805 etiam
1097 752 1141 805 si
1172 768 1270 805 nos
1292 752 1451 821 aliqui
1485 752 1554 805 ob
1579 751 1756 803 cibum
1783 752 1964 804 carnis
1992 761 2046 804 et
2082 752 2187 805 vini
2236 764 2419 821 potum
2456 752 2540 817 (ut
2588 750 2737 805 illum
2778 751 2972 821 Juda~i)
3017 752 3304 821 aliquando
3346 769 3529 823 repre-

245 842 502 896 hendant.
537 844 718 910 Neque
752 845 824 898 uti
853 860 981 915 ergo
1013 846 1148 908 istis,
1181 860 1353 911 neque
1379 847 1446 897 ab
1479 845 1559 898 los
1591 844 1866 896 abstinere
1892 842 2049 912 juxta
2084 847 2361 898 veritatem
2392 844 2467 897 rei
2500 843 2697 913 aliquid
2725 860 2846 898 esse
2876 843 3193 911 arbitreris;
3225 848 3318 900 sed
3349 848 3519 901 solam
3584 866 3599 885 ’

248 932 540 1002 fide-qum
568 936 853 989 dilectiooe
884 946 938 989 et
966 936 1213 1003 operibus
1245 933 1874 1002 ertemlitur,p|uriutum
1902 940 2080 989 vafere
2102 950 2417 1004 cognoscas.
2443 935 2604 1004 Igitur
2626 936 2776 1004 cujus
2804 938 3011 992 actibus
3032 954 3245 1005 scalper
3268 939 3529 994 inha'rere

245 1028 483 1081 cernitur
512 1028 663 1097 fides,
695 1039 909 1098 pr0pter
938 1030 1105 1097 ipSum
1154 1029 1490 1097 iuculpabilis
1535 1029 1668 1089 erit.
1719 1031 1834 1083 sive
1877 1028 2284 1081 manducavertt
2313 1037 2608 1081 memorata
2637 1043 2731 1082 seu
2775 1030 2983 1083 biberit.
3008 1032 3181 1083 Omne
3208 1031 3351 1084 enim
3384 1032 3528 1099 quod

242 1135 351 1173 non
383 1130 556 1175 estex
592 1123 713 1187 fide,
746 1131 1019 1190 peccatum
1049 1122 1337 1184 est~(liom.
1372 1128 1501 1185 xvi).
1531 1123 1635 1176 Sed
1668 1122 1918 1189 quoniam
1946 1120 2311 1189 unusquisque
2352 1121 2692 1189 delinquens,
2743 1123 2793 1174 id
2840 1123 2979 1189 quod
3023 1123 3168 1189 agit,
3218 1137 3282 1177 ex
3328 1122 3430 1176 lide
3464 1138 3527 1177 se

241 1229 404 1282 agere
433 1217 581 1279 dicit,
615 1217 773 1269 etiam
802 1231 921 1270 cum
951 1216 1148 1285 aliquid
1181 1217 1338 1269 stulta
1370 1216 1716 1283 persuasione
1740 1222 1796 1265 et
1823 1222 2070 1280 corrupta
2104 1220 2264 1280 atque
2294 1211 2483 1264 vitiosa
2515 1212 2842 1266 conscientia
2875 1211 3021 1276 facit,
3050 1213 3119 1266 ita
3144 1218 3243 1268 hoc
3265 1214 3516 1268 Salvator

240 1320 430 1363 noster
460 1308 722 1373 distinxit,
745 1322 800 1364 ut
830 1309 1065 1362 diceret:
1104 1308 1180 1361 Ex
1211 1308 1465 1360 fructibus
1492 1321 1676 1358 eoruso
1708 1310 2044 1371 cognoscetis
2066 1315 2160 1355 eos
2191 1299 2409 1371 (Matth.
2444 1302 2570 1369 vn).
2594 1300 2725 1354 Nam
2766 1301 2907 1369 quod
2945 1316 3130 1355 eorum
3168 1303 3255 1371 qui
3290 1301 3529 1355 rationa-

241 1401 428 1455 biliter
457 1400 658 1463 vivunt,
693 1411 851 1469 atque
874 1402 1147 1468 sapienter
1177 1399 1469 1453 secundum
1506 1396 1843 1467 Apostolum,
1874 1394 1977 1448 iste
2004 1394 2075 1447 sit
2105 1394 2342 1458 fructus,
2378 1393 2479 1446 hoc
2507 1404 2589 1447 est
2615 1394 2879 1457 charitas,
2908 1394 3156 1461 gaudium
3178 1437 3190 1458 ,
3224 1409 3319 1462 pax
3342 1436 3357 1459 ,
3407 1394 3526 1449 lou-

238 1491 547 1559 ganimitas,
582 1495 954 1559 mansuetudo,
977 1493 1205 1556 bonitas,
1240 1491 1393 1558 ﬁdes,
1425 1492 1776 1554 centinentia,
1810 1497 1968 1550 atque
1997 1488 2326 1556 simplicitas,
2365 1486 2603 1555 profecto
2634 1488 2972 1542 manifestum
3017 1497 3135 1553 est;
3166 1488 3357 1541 Paulos
3383 1488 3527 1542 enim

240 1584 497 1638 dicebat:
535 1586 758 1639 Fructus
801 1595 980 1640 autem
1027 1585 1245 1652 SpirilUs
1275 1597 1393 1651 est,
1430 1584 1530 1638 hoc
1577 1594 1630 1637 et
1674 1584 1774 1635 hoc
1806 1579 1998 1649 (Colat.
2033 1586 2109 1637 vl.
2136 1581 2284 1647 Quod
2317 1596 2445 1635 vero
2498 1580 2542 1634 is
2594 1583 2682 1649 qui
2729 1580 3035 1649 hojusmodi
3079 1581 3283 1634 fruetus
3327 1582 3528 1638 habere

240 1674 482 1738 festinat,
516 1690 619 1728 non
649 1676 1021 1745 intempesuve
1047 1690 1221 1744 neque
1249 1676 1366 1729 sine
1388 1673 1848 1737 consideratione,
1882 1683 1972 1725 aut
2003 1687 2217 1727 carnem
2246 1673 2389 1740 edat,
2416 1682 2507 1725 aut
2537 1675 2715 1725 vinum
2750 1671 2915 1737 bibat,
2941 1680 2995 1725 et
3023 1672 3163 1740 quod
3198 1688 3371 1743 neque
3398 1688 3523 1729 cum

237 1781 303 1819 eo
335 1766 546 1837 habitet
572 1768 724 1835 cujus
754 1766 1135 1821 conscientiam
1168 1768 1336 1837 magis
1368 1765 1509 1818 norit
1542 1764 1828 1834 malignam
1859 1803 1872 1826 ,
1909 1762 2103 1817 Paulus
2131 1763 2320 1817 iterum
2354 1764 2466 1832 ipse
2494 1763 2703 1817 dicebat
2734 1780 2744 1814 :
2772 1760 2904 1827 Quia
2948 1762 3310 1830 unusquisque
3338 1764 3426 1829 qui
3467 1779 3527 1819 se

235 1857 301 1910 ad
326 1872 556 1926 agonem
589 1869 753 1928 parat,
788 1863 857 1914 ab
888 1859 1135 1913 omnibus
1168 1874 1224 1913 se
1254 1859 1488 1912 abstinet
1515 1856 1565 1927 (ι
1601 1855 1725 1911 Cor.
1754 1859 1828 1923 ix)
1856 1873 1869 1920 ;
1899 1856 2106 1911 scilicet
2128 1866 2185 1910 ut
2214 1871 2439 1925 corpore
2465 1856 2704 1909 videatur
2731 1856 3016 1910 incolumis
3037 1898 3051 1920 ,
3086 1856 3352 1909 abstineat
3379 1870 3436 1908 se
3458 1857 3526 1911 ab

237 1948 305 2002 iis
333 1965 459 2016 qua:
490 1950 1030 2015 faciuntcrassiores;
1067 1966 1187 2003 cum
1217 1958 1394 2004 autem
1436 1948 1743 2002 infirmitate
1785 1947 1959 2015 aliqua
1990 1956 2082 2001 aut
2127 1947 2315 2001 dolore
2355 1955 2602 2010 vexatur,
2628 1954 2721 1999 aut
2764 1946 2975 2002 tristitia
3003 1988 3019 2013 ,
3067 1946 3151 2000 vel
3200 1946 3520 2014 quibusdam

237 2043 623 2097 teutatiouibus
653 2048 949 2108 mordetur,
977 2055 1154 2097 utatur
1176 2042 1393 2110 quidem
1423 2040 1558 2095 cibis
1591 2054 1683 2093 aut
1709 2040 1923 2109 potibus
1949 2050 2195 2108 tanquam
2219 2040 2643 2105 medicamentis,
2664 2056 2782 2110 quae
2797 2042 3003 2110 possint
3030 2056 3220 2094 curare
3240 2042 3525 2106 sollicitos,

233 2136 420 2202 abigat
468 2145 644 2189 autem
695 2152 722 2190 a
769 2151 837 2199 se.
876 2152 937 2190 ea
990 2136 1182 2205 quibus
1221 2138 1399 2188 anima
1446 2140 1773 2200 vu'neratur,
1820 2134 1921 2188 hoc
1957 2144 2039 2188 est
2089 2137 2438 2198 iracundiam,
2469 2135 2755 2201 invidiam,
2788 2150 3025 2189 amorem
3059 2150 3208 2187 van-.e
3263 2134 3445 2203 gloriae
3472 2141 3527 2189 et

233 2239 402 2282 recta:
433 2229 721 2282 voluntatis
750 2227 1138 2293 defectionem,
1190 2240 1584 2283 susurrationes
1626 2244 1837 2298 quoque
1884 2238 1938 2284 et
1985 2228 2379 2284 irrationabiles
2424 2230 2795 2300 suSpiciones,
2848 2243 3012 2299 agens
3050 2228 3280 2283 Domino
3323 2228 3526 2299 gratias

232 2322 620 2388 sempiternas.

300 2411 606 2466 Sulﬁciettli
652 2412 811 2482 igitur
852 2425 1012 2481 super
1040 2409 1141 2464 hoc
1166 2410 1527 2479 disputatione
1549 2410 1795 2474 decursa,
1828 2410 1985 2464 aliam
2016 2424 2201 2465 rursus
2240 2412 2471 2481 adjungo
2504 2411 2761 2466 docilitati
2802 2422 2905 2467 ltitB
2936 2414 3313 2477 mouitiouem;
3348 2412 3514 2484 9&2

232 2511 290 2558 ut
310 2508 464 2557 Olllill
498 2507 695 2559 virtute
745 2508 938 2560 mentis
971 2506 1224 2577 dilfugias
1250 2517 1594 2576 conspectum
1640 2522 1825 2560 eorum
1874 2518 2035 2577 atque
2082 2508 2435 2576 colloquium,
2483 2524 2704 2576 quorum
2736 2510 3060 2562 contrarium
3092 2520 3173 2564 est
3217 2510 3368 2563 bunze
3405 2514 3526 2564 vita:

235 2597 598 2665 propositum,
625 2597 712 2663 qui
740 2598 951 2661 penitus
980 2598 1233 2664 prodesse
1267 2613 1370 2652 nun
1412 2608 1655 2665 pussttttl,
1704 2608 1753 2650 et
1787 2598 1979 2666 quibus
2010 2614 2136 2653 cura
2177 2609 2257 2653 est
2289 2602 2432 2654 varia
2465 2613 2638 2654 cutem
2686 2604 2921 2671 corporis
2966 2603 3234 2670 ettpolirc,
3278 2603 3438 2656 etiam
3480 2603 3525 2658 si

230 2696 402 2741 rectae
426 2688 661 2741 cultores
694 2686 817 2740 ﬁdei
850 2699 1251 2753 inertiorrntur;
1286 2689 1379 2743 scd
1414 2691 1514 2742 vita
1564 2692 1639 2758 (ut
1670 2691 1737 2743 ita
1771 2690 2021 2760 dixerim)
2058 2707 2322 2758 perversa:
2353 2702 2513 2748 sectae
2547 2694 2811 2757 homines.
2842 2697 2931 2763 qui
2979 2696 3184 2749 animas
3223 2697 3320 2749 su'i
3346 2698 3527 2761 Specie

230 2783 532 2833 Sanctitatis
558 2789 822 2841 evertunt,
864 2778 1025 2832 etiam
1079 2780 1124 2831 si
1168 2778 1386 2844 canitie,
1419 2788 1474 2833 et
1500 2780 1701 2844 colore,
1744 2791 1797 2834 et
1838 2783 2199 2835 ostentatione
2249 2798 2521 2849 rugarum,
2571 2801 2851 2838 numerum
2883 2786 3277 2851 quodammodo
3312 2787 3528 2842 trahere

230 2872 524 2927 videantur
565 2887 849 2925 annorum.
892 2871 1027 2938 Quia
1061 2880 1111 2925 et
1144 2872 1186 2924 si
1224 2874 1361 2924 nulla
1407 2886 1593 2924 eorum
1631 2872 1848 2925 la-sione
1881 2874 2164 2927 maculeris
2196 2888 2405 2926 morum
2455 2876 2719 2941 probitate
2752 2878 3007 2939 introitus,
3044 2877 3119 2928 vel
3166 2878 3351 2929 leviter
3380 2887 3527 2933 certe

230 2977 323 3020 aut
351 2966 653 3019 resolveris
692 2976 747 3018 ut
781 2966 1043 3029 securior,
1072 2972 1162 3018 aut
1192 2964 1413 3032 eligeris
1437 2975 1493 3016 ut
1516 2966 1726 3024 melior.
1770 2973 1821 3016 et
1848 2965 2177 3030 vituperabis
2218 2968 2351 3018 tales
2381 2975 2540 3034 atque
2582 2968 2813 3032 ridebis;
2839 2969 2979 3036 quod
3009 2984 3112 3020 non
3141 2968 3255 3022 sine
3287 2984 3421 3022 noxa
3450 2971 3526 3027 tui

231 3069 280 3113 te
303 3061 499 3112 fecisse
525 3072 837 3127 Cognosces.
870 3058 1188 3111 Sanctorum
1220 3067 1397 3109 autem
1446 3057 1682 3109 virorum
1712 3070 1776 3107 ac
1802 3054 2120 3108 feminarum
2163 3057 2327 3109 veluti
2384 3060 2557 3111 lumen
2610 3058 2940 3125 Spleudeutis
2988 3058 3259 3125 fettcstrzr,
3310 3069 3519 3114 sectare

232 3162 583 3219 conspectus,
614 3163 668 3203 ut
693 3167 783 3218 per
815 3150 1023 3203 illorum
1054 3147 1355 3202 Vettt‘l'alidtl
1391 3147 1654 3213 colloquia
1699 3155 1949 3213 tauquam
1981 3146 2202 3198 minutis
2247 3146 2501 3201 Codicem
2528 3148 2717 3202 litteris
2747 3151 3002 3216 scriptum
3035 3148 3205 3217 possis
3236 3149 3306 3202 dil
3332 3160 3522 3219 genter

232 3243 529 3314 inspicere,
558 3257 710 3299 actus
738 3260 950 3313 quoque
971 3252 1027 3297 ct
1046 3241 1221 3297 cordis
1242 3256 1435 3294 arcana
1458 3255 1522 3295 ex
1547 3242 1654 3307 ipsa
1678 3237 2075 3303 comparatione
2097 3253 2437 3306 cognoscere,
2463 3251 2513 3293 et
2538 3241 2651 3294 sive
2673 3240 2999 3310 d.ligeotiam
3024 3256 3114 3294 seu
3146 3240 3524 3311 negligentiam

236 3346 388 3390 tuam
415 3339 678 3391 curiosius
702 3336 1019 3405 approbare.
1054 3334 1185 3386 Nam
1210 3341 1265 3387 et
1287 3333 1399 3398 ipse
1424 3331 1695 3385 Ιιοιιιὶιιιηη
1724 3329 2089 3397 religiosorum
2111 3332 2259 3385 eolor
2284 3331 2408 3400 (quo
2433 3333 2795 3398 praadicabiles
2818 3349 2996 3388 mores
3025 3322 3079 3386 ut
3105 3334 3236 3388 flore
3262 3335 3526 3405 ve‘autur)

234 3436 287 3483 et
314 3429 550 3481 amictus
571 3430 755 3493 veSIis,
785 3438 837 3481 et
862 3426 1139 3480 int-onl’usa
1166 3440 1318 3477 meus
1341 3421 1524 3485 animi,
1553 3424 1754 3491 absque
1781 3423 1889 3477 ullo
1909 3422 2200 3491 supercilio
2228 3426 2494 3477 sermonis
2518 3424 2704 3489 inflati,
2732 3434 2786 3478 et.
2810 3424 3108 3478 verecunda
3137 3425 3369 3492 ipsorum
3394 3442 3527 3496 quo.

235 3535 334 3587 que
362 3520 666 3574 reverentia
700 3520 1049 3590 syllabarum,
1075 3530 1123 3572 et
1148 3525 1295 3585 grata
1317 3516 1541 3585 digestio
1563 3534 1814 3572 sensuum
1837 3528 1997 3588 atque
2032 3520 2313 3572 verborum
2353 3504 2675 3574 sufficienter
2705 3522 2940 3573 animare
2971 3529 3021 3573 te
3070 3528 3338 3587 poterunt,
3362 3520 3527 3571 etiam

235 3615 277 3668 si
314 3615 610 3669 anxietatis
649 3615 769 3669 alict
789 3613 877 3683 jus
912 3615 1071 3669 tmdio
1102 3613 1359 3682 fatigatis.
1391 3611 1634 3667 Atnictus
1673 3617 1815 3668 enim
1851 3615 1968 3683 viri,
2015 3624 2067 3669 et
2115 3626 2286 3667 motus
2317 3615 2530 3682 pedum,
2565 3625 2615 3668 et
2643 3616 2877 3669 dentium
2913 3617 3068 3678 ri~us,
3100 3628 3159 3667 ea
3191 3629 3309 3682 quin
3336 3612 3385 3666 in
3414 3613 3528 3679 ipso

236 3704 493 3758 viden'ur
520 3720 638 3759 esse
680 3704 1001 3774 signiﬁcant,
1035 3706 1172 3758 sicut
1199 3716 1506 3757 sanetarum
1540 3705 1937 3771 Scripturarum
1972 3705 2320 3774 prorerbialis
2370 3720 2551 3759 sermo
2600 3714 2824 3759 testatur
2877 3703 3074 3773 (Eccle.
3133 3694 3209 3771 x)'.
3259 3702 3523 3766 Incipiens

236 3792 406 3865 igitur
435 3797 709 3862 promissm
734 3794 1057 3848 narrationis
1081 3792 1383 3859 exordium,
1413 3794 1584 3847 nullos
1616 3794 1707 3847 tibi
1738 3810 1909 3862 neque
1961 3795 2012 3847 in
2047 3794 2375 3860 civitatibus,
2406 3809 2576 3861 neque
2608 3795 2657 3847 iu
2683 3798 2831 3855 vicis,
2866 3794 3115 3860 neqttetiu
3147 3792 3527 3845 solitudinibus

236 3902 362 3945 esse
395 3887 711 3956 incognitus,
744 3888 1000 3941 relatione
1031 3903 1146 3942 mea
1175 3903 1291 3941 sum
1329 3902 1536 3954 passus.
1562 3886 1747 3955 Neque
1776 3888 1915 3941 enim
1950 3888 2099 3941 locus
2139 3889 2399 3957 qumritur
2425 3887 2591 3948 solus,
2622 3887 2673 3938 in
2714 3900 2819 3956 quo
2848 3888 2980 3939 tales
3012 3883 3367 3937 habitaverint
3396 3883 3517 3948 viri,

236 3982 328 4037 sed
370 3991 528 4033 recte:
557 3980 719 4033 etiam
751 3980 873 4033 vita:
919 3980 1246 4048 propositum
1291 3988 1345 4033 et
1386 3979 1752 4048 pradicabiles
1790 3991 1987 4032 mores.

566 4237 1096 4310 EPISTOLA
1173 4220 1189 4249 ¹
1277 4238 1848 4311 ΡΑιιΑυιι,
1906 4237 2138 4308 EPIS

1622 4238 1795 4309 tDIl
1830 4278 1848 4311 ι
1906 4236 2392 4308 EPISCOPI
2446 4237 3143 4327 CAPPADOCL/E
3175 4279 3194 4315 ι

1367 4386 1474 4447 ΑΙ)
1520 4388 1839 4448 LAUSUM
1884 4388 2453 4450 PILKEPOSITUM.‘

236 4117 2015 4149 Μ

317 4616 504 4672 Laudo
530 4629 852 4685 magnopere
875 4613 1156 4669 consilium
1202 4621 1350 4669 tuum
1389 4614 1605 4685 (merito
1634 4618 1775 4670 enim
1806 4634 1835 4671 a
1888 4616 2193 4670 laudatione
2218 4615 2476 4671 ordienda
2510 4617 2637 4671 mihi
2668 4628 2749 4673 est
2787 4616 3033 4688 cpistola)
3076 4618 3216 4687 quod
3250 4619 3519 4689 plerisque

249 4712 503 4765 omnibus
548 4724 637 4764 res
690 4708 865 4763 futiles
907 4708 1115 4776 sibique
1170 4724 1389 4777 prorsus
1434 4711 1648 4764 inutiles
1688 4713 2165 4778 consectantibus,
2236 4711 2351 4778 ipse
2407 4725 2469 4763 ea
2519 4711 2698 4767 doceri
2748 4714 3004 4777 studens,
3058 4729 3175 4782 qua-
3222 4714 3286 4765 ad
3337 4714 3527 4769 animm

244 4808 470 4861 salutem
524 4804 849 4871 pertineant.
906 4802 1178 4871 Siquidem
1228 4820 1364 4857 untts
1414 4813 1496 4857 est
1546 4805 1951 4869 tantummodo,
2019 4805 2100 4857 cui
2160 4804 2400 4857 doctrina
2452 4820 2587 4872 opus
2645 4821 2749 4860 non
2810 4816 2926 4871 est,
2989 4807 3127 4870 ipse
3161 4806 3528 4862 universitatis

248 4911 430 4952 rerum
466 4909 658 4961 parens
687 4905 737 4948 et
763 4902 1075 4964 procreator
1102 4893 1244 4949 Deus
1266 4935 1280 4961 ,
1310 4894 1507 4965 quippe
1537 4896 1626 4965 qui
1659 4897 1899 4950 omnium
1941 4895 2347 4966 antiquissimus
2374 4896 2597 4965 originis
2622 4911 2731 4950 suae
2768 4897 3035 4951 nemiuem
3066 4896 3226 4951 habet
3254 4910 3527 4953 auctorem

248 5002 447 5057 praeter
469 4987 727 5054 seipsum.

322 5080 400 5131 Eo
420 5087 645 5144 excepto
674 5075 876 5144 reliqua
923 5078 1101 5146 pmnia
1133 5083 1191 5129 ut
1215 5090 1333 5144 quae
1358 5085 1411 5129 et
1444 5075 1577 5130 facta
1622 5084 1678 5131 et
1704 5085 1881 5131 creata
1924 5085 2071 5141 sunt,
2119 5076 2362 5130 doctrina
2409 5075 2682 5130 informari
2716 5082 2964 5143 poSStmt.
3014 5076 3143 5131 Nam
3178 5088 3231 5133 et
3262 5079 3419 5146 primi
3444 5080 3526 5134 illi

249 5169 551 5225 caelestium
579 5166 796 5221 ordines
820 5165 1124 5234 magistram
1168 5165 1365 5219 habent
1395 5180 1698 5236 supremam
1730 5168 1898 5235 ipsam
1928 5165 2281 5232 Trinitatem;
2307 5167 2528 5221 secundi
2555 5181 2681 5219 vero
2722 5180 2750 5218 a
2782 5165 2964 5233 primis
2995 5168 3273 5233 docentur,
3308 5183 3359 5224 et
3390 5173 3529 5228 tertii

251 5279 277 5317 a
308 5261 580 5326 secundis,
611 5270 665 5314 et
693 5258 873 5314 caeteri
904 5258 1159 5329 deinceps
1208 5259 1454 5315 similiter
1484 5277 1499 5314 :
1551 5262 1641 5331 qui
1672 5275 1903 5329 namque
1932 5259 2238 5330 cognitione
2289 5269 2344 5313 et
2375 5258 2571 5313 virtute
2609 5257 2819 5313 eteteris
2869 5260 3215 5325 antecellunt,
3270 5260 3303 5314 ii
3346 5264 3435 5332 qui
3469 5280 3527 5320 ιθ

246 5364 370 5408 sunt
400 5351 680 5405 inferiores
727 5348 996 5403 erudiunt.
1286 5422 1289 5423 ν

322 5441 554 5496 Proinde
588 5440 903 5509 ignorantiae
926 5437 1135 5504 morbo,
1169 5454 1286 5509 quae
1307 5439 1575 5509 superbia:
1601 5451 1685 5496 est
1725 5449 1920 5505 mater,
1968 5442 2213 5521 laborare
2241 5441 2494 5497 censendi
2528 5449 2651 5497 sunt
2681 5441 2713 5495 ii
2745 5444 2834 5512 qui
2874 5444 3187 5501 existimant
3218 5446 3527 5503 doctoribus

248 5533 351 5588 sibi
373 5547 505 5596 Opus
539 5546 644 5585 non
673 5545 825 5595 esse;
853 5530 887 5582 ii
914 5540 1091 5584 autem
1116 5540 1239 5585 sunt
1268 5531 1359 5601 qui
1388 5533 1705 5589 docentibus
1727 5548 1846 5589 cum
1879 5533 2141 5590 charitate
2166 5536 2321 5591 fidem
2354 5550 2459 5590 non
2497 5534 2783 5603 adhibent;
2814 5537 3008 5591 etenim
3036 5541 3274 5594 volantes
3300 5554 3361 5594 ea
3388 5541 3437 5593 iu
3468 5557 3529 5596 re

319 5648 503 5719 {"330
547 5643 768 5719 epistola
839 5642 1222 5719 tleestﬂprimaa
1276 5644 1523 5719 editioni_
1549 5646 1887 5719 lleraclidis.‘
1908 5647 2067 5703 Deest
2108 5649 2267 5704 etiam
2319 5648 2415 5703 Ms.
2465 5648 2779 5707 Morctiano.
2839 5652 2994 5707 Dedit
3040 5668 3159 5707 eam
3201 5653 3527 5719 Lipomauus

246 5734 317 5775 ex
348 5717 480 5801 libro
509 5714 799 5842 ﬁgligitilis
840 5712 1167 5782 Besarionis,
1216 5725 1455 5776 vertente
1481 5716 1572 5775 Fr.
1607 5718 1822 5776 Torres.
1869 5717 1927 5775 lu
1997 5719 2232 5778 Palladio
2294 5720 2511 5776 Herveti
2563 5722 2791 5780 habetur
2847 5722 3142 5781 Heraclidis
3193 5712 3409 5779 nomine
3454 5738 3517 5777 ex

246 5803 492 5842 versione
631 5801 661 5841 ν
743 5822 757 5838 ο

246 5803 492 5847 νει-ειοηε
522 5801 757 5842 ιιθῐνειι.
