3982 6354
467 354 569 413 Est
900 404 903 407 .
1576 345 1918 405 APPENDIX
1960 347 2047 403 AD
2091 345 2291 402 VlTAS
2334 343 2637 400 PATRUM.
3641 335 3747 394 252

471 484 569 541 per
598 484 776 525 aerem
801 470 1080 526 daemones
1112 469 1414 539 imitantur,
1439 466 1652 538 quando
1680 464 1753 518 illi
1787 478 1997 532 quoque
2026 461 2215 516 eadem
2249 472 2401 529 peste.
2426 457 2684 525 corrupti,
2727 470 2755 510 a
2778 453 3090 511 cwlcstihus
3118 454 3231 509 suis
3259 452 3481 509 sedibus
3518 451 3749 524 fugitivi,

469 560 776 627 przecittites
805 561 932 615 olim
966 561 1034 615 de
1057 562 1197 615 ets-lo
1226 560 1381 627 primi
1405 558 1457 611 in
1487 556 1707 612 exitium
1740 554 1943 621 delapsi
1977 554 2100 605 sint.
2147 552 2326 619 Neque
2365 549 2504 603 enim
2546 547 2791 602 doctrina
2825 558 2948 600 sunt
2974 544 3237 602 dictiones
3260 553 3352 599 aut
3386 544 3633 615 syllabae.
3657 545 3753 599 sed

471 662 620 705 recte
648 650 785 705 facta
815 653 977 705 animi
1020 652 1157 705 bene
1188 649 1481 712 informati,
1524 646 1843 711 animusque
1892 644 2007 712 ipse
2032 642 2175 695 Omni
2207 639 2525 705 meritudiue
2564 652 2783 701 vacuus,
2827 648 3149 704 prorsusquc
3181 635 3477 703 intrepidus
3504 650 3569 687 ac
3620 651 3754 703 prte-

424 752 431 755 '
467 757 620 807 sens,
654 748 847 812 cuique
878 742 1021 796 nulla
1058 742 1332 796 iracundia
1364 739 1691 800 dominetur,
1724 745 1778 790 et
1807 735 1894 803 qui
1926 751 2043 803 qme
2069 733 2232 787 sentit
2262 731 2427 784 libere
2456 728 2782 782 omnibusin
2816 726 2975 780 rebus
2995 725 3174 792 eloqui
3208 739 3312 779 non
3334 726 3580 790 dubitet;
3614 726 3756 781 unde

392 862 405 881 ο
470 834 724 889 nimirum
758 850 936 887 sermo
971 834 1139 903 ignea:
1184 832 1411 887 ll‘tmmze
1443 830 1612 882 instar
1650 825 1905 893 erumpit.

469 954 484 980 ι
549 923 782 989 Etenim,
807 925 906 978 nisi
935 924 1033 976 hoc
1070 923 1144 978 ita
1184 930 1346 983 esset,
1397 933 1729 986 nequaquam
1771 914 2048 981 discipulis
2077 912 2190 965 suis
2239 912 2462 964 dixisset
2516 923 2741 977 magnus
2770 910 2859 962 ille
2888 909 3135 975 Magister
3166 924 3182 970 ;
3230 909 3426 962 Discite
3456 924 3486 962 a
3519 924 3605 961 me
3632 909 3754 975 quia
3818 981 3824 990 ι

466 1011 622 1064 milis
644 1025 761 1064 sum
809 1024 861 1067 ει
890 1013 1108 1067 humilis
1148 1011 1311 1065 corde
1351 1007 1567 1077 (Manli.
1598 1006 1720 1073 .xt),
1768 1020 1888 1058 cunt
1923 1018 2026 1055 tton
2054 1015 2304 1070 corrupta
2337 1001 2579 1053 oratione
2609 1001 2882 1053 auditores
2927 1000 3015 1054 ille
3046 1017 3173 1053 suos
3202 1002 3461 1064 erudirel,
3497 1002 3591 1055 sed
3638 1001 3758 1053 talis

471 1111 621 1155 easet
645 1102 757 1167 ipse
809 1113 860 1153 ut
889 1104 1155 1154 neminem
1184 1098 1425 1152 moribus
1449 1099 1559 1150 suis
1588 1096 1909 1155 oll'enderet,
1945 1102 2140 1161 praeter
2160 1108 2255 1146 eos
2286 1093 2547 1145 duntaxat
2578 1092 2771 1159 quibus
2802 1102 2987 1158 suapte
3016 1102 3204 1158 sponte
3234 1093 3474 1145 doctrina
3506 1094 3614 1160 ipsa
3653 1107 3756 1144 una

474 1203 595 1246 eum
623 1191 930 1245 doctoribus
969 1201 1112 1244 esset
1154 1189 1344 1242 invisa.
1377 1187 1545 1239 llebet
1573 1186 1716 1238 enim
1770 1184 1966 1240 anima.
2004 1198 2121 1249 qtae
2148 1199 2205 1235 se
2231 1181 2282 1234 itt
2315 1181 2436 1234 vitm
2466 1180 2785 1234 Christiana:
2832 1181 3098 1232 curriculo
3127 1190 3361 1243 exercet,
3396 1192 3485 1233 aut
3518 1182 3757 1235 adhibita

475 1282 582 1335 lide
607 1282 821 1335 aliunde
849 1283 1058 1336 disrere
1088 1296 1205 1350 qua:
1234 1280 1422 1343 nescit,
1468 1286 1561 1329 aut
1587 1290 1704 1344 quae
1734 1275 1835 1327 scit
1863 1284 2044 1341 aperte
2087 1272 2197 1338 ipsa
2225 1273 2360 1324 alios
2390 1271 2621 1335 docere;
2666 1269 2860 1338 alioqui
2888 1270 2975 1337 qui
3006 1269 3191 1322 horum
3226 1272 3539 1323 alterutrum
3584 1274 3759 1324 facere

476 1372 798 1441 neglexerit,
828 1373 873 1425 is
903 1372 1095 1426 merito
1124 1372 1261 1425 inter
1292 1370 1511 1424 insanos
1544 1365 1817 1419 habendus
1870 1366 1978 1418 sit:
2035 1363 2226 1430 quippe
2257 1378 2377 1414 cum
2440 1361 2646 1413 initium
2693 1360 3007 1413 defectionis
3038 1359 3107 1411 sit
3152 1360 3407 1411 doctrinm
3438 1361 3658 1412 salit-tas
3699 1376 3759 1412 ac

476 1463 768 1529 disciplina:
798 1462 1092 1529 fastidium,
1136 1476 1294 1531 quam
1330 1461 1401 1527 pii
1445 1458 1677 1511 hominis
1708 1458 1919 1507 animus
1952 1454 2164 1508 assidue
2209 1467 2375 1523 usque
2408 1453 2597 1506 solitus
2624 1462 2705 1506 est
2729 1453 2955 1506 esurire.
2990 1449 3165 1505 Fortis
3203 1460 3341 1518 esto,
3383 1463 3435 1505 et
3483 1453 3633 1515 vale;
3684 1462 3757 1510 et,

477 1555 619 1626 quod
650 1571 899 1625 maguum
928 1566 1029 1622 est,
1063 1556 1230 1609 donet
1256 1552 1351 1607 tibi
1386 1552 1528 1605 Deus
1556 1549 1916 1619 COgnitionetn
1946 1547 2167 1600 Christi.

2558 1712 3755 1738 _________==

991 1844 2105 1981 HER‘ACLIDIS
2192 1841 3237 1972 PARADISUS.

1001 2153 1227 2209 CAPUT
1267 2149 1548 2206 PRIMUM.
2103 2149 2353 2205 Amens,
2409 2139 2497 2208 qui
2551 2103 2829 2191 rationalis
2882 2136 3053 2190 factus
3102 2151 3132 2189 a
3189 2134 3318 2203 Dro,
3377 2134 3631 2189 deberem
3712 2138 3763 2193 in

494 2282 611 2341 Vi'a
648 2285 839 2357 Isidori
866 2285 1139 2357 presbyteri
1176 2282 1568 2357 Alexandrinis
1603 2279 1865 2357 DorotItei
1892 2292 2070 2357 moun-

556 2358 637 2413 θιὶ
687 2350 933 2413 Thebani.
982 2350 1313 2408 Potamia'nw
1355 2352 1614 2421 martyris,
1660 2350 1865 2420 Didymi
1912 2350 2068 2412 carri,

555 2438 604 2481 et
635 2428 943 2481 Alexandra:
967 2426 1215 2479 mulieris.

553 2557 685 2612 Cum
731 2556 956 2626 primum
992 2556 1407 2609 Alexandrinam
1435 2554 1582 2622 attigi
1614 2552 1884 2607 civitatem
1913 2549 2071 2617 (Pal-

484 2648 619 2714 lud.,
646 2665 690 2703 ε.
729 2645 804 2717 l),
832 2649 883 2700 in
915 2648 1153 2700 set-undo
1183 2646 1413 2699 senioris
1458 2645 1794 2712 imperatoris
1824 2641 2073 2695 Theodo-

484 2741 548 2795 sii
575 2741 875 2804 consulatu,
910 2740 999 2809 qui
1052 2749 1268 2807 propter
1292 2754 1406 2791 eam
1450 2754 1550 2806 qua
1585 2738 1636 2790 in
1661 2737 1928 2791 Christum
1960 2751 2078 2790 ere-

484 2832 619 2887 didit
645 2833 799 2885 tidem
823 2848 942 2886 cum
976 2831 1183 2899 angelis
1211 2846 1349 2885 nunc
1390 2841 1665 2894 moratur;
1702 2828 2072 2882 admirabilem

484 2928 654 2979 virum
702 2934 756 2979 et
784 2935 1031 2978 ornatum
1065 2940 1159 2993 per
1208 2925 1383 2978 omnia
1442 2925 1682 2977 moribus
1713 2940 1773 2977 ac
1809 2933 2062 2988 peritum,

484 3016 745 3073 Isidorum
778 3019 1148 3089 presbyterum
1183 3019 1234 3071 iu
1262 3028 1556 3071 memorata
1584 3017 1799 3071 civitate
1824 3014 2079 3086 C-tgnovi,

490 3107 580 3176 qui
640 3108 691 3160 in
748 3107 1109 3161 Alexandrina
1142 3108 1381 3163 Ecelesia
1435 3118 1548 3163 erat
1598 3122 1878 3177 susceptor
1917 3118 2078 3175 atque

487 3197 731 3262 prmisor
758 3213 1048 3265 pauperum
1103 3197 1347 3261 fratrum,
1387 3215 1544 3267 quem
1592 3200 1643 3253 in
1690 3200 1860 3268 princi
1903 3200 1952 3252 io
1986 3199 2079 3269 jtt-

488 3288 723 3340 ventutis
765 3303 876 3341 sua:
902 3290 1142 3355 egregias
1175 3304 1266 3355 per
1293 3289 1633 3343 solitudinem
1677 3290 1884 3357 palmas
1914 3290 2081 3343 absti-

490 3379 689 3433 nentiae
730 3381 1088 3446 promeruisse
1120 3382 1487 3434 memottahant
1517 3382 1693 3450 (ettjus
1740 3390 1795 3435 ct
1825 3381 2073 3436 cellulam

492 3469 600 3520 vidi
634 3467 684 3521 iit
716 3479 917 3532 monte,
943 3470 1025 3523 cui
1053 3469 1251 3522 Nitrias
1279 3486 1467 3523 nomen
1497 3471 1626 3540 est),
1656 3486 1838 3526 senem
1869 3482 2081 3539 septua-

490 3564 694 3634 gesimo
722 3565 894 3619 astatis
924 3580 1036 3619 sua:
1073 3580 1245 3631 anno;
1278 3566 1365 3634 qui
1415 3567 1532 3619 aliis
1576 3566 1878 3633 quindecim
1927 3569 2081 3622 annis

492 3658 724 3713 vivendo
742 3659 904 3731 9&3
929 3660 1230 3729 completis,
1263 3663 1390 3716 obiit
1428 3662 1478 3716 in
1514 3679 1659 3731 pace.
1693 3664 1784 3718 Ille
1806 3663 1964 3731 igitur
1988 3682 2079 3719 us-

489 3763 594 3820 que
620 3752 683 3805 atl
718 3753 962 3806 ultimum
997 3754 1153 3807 linem
1206 3770 1312 3807 non
1358 3755 1523 3809 linteo
1555 3772 1683 3810 usus
1724 3766 1828 3820 est,
1882 3758 1985 3812 nisi
2015 3773 2079 3811 eo

489 3858 595 3914 quo
614 3846 819 3899 velaret
849 3855 1040 3914 caput;
1072 3859 1177 3900 non
1220 3846 1403 3899 balnea
1435 3847 1629 3915 attigit,
1668 3864 1771 3900 non
1797 3863 1863 3901 ex
1898 3849 2075 3902 carni-

490 3935 593 3989 bus
623 3936 796 3990 cihum
828 3939 1050 4004 sumpsit
1077 3954 1090 4002 ;
1127 3953 1230 3991 non
1259 3954 1455 3993 mensa!
1477 3954 1646 4007 usque
1680 3941 1744 3991 ad
1779 3942 2077 3995 satietatem

501 4024 761 4079 interfuit.
815 4027 911 4093 Qui
942 4031 1152 4091 quidem
1187 4039 1290 4080 tam
1340 4030 1466 4084 lauti
1506 4032 1810 4097 corpusculi
1860 4033 1956 4085 fuit
1987 4050 2081 4102 per

494 4113 718 4183 gratiam
769 4117 1058 4184 spiritualis
1088 4121 1373 4183 alimoniae,
1438 4132 1496 4174 ut
1541 4137 1729 4175 omnes
1776 4125 1862 4192 qui
1919 4126 2079 4178 vitam

496 4206 665 4275 ipsius
698 4208 1021 4275 nesciebant,
1055 4210 1449 4276 epulationihus
1473 4213 1598 4263 illud
1630 4229 1692 4265 ac
1719 4216 2082 4282 voluptatibus

499 4298 851 4366 imputarent.
886 4298 958 4352 De
980 4317 1084 4365 qtto
1116 4302 1254 4363 viro,
1303 4300 1348 4354 si
1400 4304 1619 4355 virtutes
1669 4303 1835 4370 ipsius
1889 4305 2080 4358 anima:

496 4403 767 4456 exponere
796 4389 1099 4459 singulatim
1134 4391 1313 4454 velim,
1348 4402 1555 4460 tempus
1600 4410 1685 4447 me
1715 4393 1955 4461 proli-clo
1981 4395 2079 4449 de-

498 4478 660 4532 ﬁciet.
704 4478 803 4545 Qui
840 4488 996 4533 tanta:
1028 4482 1278 4535 bonitatis
1327 4494 1485 4550 atque
1543 4484 1890 4538 humanitatis
1942 4495 2077 4551 erat,

498 4577 712 4635 tamque
745 4572 1013 4639 parilicus,
1062 4581 1119 4625 ut
1158 4573 1316 4626 etiam
1374 4573 1472 4641 ipsi
1525 4574 1612 4642 qni
1666 4575 2079 4642 pertinacissimi

502 4663 745 4729 ejusdem
794 4667 1112 4721 videbantur
1143 4667 1363 4731 inimici,
1410 4671 1795 4725 erubescerent
1841 4674 2080 4726 umbraut

500 4770 708 4825 quoque
748 4756 932 4825 ἱρείας,
967 4769 1184 4829 pr0pter
1216 4770 1319 4813 tam
1347 4763 1706 4818 venerabilem
1729 4764 1913 4819 vitam.
1944 4768 2083 4821 Tan-

502 4853 610 4898 tam
640 4857 813 4901 aulem
847 4859 1152 4903 santarum
1203 4851 1594 4920 Setipturarum
1648 4871 1711 4910 ac
1755 4856 1920 4910 divini
1979 4860 2078 4914 do-

500 4938 691 5005 gmatis
732 4936 897 4992 fertur
949 4940 1202 4995 habuisse
1256 4945 1518 5009 notitiam,
1572 4955 1628 4999 ut
1682 4956 1736 5002 ct
1786 4949 1923 5001 inter
1954 4951 2077 5016 ipsa

499 5027 720 5082 fratrum
771 5033 1011 5087 convivia
1055 5034 1459 5101 obstutiesceret
1535 5040 1732 5104 subito,
1788 5055 1851 5096 ac
1902 5055 2078 5097 mente

500 5128 721 5185 mutata,
753 5130 804 5174 et
833 5125 1077 5179 sensibus
1115 5129 1458 5197 spiritualiler
1486 5134 1779 5200 occupatis,
1827 5135 2080 5187 transmi-

497 5224 683 5281 grasse
726 5211 833 5265 alio
863 5214 1159 5282 videretur;
1220 5228 1276 5271 ut
1325 5220 1415 5288 qui
1479 5222 1837 5291 interrogatus
1893 5235 2078 5291 postea

496 5315 708 5354 causam
736 5302 900 5369 ipsius
922 5308 1175 5372 stuporis,
1211 5309 1325 5363 haec
1348 5311 1568 5377 diceret,
1603 5313 1666 5366 ad
1701 5314 1801 5366 alia
1826 5316 2069 5383 quaedam

498 5409 558 5449 se
594 5394 916 5462 cogitatione
944 5399 1283 5466 translatum,
1313 5411 1367 5457 ct
1413 5402 1686 5471 cujusdam
1730 5403 1948 5459 ιΙιθυτίίε
1981 5408 2081 5461 titi-

500 5486 683 5542 raculo
713 5499 919 5557 raptum
964 5489 1145 5546 fusse.
1170 5492 1299 5546 Novi
1349 5495 1507 5548 etiam
1558 5511 1678 5563 ego,
1725 5492 2075 5553 memoratum

499 5579 693 5644 virum,
745 5582 871 5634 dum
914 5590 1151 5637 sumeret
1205 5584 1403 5647 cibum,
1472 5587 1669 5653 szepins
1728 5587 2072 5658 laerymasse.

496 5659 734 5740 Curaque
761 5671 1055 5728 admirarer
1107 5674 1244 5728 forte
1271 5689 1365 5728 cur
1394 5676 1566 5740 ﬂeret,
1616 5679 1713 5732 hoc
1740 5694 1803 5731 ex
1846 5695 1939 5733 ore
1963 5679 2079 5749 ejus

497 5761 705 5817 audivi:
737 5761 1029 5834 Erubesce,
1074 5764 1266 5837 inquit,
1298 5765 1716 5823 irrationabilem
1765 5769 1940 5825 cibum
1992 5785 2079 5826 su-

2113 3535 2161 3596 Β

2181 2231 2409 2299 paradisi
2463 2229 2737 2297 voluptate
2769 2230 2990 2289 versari,
3046 2236 3101 2281 et
3148 2227 3268 2280 cibo
3319 2227 3501 2279 satiari
3557 2227 3763 2296 divino,

2174 2334 2392 2393 propter
2417 2339 2534 2379 eam
2583 2338 2742 2393 quam
2794 2322 3038 2380 Christus
3087 2320 3242 2375 nobis
3301 2321 3484 2375 tribtnt
3535 2331 3764 2390 [tolcsm-

2174 2425 2304 2469 tem.

2249 2526 2341 2579 llic
2374 2540 2487 2595 ipse.
2515 2540 2671 2594 quem
2700 2524 2822 2579 dico
2853 2535 3007 2578 notus
3054 2525 3291 2579 Romano
3324 2527 3553 2589 senatui,
3607 2527 3765 2581 ie-ni-

2178 2618 2367 2686 nisque
2401 2618 2736 2684 primatibus,
2771 2629 2896 2669 tunc
2924 2633 3042 2669 cunt
3075 2618 3300 2685 primum
3331 2635 3433 2670 una
3482 2636 3599 2671 eum
3642 2622 3765 2688 epi-

2176 2724 2340 2777 scopo
2374 2710 2687 2770 Athanasio,
2732 2719 2911 2776 postea
2960 2719 3135 2762 autem
3166 2726 3284 2762 eum
3339 2710 3609 2763 Demetrio
3655 2715 3765 2777 epi-

2178 2818 2343 2871 scopo
2377 2813 2620 2869 pergeret
2655 2802 2907 2864 Romam,
2937 2812 2989 2854 et
3021 2801 3216 2854 divitiis
3258 2815 3417 2868 atque
3442 2804 3767 2857 abundantia

2180 2908 2354 2947 rerum
2380 2894 2495 2946 sine
2515 2893 2725 2947 illVldiZl!
2748 2894 2963 2946 stimulo
2986 2896 3322 2958 extiberarct,
3349 2912 3451 2947 non
3478 2906 3766 2950 tcs'amen-

2181 2995 2291 3040 lum
2319 2984 2370 3038 itt
2403 2987 2668 3052 Sttprentis
2692 2985 2802 3039 suis
2829 2986 2970 3051 feeit,
3009 3002 3111 3038 noti
3139 2992 3325 3039 suitem
3347 3004 3508 3041 unum
3534 2989 3767 3045 solidum

2182 3076 2483 3145 dereliquit,
2516 3092 2618 3130 non
2651 3088 2853 3145 partem
2886 3077 3114 3146 aliquam
3145 3080 3458 3134 substantia:
3493 3081 3768 3135 Sororibus

2183 3169 2294 3222 suis
2325 3169 2615 3236 virginibm
2644 3169 2811 3235 dedit,
2848 3170 2939 3223 sed
2968 3169 3188 3223 Christo
3229 3171 3442 3224 easdem
3490 3187 3768 3226 commen-

2183 3259 2337 3313 dans.
2368 3260 2467 3326 Qui
2516 3274 2611 3314 vos
2643 3262 2782 3324 lect,
2835 3261 3023 3330 inquit,
3079 3271 3305 3315 ve~ttam
3347 3277 3561 3331 quoque
3609 3265 3769 3321 vitam

2185 3350 2454 3403 Ordinabit
2482 3361 2537 3403 ut
2571 3365 2764 3403 meam.
2799 3350 2921 3403 Erat
2952 3363 3127 3402 autem
3155 3366 3274 3403 cum
3298 3354 3575 3406 soronbus
3606 3353 3770 3422 ipsius

2186 3444 2519 3508 septuaginta
2554 3440 2774 3493 aliarum
2809 3441 3069 3507 virginum
3104 3456 3377 3496 numerus.

2261 3533 2307 3585 Is
2337 3532 2534 3601 itaque,
2573 3548 2693 3586 cum
2728 3532 2990 3587 vettis~etn
3024 3532 3089 3585 ad
3147 3549 3266 3587 eum
3301 3534 3351 3587 itt
3384 3534 3645 3605 princ’p?o
3687 3536 3770 3607 ju-

2185 3622 2455 3688 ventntis,
2501 3633 2555 3677 et
2601 3634 2832 3691 peterent
2884 3635 2939 3677 Ill
2998 3623 3285 3678 instrueret
3333 3640 3417 3679 me
3475 3627 3543 3679 ad
3596 3642 3769 3683 mores

2184 3716 2453 3784 vitamque
2493 3717 2873 3769 monachorum
2917 3715 2967 3768 itt
3002 3717 3115 3784 ipso
3163 3716 3316 3784 primi
3358 3717 3537 3771 adhuc
3581 3721 3771 3775 ardore

2184 3808 2282 3861 a:vi
2309 3808 2535 3862 locatum
2556 3808 2659 3879 (cui
2680 3825 2785 3861 non
2813 3819 3013 3861 tantum
3040 3812 3337 3863 necesstrla
3363 3820 3508 3864 esset
3527 3811 3771 3866 doctrina

2189 3905 2499 3964 verborum,
2523 3910 2774 3965 quantum
2793 3899 2934 3969 jngis
2956 3900 3106 3953 labor
3126 3910 3175 3952 et
3201 3901 3436 3969 iatigatio
3452 3904 3766 3972 eorporalis)

2185 3992 2633 4060 quemadmodum
2666 3992 2897 4045 domitor
2936 4007 3196 4058 eqUorunt
3234 3994 3424 4055 bonus,
3458 3996 3770 4059 productum

2187 4097 2272 4137 me
2300 4084 2367 4135 tle
2402 4083 2632 4136 civitatis
2663 4083 2882 4137 internis
2912 4098 3079 4152 usque
3113 4087 3177 4136 ad
3226 4085 3468 4151 quintum
3522 4087 3768 4151 lapidem,

2187 4175 2250 4226 ad
2282 4190 2341 4227 ea
2376 4192 2494 4243 quae
2523 4187 2778 4227 vocantur
2806 4175 3154 4227 solitudinum
3197 4176 3331 4240 loca,
3367 4175 3635 4232 Durotheo
3662 4179 3770 4231 cui-

2185 4265 2304 4318 dam
2333 4267 2587 4319 'lbehano
2616 4268 2875 4319 monacho
2901 4267 3157 4335 (Pullad.,
3193 4285 3239 4321 c.
3268 4267 3346 4334 2),
3377 4270 3769 4339 setagesimutn

2186 4358 2238 4410 itt
2269 4360 2517 4425 spelutra
2563 4360 2738 4430 agenti
2771 4376 2965 4412 annum
2996 4362 3393 4415 Commendatit
3435 4374 3489 4415 et
3535 4366 3767 4430 tradidit,

2182 4448 2374 4515 juhens
2407 4450 2534 4503 mihi
2567 4460 2620 4502 ut
2653 4452 2820 4504 tribus
2865 4453 3002 4518 apud
3036 4467 3156 4505 eum
3205 4454 3359 4505 armis
3392 4469 3656 4520 morarer,
3705 4458 3768 4509 ad

2185 4542 2557 4594 contundcuda
2587 4552 2745 4611 atque
2792 4544 3077 4610 frangenda
3108 4543 3472 4599 illicitamenta
3521 4548 3768 4602 vitiorum

2187 4634 2431 4705 (noverat
2462 4636 2599 4686 enim
2634 4634 2798 4702 ipsius
2839 4636 2984 4687 senis
3028 4636 3365 4687 durissimum
3416 4645 3577 4705 atque
3626 4638 3768 4692 labo-

2188 4730 2533 4783 riosissimum
2567 4726 2750 4793 vitam)
2786 4728 3141 4795 pra'cepitque
3170 4736 3225 4779 nt
3255 4743 3464 4781 rursum
3498 4730 3564 4782 ad
3601 4732 3767 4798 ipsu'n

2185 4824 2436 4885 redirem,
2470 4821 2538 4875 ob
2565 4822 2851 4889 spiritualis
2890 4823 3126 4876 scientia:
3182 4824 3419 4876 notitiam
3471 4836 3633 4894 atque
3679 4827 3766 4882 du.

2112 4917 2155 4978 C
2186 4915 2428 4968 (trinam.
2467 4915 2577 4983 Ego
2608 4929 2734 4966 vero
2760 4930 2877 4966 cum
2913 4914 3021 4966 illic
3053 4914 3275 4980 implere
3312 4925 3419 4968 tres
3440 4956 3455 4979 ,
3492 4925 3548 4969 ιιι
3577 4934 3768 4986 prmce-

2190 5017 2356 5075 perat,
2387 5020 2554 5058 annos
2584 5021 2686 5057 non
2719 5005 3001 5072 potuis~etn
3034 5005 3206 5057 valida
3238 5007 3548 5060 inlirmitate
3589 5024 3767 5061 corrc.

2192 5109 2328 5166 ptus,
2361 5105 2481 5150 ante
2528 5096 2699 5150 ﬁnitas
2744 5097 2983 5150 inducias
3009 5098 3223 5151 triennii
3256 5101 3512 5165 temporis
3550 5100 3620 5154 ab
3656 5100 3766 5170 ipso

2187 5192 2423 5245 sublatus
2452 5206 2591 5245 sum.

2262 5306 2380 5359 Erat
2413 5309 2555 5360 enim
2604 5308 2726 5361 vita!
2757 5308 2923 5375 ipsius
2951 5323 3070 5363 cum
3117 5310 3375 5363 immensa
3422 5309 3667 5363 ariditate
3708 5323 3765 5363 ac

2188 5396 2427 5452 siccitate
2450 5413 2742 5454 certamen.
2777 5400 2878 5455 Per
2903 5416 3115 5454 omnem
3149 5417 3379 5469 namque
3424 5401 3564 5455 diem
3604 5402 3657 5454 in
3685 5416 3766 5453 ar-

2185 5489 2314 5543 dore
2346 5492 2601 5557 maximo,
2635 5501 2685 5545 et
2713 5494 2763 5544 in
2792 5491 3080 5545 solitudine
3115 5492 3258 5545 circa
3289 5492 3463 5545 littora
3497 5494 3659 5546 maris
3695 5493 3768 5544 li-

2186 5581 2333 5649 pides
2360 5582 2669 5651 colligebat,
2702 5585 3029 5653 singulisque
3076 5586 3232 5637 auttis
3282 5584 3471 5639 cetlam
3514 5584 3767 5639 struendo

2186 5676 2486 5745 perlicicns,
2520 5677 2582 5730 iis
2614 5675 2702 5745 qui
2732 5676 2995 5733 fabricare
3026 5692 3129 5732 non
3174 5687 3439 5745 poterant,
3490 5678 3761 5733 offerebat.

2185 5769 2315 5826 Cttm
2349 5778 2523 5824 autem
2550 5769 2597 5824 ei
2623 5768 2849 5839 quadam
2874 5770 2958 5826 die
2987 5786 3016 5826 ιι
3045 5784 3128 5826 me
3150 5768 3348 5825 dictum
3372 5767 3563 5826 fuisset
3593 5788 3605 5824 :
3632 5767 3767 5839 Quid
