3982 6354
226 370 329 426 εεε

1438 357 1854 417 HERACLIDIS
1894 357 2301 420 PARADISUS.

3388 367 3497 425 254

224 486 373 551 facis,
404 483 589 547 Pater,
618 481 672 537 in
718 488 863 537 tanta
894 488 1108 536 senecta
1143 466 1467 535 interficiens
1515 488 1800 544 corpuscu-
1830 472 1884 531 Α
1910 470 2127 531 immitis
2174 480 2351 549 posuit
2393 481 2751 537 conditionem
2782 500 2795 536 :
2829 480 2938 538 Aut
2981 482 3133 550 vade,
3183 485 3390 555 inquit,
3439 496 3499 544 et

223 577 327 631 lum
359 585 470 629 tum
501 574 659 629 stevis
704 571 1020 627 ardoribus?
1050 568 1373 638 Respondit,
1422 569 1524 623 hoc
1568 566 1754 622 dicens
1786 582 1801 621 :

223 666 420 723 Occidit
467 682 575 730 me,
607 665 791 720 occido
822 664 973 719 illud.
1009 663 1209 719 Edebat
1242 677 1369 717 vero
1391 661 1600 715 unciam
1627 660 1799 728 panis,

222 775 498 825 unumque
531 759 838 813 fasciculum
887 758 1052 812 oleris
1098 755 1364 819 vilissimi,
1420 755 1607 808 bibens
1651 767 1803 820 aquae

224 856 481 907 modicam
533 852 910 921 quantitatem.
962 865 1226 917 nunquam
1279 858 1454 901 tamen
1504 862 1646 911 eum,
1691 845 1802 898 Deo

224 956 372 1009 teste,
404 946 713 999 extendisse
754 944 996 1014 proprios
1044 944 1205 1012 pedes
1249 942 1379 1005 vidi,
1430 954 1697 1008 nunquam
1748 940 1803 992 in

223 1047 402 1098 malta,
438 1052 710 1106 nunquam
742 1038 790 1088 io
821 1037 1016 1090 feetqu
1042 1036 1325 1102 quievisse,
1355 1033 1447 1087 sed
1481 1048 1574 1099 per
1597 1034 1805 1087 univer-

223 1142 330 1181 sam
362 1140 574 1181 noctem
619 1129 812 1181 sedens
864 1128 1135 1180 intexebat
1177 1127 1353 1179 funem
1406 1123 1689 1194 quemdam
1737 1138 1802 1176 ex

224 1222 411 1275 arbore
432 1222 790 1291 dactylorum,
815 1221 967 1288 cujus
991 1222 1161 1289 pretio
1185 1221 1325 1274 vesci
1352 1219 1576 1272 solebat.
1610 1219 1804 1272 Putatis

224 1320 392 1365 autem
421 1328 544 1381 ego,
577 1311 715 1380 quod
764 1322 886 1365 ante
936 1327 1023 1366 me
1069 1312 1241 1367 solum
1282 1312 1397 1364 haec
1446 1313 1641 1363 faceret
1687 1324 1806 1379 qua:

224 1402 463 1457 videbam
481 1446 495 1466 ,
528 1403 891 1471 scrupulosius
919 1403 1079 1456 etiam
1110 1402 1178 1455 ab
1205 1402 1323 1455 aliis
1365 1400 1481 1470 ejus
1506 1400 1804 1465 discipulis,

224 1495 306 1564 qui
336 1504 623 1564 separatim
654 1495 961 1558 manebant,
992 1493 1281 1562 qurereudo
1307 1490 1551 1560 cognovi,
1575 1491 1695 1559 quia
1728 1490 1806 1542 sic

224 1603 250 1640 a
282 1589 447 1657 prima
476 1598 637 1642 relate
667 1589 898 1649 vivebat,
932 1603 1202 1654 nunquam
1237 1596 1410 1639 tamen
1458 1592 1667 1653 sponte,
1704 1582 1803 1635 nisi

224 1696 282 1733 ex
314 1681 544 1733 maxima
576 1682 912 1737 necessitate.
940 1678 1208 1742 dormivit,
1235 1687 1323 1731 aut
1346 1691 1510 1745 opere
1533 1674 1801 1744 fatigatus,

222 1783 308 1828 aut
333 1773 459 1828 dum
492 1774 615 1827 cibo
645 1772 829 1836 utitur,
856 1772 899 1825 si
933 1772 1067 1825 forte
1093 1785 1260 1839 inque
1282 1768 1416 1823 adeo
1439 1784 1560 1822 eum
1584 1781 1803 1821 somnus

220 1864 499 1934 oppressit,
534 1875 590 1917 ut
633 1864 905 1933 paululum
951 1860 997 1913 ri
1045 1862 1185 1915 oculi
1231 1860 1636 1923 clauderentur;
1694 1858 1801 1912 fre-
1832 1849 1879 1909 B

220 1969 439 2028 quenter
467 1957 615 2012 e:.im
649 1957 876 2022 edendo,
911 1957 1071 2009 nimia
1094 1958 1142 2008 vi
1168 1956 1341 2008 somni
1363 1953 1536 2023 capite
1559 1954 1801 2021 nutabat,

220 2054 470 2120 panisque
499 2068 565 2105 ex
602 2052 731 2120 ipsis
762 2050 918 2105 labiis
947 2052 1057 2104 oris
1099 2049 1350 2112 cadebat;
1381 2049 1471 2116 qui
1515 2046 1803 2117 aliquando

218 2158 332 2199 cum
361 2160 388 2197 a
423 2160 509 2197 me
540 2142 936 2212 quodammodo
964 2151 1264 2211 cogeretur,
1299 2150 1356 2193 ut
1399 2140 1484 2193 vel
1530 2148 1801 2193 momento

220 2235 464 2303 temporis
489 2249 652 2303 supra
686 2230 1140 2302 matiamjaceret,
1164 2234 1506 2286 contristatus
1528 2231 1627 2284 ista
1656 2230 1804 2286 dice-

218 2325 327 2380 bat:
350 2326 403 2380 Si
426 2326 637 2396 angelis
663 2325 987 2394 persuadere
1019 2323 1254 2393 potueris
1277 2333 1334 2376 ut
1356 2323 1655 2393 quiescant,
1681 2336 1802 2392 per-

218 2418 457 2474 suadebis
485 2428 543 2474 et
571 2420 616 2473 ei
642 2421 731 2488 qui
762 2420 870 2473 Deo
892 2420 1102 2487 placere
1135 2418 1366 2473 festinat.

280 2510 372 2565 llic
398 2526 502 2564 una
535 2510 743 2564 dierum
772 2511 836 2564 ad
870 2522 1083 2579 puteum
1115 2526 1268 2565 suum
1306 2526 1393 2565 me
1423 2512 1562 2564 circa
1605 2524 1797 2563 nonam

217 2598 391 2653 horam
424 2602 741 2665 trait-misit,
774 2614 829 2656 ttt
863 2602 1139 2671 implerem
1163 2606 1354 2655 cadum
1387 2610 1628 2669 tempore
1656 2602 1796 2656 refe-

217 2692 399 2746 ctionis
444 2695 703 2747 instante.
736 2693 945 2749 Accidit
970 2704 1145 2748 autem
1188 2703 1247 2747 ut
1276 2709 1392 2747 cum
1425 2694 1714 2760 venissem,
1748 2703 1801 2748 et

217 2785 443 2853 aspidem
472 2801 605 2840 casu
638 2786 693 2839 in
722 2786 828 2840 imo
855 2786 996 2855 putei
1034 2786 1199 2840 visam
1231 2786 1680 2855 perhorruissem,
1704 2801 1799 2841 vas

217 2889 432 2931 vacuum
465 2886 824 2947 reportarem,
857 2893 1181 2946 causamque
1214 2878 1419 2932 liIIlOliS
1447 2892 1796 2947 exponerem,

217 2967 388 3023 dicens
414 2986 428 3023 :
460 2969 643 3036 Abba,
669 2970 865 3024 ntortui
889 2985 1104 3035 sumus;
1135 2969 1370 3038 aspidem
1395 2970 1534 3022 enim
1560 2970 1612 3022 in
1640 2977 1799 3036 puteo

217 3075 315 3130 quo
344 3076 427 3115 me
455 3063 685 3116 miseras
716 3062 845 3117 vidi.
878 3061 1173 3118 Subridens
1196 3062 1288 3116 ille
1318 3061 1685 3115 tantummodo
1706 3060 1796 3114 diu

217 3169 296 3209 me
322 3158 537 3211 intuens
577 3159 808 3227 aspexit,
856 3168 1118 3227 caputque
1167 3159 1479 3213 concutiens
1517 3158 1657 3212 dixit
1692 3174 1704 3210 :
1735 3152 1795 3214 Si

216 3247 461 3315 placuerit
490 3250 707 3303 diabolo
734 3266 827 3319 per
850 3266 1036 3305 omnes
1066 3264 1123 3303 se
1151 3259 1340 3318 puteos
1370 3251 1450 3305 vel
1480 3258 1790 3317 serpentem
1823 3230 1870 3293 Ο

218 3341 293 3395 vel
320 3344 641 3397 te~tudineiu
674 3343 871 3410 facere,
900 3342 1271 3413 reliquumque
1300 3356 1470 3412 genus
1497 3357 1796 3397 venenosa-

217 3446 325 3486 rum
349 3435 659 3498 bestiarum,
684 3445 736 3491 et
762 3436 814 3489 iti
846 3450 1012 3503 aquas
1043 3437 1266 3490 fontium
1295 3435 1534 3501 desilire,
1566 3436 1795 3505 poteris-

218 3538 279 3578 ne
306 3536 355 3579 lu
382 3541 503 3582 esse
547 3526 662 3581 sine
693 3526 855 3596 puiu?
880 3542 1113 3596 moxque
1161 3540 1408 3596 egressus
1446 3542 1541 3595 per
1592 3535 1794 3582 semet-

219 3615 379 3683 ipsum
402 3620 627 3689 jejunus
655 3634 845 3689 aquam
877 3621 1035 3673 traxit
1063 3619 1131 3673 de
1153 3629 1339 3687 puteo,
1385 3633 1448 3673 ae
1494 3618 1642 3689 prior
1681 3619 1794 3689 ipse

218 3710 463 3777 signatam
511 3710 805 3779 degustans
852 3712 973 3765 ait:
1008 3708 1109 3766 Ubi
1156 3726 1289 3765 crux
1328 3710 1503 3777 adest,
1534 3711 1609 3766 ibi
1662 3712 1795 3766 nihil

218 3800 417 3858 Satanae
447 3804 588 3857 valet
613 3804 934 3871 malignitas.

277 3894 503 3950 Sanetus
548 3896 647 3949 iste
696 3895 952 3960 l~idorus,
1001 3895 1093 3965 qui
1141 3893 1477 3950 benedictum
1523 3894 1791 3964 quondam

219 3983 343 4038 vidit
366 3987 683 4050 Antonium,
716 3986 928 4053 dignam
961 4001 1071 4041 tem
1103 3989 1356 4039 memoria
1381 3989 1679 4042 litterarum
1704 4004 1794 4041 rc-

218 4074 329 4130 tulit
358 4078 514 4145 mihi,
541 4093 698 4145 quam
729 4079 797 4132 ab
824 4080 939 4147 ipso
970 4092 1028 4132 se
1056 4077 1266 4132 dicebat
1290 4080 1502 4133 audisse
1525 4078 1789 4151 (Pallad.,

218 4183 260 4222 ο.
287 4171 360 4238 3).
391 4172 715 4226 Potatniwna
746 4172 992 4241 quaedam
1036 4172 1250 4226 nomine
1290 4173 1462 4240 puella
1503 4172 1793 4227 admodum

220 4264 455 4332 pulchra,
489 4266 688 4319 ancilla
739 4266 1015 4335 cujusdam
1062 4276 1176 4319 erat
1205 4276 1442 4335 tempore
1488 4266 1793 4339 maximiani

219 4359 589 4423 persecutoris,
621 4374 777 4426 quam
809 4359 988 4412 multis
1022 4357 1328 4425 frequenter
1372 4373 1433 4411 ac
1463 4358 1625 4411 variis
1666 4374 1793 4426 pro-

218 4445 548 4503 misSiOIIibUS
576 4448 824 4502 dominus
855 4464 981 4503 suus
1011 4458 1221 4503 lentius
1242 4490 1257 4516 ,
1289 4462 1536 4519 stuprare
1565 4465 1669 4503 non
1702 4464 1795 4518 po-

220 4537 330 4600 tuit,
364 4538 432 4592 ita
463 4548 521 4592 ut
549 4538 615 4592 ad
664 4548 989 4607 pestremum
1019 4554 1203 4594 amore
1233 4551 1389 4609 atque
1420 4540 1624 4594 insania
1656 4555 1792 4607 prae-

220 4638 356 4696 ceps,
382 4631 620 4685 traderet
643 4645 761 4683 eam
788 4631 861 4685 illi
890 4630 978 4699 qui
1004 4639 1129 4684 tunc
1153 4630 1489 4686 Alexandria:
1515 4630 1795 4700 praefectu-

220 4734 324 4774 ram
345 4724 585 4790 gerebat,
613 4723 819 4778 scilicet
843 4733 900 4777 ut
920 4723 1277 4778 Chrisnanam
1301 4738 1364 4777 ac
1388 4722 1793 4778 maled.centem

221 4813 282 4865 de
324 4815 712 4882 persecutionis
742 4814 943 4869 saevitia
974 4814 1405 4884 imperatoribus,
1442 4816 1717 4883 pecuniam
1745 4817 1794 4871 ei

221 4903 313 4958 sub
341 4906 435 4959 hac
465 4909 713 4975 pactione
742 4907 1081 4976 promittens,
1119 4917 1176 4960 ut
1204 4907 1247 4960 si
1290 4906 1406 4976 ejus
1434 4908 1798 4976 acquiesceret

221 4995 491 5066 voluntati,
522 4999 639 5053 sine
670 4998 774 5051 ullo
798 5014 917 5053 eam
940 4999 1205 5067 supplicio
1237 5009 1541 5053 reservaret
1568 5015 1631 5054 ac
1669 5002 1793 5053 red-

222 5085 364 5142 deret
394 5108 405 5141 :
438 5092 482 5144 si
508 5106 636 5145 vero
668 5092 718 5144 in
746 5090 1145 5145 contradicendi
1192 5090 1466 5160 proposito
1508 5105 1793 5157 permane-

223 5192 330 5246 ret,
379 5186 529 5253 petiit
572 5194 632 5241 ut
680 5187 960 5241 tormentis
1002 5185 1291 5250 deficeret,
1336 5202 1403 5241 ne
1448 5186 1493 5239 si
1538 5187 1790 5256 vixisset,

224 5274 294 5329 lib
313 5276 447 5333 dinis
473 5280 675 5334 domini
702 5280 782 5334 sui
814 5281 1168 5346 contemptrix
1201 5279 1486 5335 videretur.
1516 5280 1645 5349 Quae
1672 5297 1790 5336 cunt

225 5369 448 5425 exhibita
489 5382 611 5426 ante
655 5373 882 5427 tribunal
915 5371 1124 5436 fuisset,
1157 5372 1379 5442 eiusque
1419 5371 1586 5443 judex
1633 5374 1794 5427 variis

222 5460 530 5516 cruciatibus
559 5470 716 5532 atque
742 5463 1019 5517 tormentis
1046 5470 1265 5528 cuperet
1292 5477 1597 5532 expugnare
1623 5462 1790 5517 devo-

224 5557 324 5603 tam
356 5551 697 5618 voluntatem,
738 5565 793 5608 et
823 5555 962 5609 inter
988 5552 1199 5607 diversa
1231 5554 1487 5622 supplicia
1518 5569 1611 5607 vas
1656 5569 1793 5623 quo~

224 5662 322 5716 que
347 5651 467 5704 teris
493 5652 808 5708 immensum
846 5668 908 5707 ac
936 5651 1156 5706 ferventi
1190 5652 1307 5719 pice
1352 5650 1610 5720 repletum
1644 5666 1795 5705 acer-

224 5739 347 5794 rima
399 5742 607 5798 flamma
653 5745 1043 5809 succenderet,
1095 5742 1362 5813 dupticem
1410 5742 1458 5797 ei
1514 5741 1794 5812 praefectus

292 5854 311 5889 ¹
336 5854 628 5927 Origcnista
663 5860 746 5916 hic
777 5860 884 5915 fuit.

1910 566 2112 623 domini
2147 571 2218 624 tui
2263 571 2570 643 obtempera
2604 576 2883 643 voluntati,
2918 584 3010 630 aut
3033 576 3172 631 scias
3203 586 3255 633 te
3299 577 3351 632 iti
3384 578 3493 634 fer-

1911 669 2122 714 ventem
2152 662 2291 719 bauc
2321 670 2489 734 pici-nt
2535 683 2655 724 esse
2699 668 3035 725 mittendam.
3063 670 3159 724 Cui
3194 672 3365 739 puella
3409 689 3496 727 re-

1909 752 2146 819 spondit,
2190 756 2413 812 dicetts:
2449 756 2747 827 Numquam
2780 758 2850 815 sit
2889 762 3025 816 alter
3072 765 3302 816 monitor
3348 764 3493 831 talis,

1910 847 1999 912 qui
2028 848 2199 903 addici
2244 851 2425 918 jnbeat
2472 851 2678 907 libidini
2723 855 3041 909 enstitatem.
3090 855 3171 909 0b
3218 856 3358 925 quod
3406 857 3497 911 ille

1909 938 2075 990 nimio
2125 940 2302 995 furore
2334 944 2631 1011 perculsus.
2669 944 2920 1013 pra-cepit
2956 946 3234 1012 spoliatam
3280 961 3397 1000 eam
3440 945 3496 1001 in

1910 1042 2003 1085 vas
2031 1030 2168 1098 quod
2203 1031 2455 1097 fervebat,
2685 1035 2918 1091 immitti.
2952 1036 3075 1089 lltec
3099 1047 3276 1090 autem
3306 1052 3405 1091 vox
3434 1038 3499 1091 il-

1912 1120 2012 1175 lius
2041 1124 2132 1174 fuit
2165 1140 2179 1175 :
2212 1123 2307 1177 Per
2338 1135 2516 1193 caput,
2551 1128 2741 1195 inquit,
2777 1127 3120 1195 imperatoris
3166 1129 3239 1182 tui
3269 1129 3408 1196 quod
3438 1139 3492 1183 tu

1908 1215 2132 1279 vereris,
2165 1216 2424 1281 obtestor,
2458 1228 2512 1272 ut
2559 1219 2605 1272 si
2633 1219 2770 1286 apud
2806 1228 2857 1275 te
2880 1229 3134 1274 statutum
3165 1230 3245 1274 est
3278 1220 3360 1274 his
3404 1235 3495 1276 me

1911 1305 2190 1360 tormentis
2220 1323 2438 1372 necare,
2472 1325 2575 1361 non
2600 1309 2754 1361 sinan
2787 1318 2971 1363 totam.
3004 1310 3096 1364 sed
3127 1312 3373 1378 paulatim
3406 1325 3493 1364 me

1907 1394 1960 1447 in
1995 1393 2287 1449 ferventem
2338 1398 2474 1450 mitti
2522 1398 2710 1466 jubeas
2754 1399 2944 1464 picem,
2988 1408 3047 1451 ut
3094 1402 3267 1465 posss
3311 1392 3494 1453 videre

1907 1493 2156 1551 quantam
2182 1487 2310 1541 nulii
2333 1488 2541 1542 dederit
2563 1489 2770 1558 ignotus
2789 1489 2879 1543 tibi
2900 1490 3206 1557 patientiam
3229 1488 3496 1543 Christus.

1907 1575 2034 1642 Quae
2065 1594 2164 1645 per
2206 1580 2363 1633 unius
2403 1578 2547 1633 borr
2594 1581 2845 1648 spatium,
2879 1581 3133 1649 paulatim
3167 1581 3218 1636 in
3261 1582 3494 1635 ahenum

1907 1671 2142 1725 candens
2167 1672 2422 1738 demissa,
2452 1674 2671 1741 defecit,
2721 1675 2810 1729 ubi
2841 1675 2930 1744 pix
2976 1674 3203 1744 primutn
3232 1674 3335 1730 ebu
3359 1674 3493 1729 liens

1908 1760 1973 1814 ad
1998 1761 2161 1829 ipsius
2182 1764 2317 1817 colla
2345 1766 2602 1833 pervenit.

1977 1898 2162 1954 Plures
2214 1910 2392 1955 autem
2462 1901 2554 1955 viri
2613 1901 2756 1971 digni
2815 1901 3118 1957 habitacuio
3175 1901 3496 1970 beatorum,

1907 1988 2120 2043 femina:
2150 2006 2362 2060 quoque
2409 1992 2657 2047 obierunt
2709 2004 2831 2048 tunc
2882 1992 2933 2047 in
2985 1994 3359 2048 Alexandrina:
3400 2009 3492 2050 ec-

1904 2081 2083 2136 clesia:
2139 2083 2394 2149 civitate,
2446 2084 2497 2138 iu
2545 2085 2738 2155 quibus
2786 2086 3041 2156 Didymus
3087 2096 3202 2141 erat
3235 2086 3491 2154 ’,oculo-

1904 2189 2019 2227 rum
2066 2175 2277 2242 quidem
2319 2176 2518 2230 lumine
2563 2178 2851 2231 destitutus
2878 2217 2893 2242 ,
2954 2176 3254 2232 divinarum
3310 2188 3487 2234 tamen

1902 2264 2293 2334 Scripturarnm
2328 2268 2513 2335 peritia
2541 2268 2748 2337 pollens
2779 2285 2792 2320 :
2826 2282 2981 2338 quem
3008 2283 3107 2338 ego
3139 2270 3273 2322 intra
3299 2270 3486 2325 decem

1904 2372 2074 2412 annos
2102 2358 2325 2414 diversis
2348 2361 2679 2424 temporibus
2705 2369 2895 2431 quater
2913 2361 3109 2416 vidisse
3132 2378 3215 2415 me
3242 2363 3486 2432 memini,

1903 2450 2099 2519 quippe
2133 2461 2252 2519 post
2291 2450 2555 2519 octoginta
2587 2460 2641 2506 et
2669 2454 2900 2523 quinque
2942 2468 3111 2508 annos
3144 2453 3265 2507 vita:
3308 2456 3491 2509 termi-

1904 2556 2028 2595 num
2046 2540 2171 2595 fecit
2192 2540 2456 2610 (Patlad.,
2472 2560 2517 2596 c.
2538 2544 2619 2611 4).
2639 2543 2731 2598 llic
2752 2544 2909 2615 igitur
2921 2558 3074 2614 quen
3096 2544 3285 2613 loquor
3306 2553 3491 2614 captus

1904 2642 1981 2686 est
2016 2632 2205 2696 oculis,
2236 2642 2293 2686 ut
2334 2633 2449 2701 ipse
2477 2635 2661 2689 retulit
2691 2636 2842 2702 mihi,
2887 2651 3005 2690 cum
3039 2645 3284 2703 quartum
3312 2646 3491 2705 ageret

1902 2730 2074 2780 mtat‘s
2103 2739 2214 2779 sua:
2246 2740 2444 2779 annum
2476 2744 2489 2779 :
2521 2727 2608 2796 qui
2641 2742 2811 2797 neque
2842 2729 3110 2797 magistris
3143 2728 3364 2781 traditus
3405 2729 3491 2783 lit-

1904 2826 2161 2884 terarum,
2191 2834 2364 2888 neque
2392 2819 2560 2887 prima
2590 2835 2820 2888 unquam
2845 2820 3105 2874 elementa
3130 2834 3485 2889 cognoscens,

1904 2908 2136 2962 habebat
2161 2909 2375 2962 insitum
2410 2912 2605 2963 bonum
2628 2925 2845 2976 semper
2869 2911 3158 2979 ineolurne,
3192 2911 3486 2964 naturalem

1903 2998 2219 3067 magistrum
2262 3000 2649 3052 conscientiam
2691 3014 2862 3053 soam.
2912 3000 3081 3064 Quem
3132 3010 3275 3052 tanta
3321 3000 3489 3070 gratia

1906 3088 2142 3142 scicntia:
2173 3089 2461 3158 spirituals
2490 3090 2735 3156 ornabat,
2778 3098 2835 3145 ut
2883 3092 2935 3145 in
2980 3107 3046 3146 eo
3092 3091 3489 3148 evidentissime

1905 3182 2047 3252 quod
2076 3183 2332 3251 scriptum
2363 3185 2766 3254 aditnpleretur,
2802 3185 3057 3241 Dominus
3081 3202 3254 3241 careas
3281 3187 3487 3257 sapienv

1902 3284 1982 3331 tes
2005 3275 2129 3332 facit
2155 3275 2323 3347 (Psal.
2350 3278 2528 3349 cxcv).
2558 3279 2956 3334 Testamentum
2987 3281 3200 3351 quidem
3230 3278 3395 3334 Vetus
3422 3294 3487 3335 ac

1900 3372 2104 3429 Novum
2133 3375 2199 3428 ad
2248 3376 2465 3429 verbum
2498 3375 2877 3441 interpretatus
2926 3386 3044 3442 est;
3090 3386 3266 3429 sectas
3307 3386 3486 3429 autem

1898 3482 2086 3523 omnes
2115 3481 2220 3521 tam
2252 3469 2517 3523 subtiliter
2540 3468 2871 3540 firmiterque
2898 3470 3139 3534 exiiosita
3162 3485 3322 3537 super
3345 3469 3489 3536 ipsas

1900 3560 2108 3613 ratione
2138 3559 2413 3627 disseruit,
2446 3570 2501 3614 ut
2530 3562 2768 3615 omnium
2808 3561 3084 3616 scientiam
3118 3571 3354 3614 veterum
3399 3574 3490 3629 pe-

1900 3650 2181 3720 ritiamque
2214 3656 2484 3707 transiret.
2520 3653 2620 3719 Qui
2663 3668 2783 3707 cum
2829 3668 2915 3707 me
2960 3663 3176 3723 ciigerct
3219 3651 3488 3721 quondam

1899 3753 1957 3799 ut
1985 3744 2284 3801 orationem
2316 3744 2370 3798 in
2403 3747 2539 3801 cella
2567 3746 2731 3813 ipsius
2757 3746 3010 3808 facerem,
3044 3761 3142 3798 nec
3166 3755 3344 3799 tamen
3372 3745 3493 3811 ejus

1898 3839 2298 3906 acquiescerem
2329 3838 2588 3907 jussioni,
2639 3838 2741 3892 hoc
2790 3837 3074 3891 referendo
3114 3838 3326 3890 dicebat
3360 3854 3372 3890 :
3404 3836 3486 3890 Ad

1899 3928 2062 3993 istud,
2117 3929 2323 3995 inquit,
2374 3926 2662 3995 hospitium
2712 3937 2793 3982 ter
2837 3927 3150 3980 benedictus
3198 3926 3486 3990 Antonius,

1894 4021 2020 4076 dum
2053 4037 2138 4076 me
2166 4021 2381 4075 visitare
2410 4020 2691 4090 dignatur,
2726 4020 3000 4090 ingressus
3021 4030 3132 4085 est;
3162 4029 3215 4073 et
3264 4030 3480 4088 rogatus

1896 4128 1926 4167 a
1953 4129 2039 4167 me
2070 4121 2125 4167 ut
2154 4114 2204 4166 in
2234 4115 2333 4166 hoc
2365 4117 2481 4166 loco
2510 4112 2750 4167 flecteret
2775 4127 2945 4182 genua
2975 4121 3030 4166 et
3058 4127 3269 4179 precem
3300 4110 3488 4165 funde-

1896 4216 1999 4271 ret,
2031 4208 2210 4260 statim
2259 4205 2404 4271 fecit,
2440 4220 2503 4259 ac
2533 4206 2769 4260 secundo
2810 4206 2980 4259 noluit
3008 4221 3066 4260 se
3107 4204 3307 4276 rogari,
3359 4206 3488 4274 ipsis

1896 4314 1981 4352 me
2021 4300 2179 4353 rebus
2230 4299 2430 4351 docens
2476 4307 2781 4352 sanctorum
2832 4296 3197 4351 voluntatibus
3245 4296 3488 4351 obedire.

1894 4392 2249 4459 Quamobrem
2282 4387 2326 4442 si
2358 4389 2581 4457 vestigia
2614 4390 2803 4454 ipsius,
2832 4388 3018 4456 inquit,
3057 4386 3280 4440 sertaris
3310 4399 3372 4437 ac
3403 4382 3488 4436 vi-

1898 4491 2003 4535 tam
2046 4480 2496 4550 quemadmodum
2547 4478 2861 4542 monachus,
2907 4486 2962 4531 et
3012 4493 3106 4545 pro
3148 4472 3495 4545 acquirendis

1822 4602 1874 4660 Β
1900 4574 2185 4627 virtutibus
2211 4573 2557 4641 peregrinus.
2590 4573 2714 4624 nolo
2741 4568 3056 4623 contendas.

1978 4710 2089 4764 lloc
2111 4722 2321 4779 quoque
2344 4706 2484 4761 idem
2508 4706 2690 4761 retulit
2716 4703 2843 4758 mihi
2871 4721 2884 4758 :
2911 4701 3065 4768 Cum,
3087 4702 3276 4771 inquit,
3302 4703 3496 4770 grandi

1902 4800 2130 4872 quadam
2161 4798 2521 4855 sollicitudine
2551 4812 2613 4852 ac
2644 4796 2857 4850 tristitia
2888 4794 3135 4863 fatigarer
3163 4794 3487 4861 propterJu-

1905 4894 2031 4948 liani
2062 4893 2401 4962 imperatoris
2428 4889 2846 4945 infelicissimam
2877 4887 3055 4945 vitam.
3086 4888 3155 4938 ita
3184 4898 3237 4939 ut
3260 4888 3490 4954 quadam

1904 4985 1991 5039 die
2020 4999 2189 5053 usque
2216 4982 2281 5036 ad
2316 4982 2647 5050 vespertinas
2679 4977 2955 5048 profunda:
2991 4964 3161 5029 noctis
3193 4976 3353 5031 lieras
3383 4994 3486 5032 non

1902 5078 2221 5146 a;tingerem
2255 5091 2465 5146 panem,
2491 5075 2766 5128 anxietate
2791 5070 3064 5125 confectos
3090 5086 3103 5135 ;
3138 5070 3274 5126 forte
3293 5073 3487 5127 accidit

1901 5183 1957 5224 tit
1985 5183 2175 5223 somno
2206 5167 2444 5222 residens
2473 5177 2783 5231 occuparer,
2816 5173 2869 5215 et
2893 5164 2946 5216 in
2974 5163 3201 5231 quadam
3237 5166 3486 5218 transmi-

1896 5263 2138 5333 gratione
2167 5260 2365 5315 animae
2401 5258 2778 5313 revelationem
2823 5255 2981 5309 talem
3034 5255 3268 5311 viderem
3303 5275 3316 5309 :
3346 5258 3486 5325 Qua-

1899 5368 2022 5412 tuor
2043 5356 2247 5425 equites
2271 5368 2390 5407 cum
2411 5350 2546 5403 albis
2567 5350 2720 5417 equis
2749 5362 2842 5416 per
2864 5347 3075 5402 diversa
3099 5348 3484 5413 discurrentes,

1895 5451 2292 5515 claoiautesque
2323 5460 2336 5495 :
2370 5440 2536 5496 Dicite
2585 5439 2835 5510 Didymo,
2869 5438 3036 5492 Hodie
3083 5436 3210 5492 hora
3257 5441 3484 5509 septima

1899 5544 2142 5599 Julianus
2170 5548 2410 5593 mortuus
2433 5545 2536 5590 est.
2565 5535 2735 5603 Surge
2760 5533 2917 5603 igitur
2946 5542 3000 5587 et
3029 5531 3203 5586 cibum
3227 5546 3402 5596 sume,
3433 5537 3487 5584 et

1900 5637 1965 5690 ad
1996 5630 2270 5691 Athanasii
2298 5629 2536 5700 episcopi
2566 5628 2785 5682 domum
2812 5625 2984 5690 mitte,
3031 5633 3087 5677 ut
3128 5622 3244 5689 ipse
3273 5634 3485 5689 quoque

1899 5734 2185 5802 cognoscat
2215 5725 2337 5781 hoc.
2378 5721 2589 5780 Natavit
2616 5722 2813 5794 itaque,
2843 5720 2981 5776 sicut
3021 5720 3136 5788 ipse
3163 5712 3392 5778 dicebat,
3425 5716 3491 5766 et
