3982 6354
447 361 556 419 255
1563 344 1911 406 A‘PPENBIX
1953 343 2047 398 AD

2195 344 2292 401 ἈΒ
2334 339 2640 398 PATRUM.
3637 332 3744 390 256

449 493 708 542 mensem,
740 486 793 531 et
822 476 956 545 sep'i
979 488 1196 539 uanam,
1227 482 1280 528 et
1308 471 1469 536 diem,
1500 478 1552 526 et
1600 470 1807 533 horam,
1859 473 1913 520 et
1953 464 2030 518 sic
2062 468 2108 522 Α
2142 463 2191 516 in
2226 472 2443 526 matres,
2476 460 2526 513 in
2562 459 2775 519 fratres,
2808 455 2857 509 in
2895 462 3075 523 patres
3104 451 3245 522 cogit
3272 449 3383 505 fieri
3418 447 3733 518 parricidas.

457 572 635 628 Omnia
668 572 709 624 si
749 580 801 624 ut
833 568 1074 623 audierat
1101 567 1434 636 approbavit.

537 660 738 715 Itetnlit
760 659 920 712 elinm
954 656 1079 711 mihi
1106 665 1158 711 et
1178 656 1244 710 de
1268 654 1440 725 puella
1464 650 1712 722 quadam,
1741 649 1822 704 cui
1849 664 2041 703 nomen

464 760 578 805 erat
613 750 916 805 Alexandra
964 747 1229 816 (Pollad.,
1262 764 1308 800 ε.
1347 745 1427 815 5),
1460 761 1578 815 qua:
1626 744 1810 798 r'elieta
1857 757 1941 809 ea,
1992 741 2045 795 in

464 857 567 911 qua
600 850 716 895 crat
742 842 983 905 civitate,
1027 839 1346 894 Consederat
1389 839 1526 890 intra
1566 835 1832 903 quoddam
1870 833 2046 900 sepul-

464 949 641 996 crum,
673 949 769 1002 pcr
798 932 1032 985 foramen
1064 930 1311 998 exiguum
1343 928 1646 982 necessaria
1675 926 1927 979 alimenta
1960 939 2048 976 su-

465 1027 730 1094 scipiens,
765 1036 817 1077 et
849 1031 1017 1091 neque
1050 1024 1189 1075 viros
1219 1038 1390 1090 neque
1418 1021 1670 1074 mulieres
1699 1033 1932 1087 unquam
1973 1018 2050 1069 vi-

467 1117 601 1168 dens
632 1128 723 1182 per
750 1128 919 1167 annos
939 1113 1146 1166 decem.
1174 1111 1392 1166 Decimo
1418 1126 1544 1165 vero
1567 1124 1706 1163 anno
1723 1107 2052 1161 dormitione

467 1209 652 1260 ultima
683 1206 966 1273 migratura
999 1205 1230 1272 seipsam
1258 1201 1591 1271 composuit;
1625 1200 1765 1271 quod
1799 1202 1911 1263 illa,
1936 1215 2054 1267 qua:

467 1298 741 1353 deferebat
762 1298 807 1349 ei
829 1296 977 1366 iuxta
994 1295 1435 1350 consuetudinem
1457 1296 1657 1357 cibum,
1684 1292 1861 1346 retulit
1880 1291 2051 1355 nobis,

470 1392 675 1456 dicens,
717 1389 921 1442 nullum
972 1403 1030 1442 se
1073 1398 1200 1441 tunc
1245 1387 1515 1453 accepisse
1562 1399 1908 1453 responsum;
1953 1397 2059 1451 quo

475 1480 677 1543 audito,
730 1479 919 1533 illitum
972 1479 1168 1532 ostium
1219 1478 1564 1544 clausumque
1608 1476 1972 1544 patefecimus,
2007 1480 2061 1525 et

470 1572 692 1640 ingressi
724 1571 987 1625 defuncte
1017 1584 1215 1637 corpus
1258 1569 1577 1622 invenimus.
1613 1568 1686 1620 De
1722 1567 1833 1633 ipsa
1879 1575 2057 1617 autem

469 1675 523 1718 et
557 1663 864 1717 beatissima
899 1660 1123 1714 Melania
1152 1659 1343 1712 mulier
1371 1659 1629 1721 Romana,
1661 1658 1726 1709 de
1757 1670 1858 1724 qua
1904 1654 2062 1722 paulo

468 1760 591 1823 post.
631 1752 879 1813 referam,
922 1750 1019 1804 ista
1068 1749 1283 1803 diccbat
1331 1748 1594 1801 :Vultum
1640 1748 1851 1817 quidem
1899 1745 2064 1811 ipsius

2146 556 2246 622 Qui
2279 554 2485 610 etiamsi
2531 552 2864 623 prmtemlere
2892 547 3206 618 quibusdam
3239 542 3526 613 aliquando
3562 542 3739 595 vidca~

2149 657 2232 701 tur
2260 645 2708 701 necessitudinem
2739 641 3046 710 parentelm,
3081 654 3185 692 non
3216 637 3335 691 ideo
3363 637 3491 689 illud
3532 642 3586 686 ut
3617 648 3742 700 pro-

2149 742 2218 794 sit
2248 741 2431 794 iis-iem
2466 738 2608 803 iacit,
2666 736 2758 790 sed
2808 745 2863 788 ut
2908 733 3187 786 animabus
3232 746 3418 785 eorum
3472 729 3744 796 iniustitia

2148 832 2354 885 Crimen
2406 826 2727 891 accurnuiet,
2779 823 2970 878 divina:
3024 838 3127 876 non
3176 822 3389 890 ignarus
3438 817 3739 883 sententiis,

2152 942 2271 995 qua:
2304 925 2529 995 iniustos
2558 925 2625 977 ab
2671 921 2982 975 limreditate
3034 918 3178 987 regni
3229 915 3464 969 cmlestis
3511 911 3744 967 excludit

2154 1017 2205 1090 (1
2236 1018 2354 1072 Cor.
2384 1019 2478 1086 Vt).
2516 1018 2695 1071 Potest
2724 1028 2851 1069 sane
2882 1013 3003 1078 quis
3046 1008 3307 1076 spirituali
3355 1005 3578 1058 scientia
3611 1002 3733 1054 divi-

2156 1127 2328 1179 noque
2355 1125 2535 1161 amore
2564 1116 2881 1167 commotus,
2912 1118 3008 1155 nec
3040 1100 3268 1169 propriae
3298 1097 3491 1149 anima:
3522 1094 3745 1147 salutem

2157 1212 2518 1262 contemnere,
2553 1206 2607 1251 et
2634 1195 2744 1249 suis
2773 1193 3101 1262 parentibus,
3142 1190 3184 1242 si
3219 1188 3439 1241 forsitan
3479 1199 3640 1252 egere
3666 1183 3748 1234 ri-

2157 1295 2403 1356 deantur,
2435 1292 2557 1344 vita:
2587 1288 2892 1342 alimoniam
2929 1286 3013 1353 pie
3041 1282 3220 1351 largiri
3250 1299 3263 1346 ;
3293 1282 3386 1334 sed
3438 1281 3480 1331 si
3542 1277 3749 1344 penitus

2159 1389 2390 1441 animam
2419 1400 2568 1439 suam
2598 1382 2873 1436 conculcat
2907 1388 2961 1433 et
2985 1378 3228 1444 despicit,
3263 1376 3374 1427 sola
3433 1372 3745 1439 propinqui-

2163 1479 2283 1532 tatis
2312 1476 2670 1530 sollicitudine
2697 1480 3007 1539 occupatus,
3040 1468 3359 1521 sententiam
3391 1464 3588 1517 divina:
3623 1464 3749 1530 legis

2165 1568 2412 1632 incurrit,
2445 1569 2695 1629 animam,
2732 1574 2787 1617 nt
2817 1564 2952 1628 dixi,
3005 1577 3156 1616 suam
3197 1561 3461 1626 deputans
3511 1556 3751 1608 vanitati.

2164 1662 2327 1716 Sacer
2358 1669 2531 1712 autem
2564 1657 2897 1723 eonscriptor
2942 1654 3028 1707 ille
3063 1652 3391 1706 Psalmorum
3426 1650 3565 1701 cauit
3595 1647 3662 1699 de
3691 1648 3752 1698 iis

2166 1755 2253 1822 qui
2282 1754 2475 1805 anima:
2505 1766 2612 1803 sine
2641 1764 2821 1802 curam
2850 1759 2989 1800 metu
3022 1762 3070 1798 in
3090 1747 3254 1797 iximo
3281 1751 3497 1805 gerunt,
3528 1739 3752 1791 dicens:

470 1843 660 1912 ριιθῖΙίΒ
689 1858 748 1897 se
783 1840 964 1894 videre
992 1857 1094 1894 non
1126 1840 1384 1903 ιιωιυὶεεθ,
1417 1849 1643 1892 stantem
1677 1848 1853 1889 autem
1886 1836 1949 1886 ι]ιί
1983 1833 2057 1886 {0'
2094 1852 2139 1909 Β
2166 1851 2293 1915 Quis
2321 1863 2379 1899 ίις
2403 1844 2576 1895 λριιιίεξι
2610 1844 2661 1895 in
2704 1851 2937 1893 "mntem
2974 1836 3214 1892 Domini?
3438 1832 3537 1885 hoc
3561 1838 3644 1883 est
3678 1828 3757 1881 di-

472 1945 657 1986 ranien
690 1930 919 1997 sepulcri
951 1931 1167 1997 petiisse
1197 1940 1250 1982 ut
1271 1928 1319 1981 ei
1343 1928 1545 1982 diceret
1565 1944 1776 1981 causam
1803 1927 1873 1980 ob
1901 1940 2058 1993 quam

476 2036 536 2075 se
564 2023 614 2072 in
647 2019 739 2073 illo
767 2019 1014 2088 sepulcro
1043 2020 1396 2073 concluscrat.
1432 2022 1561 2082 Qum
1590 2034 1683 2085 per
1706 2025 2061 2069 memoratum

476 2113 716 2165 foramen
749 2110 922 2164 locuta
960 2124 976 2164 :
1009 2109 1295 2176 Cuiusdam
1345 2110 1581 2168 animus,
1634 2106 1832 2176 inquit,
1882 2105 1934 2158 in
1981 2118 2066 2159 me

478 2201 637 2257 la-sus
657 2210 770 2254 erat
789 2201 1078 2270 quondam,
1097 2209 1151 2253 et
1172 2216 1237 2253 ne
1261 2201 1472 2254 viderer
1501 2215 1623 2253 eum
1651 2200 1729 2252 vel
1751 2208 1892 2252 conti
1909 2198 2067 2250 istare

481 2294 563 2348 vel
609 2293 853 2361 perdere,
888 2292 1045 2346 malui
1079 2308 1161 2345 me
1191 2292 1361 2360 ipsam
1393 2291 1445 2343 in
1491 2290 1741 2358 sepulcro
1771 2290 1896 2341 ilum
1948 2288 2069 2341 vivo

482 2386 781 2448 recludere,
814 2400 969 2454 quam
1002 2398 1196 2438 nocere
1226 2384 1418 2436 anima:
1450 2382 1515 2435 ad
1546 2380 1947 2434 similitudinem
1979 2378 2071 2433 Dei

485 2478 654 2531 factae.
706 2478 818 2543 Qua
868 2477 1078 2531 dicente
1120 2489 1353 2531 rursiis:
1397 2474 1857 2541 Quemadmodum
1909 2473 2072 2540 igitur

486 2568 594 2638 pati
626 2577 799 2636 potes,
831 2581 862 2620 ο
885 2567 1072 2619 ant-i‘la
1105 2566 1327 2633 Christi,
1361 2574 1414 2617 ut
1446 2566 1717 2618 neminem
1752 2578 1968 2632 prorsus
2000 2563 2075 2616 vi-

491 2662 638 2720 deas,
673 2660 763 2713 sed
796 2661 845 2712 in
876 2659 1165 2713 solitudine
1197 2659 1287 2712 tali
1319 2667 1507 2711 contra
1536 2658 1775 2712 acediam
1808 2658 1888 2710 vel
1930 2657 2077 2724 cogi-

492 2751 720 2804 tationes
752 2749 945 2803 habeas
978 2760 1082 2803 tam
1105 2749 1229 2819 iuge
1257 2750 1564 2804 certamen?
1596 2748 1707 2803 Hoc
1738 2748 1824 2801 illa
1859 2762 2080 2816 respon-

493 2842 612 2895 d-it:
647 2843 689 2896 A
742 2842 1033 2910 principio,
1076 2842 1342 2911 inquiens,
1394 2841 1500 2897 diei
1548 2857 1743 2896 nonam
1796 2856 1961 2909 usque
2013 2841 2079 2894 ad

492 2934 675 2986 horam
709 2934 940 2987 orationi
968 2947 1118 2999 vaco,
1145 2947 1211 2989 ex
1234 2933 1342 2988 liuo
1372 2948 1503 3002 opus
1532 2948 1623 3003 per
1652 2934 1813 2987 horas
1844 2932 2081 3001 singulas

496 3023 714 3089 iaciens,
772 3026 976 3096 reliquo
1020 3036 1198 3081 autem
1245 3028 1501 3095 temporis
1540 3028 1714 3097 spatio
1760 3025 2084 3096 cogitatione

500 3114 738 3170 discurro
797 3132 890 3185 per
940 3126 1155 3171 sanctos
1208 3118 1526 3187 prophetas,
1574 3117 1868 3187 apostolos,
1925 3127 2084 3185 atque

2164 1953 2309 1998 cere,
2341 1938 2473 1988 satis
2504 1948 2646 1987 raro.
2676 1934 2777 1985 Aut
2809 1930 2926 1997 quis
2951 1928 3112 1981 stab:t
3145 1928 3194 1978 iu
3229 1927 3345 1977 loco
3375 1932 3561 1974 sancto
3606 1918 3757 1989 eius?

2169 2030 2425 2083 innocens
2458 2025 2727 2087 nianihUs,
2765 2033 2815 2077 et
2846 2022 3045 2075 mundo
3076 2019 3256 2081 corde,
3284 2018 3369 2085 qui
3402 2031 3508 2069 non
3555 2013 3759 2077 accepit

2169 2126 2221 2178 in
2253 2137 2391 2176 vano
2436 2122 2669 2174 animam
2720 2132 2868 2171 suam
2919 2112 3088 2183 (Psal.
3121 2116 3293 2177 unt).
3327 2110 3403 2163 Illi
3438 2120 3670 2175 namque
3708 2104 3759 2158 in

2174 2230 2313 2267 vano
2343 2214 2573 2266 animam
2605 2225 2753 2263 suam
2788 2206 3074 2270 accipiunt,
3121 2204 3209 2271 qui
3264 2209 3450 2271 putant
3497 2213 3615 2252 eam
3660 2210 3762 2248 una

2170 2322 2289 2362 cum
2313 2320 2538 2375 corpore
2575 2300 2822 2369 dissipari
2863 2309 3023 2367 atque
3053 2296 3297 2360 diSsOlVi,
3330 2295 3585 2347 virtutum
3611 2289 3759 2344 scili-

2172 2408 2258 2455 cet
2287 2396 2645 2465 spiritualium
2676 2399 3094 2457 contemptores.

2248 2486 2414 2541 Istam
2449 2487 2619 2554 ipsam
2651 2484 2767 2536 solo
2795 2480 3012 2534 nomine
3041 2477 3294 2543 virginem
3324 2475 3511 2528 volens
3547 2480 3765 2525 sanctus

2179 2580 2269 2633 ille
2297 2578 2531 2632 lsidorus
2564 2575 2723 2646 lLege
2753 2574 3031 2631 Macarius,
3079 2586 3139 2623 r3:
3188 2564 3449 2636 Pal/adio]
3486 2567 3765 2633 presbyter

2180 2671 2515 2725 detractione
2564 2665 2837 2734 sanguinis
2890 2666 2973 2730 (ut
3018 2660 3119 2714 dici
3163 2661 3213 2713 in
3264 2657 3560 2725 proverbiis
3607 2656 3767 2719 solet)

2183 2764 2363 2818 facere
2400 2776 2428 2814 ει
2473 2759 2785 2829 cupiditatis
2824 2770 2989 2810 onere
3034 2765 3300 2820 utcunque
3349 2750 3629 2815 leviorem,
3679 2749 3767 2802 tali

2182 2867 2307 2921 ergo
2345 2866 2460 2905 eam
2492 2865 2618 2904 usus
2659 2848 2869 2917 ingenio
2899 2855 3004 2899 cst.
3040 2845 3273 2897 Pra'erat
3298 2850 3588 2906 autem,ut
3628 2841 3771 2906 prius

2187 2945 2320 3011 dixi,
2383 2943 2593 2998 cellulis
2660 2941 2884 2994 fratrum
2941 2952 3231 3007 pauperum
3273 2945 3436 3003 atque
3490 2933 3769 3000 debilium,

2188 3035 2437 3105 idemque
2469 3034 2521 3086 in
2553 3031 2741 3101 primis
2776 3030 3072 3098 iuventutis
3112 3042 3220 3079 soie
3248 3027 3401 3078 annis
3431 3028 3481 3078 in
3514 3022 3775 3091 lapidibus

2194 3110 2247 3185 et
2285 3126 2588 3198 margaritis
2638 3122 2927 3194 probamlis
2974 3119 3255 3174 videbatur
3283 3120 3503 3187 peritus.
3538 3117 3776 3171 Accessit

502 3218 787 3277 martyres,
831 3218 884 3262 et
926 3217 1013 3276 pat
1045 3209 1289 3275 iarchas;
1322 3212 1529 3264 caneris
1566 3224 1692 3264 vero
1722 3209 1869 3263 horis
1908 3210 2083 3262 cibum

2195 3221 2353 3291 igitur
2383 3220 2448 3274 ad
2474 3234 2616 3286 eam,
2658 3217 2843 3271 dicens
2869 3231 2883 3268 :
2909 3213 3138 3282 Lapides
3178 3213 3240 3265 ad
3269 3227 3355 3266 me
3382 3212 3671 3266 necessarii
3699 3224 3777 3264 at-

505 3304 655 3369 panis
693 3303 865 3370 capio,
918 3303 1377 3371 appropinquante
1426 3318 1646 3372 vespera
1690 3318 1812 3358 eum
1855 3305 2087 3355 maxima

508 3391 683 3461 quiete
731 3390 1012 3445 Dominum
1057 3406 1236 3445 meum
1285 3392 1611 3461 glorifirans,
1663 3392 1929 3461 finemque
1972 3391 2092 3446 vita:

510 3498 643 3538 mea:
670 3498 789 3537 cum
817 3497 911 3551 Spe
943 3484 1077 3538 bona
1107 3484 1368 3553 patienter
1396 3494 1736 3553 exspectans.

580 3574 684 3629 Sed
717 3590 783 3628 ne
813 3574 930 3628 illos
956 3576 1169 3643 quidem
1193 3576 1382 3630 tacitos
1410 3577 1713 3645 prieteribo,
1741 3591 1965 3643 quorum
1990 3573 2095 3628 vita

514 3666 686 3719 omnis
718 3666 769 3719 in
802 3668 1368 3736 contemptuquodatn
1402 3667 1631 3736 propriae
1674 3668 1865 3721 salutis
1892 3667 2008 3731 fuit,
2042 3675 2099 3720 ut

425 3806 432 3812 .
515 3771 578 3813 ex
610 3757 710 3812 hoc
740 3759 897 3812 etiam
931 3759 1066 3814 bene
1089 3759 1306 3814 meritos
1333 3760 1706 3830 pimdicemus,
1728 3770 1780 3815 et
1803 3760 2099 3830 legentibus

517 3850 739 3906 cautela:
768 3852 945 3906 studio
970 3853 1333 3908 consulamus.

1141 3969 1370 4027 CAPUT
1410 3971 1471 4029 Il.

523 4062 598 4117 De
631 4065 851 4131 quodam
878 4065 1079 4129 virgine
1118 4077 1164 4118 et
1206 4067 1268 4120 de
1297 4067 1638 4120 Nitricmibus
1667 4068 1950 4133 monachis,
1983 4068 2104 4121 Am-

731 4151 896 4199 mone,
925 4134 1019 4199 0r,
1051 4134 1268 4199 Pambo,
1294 4140 1586 4200 Ammonio,
1612 4136 1902 4206 Benjamin.

602 4223 760 4294 Virgo
781 4225 1020 4294 qiizedain
1055 4226 1170 4279 solo
1207 4229 1422 4281 nomine
1462 4229 1797 4282 Alexandriae
1837 4230 1931 4282 fuit
1957 4229 2110 4299 (Pal-

528 4313 659 4379 lad.,
691 4330 804 4382 cap.
833 4315 909 4384 6),
943 4333 1062 4383 quae
1088 4332 1340 4387 quantum
1393 4321 1456 4372 ad
1506 4320 1735 4388 speciem
1786 4323 2107 4390 pertTnebat,

530 4406 751 4461 humilis
794 4408 1098 4474 vidibdur;
1146 4421 1399 4479 quantum
1443 4419 1619 4464 autent
1664 4412 1729 4465 ad
1783 4414 2109 4482 propositum

531 4500 715 4569 ipsius,
740 4502 928 4553 animzu
952 4501 1232 4571 inllatioris
1254 4514 1391 4568 erat,
1409 4502 1567 4557 variis
1582 4504 1768 4571 Opibus
1790 4508 1917 4558 satis
1938 4505 2110 4571 dives,

2196 3328 2299 3382 que
2331 3311 2549 3381 pretiosi
2575 3307 2842 3377 smaragdi
2873 3316 2929 3362 et
2958 3304 3231 3377 hyacinthi
3262 3305 3442 3360 subito
3485 3312 3773 3366 venerunt;

2198 3412 2254 3459 et
2281 3404 2395 3457 sive
2445 3400 2563 3470 quis
2612 3399 2878 3455 invenerit
2929 3412 3045 3461 eos,
3090 3397 3205 3450 sive
3259 3396 3463 3449 furatus
3515 3397 3603 3463 sit,
3647 3398 3780 3450 scire

2200 3511 2307 3549 non
2338 3509 2584 3564 possum;
2637 3501 2875 3546 statuere
2920 3501 3095 3545 autem
3132 3492 3368 3557 ipsomni
3412 3492 3648 3560 pretium
3691 3504 3781 3544 ne-

2201 3608 2358 3664 queo,
2385 3593 2507 3663 quia
2537 3591 2825 3662 cniusliliet
2852 3605 3117 3645 summam
3152 3587 3469 3659 quantitatis
3498 3584 3782 3648 evcedant,

2202 3700 2393 3739 omnes
2440 3686 2583 3739 enim
2625 3683 2783 3736 simul
2827 3683 3138 3751 quingentis
3178 3680 3367 3733 solidis
3395 3678 3782 3739 distrahuntur.

2204 3776 2258 3832 Si
2281 3790 2411 3842 ergo
2449 3789 2544 3829 eos
2583 3773 2677 3828 tibi
2720 3769 2977 3841 placuerit
3006 3786 3347 3840 comparare,
3395 3769 3596 3838 poteris
3629 3782 3786 3819 unum

2205 3882 2269 3922 ex
2312 3866 2440 3935 ipsis
2469 3865 2775 3935 quingentis
2816 3863 3051 3917 vendere
3089 3862 3296 3924 solidis,
3326 3872 3379 3914 et
3430 3860 3666 3926 reliquos
3694 3872 3785 3911 ne-

2208 3963 2312 4029 p‘is
2351 3968 2455 4013 tua.
2488 3957 2775 4011 monilibus
2803 3956 3084 4024 deputare.
3128 3954 3399 4019 Suspensa
3429 3950 3592 4020 igitur
3624 3950 3789 4003 omni-

2209 4053 2383 4107 modis
2424 4051 2514 4105 illa
2556 4066 2673 4119 quzn
2725 4048 3005 4102 dicebatur
3051 4048 3200 4115 virgo
3243 4047 3293 4098 in
3342 4042 3418 4097 aff
3447 4054 3535 4096 ctu
3584 4043 3788 4107 pntrllzP,

2210 4144 2475 4212 decipitur
2498 4141 2805 4210 huiusmodi
2836 4149 3050 4200 ornatu,
3080 4147 3134 4191 et
3163 4138 3440 4205 complexa
3469 4134 3611 4188 illius
3637 4134 3792 4201 pedes

2214 4245 2330 4289 orat
2360 4245 2410 4289 et
2455 4234 2607 4302 petit,
2638 4249 2705 4285 nc
2735 4232 2854 4297 quis
2886 4239 3215 4285 memoratus
3257 4228 3458 4297 lapides
3484 4227 3623 4281 alter
3652 4226 3789 4279 acci-

2215 4337 2389 4398 peret.
2432 4326 2526 4379 Cui
2576 4326 2665 4379 ille
2707 4335 2944 4385 saueius,
2996 4324 3122 4375 dum
3165 4321 3321 4374 avide
3368 4321 3635 4381 hortatur,
3688 4318 3793 4369 lure

2214 4422 2349 4475 dixit
2378 4437 2389 4472 :
2425 4419 2554 4473 Vetti
2586 4418 2636 4471 in
2665 4417 2881 4471 domum
2933 4430 3130 4477 meam,
3176 4424 3233 4467 ut
3273 4396 3385 4466 hinc
3418 4429 3535 4481 qum
3566 4413 3795 4466 diximus

2219 4513 2424 4566 videas.
2477 4510 2554 4565 Ad
2604 4509 2745 4578 quod
2797 4508 2885 4562 illa
2927 4523 3029 4562 non
3084 4507 3452 4573 acquieSrens.
3503 4504 3596 4557 sed
3637 4503 3796 4571 tnag?s

531 4594 755 4647 amatrix
809 4594 981 4661 potius
1009 4594 1122 4648 auri
1154 4610 1310 4662 quam
1356 4594 1590 4659 Clnisti;
1625 4611 1882 4664 nusquam
1928 4612 2115 4665 pt’OCB-
2144 4603 2541 4672 uningentos
2590 4598 2794 4653 solidos
2845 4599 2896 4651 in
2944 4599 3117 4651 sinum
3175 4597 3317 4649 illius
3366 4595 3617 4659 fundens,
3688 4594 3795 4648 ait:

531 4686 662 4737 uere
691 4694 895 4767 solens,
926 4700 1029 4738 non
1063 4685 1361 4755 peregrino,
1390 4699 1492 4739 non
1523 4685 1733 4754 virgini,
1764 4703 1867 4739 non
1895 4685 1996 4740 vim
2022 4702 2117 4756 pa-

534 4773 703 4838 tienti,
739 4791 841 4829 non
894 4775 1176 4840 monacho,
1209 4791 1313 4829 non
1344 4777 1616 4841 ecclesias,
1647 4793 1750 4831 non
1783 4778 2003 4846 pauperi
2038 4779 2120 4832 vel

536 4869 782 4935 exiguam
831 4867 1021 4935 stipem
1071 4867 1337 4935 priehens.
1387 4868 1509 4922 Ilzcc
1550 4879 1854 4922 sanctorum
1905 4868 2117 4921 Patrum

537 4959 898 5025 frequentibus
930 4959 1166 5025 monitis,
1201 4975 1465 5026 nunquam
1495 4975 1522 5012 a
1554 4974 1613 5013 se
1642 4967 1747 5013 tam
1790 4960 1977 5013 inutile
2008 4962 2121 5011 aui-

542 5065 643 5102 mae
673 5052 877 5117 pondus
923 5051 1209 5120 abiecerat.
1246 5052 1479 5106 llaliebat
1525 5064 1699 5107 autem
1732 5063 1783 5107 et
1836 5054 2121 5107 nonnullos

545 5152 811 5208 parentes,
846 5143 981 5197 inter
1010 5160 1144 5211 quos
1185 5145 1343 5197 filiam
1393 5146 1597 5199 sororis
1626 5162 1735 5199 sua:
1780 5146 2126 5213 adeptaverat

543 5234 665 5296 sibi,
700 5250 801 5303 qua
832 5234 947 5288 sola
990 5235 1180 5290 diebus
1206 5252 1268 5290 ac
1296 5237 1541 5291 noctibus
1586 5237 1884 5299 fruebatur,
1926 5238 2126 5291 omi\so

549 5336 709 5391 atque
757 5336 1060 5394 cooteinpto
1115 5343 1297 5383 amore
1355 5330 1675 5385 crelestium.
1740 5329 2126 5397 Nonnunquam

549 5419 693 5471 enim
723 5428 775 5471 et
806 5417 917 5472 hzec
945 5421 1169 5485 Species.
1199 5437 1355 5486 quam
1380 5423 1626 5478 diabolus
1649 5425 1904 5488 immittit,
1932 5426 2131 5478 erroris

550 5516 656 5575 est,
685 5519 741 5564 ut
771 5511 869 5564 suh
903 5510 1122 5565 affectus
1151 5517 1348 5579 colore,
1378 5516 1463 5583 qni
1494 5516 1679 5569 deberi
1723 5517 1931 5569 videtur
1962 5516 2132 5569 affini-

551 5604 673 5668 bus,
705 5604 921 5659 avaritia
946 5605 1310 5675 cupiditasque
1335 5610 1615 5661 nutriatur.
1647 5610 1795 5676 Quod
1819 5618 1995 5661 autem
2022 5607 2139 5661 nul-

555 5701 660 5753 lam
700 5698 911 5753 dwmon
942 5696 1245 5767 cupiditatis
1272 5710 1324 5754 et
1352 5701 1564 5767 generis
1607 5716 1785 5755 Curam
1817 5709 1981 5769 gerat,
2016 5699 2140 5752 hinc

561 5792 799 5862 profecto
826 5799 1183 5850 monstratum
1212 5801 1325 5859 est;
1353 5792 1467 5861 ipse
1498 5794 1638 5850 enim
1671 5804 1746 5851 cst
1776 5795 1862 5860 qui
1895 5791 2138 5847 homines

2221 4689 2683 4758 Quemadmodum
2726 4691 2830 4751 vis,
2864 4689 2977 4757 ipse
3016 4688 3231 4741 eosdem
3280 4686 3485 4753 lapides
3527 4685 3674 4748 lelle,
3708 4700 3796 4747 ego

2222 4783 2364 4837 enim
2396 4783 2521 4835 nolo
2552 4795 2674 4833 eum
2710 4779 2891 4834 videre
2921 4780 3009 4848 qui
3045 4777 3243 4830 vendit.
3280 4776 3542 4842 Acceptos
3574 4775 3663 4828 ille
3705 4772 3798 4843 igi-

2225 4884 2309 4928 tur
2329 4874 2646 4942 qningentos
2665 4870 2886 4934 solidos,
2924 4870 3243 4937 pauperibus
3269 4869 3640 4935 debilibusque
3685 4880 3798 4919 mox

2225 4965 2437 5018 dividit.
2474 4963 2597 5016 Post
2619 4963 2951 5030 aliquantum
2983 4976 3110 5015 vero
3134 4965 3386 5028 temporis
3411 4959 3585 5029 Spatiu
3612 4979 3664 5020 τι,
3687 4959 3797 5028 quia

2231 5072 2420 5124 magna
2461 5057 2641 5123 opinio
2672 5056 2840 5122 ipsius
2887 5054 3027 5121 apud
3076 5070 3263 5108 omnes
3304 5053 3643 5107 Alcszmdrize
3696 5059 3803 5105 crat

2231 5150 2448 5219 (quippe
2493 5147 2583 5216 qui
2633 5157 2685 5201 et
2725 5147 3036 5201 misericors
3065 5153 3230 5208 esset,
3272 5154 3326 5199 et
3372 5145 3422 5197 in
3474 5146 3681 5197 cultura
3719 5145 3801 5195 Dei

2234 5240 2526 5309 praeclarus
2577 5246 2632 5292 et
2678 5236 2878 5300 senior,
2931 5237 3018 5305 qui
3048 5235 3160 5303 iam
3212 5250 3378 5303 usque
3428 5234 3491 5287 ad
3534 5235 3802 5286 cetitesiuii

2235 5345 2447 5401 quoque
2477 5330 2599 5382 anni
2629 5329 2893 5382 curricula
2944 5327 3295 5395 pervenisset,
3328 5327 3467 5392 quod
3516 5342 3615 5393 ego
3656 5326 3803 5378 etiam

2237 5422 2326 5493 qui
2368 5437 2487 5475 cum
2541 5420 2630 5473 illo
2660 5421 2749 5472 diu
2794 5418 3019 5480 fueram,
3061 5417 3190 5471 satis
3234 5417 3603 5482 agnoveram),
3631 5414 3805 5467 erube~

2244 5514 2428 5569 scebat
2456 5527 2576 5566 eum
2610 5512 2759 5580 virgo
2792 5517 3086 5564 memorata
3132 5523 3295 5577 super
3336 5506 3467 5575 ipsis
3505 5506 3693 5559 s-ilidis
3729 5504 3805 5555 ad-

2246 5620 2488 5660 munere.

2319 5698 2396 5750 Ad
2426 5704 2756 5764 postremum
2789 5702 2909 5747 cuni
2950 5692 3097 5746 illum
3152 5690 3286 5743 forte
3316 5688 3367 5742 in
3407 5686 3632 5741 ceclesia
3677 5698 3813 5751 repco

2251 5789 2429 5856 rissct,
2489 5787 2813 5858 alloquitur:
2847 5785 3006 5854 Quid,
3052 5781 3236 5853 inquit,
3268 5779 3449 5851 iubes,
3501 5790 3710 5849 precor,
3759 5771 3814 5829 de
