3982 6354
239 361 344 420 257

1457 369 1868 427 llERACLlDlS
1904 367 2310 426 PARADISUS.

3401 362 3509 420 258

235 476 508 545 lapidibus
542 475 669 546 illis,
720 491 817 546 pro
863 477 1055 548 quibus
1080 480 1397 552 quingentos
1437 483 1637 538 solidos
1674 482 1824 538 dedi-
1855 491 1899 545 Α
1933 482 2021 550 qui
2056 483 2406 552 undecunque
2431 479 2665 537 convicti
2693 483 2744 537 in
2771 489 2993 552 peccato
3015 494 3253 552 vapulart
3276 480 3510 539 meruit.

234 575 386 624 mus?
425 569 523 622 Cui
569 569 658 623 illc
689 571 1104 639 responditzEx
1154 589 1282 642 quo,
1326 573 1519 644 inquit,
1561 575 1690 628 mihi
1727 589 1821 627 au-

231 675 354 714 rum
379 658 595 725 dedisti,
629 674 696 714 ex
732 675 797 714 eo
834 661 960 715 illud
989 677 1086 730 pro
1121 665 1292 732 pretio
1317 663 1556 732 ipsorum
1582 665 1817 734 lapidum

229 752 375 816 dedi,
421 761 476 806 et
518 753 565 807 si
604 758 787 806 venire
837 754 1135 822 desideras,
1170 770 1233 809 ac
1270 755 1451 810 videre
1503 756 1720 809 eosdem
1765 753 1818 807 in

231 835 470 914 hospitio
499 860 620 900 meo
651 846 783 915 (illic
812 849 953 900 enim
980 847 1208 918 jacent),
1235 848 1358 902 veni
1387 857 1440 902 et
1479 847 1600 900 vide
1631 847 1675 901 si
1705 861 1820 916 pos-

230 947 359 992 sunt
403 938 496 991 tibi
547 939 786 1006 placere;
839 940 923 993 sin
965 940 1164 1004 minus,
1202 955 1392 994 aurum
1439 940 1636 994 referes
1675 939 1816 1010 quod
1869 1013 1876 1018 ν

229 1031 453 1086 dedisti.
479 1032 596 1096 Quo
629 1031 718 1086 illa
763 1033 988 1087 libenter
1026 1033 1236 1096 audito,
1278 1031 1344 1086 ad
1387 1033 1681 1102 presbyteri
1722 1032 1819 1086 do-

231 1138 380 1176 mum
416 1125 606 1191 pergit,
649 1123 700 1176 in
751 1125 904 1192 cujus
951 1126 1321 1194 superioribus
1353 1123 1566 1178 feminae
1613 1124 1817 1180 debiles

228 1213 598 1278 habebantur;
653 1217 703 1268 in
743 1215 1087 1271 inferioribus
1117 1229 1295 1272 autem
1329 1219 1448 1274 viri.
1501 1218 1597 1274 Ubi
1637 1228 1813 1274 autem

225 1319 352 1358 cum
383 1321 445 1359 ea
498 1307 637 1359 intra
681 1308 878 1374 ptimas
907 1307 1049 1362 fores
1095 1309 1386 1377 ingreSsus,
1421 1307 1552 1362 dicit
1589 1309 1761 1362 eidem
1797 1324 1812 1362 :

221 1397 362 1462 Quid
405 1397 482 1451 vis
515 1399 741 1465 primum
773 1399 978 1464 videre,
1025 1399 1339 1470 hyacinthos
1369 1416 1436 1453 an
1459 1399 1815 1471 smaragdos?

221 1493 293 1545 At
316 1491 405 1544 illa
433 1507 446 1543 :
472 1490 624 1558 Quod
645 1490 893 1560 jnsseris.
941 1492 1093 1544 Ducit
1120 1494 1297 1562 itaque
1321 1509 1437 1548 eam
1463 1493 1527 1546 ad
1567 1494 1812 1561 superio-

219 1596 313 1635 res
341 1583 535 1635 domus
565 1593 764 1650 partes,
802 1581 1145 1653 ostenditque
1183 1583 1231 1638 ei
1269 1583 1560 1638 conscissis
1587 1573 1813 1638 feniinas

215 1655 500 1739 membris,
541 1682 597 1728 et
635 1674 874 1730 vultibus
895 1675 1018 1728 totis
1052 1675 1200 1730 varia
1235 1677 1582 1732 morbositate
1613 1676 1813 1731 lacera-

218 1768 310 1831 tis,
341 1767 525 1820 dicens
547 1767 612 1820 ad
644 1782 761 1820 eam
789 1785 802 1820 :
826 1767 914 1822 Isti
944 1777 1069 1822 sunt
1094 1766 1388 1839 hyacinthi.
1423 1767 1549 1822 lude
1581 1768 1808 1824 descen-

1924 583 2074 639 seut,
2122 581 2446 629 memoratas
2494 574 2878 644 amplectentes
2936 574 3186 644 arbores,
3233 585 3289 630 et
3329 583 3507 632 certas

1923 673 2074 735 tergo
2113 666 2437 734 accipientes
2485 664 2664 736 plagas
2719 665 3141 722 dimittebantur.
3194 666 3289 720 Est
3343 667 3504 720 etiam

1923 755 2064 809 circa
2097 757 2267 826 ipsam
2295 758 2577 813 ecclesiam
2607 758 2761 826 cella,
2785 759 3082 829 suscipiens
3113 759 3420 828 peregrinos
3441 772 3505 812 ac

1924 860 2184 914 pauperes
2223 848 2412 902 fratres
2444 864 2458 901 :
2490 848 2542 902 in
2582 863 2682 917 qua
2722 863 2842 904 cum
2891 847 3194 917 acceperint
3241 848 3500 902 advenam

1920 937 2233 1007 quemlibet,
2264 954 2361 1008 per
2384 949 2584 993 tantum
2616 938 2725 994 illic
2753 948 2960 1008 tempus
2991 939 3162 1004 alunt,
3195 941 3365 993 donec
3387 939 3503 1008 ipse

1921 1029 2132 1096 propria
2168 1029 2435 1084 voluntate
2482 1029 2744 1096 discedat,
2799 1031 3018 1086 biennio
3049 1046 3110 1085 ac
3154 1032 3410 1096 triennio,
3455 1033 3500 1086 si

1921 1118 2152 1172 voluerit
2197 1119 2340 1186 quis,
2373 1119 2482 1174 illic
2524 1134 2738 1176 manere
2781 1136 2889 1174 non
2928 1121 3288 1199 prohibentes.
3335 1122 3502 1177 L‘nius

1918 1221 2096 1264 autem
2127 1213 2443 1278 septimana:
2481 1226 2544 1266 ex
2576 1227 2682 1281 quo
2722 1213 2977 1276 venisset,
3009 1215 3059 1268 ei
3081 1215 3246 1268 otium
3278 1215 3499 1279 dabant,

1920 1301 2158 1370 reliquos
2191 1316 2320 1356 vero
2341 1301 2458 1357 dies
2486 1303 2842 1371 quodcunque
2871 1319 3004 1374 opus
3034 1309 3281 1359 eumdem
3324 1289 3502 1359 facere

1919 1393 2213 1463 cogebant;
2264 1393 2701 1466 deputabantque
2757 1410 2880 1450 eum
2937 1404 3030 1450 aut
3081 1398 3350 1466 pistrinis,
3409 1407 3502 1451 ant

1919 1484 2166 1553 hortulis,
2214 1498 2308 1542 aut
2354 1486 2619 1557 coquinis.
2660 1488 2718 1543 Si
2766 1501 2946 1544 autem
2989 1489 3266 1544 honestior
3307 1490 3499 1560 aliquis

1918 1580 2204 1648 minusque
2224 1589 2379 1648 aptus
2403 1577 2705 1648 hnjusmodi
2728 1580 2979 1648 Operibus
3007 1579 3300 1648 videretur,
3321 1582 3500 1648 legen-

1914 1668 2038 1724 dum
2069 1671 2120 1726 ei
2145 1671 2396 1728 Codicem
2435 1671 2654 1739 dabant,
2687 1687 2982 1743 omnesque
3012 1689 3180 1744 usque
3220 1677 3270 1728 in
3305 1665 3501 1730 horam'

1912 1766 2118 1814 sextam
2147 1774 2176 1814 a
2207 1771 2495 1831 c0nspectu
2529 1762 2696 1830 ipsius
2721 1771 2776 1816 et
2795 1764 3223 1820 confabulatione
3251 1765 3498 1835 prohibe-

212 1857 372 1923 detis,
404 1861 638 1914 ostendit
659 1861 706 1914 ei
747 1861 951 1915 similes
981 1862 1032 1916 iu
1058 1860 1400 1916 interioribus
1428 1859 1594 1925 viros,
1623 1869 1678 1914 et
1701 1859 1804 1914 ait:
1840 1863 1886 1924 Β
1916 1852 2063 1908 bant.
2094 1854 2149 1909 lu
2211 1857 2313 1910 hoc
2360 1867 2543 1911 monte
2569 1865 2623 1910 et
2655 1857 2966 1924 p'acentarii
3013 1858 3276 1914 habentur
3315 1868 3368 1914 et
3399 1875 3498 1914 me

211 1947 312 2004 Isti
337 1959 460 2005 sunt
490 1950 758 2021 smaragdi
786 1967 798 2004 :
838 1952 881 2004 si
912 1951 1124 2020 placent
1148 1949 1276 2018 Ttihi,
1314 1950 1460 2020 ipsos
1489 1949 1801 2017 considera;

209 2042 300 2097 sin
327 2042 527 2107 minus,
555 2058 744 2097 aurum
769 2043 948 2112 recipe
974 2041 1116 2114 quod
1140 2043 1357 2098 dedisti.
1385 2043 1569 2113 Itaque
1590 2057 1805 2114 egreSsa

207 2144 296 2188 est
321 2135 556 2197 domum,
591 2136 760 2189 nimio
788 2134 985 2190 rubore
1022 2133 1268 2203 confusa,
1299 2145 1354 2190 et
1393 2136 1678 2206 plurimum
1711 2135 1808 2191 tri-

206 2226 337 2292 atis,
368 2226 490 2295 quia
540 2225 742 2282 videret
785 2241 845 2282 se
900 2227 986 2282 illa
1025 2227 1262 2282 voluisse
1311 2227 1487 2282 facere
1535 2243 1654 2297 qua:
1696 2228 1804 2282 Deo

206 2319 429 2387 placere
457 2334 560 2373 non
595 2328 829 2390 possent.
867 2321 1096 2389 Moxque
1134 2318 1506 2388 aegritudinem
1550 2319 1798 2383 incurrit,

207 2423 263 2465 ut
317 2411 506 2476 rediit;
549 2427 654 2466 non
695 2413 838 2468 enim
887 2413 991 2467 hoc
1030 2412 1321 2467 secundum
1354 2412 1446 2468 Dei
1475 2412 1679 2468 fecerat
1705 2393 1802 2467 vo-

205 2507 496 2572 luntatem,
540 2508 632 2561 sed
668 2509 941 2578 ingeniosa
981 2508 1078 2561 viri
1112 2506 1437 2562 sanctissimi
1467 2507 1790 2562 neces-italo

204 2599 508 2658 compulsa.
552 2598 714 2652 Paulo
773 2607 891 2668 post
931 2609 1110 2651 autem
1167 2597 1427 2650 maximas
1480 2598 1799 2669 presbytero

202 2687 413 2756 gratias
441 2687 567 2756 egit,
611 2699 830 2758 prepter
867 2687 1006 2758 quod
1041 2687 1235 2756 puella,
1262 2687 1414 2755 cujus
1446 2687 1663 2741 nimiam
1706 2701 1799 2741 cu-

202 2793 322 2832 r.-m
353 2780 591 2848 gerebat,
640 2791 802 2848 nupta
829 2779 1068 2850 quidem,
1119 2779 1216 2834 sed
1255 2777 1372 2834 sine
1401 2780 1630 2836 filiorum
1662 2781 1795 2836 edu-

200 2872 423 2924 catione
458 2871 701 2925 defuncta
729 2883 831 2928 est.

279 2960 416 3014 Cum
463 2963 624 3030 igitur
677 2979 771 3031 per
817 2962 1101 3017 triennium
1153 2963 1206 3018 in
1261 2964 1602 3020 monasteriis
1648 2967 1792 3035 (qua:

201 3056 347 3107 circa
401 3053 779 3108 Alexandriam
825 3061 925 3108 sita
980 3055 1124 3126 smn)
1164 3067 1528 3112 commoratus
1574 3056 1789 3110 fuissi-nt

200 3142 474 3214 (Pallud.,
519 3161 566 3198 ο.
613 3146 689 3214 7),
731 3157 783 3200 et
829 3145 1062 3214 Optimos
1105 3148 1212 3200 illic
1260 3147 1408 3200 viros
1453 3147 1791 3201 abstinentitn

1909 1945 2036 2000 dici.
2063 1944 2295 2002 Utuntur
2321 1961 2532 2018 quoque
2565 1947 2721 2014 vino;
2746 1965 2868 2002 nam
2896 1949 3003 2004 illic
3027 1951 3186 2004 etiam
3222 1951 3345 2006 vina
3367 1967 3497 2006 ven-

1907 2037 2132 2094 duntur.
2161 2040 2363 2096 Omnes
2392 2050 2570 2096 autem
2604 2041 2690 2096 isti
2719 2041 2964 2097 manibus
2988 2043 3280 2099 conficiunt
3310 2046 3496 2101 lintea-

1922 2145 2070 2196 men,
2099 2147 2164 2186 ex
2199 2130 2350 2202 cujus
2372 2134 2550 2202 operis
2576 2133 2938 2189 emolumento
2967 2135 3100 2190 nulli
3129 2151 3315 2192 eorum
3341 2138 3495 2207 quid-

1905 2237 2062 2292 quam
2083 2223 2265 2278 deficit
2285 2224 2351 2280 ad
2374 2224 2558 2280 vitam.
2589 2226 2682 2280 Est
2707 2237 2884 2282 autem
2910 2229 3153 2283 maxima:
3177 2231 3488 2301 voluptatis,

1903 2316 2044 2372 circa
2077 2318 2411 2388 vespertinas
2444 2319 2600 2374 horas
2627 2337 2692 2374 ex
2726 2336 3043 2389 unaquaque
3071 2323 3348 2379 tnansione
3376 2339 3492 2380 mo-

1904 2411 2201 2465 nacltorum
2233 2413 2408 2467 varias
2442 2413 2631 2468 audire
2680 2429 2861 2483 voces,
2893 2415 3130 2484 psalmos
3156 2417 3370 2471 Christo
3401 2433 3491 2472 ca-

1902 2499 2162 2556 nentium.
2192 2501 2308 2569 Quo
2353 2512 2590 2572 tempore
2638 2505 2683 2560 si
2714 2507 2832 2574 quis
2863 2508 3077 2562 assistat
3100 2516 3154 2562 et
3195 2509 3486 2581 diligenter

1901 2591 2164 2658 advertat,
2201 2595 2405 2664 putabit
2431 2611 2490 2650 se
2514 2597 2691 2652 subito
2722 2599 3013 2664 sublatum,
3051 2609 3106 2655 et
3136 2601 3188 2654 in
3229 2601 3478 2668 paradisi

1903 2686 2276 2742 constitutum.
2307 2688 2388 2744 Ad
2421 2689 2588 2756 ipsam
2621 2705 2748 2744 vero
2785 2692 3064 2746 ecclesiam
3103 2695 3220 2750 solo
3249 2695 3482 2752 Sabbato

1905 2787 1960 2833 et
1988 2779 2267 2835 Dominico
2294 2781 2382 2836 die
2411 2783 2700 2838 convenire
2728 2797 3143 2843 consueverunt.

1979 2869 2115 2924 Sunt
2160 2881 2337 2926 autem
2368 2872 2422 2924 in
2468 2874 2580 2940 ipsa
2629 2884 2753 2928 octo
2807 2877 3127 2947 presbyteri,
3180 2879 3317 2932 inter
3355 2894 3490 2946 quos

1902 2960 2138 3028 quandiu
2167 2963 2370 3031 primus
2403 2965 2683 3034 presbyter
2713 2966 2859 3031 vivit,
2887 2967 3065 3021 nullus
3097 2979 3289 3036 prmter
3313 2970 3484 3044 ipsum

1905 3053 2043 3105 alter
2066 3059 2158 3106 aut
2186 3067 2334 3107 Sacra
2366 3054 2524 3107 oll‘ert
2577 3055 2705 3119 Deo,
2740 3066 2828 3110 aut
2873 3067 3062 3112 tractat
3096 3058 3199 3128 (Ξ),
3233 3073 3322 3114 aut
3345 3062 3489 3130 judi~

1895 3154 1999 3207 cat,
2026 3143 2193 3214 θῇς
2229 3145 2324 3200 sed
2354 3143 2517 3199 silent
2542 3159 2776 3216 semper,
2811 3149 2925 3200 solo
2955 3164 3238 3205 consessus
3281 3152 3488 3207 honore

201 3236 497 3290 virtutibus
528 3236 819 3291 adornatus
851 3254 1018 3307 usque
1057 3240 1124 3292 ad
1154 3239 1260 3293 duo
1287 3241 1454 3292 millia
1488 3241 1787 3304 homintm,
1822 3246 1866 3309 ρ
1905 3236 2165 3289 contenti.
2199 3236 2291 3290 Ille
2325 3251 2454 3292 vero
2485 3237 2656 3306 major
2687 3240 2948 3307 Arsisius,
2976 3249 3031 3298 et
3057 3244 3146 3298 aiii
3185 3244 3337 3300 multi
3366 3262 3489 3302 cum

197 3325 680 3392 sanetissimosque
703 3325 978 3390 vidissem,
1008 3327 1132 3381 inde
1155 3329 1510 3390 descendens,
1544 3329 1608 3382 ad
1640 3344 1792 3383 mou-

196 3429 313 3473 tem
356 3420 441 3472 cui
500 3419 684 3473 Nitriae
731 3435 922 3472 nomen
973 3427 1056 3472 est
1101 3421 1244 3474 veni.
1277 3420 1330 3474 In
1384 3417 1576 3476 medio‘
1612 3431 1788 3474 autem

195 3509 366 3564 istius
397 3511 593 3566 montis
619 3520 673 3566 et
699 3511 1074 3565 Alexandrina:
1099 3512 1350 3575 civitatis,
1389 3514 1668 3581 interjncet
1711 3514 1789 3565 la-

195 3620 301 3659 cus
328 3605 416 3672 qni
452 3604 627 3658 Mante
669 3604 927 3659 vocabulo
955 3606 1279 3668 nominatur,
1325 3621 1417 3674 per
1448 3606 1787 3672 septuaginta

194 3696 433 3751 millium
487 3697 660 3762 Spatia
691 3696 934 3750 diliusus.
985 3697 1153 3761 Quem
1203 3712 1323 3750 eum
1359 3712 1463 3750 uno
1506 3713 1568 3750 ac
1611 3697 1790 3750 medio

194 3787 642 3842 transfretassent
687 3789 796 3850 die,
829 3790 895 3842 ad
945 3789 1291 3844 meridianam
1343 3804 1548 3860 partem
1585 3791 1788 3858 prmlut'i

193 3881 405 3938 montis
437 3881 661 3935 acres.~i.
702 3881 798 3934 Cui
849 3882 1015 3935 monti
1060 3883 1270 3950 penitus
1299 3883 1508 3936 deserta
1538 3883 1789 3955 adjacent

194 3971 345 4034 loca,
379 3986 496 4040 quae
527 3969 858 4040 Aithiopiam
894 3988 1061 4041 mque
1103 3972 1411 4034 tenduntur,
1443 3985 1496 4028 et
1525 3991 1690 4042 usque
1723 3979 1787 4032 ad

193 4063 460 4118 Mazicum
487 4062 552 4116 ad
582 4062 935 4117 mauritnnnm
957 4065 1152 4118 solum.
1184 4065 1237 4118 ln
1269 4080 1375 4134 quo
1409 4077 1589 4122 monte
1621 4069 1784 4139 dege-

193 4157 333 4209 bant
371 4155 608 4224 qninque
647 4155 810 4208 millia
843 4157 924 4227 (ut
971 4157 1226 4226 arbitror)
1274 4159 1535 4224 virorum,
1577 4162 1666 4231 qui
1709 4164 1790 4218 di-

193 4260 416 4300 versum
465 4247 728 4314 propositi
753 4247 831 4300 sui
864 4249 1045 4302 institu
1072 4265 1161 4301 um
1188 4263 1452 4318 tenentes,
1490 4265 1646 4321 prout
1679 4256 1787 4311 vel-

192 4341 313 4393 lent
346 4347 670 4406 possentque
695 4339 963 4406 vivebant,
1006 4341 1077 4394 ita
1109 4351 1165 4396 ut
1211 4343 1299 4396 alii
1340 4343 1555 4412 quidem
1601 4347 1788 4404 liceret

192 4443 422 4483 manere
466 4428 508 4482 si
541 4443 780 4497 cuperet,
821 4430 957 4484 alius
996 4445 1116 4484 cum
1161 4447 1267 4486 uno
1300 4443 1502 4488 tantum
1545 4435 1714 4493 fratre
1743 4439 1788 4494 si

191 4523 384 4587 vellet,
428 4523 566 4577 alius
595 4539 714 4577 cum
758 4524 1122 4591 multitudine,
1160 4527 1205 4579 si
1253 4528 1354 4583 hoc
1400 4529 1782 4598 desiderasset,

1903 3327 2022 3396 ipso
2051 3341 2212 3382 senes
2240 3329 2589 3391 sanetissitni,
2624 3345 2758 3398 quos
2785 3341 2839 3385 ct
2883 3334 2996 3402 ipse
3027 3344 3151 3388 tunc
3181 3336 3310 3403 vidi,
3344 3339 3488 3405 ejus-

1899 3417 2023 3471 dem
2056 3421 2311 3487 temporis
2361 3419 2515 3488 cujus
2547 3430 2600 3474 et
2643 3421 2830 3478 beatus
2863 3425 3130 3480 Antoaius
3175 3437 3360 3494 erant;
3393 3429 3485 3499 qui

1894 3510 2051 3564 nobis
2089 3513 2250 3566 etiam
2279 3525 2521 3568 sanctum
2556 3517 2874 3572 Ammonem
2907 3518 3186 3575 Nitriotem
3226 3538 3285 3577 se
3328 3539 3486 3580 nosse

1898 3601 2108 3656 diccbat
2134 3621 2147 3668 ;
2182 3605 2353 3673 illum,
2395 3607 2547 3675 cujus
2577 3610 2805 3663 animam
2831 3611 2954 3665 dum
2985 3613 3051 3667 ab
3081 3615 3287 3685 angelis
3315 3618 3484 3673 ferre-

1896 3700 1982 3747 tur
2010 3695 2074 3746 ad
2119 3697 2338 3763 cmlum,
2383 3699 2513 3752 vidit
2565 3703 2850 3756 Antonius.
2909 3703 3004 3758 llic
3051 3722 3178 3776 ergo
3221 3709 3484 3766 referebat

1891 3786 2033 3853 quod
2065 3798 2117 3839 et
2149 3787 2497 3843 l’achominm
2525 3791 2970 3848 Ttlbt'lllltslnlmll
3000 3798 3286 3865 aliquando
3318 3801 3478 3854 vidis-

1891 3886 1991 3941 set,
2029 3879 2196 3932 vitum
2232 3881 2538 3950 prephetica
2572 3884 2737 3952 gratia
2769 3885 2992 3948 clarum,
3023 3895 3076 3940 et
3109 3889 3158 3941 in
3205 3900 3472 3946 monaste-

1893 3971 1975 4022 rio
2007 3971 2102 4023 tria
2139 3973 2300 4025 millia
2333 3974 2713 4028 monachorum
2746 3984 3048 4046 regentem;
3081 3978 3149 4034 de
3187 3981 3338 4050 cujus
3369 3983 3478 4038 vir-

1893 4060 2096 4113 tutibus
2124 4072 2239 4129 post
2272 4063 2540 4131 paululum
2569 4066 2770 4131 loquar.

1966 4153 2138 4222 Ipsum
2170 4165 2346 4210 autem
2381 4157 2698 4212 Ammonem
2752 4159 2807 4211 in
2851 4159 2994 4214 hunc
3043 4177 3245 4217 morem
3274 4165 3474 4222 vixisse

1889 4241 2137 4298 dicebat:
2164 4246 2292 4300 Cum
2325 4254 2490 4312 esset,
2523 4247 2714 4317 inquit,
2749 4265 2880 4319 puer
2911 4265 2940 4304 a
2985 4255 3292 4321 parentibus
3321 4257 3478 4314 dere-

1891 4335 2064 4400 lictus,
2106 4346 2160 4391 et
2209 4337 2271 4390 ad
2307 4338 2492 4407 viginti
2551 4341 2775 4393 duorum
2830 4344 3160 4410 pervenisset
3193 4362 3472 4402 numerum

1890 4443 2176 4494 annorum,
2215 4431 2412 4485 invitus
2459 4431 2523 4485 ab
2563 4437 2826 4486 avunculo
2873 4451 2972 4488 suo
3003 4441 3324 4492 matrimonii
3358 4443 3478 4496 vin-

1890 4521 2024 4574 culis
2053 4521 2284 4592 illigatus
2323 4531 2405 4577 est
2447 4522 2710 4592 (Pal'ad.,
2741 4543 2786 4580 ε.
2819 4528 2900 4596 8).
2933 4528 3029 4583 Cui
3060 4546 3180 4584 cum
3222 4536 3476 4591 resistere

191 4613 492 4668 habitaret.
520 4615 638 4680 Qun
671 4615 722 4669 in
757 4625 936 4670 monte
962 4626 1067 4672 tam
1109 4619 1424 4674 memoratis
1455 4636 1612 4688 quam
1654 4621 1781 4689 illis,

1904 4625 1998 4662 rion
2032 4622 2211 4679 posset
2233 4613 2278 4667 ei
2311 4627 2433 4680 quae
2460 4629 2490 4666 a
2521 4627 2741 4684 parente
2771 4618 3114 4686 ingerebatur
3145 4624 3472 4691 necessitati,

191 4707 286 4770 qni
339 4711 404 4757 ad
457 4705 677 4758 ultimas
723 4720 781 4759 se
822 4705 1136 4760 solitudines
1182 4708 1460 4761 contulere
1513 4709 1781 4764 sexcentis

191 4797 356 4858 vitis,
401 4805 606 4864 septem
653 4797 894 4865 pistrinis
946 4799 1197 4852 alimenta
1243 4799 1570 4867 prmhentur.
1614 4800 1780 4869 Hujus

191 4889 360 4958 igitur
388 4892 588 4941 montis
613 4902 706 4956 per
736 4896 904 4941 totum
936 4905 1133 4942 annum
1175 4905 1304 4943 usus
1332 4889 1586 4958 h05pitio,
1611 4891 1777 4959 pluri-

189 4994 450 5050 “nutuque
493 4997 521 5034 a
556 4980 724 5034 beatis
769 4980 1012 5034 Patrihus
1054 4981 1347 5034 instructus
1388 4991 1438 5033 et
1470 4981 1682 5047 doctus,
1711 4979 1780 5033 ab

189 5073 408 5127 Arsisio
451 5071 678 5141 majore,
701 5084 752 5126 et
784 5071 1094 5135 Putnbasto,
1126 5072 1353 5142 Agione,
1402 5073 1696 5140 Serapione
1726 5084 1781 5130 et

188 5163 454 5227 Chronio,
489 5162 772 5231 multisque
809 5160 1076 5216 seniorum
1111 5163 1471 5230 spiritualium
1506 5164 1786 5218 relationi-

194 5257 297 5308 lms
319 5270 483 5324 super
507 5255 568 5307 iis
598 5254 686 5322 qni
711 5265 833 5307 ante
856 5255 1000 5322 ipSHS
1029 5255 1260 5322 fuerant,
1293 5256 1568 5324 incitatus,
1611 5272 1780 5328 usque

190 5348 260 5401 ad
303 5347 406 5399 alia
430 5345 734 5399 solitudinis
768 5347 878 5399 loca
923 5347 1192 5401 interioris
1231 5349 1458 5402 accessi.

265 5438 322 5492 ln
350 5437 466 5504 ipso
505 5447 681 5492 autem
707 5437 888 5492 Nitrizn
919 5450 1102 5493 monte
1127 5456 1282 5492 unam
1307 5440 1588 5494 ecclesiam
1613 5441 1780 5494 maxi-

191 5546 338 5584 tnam
374 5529 503 5591 vidi,
529 5529 584 5582 in
609 5546 709 5596 qua
753 5537 880 5584 sunt
920 5539 1028 5583 tres
1059 5532 1281 5584 arbores
1324 5533 1679 5603 dactylomm,
1711 5548 1774 5588 ex

189 5622 390 5690 quibus
429 5621 652 5688 singulis
702 5620 908 5691 singula
955 5621 1116 5690 ﬂagra
1161 5622 1465 5690 dependent
1502 5642 1515 5676 :
1551 5641 1775 5693 quorum

191 5730 304 5770 uno
334 5714 482 5784 it'qui
510 5723 732 5784 peccant
758 5717 1002 5770 monachi
1027 5716 1400 5784 verberantur,
1421 5719 1525 5774 alio
1543 5721 1777 5774 latrones

192 5806 267 5875 (si
310 5805 593 5860 inciderint
629 5803 1120 5878 f9ﬂc)(‘£0dllllllll‘;
1154 5811 1312 5865 tertio
1357 5810 1546 5867 delicta
1587 5825 1774 5867 eorum

1892 4701 2023 4756 etin
2056 4703 2250 4770 nllplils
2277 4718 2460 4770 jussus
2506 4715 2588 4759 est
2617 4708 2884 4769 coronari,
2928 4717 2983 4761 et
3022 4708 3075 4762 in
3125 4710 3360 4767 thalamo
3387 4729 3472 4768 se-

1892 4794 2020 4848 dere
2052 4797 2360 4862 cntnpulsns
2386 4806 2490 4863 est,
2525 4805 2578 4850 ct
2627 4799 2802 4850 omnia
2836 4799 3098 4867 patienter
3129 4802 3353 4858 s:tll'erre
3381 4820 3474 4859 so-

1891 4885 2086 4939 lemnia
2117 4889 2419 4954 nuptiarum
2448 4901 2666 4942 comtus
2697 4905 2726 4944 e
2761 4900 2798 4944 t.
2829 4890 3111 4960 Postquam
3143 4902 3320 4948 autem
3355 4902 3473 4951 uni-

1889 4971 2029 5033 versi
2067 4995 2094 5032 a
2128 4980 2361 5034 thalamo
2411 4993 2750 5036 recesserunt
2795 4982 2948 5036 novis
2973 4986 3151 5051 nuptis
3183 4985 3236 5039 in
3278 4986 3472 5044 lectulo

1888 5072 2188 5140 collocatis,
2231 5085 2453 5128 sanctus
2485 5076 2709 5126 Ammon
2739 5073 2909 5143 surgit
2946 5089 2978 5128 e
3032 5074 3096 5130 let
3119 5076 3251 5144 tulo,
3276 5079 3470 5136 ostium

1890 5164 2112 5229 claudit,
2146 5175 2409 5233 vocatque
2440 5164 2681 5218 residens
2708 5164 3042 5220 benedictum
3077 5167 3241 5234 illam,
3269 5179 3325 5225 et
3348 5187 3471 5226 vere

1891 5257 2200 5311 unanimem
2251 5259 2530 5325 conjugem
2580 5272 2754 5322 suam,
2798 5257 3020 5312 dicens:
3058 5258 3216 5326 chi,
3274 5261 3463 5332 inquit,

1887 5348 2127 5412 domita,
2181 5357 2238 5401 ut
2269 5348 2364 5402 tibi
2417 5363 2631 5401 causam
2664 5349 2832 5416 ipsam
2887 5351 3043 5419 hujus
3078 5352 3470 5422 conjunctiouis

1887 5456 2177 5509 exponam.
2237 5440 2444 5508 Nuptias
2478 5448 2675 5493 nostra:
2725 5441 2829 5496 huc
2875 5455 3045 5512 usque
3088 5453 3213 5499 sunt
3240 5456 3465 5511 tantum,

1887 5533 2126 5602 nihilque
2157 5535 2206 5586 in
2239 5548 2298 5586 se
2326 5532 2558 5599 amplius
2588 5532 2816 5596 habent;
2852 5534 2990 5588 bene
3022 5550 3150 5604 ergo
3185 5535 3464 5604 faciemus,

1886 5627 1927 5682 si
1959 5629 2027 5682 de
2059 5628 2262 5695 reliquo
2285 5626 2510 5695 quisque
2539 5637 2778 5682 nostrum
2811 5628 3092 5696 separatim
3122 5631 3382 5697 quiescat,
3412 5639 3463 5683 ut

1885 5719 2098 5775 Christo
2131 5719 2342 5789 placere
2368 5719 2631 5785 pOSaimtlS
2664 5721 2708 5774 si
2755 5721 2949 5774 intacta
2984 5719 3286 5790 virginitate
3319 5720 3465 5773 viva-

1885 5826 2022 5870 mus.
2058 5809 2324 5866 Prulatum
2375 5819 2550 5862 autem
2583 5811 2648 5866 de
2679 5810 2808 5865 sinu’
2833 5825 3050 5868 oarvum
3100 5807 3332 5863 libellum
3373 5822 3466 5865 ne-
