3982 6354
484 299 587 358 259

1596 300 1937 358 ΑΡΡΕΝΒΙΧ
1978 298 2072 358 AD
2116 300 2312 359 VITAS
2348 300 2657 357 PATRUM.

3656 308 3760 365 260

482 421 677 480 scienti
729 420 1033 488 Scripturas
1076 425 1289 473 sanctas
1321 416 1515 486 puella:
1551 431 1615 472 ex
1649 424 1877 486 persona
1926 417 2067 485 Apo-
2095 419 2141 474 Α
2172 417 2389 471 ﬂuvium
2419 418 2538 472 navi
2570 432 2670 488 ego
2700 431 2819 472 cum
2872 424 3018 473 metu
3053 420 3297 474 transivi.
3345 420 3437 475 Est
3480 422 3625 478 enim
3654 422 3761 481 ξιιξο

480 513 604 570 stoli
637 527 700 567 ac
747 510 1047 567 Salvatoris
1093 509 1323 578 legebat,
1354 508 1439 562 cui
1486 507 1702 587 lectioni
1737 507 1837 559 alia
1867 521 2061 561 secun-

481 605 608 659 duttt
641 618 856 657 sensum
887 617 1039 655 suum
1072 601 1228 667 longe
1260 600 1407 668 plura
1436 597 1787 667 conjungens,
1821 613 2061 665 esponec

485 697 575 751 bat
600 697 775 751 eidem
820 695 1085 749 castitatis
1123 692 1543 762 virginitatisque
1574 694 2062 758 conversationem,

484 798 541 842 ut
572 789 657 842 illa
693 795 812 855 post.
840 785 1256 839 satisfactionem
1308 786 1356 836 itt
1402 783 1509 835 irtu
1556 783 1724 851 gratia
1768 782 2065 835 divinitatis

484 880 701 946 impleta
731 878 933 931 diceret
960 892 975 930 :
1002 877 1124 929 Mihi
1165 889 1372 942 quoque
1420 889 1731 942 persuasum
1760 874 1919 937 scias,
1966 873 2064 926 do-

486 979 649 1037 mine,
678 982 881 1024 castam
922 969 1081 1021 vitam
1128 967 1356 1020 libenter
1382 965 1651 1033 amplecti.
1678 965 1813 1029 Quid
1843 966 2066 1034 ergoju-

483 1063 612 1118 bere
659 1063 888 1129 amplius
914 1060 1043 1113 velis
1094 1068 1369 1123 exspecto.
1403 1057 1497 1110 Cui
1542 1058 1653 1115 ille,
1688 1057 1817 1118 lloc,
1867 1059 2058 1124 inquit,

482 1154 643 1224 iubeo
670 1165 722 1207 et
750 1167 896 1223 rogo,
932 1162 987 1204 ut
1018 1150 1381 1219 unusquisque
1411 1161 1650 1201 tt05trunt
1679 1149 1969 1217 separatim
1998 1149 2067 1203 ab

481 1241 583 1302 hoc
614 1250 698 1301 die
737 1256 965 1299 maneat.
998 1247 1076 1298 Ad
1106 1246 1246 1313 quod
1282 1246 1370 1297 illa
1402 1259 1506 1297 non
1538 1244 1822 1313 acquievit,
1848 1246 2061 1299 dicens:

480 1337 536 1393 ln
565 1338 747 1392 eadem
777 1336 989 1403 quidem
1024 1335 1180 1397 cella,
1208 1334 1300 1388 sed
1333 1336 1384 1386 in
1417 1335 1497 1387 lec
1524 1335 1624 1387 olis
1654 1336 1915 1403 separatis
1947 1350 2062 1388 nta-

487 1444 616 1483 nere
644 1427 917 1481 debt'lltus.
962 1427 1203 1494 Cumque
1233 1425 1333 1478 hoc
1363 1425 1605 1493 utrisque
1639 1425 1941 1492 placuisset,
1974 1424 2068 1479 de-

479 1533 594 1574 cem
625 1527 679 1572 et
706 1529 827 1572 octo
855 1532 1027 1570 annos
1058 1516 1323 1579 vixerunt,
1358 1516 1428 1567 ita
1459 1524 1514 1569 ut
1546 1515 1641 1568 illa
1684 1514 1899 1583 quidem
1943 1515 2065 1569 totis

476 1613 670 1667 diebus
697 1620 839 1666 esset
886 1609 939 1663 itt
973 1609 1133 1672 cella,
1178 1608 1267 1662 ille
1315 1619 1490 1661 autem
1521 1607 1792 1661 insisteret
1820 1608 1967 1677 operi
2012 1606 2064 1660 in

384 1732 390 1743 -
476 1702 689 1758 hortulo
718 1717 875 1768 quem
909 1700 1141 1761 colebat,
1174 1707 1229 1754 et
1271 1698 1564 1752 balsamum
1596 1712 1659 1751 ea
1701 1714 1803 1768 qua
1855 1698 2058 1767 peritus

2170 508 2430 563 derivatio
2458 509 2700 579 quasdam
2733 509 2907 578 magni
2938 509 3081 565 illius
3110 510 3349 567 ﬂuminis
3378 512 3508 568 Nili.

2242 601 2298 655 In
2335 602 2436 657 ltoc
2460 604 2622 658 etiam
2655 605 2746 672 qui
2784 602 2982 659 Nitrias
3009 606 3204 662 dicitur
3226 619 3430 675 monte,
3463 611 3760 666 monachus

2168 702 2285 748 erat
2314 695 2552 763 quidam,
2604 697 2689 751 cui
2725 696 2836 750 llor
2887 696 2984 751 fuit
3034 714 3228 756 nomen
3281 699 3547 772 (Pallad.,
3596 719 3644 756 c.
3677 703 3755 772 9),

2168 785 2319 854 cujus
2343 788 2591 840 virtutem
2625 787 2910 839 multorum
2942 788 3157 856 quidem
3192 790 3416 845 fratrum
3453 792 3761 847 testimonia

2169 877 2599 946 prmdicabant',
2631 879 2935 947 specialiter
2967 892 3141 935 tamen
3175 882 3366 936 ancilla
3393 882 3486 937 Dei
3517 886 3760 948 Melania,

2170 983 2291 1036 quae
2316 978 2441 1023 ante
2483 985 2567 1021 me
2598 970 2662 1021 ad
2699 970 2812 1023 lota
2844 969 3009 1038 ipsius
3052 971 3247 1025 montis
3276 988 3607 1041 accesserat;
3641 992 3762 1030 nam

2171 1071 2272 1123 ego
2303 1057 2646 1125 superstitem
2696 1062 3058 1127 supradictum
3092 1062 3262 1113 virum
3314 1063 3495 1118 videre
3534 1082 3638 1118 non
3672 1081 3765 1133 po-

2172 1152 2268 1205 tui.
2305 1151 2381 1205 lla
2400 1166 2430 1205 c
2460 1167 2589 1219 ergo
2617 1151 2685 1205 de
2714 1156 3138 1208 conversationis
3167 1155 3286 1223 ejus
3319 1158 3607 1211 virtutibus
3628 1158 3765 1212 refe-

2171 1241 2344 1304 rebat,
2389 1241 2528 1310 quod
2562 1258 2661 1296 nec
2691 1246 2947 1298 mentitus
2997 1261 3226 1313 unquam
3258 1247 3444 1314 fuerit,
3488 1264 3587 1302 nec
3616 1249 3762 1315 jora-

2168 1336 2323 1396 verit,
2356 1348 2455 1386 nec
2487 1334 2827 1389 tnaledixerit
2864 1337 3132 1405 cuiquam,
3158 1353 3255 1392 nec
3296 1339 3411 1394 sine
3439 1340 3761 1396 necessitate

2168 1426 2342 1494 aliqua
2365 1426 2433 1479 sit
2465 1426 2695 1481 locutus.

2242 1514 2409 1583 llujus
2465 1518 2663 1570 montis
2712 1516 2983 1570 habitator
3041 1525 3097 1572 et
3146 1517 3334 1573 beatus
3390 1519 3592 1575 Pambo
3647 1522 3759 1576 fuit.

2168 1598 2335 1674 Quem
2368 1616 2422 1660 et
2455 1607 2741 1661 Dioscorus
2771 1608 3075 1677 episcopus,
3110 1620 3166 1664 et
3204 1614 3540 1677 Ammonius,
3575 1624 3628 1668 et
3662 1614 3761 1667 Eu-

2172 1699 2375 1764 sebius,
2405 1708 2459 1753 et
2510 1698 2839 1770 Eutltymius
2887 1701 3101 1765 fratres,
3146 1713 3199 1755 et
3228 1705 3509 1771 Urigcnes,
3541 1716 3596 1758 et
3644 1709 3762 1759 Dra-

476 1806 592 1850 erat
620 1805 735 1848 arte
776 1792 1086 1846 conficeret.
1132 1790 1283 1859 Quod
1319 1801 1499 1846 tamen
1547 1789 1843 1844 balsamum
1896 1793 2062 1845 multo
2096 1805 2143 1865 Β
2169 1793 2376 1845 contius
2427 1791 2527 1845 viri
2591 1790 2933 1845 admirabiles
2976 1802 3030 1848 et.
3082 1809 3247 1864 nepos
3289 1797 3367 1865 (5)
3399 1837 3414 1861 ,
3468 1797 3762 1854 habuerunt

477 1882 660 1941 labore
691 1883 757 1935 ad
793 1881 1081 1950 imaginem
1110 1882 1387 1934 vinearum
1419 1892 1473 1935 et
1517 1881 1807 1951 platttatur,
1840 1891 1894 1936 et
1937 1884 2069 1936 coli-

479 1986 589 2039 tur,
623 1984 677 2029 et
715 1982 951 2044 putatur.
1006 1973 1331 2041 Vespertinis
1376 1982 1554 2027 autem
1605 1973 1752 2027 boris
1790 1990 2071 2045 regressus

478 2068 698 2121 domum
735 2065 1067 2119 orationibus
1115 2058 1295 2128 factis,
1328 2073 1532 2120 etcum
1559 2065 1746 2119 eadem
1778 2067 1900 2121 cibo
1929 2082 2070 2121 surn-

478 2171 566 2229 pto
597 2201 614 2227 ,
642 2174 702 2213 ac
730 2175 915 2213 rursus
945 2158 1218 2212 not-turnis
1258 2159 1505 2227 precibus
1533 2175 1598 2213 ex
1646 2174 1794 2213 more
1819 2159 2068 2216 celebra-

480 2253 564 2318 tis,
596 2250 658 2306 ad
686 2266 822 2319 opus
851 2251 1066 2305 solitum
1111 2251 1279 2318 primo
1311 2266 1467 2304 mane
1500 2252 1768 2320 pergebat.

547 2346 754 2396 Interea
804 2342 927 2396 ilum
976 2357 1161 2396 eorum
1212 2352 1355 2395 esset
1404 2342 1519 2396 hec
1562 2344 1689 2409 vita,
1744 2343 1959 2398 exclusa
1994 2344 2060 2399 ab

483 2444 709 2512 utroque
741 2438 948 2504 penitus
970 2434 1113 2488 onmi
1136 2434 1431 2502 corporalis
1460 2434 1705 2488 illecebra
1733 2435 1997 2503 passionis
2022 2437 2062 2499 ί,

481 2526 729 2580 oratione
761 2527 931 2580 sancti
973 2525 1023 2579 id
1072 2526 1212 2595 quod
1253 2526 1539 2594 aliquando
1581 2526 1889 2596 cupiebant,
1925 2526 2063 2581 obii.

480 2634 608 2674 nere
639 2627 937 2687 cmperunt.
977 2618 1060 2670 Ait
1086 2619 1226 2671 enim
1252 2619 1425 2671 cidem
1455 2617 1520 2670 ad
1552 2628 1878 2686 postremum
1910 2621 2060 2673 beata

476 2709 569 2765 illa
597 2727 611 2764 :
642 2710 883 2774 Deinine,
912 2710 1105 2778 inquit,
1135 2709 1227 2773 mi,
1266 2708 1439 2764 habeo
1464 2709 1604 2778 quod
1636 2710 1842 2775 dicam;
1878 2710 1927 2763 iit
1958 2727 2062 2780 quo

481 2804 526 2854 si
563 2816 647 2855 me
677 2799 932 2865 audieris,
967 2800 1276 2869 probabitur
1304 2799 1433 2854 mihi
1463 2801 1600 2867 quod
1653 2816 1737 2855 me
1765 2803 2059 2856 secundum

478 2894 645 2948 Deum
690 2893 762 2947 dtl
786 2894 886 2962 gis.
920 2893 1175 2946 Hortatur
1224 2892 1313 2945 ille
1345 2901 1403 2946 ιιι
1443 2893 1582 2962 quod
1608 2894 1662 2947 ei
1699 2893 1931 2959 placeret
1958 2897 2063 2951 edi-

474 2996 644 3041 ceret.
703 2989 770 3038 M
827 2986 915 3040 illa
948 3002 960 3037 :
994 2985 1201 3039 Jusmm
1255 2986 1381 3039 ntilti
1434 2986 1556 3050 hoc,
1608 2988 1797 3055 inquit,
1830 2989 2057 3056 videtur,

474 3092 592 3132 cum
625 3078 739 3146 ipse
769 3077 840 3130 sis
869 3093 1031 3130 sexus
1062 3078 1249 3141 virilis,
1273 3090 1321 3131 et
1350 3076 1572 3147 justitizn
1604 3089 1745 3131 lotus
1766 3080 2055 3147 inservias;

2175 1885 2509 1955 magistrum.
2544 1885 2643 1952 Qui
2675 1884 2875 1939 Pambo
2906 1896 2959 1940 et
2993 1901 3112 1940 cum
3142 1889 3325 1941 multis
3355 1904 3417 1941 ac
3449 1891 3625 1943 variis
3648 1890 3757 1942 vir-

2174 1988 2347 2032 tutum
2405 1979 2799 2047 praerogativis,
2852 1980 3155 2047 palmisque
3210 1982 3575 2049 prmcelleret,
3624 1982 3760 2037 inter

2174 2070 2317 2140 ipsas
2355 2069 2519 2125 etiam
2570 2070 2674 2125 hoc
2726 2072 2975 2126 habuisse
3024 2074 3350 2141 praecipuum
3406 2086 3762 2137 memoratur,

2171 2160 2314 2231 quod
2364 2163 2628 2216 iutantum
2674 2163 2790 2216 auri
2821 2165 3139 2233 argentique
3169 2174 3509 2234 contemptor
3543 2165 3661 2230 fuit,
3703 2175 3760 2219 ut

2172 2262 2498 2324 przeceptum
2548 2254 2758 2307 Domini
2819 2255 3093 2310 videretur
3137 2258 3412 2325 implesse.
3472 2257 3763 2314 Referebat

2173 2359 2305 2413 ergo
2357 2344 2487 2398 tnilti
2521 2345 2843 2399 venerabilis
2896 2344 3031 2415 ipsa'
3068 2347 3317 2413 Melania,
3367 2349 3492 2417 quia
3525 2350 3761 2418 proﬂuet:

2169 2434 2236 2489 de
2254 2436 2384 2489 urbe
2404 2434 2591 2499 Roma,
2623 2436 3000 2491 Alexandriam
3024 2437 3252 2505 primum
3277 2438 3466 2492 fuisset
3491 2438 3755 2509 ingressa.

2171 2528 2412 2596 Cumque
2443 2529 2604 2582 multa
2639 2529 2704 2582 de
2735 2530 2903 2598 ip~itts
2931 2531 3028 2583 viri
3061 2530 3347 2584 virtutibus
3372 2530 3576 2585 Isidoro
3613 2545 3759 2598 pres-

2177 2618 2368 2690 bytero
2409 2630 2463 2675 et
2510 2620 2751 2675 Xenodoi
2774 2621 2843 2674 lto
2872 2622 3145 2677 referente
3178 2625 3538 2691 cognovisset,
3571 2638 3624 2677 et
3667 2638 3757 2678 e0«

2168 2712 2288 2767 dem
2320 2713 2453 2767 duce
2481 2714 2547 2767 ad
2590 2730 2712 2767 eum
2760 2714 2812 2767 iu
2854 2715 3196 2768 solitudinem
3229 2730 3426 2780 perven
3450 2726 3582 2780 sset,
3614 2715 3757 2769 obtu~

2169 2806 2299 2859 lisse
2343 2820 2404 2860 se
2446 2805 2520 2858 illi
2578 2813 2852 2867 trecentas
2900 2806 3104 2875 argenti
3159 2806 3341 2870 libras,
3395 2822 3456 2858 ac
3486 2815 3756 2873 precataut

2168 2896 2337 2953 fuisse
2376 2908 2433 2951 ut
2476 2897 2677 2967 aliquid
2710 2912 2775 2951 ex
2809 2897 2923 2967 ejus
2976 2898 3133 2952 rebus
3178 2899 3467 2965 acciperet.
3504 2900 3605 2962 Qui
3637 2912 3757 2955 cunt

2167 2992 2407 3055 sederet,
2465 2989 2660 3058 inquit,
2706 2998 2759 3043 et
2791 2993 2965 3043 vimen
3014 2990 3295 3051 intexeret,
3341 2992 3452 3041 sola
3507 3005 3592 3042 tne
3624 3004 3756 3043 voce

2169 3083 2448 3137 bent-dixit
2514 3091 2567 3134 et
2597 3081 2709 3134 ait:
2737 3082 2837 3135 Det
2868 3081 2960 3134 tibi
3011 3081 3307 3135 mercedem
3362 3080 3523 3133 Deus.
3559 3080 3758 3134 Deinde

475 3184 703 3239 eumque
748 3184 849 3239 ego
879 3185 1088 3238 quoque
1131 3172 1387 3239 propositi
1429 3171 1503 3224 tui
1556 3172 1775 3225 :rmnler
1806 3174 1969 3236 viam,
2003 3185 2059 3228 ut
2090 3188 2139 3253 ρ
2168 3175 2298 3229 dicit
2346 3188 2633 3228 meouomo
2680 3189 2820 3226 suo:
2855 3172 3077 3237 Suscipe
3121 3183 3294 3233 tante,
3346 3180 3399 3225 et
3445 3171 3627 3225 divide
3667 3186 3758 3239 per

476 3261 708 3315 diversis
758 3261 825 3314 ad
876 3264 1164 3315 multorum
1224 3261 1629 3316 mdilicatioitem
1698 3264 2064 3320 mansionibus

475 3367 811 3421 sepatetnnr.
872 3353 1259 3405 lnconveniens
1313 3356 1455 3406 enim
1501 3363 1659 3423 atque
1709 3354 2062 3425 ittcongruuttt

477 3454 626 3512 puto,
662 3450 877 3511 ptopter
905 3458 989 3495 me
1021 3452 1217 3496 tantam
1252 3442 1303 3497 iu
1348 3446 1559 3498 occulto
1591 3456 1639 3499 te
1673 3447 1868 3501 habere
1902 3450 2065 3502 virtu-

392 3560 395 3563 ι
480 3546 611 3601 teut,
646 3551 743 3591 nec
794 3537 885 3590 ulli
919 3552 1042 3592 esse
1093 3539 1362 3607 cognitum
1394 3539 1533 3609 quod
1589 3541 1637 3591 iit
1681 3541 1777 3594 hac
1817 3543 2064 3597 castitate

477 3639 639 3700 atque
667 3632 917 3700 pudicitia
953 3631 1160 3685 Domini
1191 3648 1373 3687 amore
1414 3632 1571 3685 simul
1606 3633 1831 3687 vivimus
1862 3646 1915 3688 et
1954 3652 2062 3689 nta-

478 3737 687 3776 tteuttts.
720 3720 814 3776 Cui
851 3724 937 3775 ille
967 3724 1167 3791 gratias
1199 3738 1382 3791 agens.
1430 3722 1703 3793 Deumque
1731 3726 2062 3792 glorificans,

475 3814 547 3867 ita
579 3812 894 3883 respondit:
930 3813 1071 3868 Bene
1103 3813 1196 3867 tibi
1240 3814 1455 3882 placuit,
1491 3815 1560 3868 mi
1611 3816 1825 3870 domina
1867 3832 2056 3884 soror;

478 3908 617 3962 habe
658 3908 816 3977 igitur
864 3909 1000 3963 hanc
1045 3908 1215 3979 ipsam
1265 3912 1475 3977 cellam,
1525 3926 1625 3983 ego
1674 3924 1853 3967 autem
1902 3914 2060 3968 aliam

478 3999 607 4051 mihi
640 4000 816 4053 facere
860 4004 1094 4055 tentaho.
1132 4002 1499 4072 Egressusque
1541 4005 1608 4058 ab
1636 4021 1719 4073 ea,
1767 4021 1889 4059 mox
1924 4006 2063 4060 inte-

474 4091 617 4147 riora
666 4091 778 4145 loca
834 4092 1021 4146 Nittia:
1072 4096 1366 4161 pettetrivit
1415 4096 1535 4164 (nec
1581 4096 1706 4150 dum
1749 4098 1892 4151 enim
1936 4107 2061 4150 tunc

481 4188 931 4237 menasteriorum
982 4184 1086 4237 illic
1133 4184 1309 4238 fuerat
1348 4186 1656 4256 tnultitttlo)
1689 4186 1919 4250 fecitque
1960 4187 2061 4242 sibi

482 4273 709 4326 duarum
744 4273 1009 4327 volumina
1036 4274 1375 4341 cellularum,
1404 4285 1561 4344 atque.
1595 4277 1662 4330 ita
1689 4279 1740 4331 in
1774 4278 2063 4332 solitudine

476 4364 663 4433 viginti
707 4364 827 4418 aliis
875 4365 1029 4419 annis
1071 4381 1134 4419 ac
1179 4367 1389 4421 duobus
1438 4370 1737 4432 transactis,
1776 4370 2062 4425 defunctus

478 4465 604 4522 est;
639 4458 746 4513 imo
779 4460 948 4527 magis
974 4474 1164 4511 somno
1196 4461 1416 4528 quievit,
1458 4440 1575 4513 cum
1624 4463 1901 4533 sexaginta
1928 4462 2063 4517 duos

2169 3280 2356 3320 omnes
2403 3265 2492 3334 qui
2539 3273 2665 3317 sunt
2695 3274 2799 3316 tant
2835 3265 2884 3316 in
2918 3264 3102 3333 Lyltia,
3132 3278 3289 3332 quant
3326 3264 3375 3315 itt
3424 3263 3618 3315 insulis
3657 3262 3758 3315 fta-

2171 3371 2310 3413 tres:
2347 3359 2461 3412 inec
2483 3358 2624 3411 enim
2652 3359 2973 3411 monasteria
3004 3359 3119 3425 plus
3140 3358 3383 3409 videntur
3413 3372 3572 3426 egere
3598 3372 3757 3424 quatit

2175 3461 2409 3514 cmtera;
2472 3447 2571 3501 hoc
2610 3462 2823 3516 quoque
2866 3447 2912 3499 ei
2948 3447 3282 3515 ιπεεοιμίριις,
3336 3460 3404 3500 ne
3434 3446 3557 3512 quid
3585 3461 3650 3499 ex
3697 3459 3758 3499 ea

2175 3539 2397 3609 pecunia
2434 3537 2498 3590 iis
2528 3536 2615 3605 qui
2661 3538 2711 3589 itt
2756 3535 2987 3606 Aigypto
3018 3536 3426 3604 deguntdaret,
3476 3548 3757 3605 proruere:

2174 3630 2314 3698 quod
2349 3629 2593 3698 regiones
2644 3627 2761 3681 illas
2810 3630 3075 3680 alimentis
3113 3626 3280 3679 sciret
3329 3626 3559 3693 amplius
3589 3629 3757 3682 abun.

2172 3722 2322 3774 dare.
2378 3721 2510 3773 Cum
2549 3728 2726 3771 autem
2776 3726 3069 3771 memorata
3119 3715 3336 3780 femina,
3389 3726 3531 3769 scut
3577 3719 3757 3773 retulit

2181 3814 2334 3879 mibi,
2367 3822 2554 3876 staret,
2586 3823 2641 3866 et
2669 3810 3092 3865 benedictionem
3127 3824 3222 3879 pro
3262 3825 3482 3863 munere
3507 3811 3633 3864 dato
3653 3827 3750 3865 es-

2168 3916 2435 3974 spectaret
2468 3915 2558 3957 aut
2607 3905 2840 3965 laudem,
2878 3901 3119 3969 n.ltilque
3150 3902 3217 3955 al)
3265 3918 3329 3954 co
3360 3903 3588 3967 audiret,
3623 3906 3757 3957 ulte-

2167 3998 2278 4053 rius
2308 4002 2381 4053 ait
2413 3999 2477 4051 ad
2514 3999 2657 4051 illum
2686 4015 2699 4050 :
2726 3998 2894 4061 Scito,
2943 3997 3103 4050 domi:
3127 4012 3178 4061 e,
3215 4005 3483 4050 trecentas
3530 4012 3653 4051 esse
3700 3999 3754 4051 in

2163 4092 2266 4144 ltae
2299 4090 2599 4160 argentaria
2635 4091 2815 4144 libras.
2850 4090 2950 4155 Qui
3005 4091 3194 4143 iterum
3245 4103 3342 4142 nec
3392 4103 3605 4142 sursum
3640 4091 3756 4158 qui-

2167 4184 2288 4236 dem
2326 4199 2539 4250 prorsus
2566 4185 2852 4250 asiiiclens,
2897 4183 2964 4235 ita
2996 4183 3228 4250 resriond
3257 4191 3274 4234 t
3299 4199 3313 4235 :
3342 4182 3439 4235 Ctti
3465 4182 3629 4235 exlttb
3667 4180 3755 4235 isti

2171 4273 2307 4339 haec,
2343 4290 2374 4325 ο
2410 4274 2536 4337 lilia,
2570 4290 2675 4326 non
2718 4290 2850 4342 opus
2881 4274 3038 4326 habet
3066 4290 3093 4324 a
3129 4283 3179 4326 te
3220 4288 3527 4326 mensuram
3560 4286 3757 4341 cogno-

2166 4380 2341 4430 εει-το,
2381 4382 2501 4418 nam
2536 4367 2622 4434 qtti
2649 4373 2857 4419 montes
2882 4366 3032 4419 lance
3058 4367 3292 4433 pensavit
3321 4364 3503 4432 (Isaia!
3530 4365 3753 4433 xL,12),

2170 4459 2337 4511 multo
2368 4458 2532 4527 947
2562 4459 2703 4526 atttpl
2732 4474 2791 4509 us
2842 4459 2989 4510 novit
3019 4467 3276 4526 quantum
3318 4456 3388 4510 sit
3434 4457 3589 4525 hujus
3621 4474 3650 4525 p
3688 4472 3756 4509 n-

475 4552 656 4606 atalis
687 4568 798 4605 sua:
828 4568 997 4607 annos
1028 4554 1249 4607 finisset.
1285 4555 1380 4607 Per
1414 4555 1649 4623 singulos
1680 4565 1856 4609 tamen
1893 4574 2062 4613 annos
2098 4574 2143 4632 ο
2175 4550 2274 4601 dus
2316 4564 2543 4615 argrttlt.
2581 4550 2643 4601 Μ
2670 4550 2710 4600 si
2741 4548 2956 4616 quidem
3003 4549 3133 4601 mihi
3168 4547 3305 4601 islttd
3334 4548 3579 4612 σηιξη-«ξε,
3608 4564 3755 4601 com.

469 4647 711 4700 secundo
767 4661 981 4716 semper
1044 4645 1261 4700 videbat
1309 4649 1515 4701 beatam
1570 4648 1715 4702 illaut
1772 4650 2056 4721 conjugetn

469 4752 643 4793 suam.

556 4829 631 4883 De
655 4829 753 4883 hoc
770 4828 897 4885 illud
914 4830 1230 4884 miraculum
1247 4842 1460 4886 sanctus
1474 4832 1800 4887 Athanasius
1824 4835 2059 4889 Alexan-

471 4918 661 4972 drinus
693 4922 979 4990 episcopus
1023 4924 1228 4987 retulit,
1257 4925 1308 4976 in
1337 4940 1402 4975 eo
1451 4940 1613 4992 opere
1642 4942 1750 4988 quo
1784 4927 1942 4978 vitant
1974 4927 2061 4979 de-

472 5009 687 5077 scripsit
715 5012 949 5075 Antonii,
978 5014 1119 5083 quod
1145 5030 1265 5068 cum
1291 5015 1581 5084 aliquando
1612 5033 1713 5068 una
1740 5032 1859 5070 cunt
1885 5017 2060 5070 Tlteo-

469 5100 607 5155 doro
650 5103 909 5169 discipulo
959 5120 1058 5159 suo
1092 5105 1289 5174 Lycum
1324 5107 1541 5159 nomine
1576 5106 1792 5160 ﬂuvium
1841 5109 2063 5175 cupiens

472 5191 840 5259 transfretare,
868 5196 1206 5250 erubesceret
1225 5196 1326 5250 sib.
1346 5199 1724 5253 veSIimentum
1755 5199 2057 5264 detrahere,

474 5299 543 5338 ne
574 5285 772 5338 nmium
824 5302 1054 5355 unquam
1109 5304 1264 5341 suum
1314 5305 1511 5359 corpus
1542 5292 1824 5360 aspiceret,
1883 5292 2060 5345 Subito

472 5375 593 5428 sine
626 5375 745 5427 navi
777 5377 826 5430 itt
858 5378 1078 5432 alteram
1114 5381 1352 5434 lluutinis
1377 5393 1577 5448 partem
1606 5382 1797 5451 angelo
1826 5382 2057 5437 veltente

474 5469 767 5521 translatus
808 5477 908 5522 est.
965 5470 1067 5524 Iste
1111 5472 1268 5540 igitur
1320 5472 1549 5527 Ammon
1601 5474 1670 5527 ita
1726 5475 1855 5528 vixit
1898 5484 2056 5543 atque

472 5558 625 5624 obiit,
667 5567 722 5612 ut
766 5560 931 5627 ipsius
976 5563 1205 5615 animam
1257 5574 1477 5617 sanctus
1525 5565 1729 5620 viderit
1772 5568 2054 5631 Antonius,

471 5663 595 5705 cum
618 5652 685 5707 ab
713 5652 917 5724 angelis
949 5652 1177 5708 ferietur
1205 5655 1269 5708 ad
1302 5656 1519 5711 etelum.
1555 5659 1905 5712 illentoratum
1929 5674 2056 5715 vero

554 5786 570 5818 '
592 5785 757 5844 Caute
779 5786 896 5855 lege
934 5799 1118 5843 contra
1150 5788 1591 5857 iuqmssihil'tazis
1622 5800 1937 5847 assertores.

2171 4652 2413 4710 potenter
2446 4642 2545 4693 ltoc
2574 4641 2815 4706 diceres;
2845 4656 2965 4693 cum
2998 4650 3173 4693 autem
3209 4655 3312 4693 non
3357 4640 3509 4703 tttilti,
3554 4639 3646 4693 sed
3677 4640 3755 4692 illi

2170 4734 2299 4795 lico,
2348 4750 2503 4801 quem
2558 4750 2660 4786 tton
2710 4749 2802 4802 spr
2838 4733 2999 4794 visse,
3048 4736 3153 4785 imo
3184 4733 3411 4800 amplius
3459 4733 3755 4786 ltonoia~se

2166 4825 2301 4877 duos
2334 4823 2457 4877 ilios
2482 4840 2727 4876 nummos
2760 4838 3077 4893 agnovimus
3105 4822 3297 4893 (παῖε,
3336 4836 3429 4886 stt,
3462 4822 3578 4891 42),
3613 4831 3752 4886 tare,

2164 4919 2394 4986 quiesce.

2237 5008 2325 5062 Sic
2356 5018 2532 5062 autem
2581 5006 2864 5060 Dominum
2918 5005 3196 5059 ordinasse
3238 5005 3481 5068 dicebat,
3532 5014 3589 5057 ιιι
3636 5013 3755 5074 post

2163 5102 2431 5170 paululum
2479 5113 2724 5168 tempus,
2793 5108 3137 5166 posteiquatn
3196 5098 3259 5149 ad
3307 5097 3481 5163 ipsum
3530 5105 3755 5150 venerat

2162 5204 2419 5257 tttoutem,
2448 5192 2536 5245 Dei
2569 5207 2757 5243 servus
2788 5190 2877 5242 ille
2908 5188 3307 5256 requiesceret;
3338 5189 3425 5255 qui
3456 5205 3560 5239 tton
3596 5188 3756 5255 aegri-

2162 5285 2364 5351 tudine,
2399 5301 2501 5336 non
2530 5282 2677 5337 febre
2707 5284 2879 5351 aliqua
2911 5282 3156 5350 fatigatus
3185 5290 3287 5344 est,
3322 5282 3412 5332 sed
3436 5280 3752 5346 sportellam

2160 5378 2471 5433 consueodo
2506 5376 2913 5444 septuagesima
2940 5375 3111 5426 astatis
3151 5389 3261 5427 sua:
3291 5389 3432 5425 anno
3460 5390 3528 5441 qtt
3553 5374 3661 5427 erit
3698 5374 3754 5427 in

2163 5484 2313 5538 pace.
2348 5469 2483 5522 Ante
2512 5469 2693 5519 horam
2731 5481 2857 5519 vero
2888 5479 2989 5533 qua
3032 5464 3101 5517 de
3132 5464 3329 5517 εει-(ξιιμ)
3359 5467 3545 5518 exiens
3595 5468 3759 5533 spiri-

2163 5571 2269 5615 tum
2303 5577 2454 5614 suum
2488 5560 2595 5611 Deo
2630 5555 3061 5617 rmtttnendarat,
3099 5556 3304 5609 voravit
3347 5568 3451 5618 me,
3484 5564 3538 5609 et
3571 5558 3621 5609 itt
3654 5572 3758 5623 po-

2162 5664 2362 5709 strema
2409 5649 2874 5706 Cottsurtttttatiouc
2922 5647 3004 5701 sui
3043 5649 3220 5719 operis
3268 5648 3600 5704 confidenter
3635 5648 3755 5704 ait:

2234 5792 2251 5821 ²
2276 5789 2372 5845 llic
2402 5788 2506 5843 Hor
2540 5786 2633 5841 fuit
2664 5783 2986 5854 Origcnista.
