3982 6354
227 277 426 351 εσι,

1451 268 1861 326 l-iEilACLlDlS
1899 267 2308 326 PARADISUS.

3421 266 3529 325 26"!

242 395 443 464 Accipe
472 392 614 448 hanc
641 388 952 461 sportellam
983 387 1052 444 de
1093 387 1340 442 manibus
1367 387 1522 453 meis,
1565 386 1692 455 quia
1723 399 1828 439 non
1858 389 1907 447 Α
1935 381 2079 452 quod
2118 382 2338 451 cupitis,
2363 380 2591 452 jubente
2616 382 2731 454 lege
2757 381 2935 439 divina
2983 383 3188 440 nullum
3218 399 3350 442 aure
3380 403 3525 458 prae.

243 487 418 541 habeo
447 482 588 538 aliud
621 484 759 553 quod
793 481 1088 550 relinquam
1119 479 1232 544 tibi,
1267 487 1323 532 ut
1353 492 1558 531 memor
1584 477 1658 531 sis
1701 474 1826 530 mei.

243 577 408 648 Cujus
436 591 662 644 corpore
695 573 942 629 involuto
988 573 1039 625 in
1085 571 1272 637 linteo,
1300 579 1354 624 et
1395 569 1684 638 sepultura:
1718 576 1828 621 tra-

241 673 378 738 dito,
411 685 476 725 ex
508 669 737 724 desertis
771 667 904 723 locis
943 665 1178 719 abscessi
1212 679 1381 732 usque
1413 665 1478 716 ad
1513 664 1671 716 linem
1707 674 1831 729 pro-

241 764 444 832 prium,
478 763 847 815 lizcreditatem
874 761 1043 810 sancti
1076 758 1218 810 illius
1249 755 1455 809 habens
1489 768 1698 807 mecum

317 856 414 909 llic
465 858 577 923 ipse
615 853 812 906 Pamho
852 851 903 904 in
948 851 1052 904 fine
1089 849 1216 902 vitae
1255 863 1396 912 suae,
1449 847 1667 915 ipsaque
1705 848 1831 898 hora

242 960 346 1016 qua
389 945 630 999 exiturus
667 953 782 995 erat
820 957 852 996 e
889 941 1120 1006 sacculo,
1163 939 1537 994 assistentibus
1583 938 1630 991 ei
1668 936 1832 990 Paulo

242 1039 566 1106 presbytero
615 1045 669 1090 et
719 1049 1035 1096 (BCOIIOIIIO,
1085 1041 1139 1087 et
1185 1031 1500 1094 Ammouio,
1551 1029 1834 1083 sanctitate

241 1126 461 1182 famatis
491 1127 616 1180 viris
637 1167 652 1191 ,
684 1133 738 1180 et
768 1125 974 1179 caneris
1025 1124 1278 1178 fratribus
1300 1166 1314 1186 ,
1349 1125 1450 1176 hoc
1479 1123 1678 1177 dixisse
1720 1137 1834 1176 me-

243 1229 490 1274 moratur
533 1234 547 1270 :
587 1219 662 1271 Ex
691 1232 796 1286 quo
827 1215 950 1271 veni
999 1216 1050 1270 in
1102 1217 1264 1272 istum
1295 1214 1596 1269 solitudinis
1633 1215 1830 1280 locum,

243 1319 301 1365 et
333 1307 571 1364 hab-lavi
611 1308 663 1362 in
696 1309 887 1362 cellula
939 1322 1098 1375 quam
1139 1309 1272 1360 meis
1303 1307 1546 1360 manibus
1572 1307 1832 1372 exstruxi,

183 1465 188 1470 ι
239 1416 438 1470 panem
464 1402 630 1470 gratis
656 1404 722 1452 ab
756 1399 935 1469 aliquo
964 1415 1049 1452 me
1078 1399 1433 1452 manducasse
1461 1413 1563 1450 non
1595 1396 1832 1462 memini,

233 1508 348 1548 'nec
369 1495 588 1546 verbum
615 1507 786 1558 usque
815 1491 867 1545 in
893 1500 1210 1557 praesentet-1
1243 1490 1428 1542 horam
1461 1489 1668 1542 locutus
1695 1504 1832 1552 sunt,

245 1586 316 1641 de
337 1601 442 1654 quo
473 1586 841 1653 paenitentiam
868 1597 1028 1652 agere
1056 1583 1361 1635 debuissem
1393 1599 1406 1635 :
1441 1583 1511 1634 ita
1545 1588 1722 1634 tamen
1767 1580 1834 1633 ad

245 1678 533 1734 Dominum
598 1692 774 1730 meum
824 1691 1005 1745 pergo,
1059 1684 1308 1743 tanquam
1363 1674 1588 1728 necdum
1643 1673 1837 1727 divinae

1937 473 2050 529 cisa
2078 483 2330 542 eportere
2359 475 2472 530 fieri
2505 476 2864 530 sacerdotem.
2898 475 2962 530 Et
2991 476 3062 530 ita
3089 477 3306 533 dentom
3337 479 3526 538 relicto

1935 581 2019 631 eo,
2049 566 2115 620 ad
2149 566 2362 635 prepria
2415 575 2770 620 reverterunt.
2817 567 2948 621 Cum
2989 583 3117 623 vero
3168 580 3522 639 remeassem,

1935 667 1988 712 et
2017 660 2268 725 episcopo
2313 658 2408 710 ista
2439 657 2716 718 dixissent,
2753 658 2840 711 ille
2873 660 3148 728 respondit
3189 676 3202 712 :
3251 660 3295 714 Λ
3321 659 3524 718 ,Ιιιάωἰε

1939 749 2022 802 lex
2075 752 2175 803 ista
2220 758 2498 812 servatur;
2546 764 2646 818 ego
2678 759 2852 803 autem
2898 751 2942 802 si
2985 749 3242 805 dederitis
3273 751 3400 804 mihi
3431 752 3528 807 ali-

1937 856 2094 909 quem
2131 841 2289 910 etiatn
2324 841 2541 893 naribus
2573 850 2838 906 truncum,
2875 841 2968 896 sed
3006 844 3242 897 moribus
3274 845 3522 914 probum,

1937 950 2044 988 non
2103 949 2226 987 eum
2283 933 2534 987 dubitabo
2582 935 2890 1003 episcopum
2939 934 3137 990 facere.
3190 937 3302 991 Hoc
3343 939 3527 992 audito

1938 1037 2170 1096 pergunt
2189 1025 2253 1080 ad
2281 1029 2448 1094 ipsum
2469 1027 2872 1094 instantissime,
2895 1043 3016 1082 eum
3041 1045 3222 1084 rursus
3246 1040 3525 1101 rogantes;

1938 1139 2043 1191 quo
2073 1137 2176 1175 non
2206 1121 2601 1191 acquiescente,
2630 1123 2732 1176 vim
2761 1139 2972 1194 quoque
3002 1125 3200 1181 inferre
3225 1130 3524 1186 tentabant.

1937 1215 2141 1282 Quibus
2187 1213 2394 1283 iuratus
2438 1214 2527 1268 ille
2573 1218 2848 1284 respondit
2876 1234 2892 1272 :
2928 1219 2983 1274 Si
3012 1234 3094 1273 me
3122 1235 3315 1290 cogere
3346 1222 3530 1277 voluc-

1938 1308 2055 1362 ritis
2105 1305 2349 1370 ulterius,
2397 1305 2558 1360 etiam
2614 1306 2844 1376 linguam
2897 1325 3069 1365 meam
3118 1310 3264 1382 (quia
3311 1325 3530 1382 propter

1941 1399 2107 1468 ipsam
2140 1399 2267 1452 mihi
2301 1397 2514 1452 molesti
2555 1401 2709 1470 estis)
2753 1401 3086 1458 abscindam.
3133 1404 3282 1459 Tunc
3309 1405 3523 1460 deruunt

1939 1490 2018 1546 sic
2046 1506 2188 1558 eum,
2218 1507 2337 1548 cum
2383 1505 2546 1560 super
2593 1490 2694 1546 hoc
2727 1494 2860 1548 nihil
2908 1496 3244 1564 proficerent,
3287 1497 3525 1568 relique-

1940 1596 2085 1640 I'lllli.

2013 1703 2174 1773 Cujus
2202 1706 2464 1762 Amntouii
2497 1708 2665 1762 fertur
2698 1709 2800 1762 tale
2848 1708 3183 1762 miraculum.
3215 1709 3346 1764 Cum
3377 1724 3528 1779 quae-

244 1770 523 1822 servitutis
553 1769 754 1822 Collum
787 1770 1076 1837 attigerim.
1108 1767 1435 1822 Asserchant
1475 1778 1652 1820 autem
1686 1766 1838 1820 nobis
1871 1770 1914 1830 Β
1943 1794 2065 1849 dam
2087 1766 2371 1852 :ieleclalio
2396 1799 2627 1854 carnalis
2650 1800 2764 1854 sine
2781 1799 2885 1854 ulla
2909 1800 3280 1868 corpusculum
3311 1766 3428 1869 eju's
3451 1802 3532 1855 ἣν

242 1859 577 1925 referentes,
612 1869 666 1915 et
712 1861 1031 1915 testimoniis
1077 1861 1462 1915 continuantes
1503 1859 1615 1914 suis
1647 1858 1840 1912 Paulus

243 1965 302 2011 et
329 1957 644 2011 Ammonius
689 1956 829 2010 servi
859 1955 1084 2018 Christi,
1117 1958 1241 2027 quia
1272 1973 1543 2028 nunquam
1574 1972 1694 2012 eum
1743 1956 1840 2009 ali-

241 2048 376 2117 quid
426 2047 782 2118 interrogatus
816 2047 1003 2102 fuisset
1034 2048 1114 2102 vel
1145 2049 1213 2102 de
1254 2049 1622 2117 spirituilibus
1657 2048 1738 2102 vel
1771 2049 1840 2104 de

241 2139 598 2194 szccularibus
636 2138 878 2208 Scriptis,
920 2143 1027 2194 cito
1071 2155 1388 2210 respon~um
1441 2141 1838 2194 sciscitantibus

237 2232 426 2291 dedit:
465 2232 559 2287 sed
618 2247 832 2301 semper
860 2233 1088 2288 necdum
1119 2249 1178 2288 se
1207 2235 1344 2300 quod
1379 2235 1728 2302 reapnnderet
1761 2235 1840 2287 in.

241 2327 462 2380 venisse
492 2327 720 2382 dicebat.
751 2328 906 2394 Saepe
939 2338 1116 2381 autem
1147 2339 1200 2382 et
1229 2343 1348 2381 cum
1381 2331 1640 2382 mensium
1671 2326 1840 2395 spatia

243 2419 554 2479 littvissi-nt.
597 2435 694 2472 nec
735 2421 815 2474 sic
846 2419 1060 2490 quidem
1111 2434 1427 2486 responsoin
1477 2405 1840 2488 quaireutibus

226 2511 438 2574 dabat,
463 2509 641 2564 adhuc
667 2527 725 2564 se
757 2527 858 2563 non
891 2525 1140 2566 asserens
1171 2510 1477 2574 pervenisse
1500 2512 1564 2564 ad
1597 2512 1836 2564 notitiam

246 2603 524 2655 veritati~.
547 2601 676 2654 Tam
709 2604 994 2663 diligentes
1020 2611 1198 2656 autem
1222 2613 1514 2670 cautusque
1544 2602 1837 2656 secundum

247 2691 424 2746 Deum
447 2694 732 2746 sententias
758 2694 1080 2762 proferebat,
1108 2705 1160 2746 ιιι
1185 2710 1274 2747 eas
1296 2709 1483 2748 omnes
1506 2708 1751 2764 tanquam
1773 2695 1841 2746 ah

245 2783 374 2854 ipso
407 2783 515 2838 Deo
555 2786 788 2853 prolatas
817 2787 1168 2855 susciperent.
1199 2784 1346 2840 lianc
1378 2791 1518 2841 enim
1551 2787 1838 2841 Antonium

247 2891 469 2944 quoque
499 2876 643 2929 illum
681 2893 927 2946 maguum
963 2878 1014 2932 in
1045 2879 1157 2932 suis
1183 2894 1396 2933 sermon
1422 2879 1520 2933 bus
1548 2881 1832 2948 perhibent

247 2968 510 3022 habuisse
536 2970 808 3024 virtutem.

328 3059 550 3114 Paetum
593 3061 751 3114 etiam
785 3060 1088 3130 Injnsmodi
1135 3061 1302 3131 ipsius
1333 3062 1534 3116 Pantho
1573 3062 1587 3116 i
1633 3073 1712 3116 ter
1739 3064 1838 3118 alia

247 3148 428 3205 fertur
457 3149 720 3221 (Pallad.,
754 3168 867 3220 cap.
899 3154 1008 3222 lt).
1047 3153 1189 3224 quod
1237 3169 1355 3206 cuiu
1390 3154 1512 3206 Piur
1545 3156 1840 3208 monachus
1871 3151 1916 3212 C

241 3245 493 3300 venisset
526 3245 590 3299 ad
621 3261 742 3301 eum
786 3246 1056 3314 pr0prium
1101 3263 1290 3317 panem
1338 3247 1534 3312 ferens,
1567 3258 1620 3302 ct
1646 3249 1713 3299 oh
1744 3248 1843 3302 hoc

251 3338 330 3391 ab
379 3337 474 3390 illo
515 3337 878 3405 reprehensus
911 3339 1128 3404 fuis~et,
1163 3339 1523 3408 interrogatus
1556 3351 1613 3393 nt
1643 3341 1845 3394 diceret

251 3445 356 3484 cur
399 3431 500 3483 hoe
543 3430 779 3494 fecisset,
819 3433 1094 3496 respondit
1136 3432 1322 3485 dim-ns
1358 3451 1370 3486 :
1407 3435 1482 3486 Ne
1533 3433 1730 3498 huSpes
1777 3433 1843 3486 ab

250 3518 472 3587 hostiite
516 3531 861 3588 gravaretur;
908 3537 1064 3586 quem
1104 3523 1193 3575 ille
1237 3532 1439 3576 tantum
1488 3523 1712 3576 tacendo
1759 3538 1844 3576 re-

252 3613 588 3684 prehensum
629 3613 828 3666 dimisit
871 3615 1147 3666 continuo.
1187 3613 1310 3667 Post
1360 3615 1686 3684 aliquantum
1717 3631 1845 3668 vero

249 3707 520 3773 tertiporis
568 3705 632 3758 ad
681 3705 842 3768 l’ior,
896 3705 1096 3758 Pamho
1161 3719 1488 3760 memoratus
1539 3708 1842 3774 accedens,

249 3795 532 3865 perfusum
579 3811 712 3864 aqua
756 3812 968 3864 panem,
1013 3807 1067 3850 ut
1109 3799 1176 3850 ab
1228 3799 1311 3852 his
1358 3798 1636 3864 edebatur,
1685 3800 1848 3852 exhi-

250 3887 396 3942 buit.
443 3888 548 3952 Qui
581 3889 935 3955 interrogatus
973 3903 1067 3942 cur
1101 3888 1200 3941 hoc
1245 3888 1485 3954 fecisset,
1524 3888 1842 3957 orespundit:

249 3967 685 4044 Idcirco‘aquaui
712 3979 915 4044 addidi,
951 3995 1015 4033 ne
1046 3980 1136 4034 tibi
1169 3995 1434 4034 onerosus
1465 3982 1772 4035 evisterem.

333 4071 594 4124 Praefatus
655 4079 832 4124 autem
883 4073 1200 4126 Ammonius
1258 4073 1274 4104 ¹
1332 4072 1624 4142 discipulus
1681 4072 1847 4138 ipsius

250 4163 526 4234 (Ρηιιαιιη
559 4181 674 4233 cap.
705 4167 815 4233 12),
866 4167 1065 4236 aliique
1099 4175 1208 4222 tres
1256 4167 1476 4234 fratres,
1529 4175 1584 4221 et
1634 4183 1847 4222 sorores

249 4258 404 4321 dum,
437 4273 648 4310 summo
679 4257 769 4310 Dei
813 4261 958 4311 cultu
991 4270 1041 4312 et
1071 4274 1256 4313 amore
1286 4261 1594 4329 flagrantes,
1627 4275 1748 4313 cum
1782 4258 1846 4313 ad

249 4351 474 4405 deserta
517 4352 885 4409 terveuisseut
926 4350 1073 4416 loca,
1114 4362 1395 4418 snparatas
1439 4353 1654 4406 sibimet
1701 4367 1849 4406 man-

249 4443 442 4496 siones
494 4442 770 4505 fecerunt,
817 4443 886 4494 ita
934 4450 990 4494 ut
1032 4441 1220 4510 grandi
1269 4458 1296 4494 a
1341 4442 1647 4504 semetipsis
1677 4442 1848 4512 spatio

250 4548 662 4601 separarentur.
713 4533 866 4588 lluuc
909 4548 1040 4602 ergo
1079 4534 1422 4587 Ammonium
1449 4576 1462 4599 ,
1515 4536 1640 4602 quia
1686 4550 1846 4601 supra

250 4628 478 4681 modum
520 4625 734 4680 lectioni
768 4625 1158 4691 scripturarum
1191 4625 1440 4691 vacabat,
1483 4625 1670 4678 civitas
1701 4641 1843 4694 quae-

251 4720 382 4773 dam
411 4719 720 4786 cpi-eopunt
749 4717 850 4772 sibi
881 4718 991 4771 fieri
1026 4718 1311 4786 postulavit
1335 4733 1350 4770 :
1374 4716 1527 4786 cujus
1555 4716 1696 4770 cites
1724 4731 1842 4770 cum

250 4813 364 4866 hoc
403 4825 433 4862 a
465 4811 750 4864 benedicto
774 4808 1056 4862 Timotheo
1096 4808 1326 4876 (prodam
1360 4810 1639 4875 petissent,
1671 4817 1724 4859 et
1757 4806 1845 4860 ille

252 4907 495 4960 dixisset
534 4922 548 4958 :
589 4905 853 4959 Adducite
877 4916 998 4957 eum
1027 4903 1090 4956 ad
1123 4918 1230 4967 me,
1263 4911 1314 4956 el
1346 4903 1532 4954 faciam
1565 4910 1620 4952 ut
1651 4900 1844 4964 vultis;

251 5015 386 5055 cum
431 5014 618 5070 magna
648 4997 984 5052 multitudine
1011 4999 1076 5052 ad
1115 5011 1271 5060 eum,
1317 5009 1424 5065 quo
1463 4994 1668 5048 facilius
1716 4995 1843 5045 abs-

255 5093 590 5157 traheretur,
637 5091 862 5158 ingressi
909 5101 1052 5156 sunt,
1083 5099 1402 5158 captumque
1435 5104 1494 5142 se
1525 5087 1610 5140 ille
1642 5083 1849 5154 perspi-

253 5183 434 5246 ciens,
467 5197 654 5248 rogare
683 5183 844 5250 cmpit
879 5197 992 5247 ens,
1023 5191 1076 5237 et
1106 5197 1200 5250 per
1237 5191 1573 5234 sacramenta
1611 5180 1843 5241 firmare,

252 5275 606 5343 acquiescere
647 5290 706 5328 se
744 5275 961 5328 omnino
1001 5289 1104 5327 non
1149 5288 1304 5341 posse
1348 5283 1404 5325 ut
1447 5273 1527 5325 vel
1569 5271 1740 5325 exiret
1780 5270 1846 5324 de

254 5366 554 5422 solitudine
582 5383 740 5432 quam
774 5368 1008 5420 tenebat.
1059 5364 1298 5432 Cumque
1345 5366 1551 5417 videret
1583 5380 1685 5416 non
1717 5378 1848 5417 eou-

255 5461 382 5516 cedi
413 5461 513 5515 sibi
551 5469 608 5514 ut
645 5459 842 5514 faceret
869 5459 1008 5526 quod
1041 5462 1285 5526 petebat.
1330 5455 1472 5511 ferro
1503 5473 1686 5509 aurem
1721 5457 1850 5509 sini-

256 5565 431 5609 stram
463 5553 716 5607 radicitus
759 5555 992 5618 (cunctis
1024 5550 1346 5618 vileutibus)
1391 5550 1594 5614 secuit;
1629 5550 1740 5601 huic
1770 5549 1847 5600 di-

255 5659 394 5702 ecus
427 5665 440 5700 :
476 5645 569 5701 Vel
599 5660 739 5699 nunc
783 5645 1095 5714 probabitur
1121 5643 1272 5697 vobis
1307 5642 1514 5712 impleri
1557 5657 1659 5695 n-n
1693 5655 1851 5711 posse

338 5763 362 5786 ⁶
389 5760 493 5818 [lic
521 5761 836 5816 Ammonius
865 5759 962 5822 fuit
991 5758 1313 5845 Origenista.

1944 1887 2288 1944 terruissioue
2322 1901 2564 1956 vexaret,
2597 1891 2844 1946 candenti
2878 1891 3020 1945 ferro
3052 1892 3262 1961 propria
3294 1893 3532 1951 membra

1944 1979 2202 2050 laniabat,
2235 1993 2290 2037 ut
2314 1999 2378 2039 ex
2408 1985 2554 2040 omni
2588 1996 2736 2055 parte
2767 1986 2956 2054 plenus
2983 1996 3126 2041 esset
3151 2001 3363 2056 semper
3389 1991 3533 2042 ulce-

1943 2078 2114 2130 ribus.
2167 2079 2302 2132 Esca
2343 2094 2472 2133 vero
2519 2082 2635 2146 eius
2675 2079 2772 2134 fuit
2803 2079 3133 2149 ltnjttsmodi.
3181 2082 3221 2134 Α
3251 2079 3533 2149 juveululo

1941 2181 2035 2220 sua
2067 2183 2231 2238 usque
2260 2170 2323 2223 ad
2359 2170 2565 2224 obitum
2595 2172 2776 2226 crudis
2806 2183 2888 2226 est
2921 2187 3048 2225 usus
3074 2171 3227 2239 cibis,
3263 2173 3532 2229 interdum

1943 2259 2102 2314 etiam
2137 2273 2332 2330 prazter
2361 2277 2569 2331 panem.
2609 2263 2770 2318 Vetus
2801 2273 2978 2317 autem
3009 2264 3324 2332 Novamque
3349 2265 3534 2320 Testa-

1945 2363 2182 2406 mentqu
2227 2354 2542 2409 memoriter
2571 2355 3016 2422 relineus,etiam
3065 2355 3231 2410 libros
3277 2357 3532 2424 eloquens

1945 2445 2266 2499 tissimorutn
2298 2449 2532 2501 virorum
2569 2447 2797 2517 Didymi,
2855 2448 3035 2510 Pierii,
3085 2458 3246 2517 atque
3274 2448 3534 2515 Stephani

1945 2531 2208 2607 [Pallnd.,
2244 2537 2520 2589 Athanasii
2574 2546 2628 2590 et
2672 2537 2875 2608 Basilii]
2948 2551 3115 2607 usque
3165 2536 3232 2590 ad
3277 2546 3530 2592 sexcenta

1945 2628 2108 2680 millia
2141 2611 2387 2680 versuum
2424 2629 2650 2697 legendo
2685 2628 2953 2682 transivit.
3009 2629 3138 2683 "il‘C
3168 2644 3344 2683 autem
3371 2628 3440 2683 de
3467 2643 3534 2684 eo

1947 2722 2298 2776 testificantur
2328 2721 2487 2774 etiam
2513 2719 2697 2774 Patres
2720 2721 3045 2774 saueiissimi
3089 2721 3141 2773 in
3173 2736 3355 2773 eremo
3381 2736 3528 2774 cont-

1946 2823 2245 2864 manetttes.
2283 2809 2448 2878 llujus
2479 2819 2637 2863 etiam
2689 2811 2994 2878 prophetica
3025 2809 3190 2862 villus
3221 2811 3398 2862 multis
3447 2811 3532 2864 itt-

1944 2902 2135 2954 noutit.
2171 2903 2314 2954 Inter
2361 2902 2553 2954 fratres
2599 2916 2726 2954 vero
2754 2901 2846 2968 qui
2885 2909 3090 2953 secreta
3135 2901 3300 2954 eremi
3343 2900 3532 2970 dilige-

1945 2995 2104 3059 bant,
2163 2994 2341 3046 nnllus
2384 2993 2476 3046 iflo
2527 2997 2575 3047 in
2623 2993 2801 3047 officio
2837 2993 3219 3047 consolationis
3247 2996 3531 3062 superior.

1948 3085 2024 3140 De
2054 3085 2155 3140 hoc
2197 3095 2518 3139 sentenl-am
2551 3085 2736 3140 beatus
2769 3085 3026 3152 Evagrins
3055 3083 3345 3152 Spiritualis
3374 3084 3452 3137 vir
3481 3094 3535 3140 et

1949 3177 2143 3230 virtute
2191 3176 2530 3230 discretionis
2585 3175 2924 3244 ιιι-ίηρὶ,-ιιιιε,
2977 3173 3539 3244 ρικυῐρωιιιιιράίοθυς

1950 3269 2154 3321 uultum
2185 3283 2246 3321 se
2278 3267 2476 3322 vidisse
2509 3267 2778 3322 hominem
2827 3265 2916 3337 qui
2949 3271 3026 3322 sic
3055 3267 3388 3336 superaterit
3416 3281 3538 3322 αι’·

1948 3375 2136 3428 pereas
2167 3359 2463 3429 passiones.
2496 3360 2678 3429 (Caute
2700 3359 2856 3432 lege.)

2019 3470 2136 3544 [ll-Ie
2186 3474 2325 3526 idem
2356 3474 2724 3528 sanctiss-mus
2753 3489 2873 3528 cum
2903 3488 2934 3526 a
2961 3471 3178 3526 Ruffiuo
3210 3472 3290 3543 (4i
3325 3481 3534 3542 tempa-

1948 3567 2025 3618 ris
2064 3567 2202 3618 illius
2233 3566 2486 3634 praefecto
2535 3567 2768 3635 prmtorii
2817 3566 3094 3634 multiplici
3141 3566 3534 3634 supplicatione

1948 3667 2164 3722 rogatus
2211 3658 2415 3722 luisset,
2458 3667 2515 3711 ut
2545 3672 2738 3727 magno
2787 3656 2876 3710 illo
2905 3657 3192 3711 Auunonio
3222 3655 3536 3711 Constanti-

1948 3747 2185 3811 nopolim
2227 3747 2298 3800 ob
2337 3749 2668 3802 necessarias
2707 3751 2874 3802 eremi
2916 3757 3154 3802 actoues
3185 3747 3529 3813 adveniente,

1951 3839 2064 3904 ipse
2092 3853 2308 3906 quoque
2333 3839 2643 3908 dignaretur
2693 3839 2896 3902 venire,
2931 3840 3278 3895 vehementer
3322 3841 3376 3895 id
3411 3857 3535 3910 pre-

1949 3931 2192 3984 cantibus
2229 3933 2429 3984 sanctis
2457 3931 2787 3985 diversarum
2821 3932 3208 3999 provinciarum
3239 3935 3530 4002 episcOpis.

1950 4025 2176 4095 altisque
2206 4027 2610 4097 quamplurihus
2635 4029 2874 4083 crematis
2901 4029 3016 4100 (qui
3047 4031 3536 4088 atLdrdicationeut

1951 4118 2208 4186 basilicae,
2239 4137 2399 4188 quant
2451 4124 2566 4192 ip-e
2611 4123 2942 4187 condiderat,
2974 4126 3384 4197 convenerant),
3427 4143 3538 4183 me-

1879 4221 1890 4230 '
1957 4225 2222 4268 moratum
2255 4215 2524 4270 iluftinum
2557 4219 2786 4288 propriis
2815 4220 3064 4272 inanibus
3107 4222 3342 4289 suscepit
3383 4234 3538 4274 sacro

1955 4304 2103 4360 fonte
2150 4308 2485 4363 mundatum.
2535 4311 2703 4374 Quem
2746 4324 2858 4363 sua:
2898 4311 3320 4366 c0nversati'inis
3351 4313 3540 4366 metito

1958 4399 2245 4466 plurimum
2277 4411 2560 4454 veneratus
2588 4412 2689 4465 εει,
2722 4416 2796 4456 sai
2820 4412 2906 4456 cto
2932 4403 3218 4456 Atnmouio
3238 4403 3458 4471 cupiens
3491 4403 3542 4458 in

1881 4523 1927 4584 υ
1955 4495 2205 4546 omnibus
2242 4494 2462 4548 obedire
2511 4511 2527 4548 :
2572 4495 2658 4564 qui
2693 4495 2847 4564 ῃιιιιη
2883 4505 3003 4564 post
3046 4494 3297 4548 dormivit
3343 4495 3394 4546 in
3443 4495 3542 4547 Dos

1961 4587 2106 4638 mino
2131 4624 2146 4646 .
2197 4586 2542 4653 sepultusliue
2573 4599 2651 4640 est
2692 4586 2744 4640 itt
2800 4588 3038 4650 basilica,
3101 4602 3218 4652 quae
3247 4586 3544 4656 appellatur

1959 4676 2290 4742 llul'finiaua;
2326 4677 2377 4730 in
2407 4679 2555 4746 cujus
2588 4679 2837 4744 sepulcro
2867 4679 3040 4732 curari
3073 4678 3316 4733 feruntur
3336 4679 3516 4734 cuneti

1955 4769 2184 4824 diversis
2215 4768 2448 4823 febribus
2479 4771 2832 4841 laborantes.)
2857 4773 2877 4802 ¹

2029 4903 2085 4958 In
2127 4915 2306 4959 monte
2340 4903 2546 4970 Nitrim,
2576 4906 2642 4958 de
2679 4921 2784 4975 quo
2821 4921 2977 4972 supra
3008 4903 3238 4958 diximus
3279 4903 3542 4972 (Pallad.,

1954 5011 2070 5063 cap.
2100 4997 2213 5064 1'3),
2257 4997 2471 5066 quidam
2514 5000 2593 5050 vir
2638 4997 2736 5051 fuit
2783 4996 3064 5059 mirabilis,
3115 4999 3331 5052 nomine
3357 4997 3543 5066 Benja-

1953 5090 2084 5153 miu,
2128 5103 2222 5156 per
2258 5089 2527 5157 octoginta
2569 5103 2735 5140 annos
2778 5089 2828 5141 iu
2873 5087 3210 5142 abstinentiae
3263 5091 3544 5144 virtutibus

1952 5191 2212 5231 summam
2245 5177 2506 5231 donorum
2541 5177 2889 5247 spirituiliutu
2914 5178 3138 5245 gratiam
3187 5195 3538 5235 censecuut.:

1953 5273 2040 5341 qui
2086 5273 2196 5326 sive
2226 5289 2413 5326 manus
2441 5274 2686 5340 cuiquam
2721 5271 3079 5339 imposuisset,
3111 5271 3222 5327 sive
3253 5272 3355 5327 olei
3387 5275 3546 5329 bene-

1954 5363 2240 5416 dictionem
2283 5363 2540 5427 dedisset,
2576 5363 2642 5413 ah
2673 5361 2814 5416 omni
2848 5365 3115 5432 languoris
3156 5364 3397 5418 inolestia
3430 5366 3542 5419 sol-

1957 5454 2196 5506 vehatur.
2242 5453 2335 5506 liic
2377 5469 2506 5519 ergo
2534 5451 2620 5521 qui
2653 5454 2722 5506 tal
2747 5453 2846 5506 bus
2875 5453 3068 5507 divina:
3097 5457 3282 5520 gratia:
3313 5455 3545 5508 muneri-

1957 5546 2052 5600 bus
2097 5545 2444 5612 prmnincbat
2467 5586 2480 5604 .
2513 5553 2638 5599 ante
2670 5557 2792 5600 octo
2823 5563 3034 5602 menses
3071 5547 3408 5601 dormitiouis
3434 5562 3544 5600 sua:

1955 5651 2157 5706 aquoso
2187 5637 2436 5706 Iaugture
2470 5651 2744 5703 pervasus,
2779 5638 2828 5691 in
2859 5647 3061 5692 tantum
3097 5635 3394 5692 miseranda
3428 5638 3544 5705 pin-

2036 5753 2056 5782 '
2085 5752 2211 5808 llaec
2238 5752 2434 5807 inclusa
2461 5749 2655 5806 desunt
2679 5752 2932 5807 Palladio.
