3982 6354
384 317 491 375 263
538 358 541 365 ,

386 432 612 503 goediae
639 442 751 485 sum
778 427 955 482 carnis
1004 424 1273 491 intumuit,
1310 430 1362 477 ut
1409 422 1604 477 nostris
1636 417 1967 485 temporibus
1997 416 2045 474 Α

386 525 657 581 secundus
686 523 784 578 Job
818 531 1116 591 putaretur.

464 616 757 669 A~sumeus
806 614 985 679 itaque
1034 627 1130 665 nos
1177 610 1465 664 Dioscorus
1520 605 1832 673 episcopus,
1885 598 1977 669 qui

390 719 515 764 ttmc
549 708 825 776 presbyter
854 705 1037 759 Nitria:
1071 704 1198 767 fuit,
1244 717 1329 755 me
1358 710 1412 754 et
1442 701 1651 753 beatum
1689 695 1975 762 Evagriutn

393 800 494 853 hoc.
527 799 685 853 modo
714 807 795 852 est
825 799 1123 851 allocutus:
1154 794 1363 859 Venite,
1397 802 1451 847 et
1480 791 1655 845 videte
1685 788 1850 859 95,8
1880 801 1976 839 no-

390 906 514 943 vum
549 890 669 951 Job,
701 889 752 941 in
784 898 929 941 tanto
960 896 1169 939 tumore
1210 883 1453 952 corporis
1494 890 1654 950 atque
1698 875 1979 932 insanabili

394 982 643 1050 passione
665 981 985 1047 singularem
1017 979 1324 1047 patientiam
1361 976 1747 1044 possidentem.
1780 971 1982 1024 Euntes

394 1074 555 1142 igitur
598 1072 828 1125 vidimus
859 1071 1126 1123 hominem
1180 1078 1326 1121 tanto
1373 1066 1616 1134 corporis
1663 1075 1870 1117 tumore
1900 1060 1981 1115 di—

393 1173 647 1228 stentum,
683 1175 736 1217 ut
769 1165 1023 1215 minorem
1058 1175 1246 1213 manus
1285 1158 1403 1228 ejus
1433 1158 1683 1228 digitum,
1717 1167 1983 1208 utrarum-

396 1274 501 1325 que
553 1271 802 1308 ntanunm
853 1265 1155 1307 nostrarum
1224 1250 1495 1319 conjuncti
1546 1248 1697 1317 digiti
1766 1245 1985 1300 minime

396 1348 675 1415 complecti
707 1348 962 1399 valerent.
995 1344 1235 1411 Cumque
1265 1359 1368 1396 non
1402 1355 1679 1409 possemus
1707 1338 1836 1391 dura
1866 1352 1986 1406 pas-

394 1438 568 1491 sionis
618 1436 732 1505 ejus
763 1436 853 1489 diu
907 1436 1193 1502 respicere,
1225 1433 1408 1486 oculos
1453 1442 1665 1484 nostros
1698 1429 1767 1483 ab
1798 1445 1863 1481 eo
1891 1426 1988 1482 de-

394 1531 660 1583 fluximus.
685 1529 834 1583 Tunc
860 1529 947 1581 ille
972 1527 1156 1581 beatus
1183 1524 1456 1593 Beniamin
1482 1525 1556 1576 ait
1579 1522 1771 1576 nobis:
1803 1522 1985 1587 Orate,

395 1622 512 1686 lilii,
548 1631 604 1675 ut
642 1622 803 1675 homo
834 1636 987 1675 meus
1019 1621 1239 1673 interior
1269 1620 1371 1671 isto
1417 1618 1672 1685 languore
1716 1615 1785 1668 sit
1814 1614 1983 1677 liber;

394 1714 497 1767 hoc
535 1729 764 1782 namque
803 1729 998 1779 corpus
1039 1726 1138 1764 nec
1180 1725 1273 1764 sua
1322 1725 1406 1763 me
1435 1711 1662 1762 sanitate
1700 1704 1983 1760 sublimem

1492 303 1829 364 APPENDIX
1872 299 1965 357 AD
2006 298 2210 356 VITAS
2248 297 2549 355 PATRUM.

3567 288 3700 346 ιη

2074 422 2304 475 mortuo,
2330 412 2631 466 diviserunt
2659 411 2798 466 inter
2821 424 2879 466 se
2909 407 3262 465 substantiam
3291 406 3434 475 eius,
3466 420 3590 476 quae
3626 407 3700 458 in

2089 504 2372 558 mobilibus
2422 511 2626 557 tantum
2679 515 2794 556 erat
2838 518 2852 557 :
2904 502 2956 555 in
3005 516 3138 555 auro
3185 500 3398 567 quidem
3443 499 3709 567 quinqtao

2083 596 2250 648 millia
2297 596 2521 657 solidos,
2556 595 2609 648 in
2655 594 2936 661 mancipiis
2981 609 3106 648 \ero
3135 594 3217 646 vel
3265 592 3495 647 vestibus
3528 590 3711 656 qui-I-

2082 688 2208 755 qttitl
2244 689 2484 741 invenire
2518 694 2829 757 potuerunt.
2873 684 2961 740 Isti
3006 686 3162 753 igitur
3192 699 3297 737 uno
3325 684 3500 734 animo
3534 696 3687 731 cono

2085 778 2339 844 munique
2371 777 2601 830 consilio
2635 778 2772 829 inter
2803 791 2861 828 se
2895 785 3125 828 tractare
3156 783 3465 840 C(Bperttnl,
3493 770 3697 823 dicen-

2086 877 2164 922 lcs
2195 867 2420 922 invicem
2464 867 2563 921 sibi
2593 885 2604 919 :
2632 869 2823 934 Quatn,
2858 864 3039 928 frater,
3070 862 3320 933 eligimus
3357 864 3490 914 viam
3525 860 3696 913 vitm-.1

2085 960 2130 1012 si
2178 962 2560 1013 mercationem
2595 959 2644 1013 itt
2678 976 2779 1027 qua
2811 968 2957 1025 pater
2989 956 3167 1010 noster
3198 956 3329 1008 vixit
3361 953 3701 1017 arripimus,

2085 1054 2245 1104 etiam
2279 1050 2377 1115 ipsi
2430 1051 2640 1104 labores
2694 1063 2906 1102 nosnos
2956 1048 3076 1100 aliis
3126 1046 3512 1113 relinquemus,
3551 1056 3710 1093 nos-

2086 1157 2189 1209 que
2214 1141 2441 1196 fortasse
2469 1153 2656 1194 euntes
2687 1142 2737 1194 in
2766 1142 3019 1208 pericula,
3047 1137 3347 1206 praecipit-3
3376 1137 3453 1188 vel
3482 1132 3709 1187 marini

2090 1235 2171 1300 (ut
2202 1234 2424 1300 assolet)
2455 1233 2671 1296 (luctus,
2699 1233 2781 1285 vel
2809 1232 3071 1284 latronum
3098 1230 3200 1283 tela
3223 1235 3563 1281 consument.
3594 1223 3715 1277 Sec

2089 1341 2314 1395 quamnr
2359 1325 2538 1391 igitur,
2589 1322 2775 1387 frater,
2807 1321 3148 1375 Solitudinem
3200 1319 3370 1386 magis
3407 1318 3712 1383 vitamque

2091 1415 2503 1480 monachorum,
2538 1425 2592 1468 ut
2619 1421 2673 1467 et
2696 1423 2966 1478 paternam
2996 1411 3344 1464 hereditatem
3378 1410 3704 1471 lucremur,

2089 1516 2144 1562 et
2183 1522 2388 1562 an.mas
2430 1515 2643 1560 nostras
2688 1506 2830 1557 nulla
2864 1520 3039 1559 rerum
3069 1507 3326 1558 malarum
3361 1502 3713 1567 contagione

2093 1600 2406 1671 perdamus.
2457 1599 2607 1666 Quod
2639 1600 2973 1668 propositum
3025 1613 3151 1651 eum
3190 1596 3422 1664 utri-que
3452 1593 3713 1663 placuis-

2091 1704 2197 1759 set,
2228 1693 2280 1746 in
2311 1693 2578 1747 electione
2607 1692 2864 1747 solitariae
2894 1691 3017 1744 vitae
3064 1689 3335 1743 diversum
3380 1686 3574 1756 singuli
3608 1698 3711 1740 te-

397 1806 655 1871 rcdtlidit,
681 1780 790 1861 nec
819 1807 1005 1861 dolore
1028 1800 1318 1872 dejcclum.
1347 1804 1447 1858 Per
1469 1809 1593 1856 octo
1622 1802 1803 1870 itaque
1835 1814 1983 1853 men-
2016 1792 2060 1852 Β
2090 1790 2316 1838 “uerum
2345 1780 2466 1838 Ῐῑετ·

395 1912 483 1953 ses
514 1900 637 1954 illos
661 1901 795 1954 facta
829 1908 912 1953 cst
940 1897 987 1952 ei
1018 1899 1147 1953 sella
1179 1897 1457 1960 latissima,
1488 1897 1540 1948 in
1574 1910 1674 1965 qua
1706 1894 1986 1947 incessan-

397 1998 486 2046 ter
517 1993 752 2053 sederet,
780 1990 890 2060 jam
919 2007 1023 2044 non
1074 1990 1255 2043 valens
1302 1989 1353 2041 in
1398 1985 1595 2041 lectulo
1651 1985 1989 2052 requiescere

396 2095 619 2154 propter
650 2087 882 2153 reliquas
911 2084 1153 2153 corporis
1184 2080 1547 2136 necessitates.
1598 2077 1698 2146 Qui
1726 2088 1901 2130 tamen
1932 2075 1986 2129 in

404 2176 709 2245 hujusmodi
740 2179 819 2232 sui
867 2175 1110 2244 corporis
1160 2176 1409 2242 passione
1459 2174 1806 2239 constitutus,
1857 2171 1989 2224 alios

401 2269 495 2323 Dei
528 2280 693 2338 grana
728 2284 918 2323 sanare
943 2275 1294 2323 consueverat
1338 2264 1578 2335 quolibet
1617 2264 1870 2333 languore
1900 2278 1991 2317 ve-

402 2370 492 2414 xat
530 2376 576 2413 s.

475 2451 845 2504 Necessarium
892 2449 1051 2518 igitur
1089 2447 1391 2503 existimavi
1437 2446 1639 2501 referre
1672 2446 1829 2515 lituus
1866 2460 1991 2499 san-

399 2542 622 2595 ctissimi
664 2542 988 2609 passionem.
1025 2548 1083 2594 ut
1113 2555 1216 2592 non
1250 2540 1577 2593 admiremur
1622 2541 1832 2607 quotes
1863 2536 1990 2589 viris

400 2633 714 2703 iustissimis
754 2634 996 2698 qumdam
1035 2633 1345 2700 corporales
1393 2633 1736 2685 necessitates
1784 2632 1991 2683 contine

399 2734 552 2795 gunt.
590 2725 848 2779 Defuncto
877 2736 1054 2778 autem
1085 2725 1201 2778 viro
1231 2723 1541 2786 fortissimo,
1591 2733 1771 2792 postes
1795 2723 1986 2791 janua-

401 2835 520 2875 rum
553 2821 675 2890 (nec
702 2821 846 2873 enim
879 2821 1035 2873 aliter
1064 2819 1193 2873 tanti
1247 2818 1469 2872 tumoris
1515 2831 1712 2885 corpus
1742 2814 1861 2885 ejici
1895 2829 1993 2885 po-

401 2910 616 2968 tuisset)
652 2911 843 2964 sublati
877 2921 1017 2963 sunt

1024 3021 1249 3076 (APUT
1286 3018 1305 3074 Ι
1333 3019 1375 3075 1.

408 3116 529 3172 Vita
568 3117 763 3170 abbatis
796 3116 1055 3181 Apolloni
1094 3122 1429 3184 cognonunlo
1466 3111 1543 3166 lix
1572 3109 1989 3179 negotiatoribus,

591 3199 637 3242 et
668 3190 886 3240 deorum
914 3190 1136 3239 aliorum
1167 3192 1384 3254 fratrum
1419 3199 1798 3237 conversurum.

473 3278 793 3346 Apollonius
816 3277 1030 3345 quidam
1057 3276 1270 3329 nomine
1292 3274 1553 3345 (Pallad.,
1571 3289 1688 3342 cap.
1708 3270 1820 3340 ιιι),
1852 3285 1991 3323 unus

416 3385 483 3426 ex
535 3369 954 3438 negotiatoribus
1006 3366 1320 3421 retuntians
1373 3365 1600 3429 sa-culo,
1652 3370 1994 3428 montemque

407 3462 593 3517 Nitr'a:
626 3459 891 3521 habitans,
925 3474 1045 3511 cum
1070 3456 1180 3526 jam
1214 3471 1386 3525 neque
1416 3468 1584 3509 artem
1623 3456 1832 3508 disci-re
1863 3468 1998 3519 pra:-

406 3555 610 3609 valeret
647 3552 800 3605 senio
844 3549 1166 3618 pra‘peditus
1194 3550 1387 3613 relatis,
1418 3562 1589 3615 neque
1618 3544 1993 3600 abstinentiam

405 3642 664 3714 spirituali
710 3643 985 3709 Scriptura
1031 3638 1332 3692 tnandatam
1379 3653 1655 3703 cxercrrc,
1688 3633 1995 3704 hujttsmodi

405 3737 788 3791 continentiam
821 3733 922 3788 sibi
950 3732 1247 3786 instituisse
1273 3731 1633 3796 cognoscitur.
1665 3729 1735 3781 Ex
1770 3726 1999 3796 propriis

406 3829 647 3899 pecuniis
683 3836 842 3896 atque
886 3824 1185 3883 laboribus.
1233 3838 1447 3877 omnem
1483 3821 1841 3876 remediorum
1873 3835 1998 3885 spe-

406 3921 544 3974 ciem
576 3929 736 3988 atque
781 3917 998 3971 cellaria
1052 3916 1102 3968 itt
1134 3913 1450 3968 Alexandria
1503 3926 1825 3979 comparans
1872 3910 2003 3964 civi-

412 4021 546 4073 tate,
576 4011 781 4063 cunctis
811 4006 1066 4061 fratribus
1111 4006 1484 4075 languentibus
1516 4006 1821 4058 necessaria
1853 4004 2001 4056 exhi-

413 4102 591 4155 bebat.
634 4100 857 4153 Videres
905 4105 1082 4153 autem
1114 4113 1234 4150 eum
1280 4114 1308 4149 a
1353 4096 1613 4165 principio
1652 4095 1755 4148 diei
1805 4108 2002 4146 nonani

413 4208 582 4263 usque
614 4192 798 4246 horam
832 4192 1076 4244 universa
1103 4198 1206 4242 tam
1232 4191 1471 4242 vivorum
1499 4204 1657 4256 quam
1688 4186 2005 4241 feminarum

414 4289 741 4343 monasteria
769 4294 1158 4354 peragrantem,
1182 4291 1237 4336 et
1263 4297 1355 4351 per
1384 4281 1588 4349 singula
1618 4290 1847 4347 aegrotos
1875 4280 2008 4332 ostia

416 4379 768 4438 visitamem.
841 4384 1253 4444 portantemun
1318 4387 1501 4427 secum
1564 4387 1721 4425 uvam
1774 4385 2007 4439 passam,

415 4476 806 4541 malogranata.
837 4484 935 4524 ova
957 4510 971 4533 ,
1005 4468 1264 4536 siligines,
1294 4481 1411 4535 quae
1440 4466 1672 4519 maxime
1707 4463 2008 4518 necessaria

2166 1874 2357 1929 Divisis
2383 1874 2544 1945 igitur
2571 1889 2704 1943 quas
2729 1874 2928 1945 pariter
2955 1874 3284 1944 reliquerant
3310 1871 3483 1936 rebus,
3514 1885 3709 1925 unum

2090 1967 2302 2035 quidem
2337 1968 2638 2021 habuerunt
2680 1977 2902 2036 uterque
2940 1967 3270 2036 propositum
3317 1974 3373 2019 ut
3412 1966 3713 2034 placerent

2093 2059 2223 2125 Deo,
2256 2059 2352 2115 sed
2382 2075 2486 2114 non
2531 2061 2581 2113 ιιι
2615 2075 2720 2114 una
2762 2062 3094 2114 institutione
3127 2059 3355 2113 vivendo
3381 2058 3539 2111 ambo
3571 2058 3715 2125 pla-

2089 2161 2335 2205 cuerunt.
2374 2152 2523 2205 Alter
2547 2153 2688 2205 enim
2726 2168 2788 2207 ex
2820 2153 2950 2219 ipsis
2977 2152 3226 2205 omnibus
3259 2152 3368 2204 suis
3398 2150 3557 2204 rebus
3589 2163 3713 2218 per

2092 2248 2267 2299 omnia
2298 2245 2622 2298 monasteria
2643 2287 2658 2311 ,
2694 2252 2748 2299 et
2777 2246 3051 2310 ecc‘esias,
3096 2253 3149 2299 et
3195 2258 3440 2299 carceres
3467 2243 3708 2306 divisis.

2093 2346 2263 2392 artem
2308 2337 2408 2392 sibi
2455 2339 2652 2406 reperit
2681 2338 2993 2408 quamdam,
3026 2353 3090 2391 ex
3124 2351 3227 2405 qua
3257 2336 3553 2406 quotidiani
3603 2335 3711 2390 ci-

2093 2430 2219 2484 bum
2252 2429 2404 2499 panis
2456 2431 2759 2499 acquirens,
2793 2446 2840 2484 et
2872 2445 3031 2496 quam
3061 2429 3293 2498 elegerat
3321 2432 3439 2480 vita:
3474 2436 3529 2481 et
3567 2441 3714 2480 tra~

2098 2521 2227 2574 tioni
2262 2521 2514 2586 vacabat;
2566 2521 2701 2574 alter
2741 2531 2918 2574 autem
2971 2521 3099 2574 nulli
3131 2536 3196 2574 ex
3226 2519 3518 2573 substantia
3565 2533 3715 2585 pro-

2096 2611 2208 2679 pria
2239 2613 2523 2680 quidquam
2553 2611 2719 2675 dedit,
2750 2610 2844 2665 sed
2878 2612 3258 2664 monasterium
3285 2610 3385 2662 sibi
3415 2609 3558 2665 fecit.
3592 2609 3709 2663 ubi

2098 2705 2276 2772 paucis
2307 2718 2484 2757 secum
2519 2702 2771 2757 fratribus
2814 2702 3090 2757 collocatis
3119 2680 3161 2766 ,’
3187 2716 3373 2756 omnes
3419 2701 3666 2753 advenas
3690 2740 3711 2764 ,

2095 2811 2280 2850 omnes
2307 2810 2482 2859 senes,
2513 2810 2700 2849 omnes
2732 2810 3010 2864 pauperes,
3043 2810 3227 2848 omnes
3255 2792 3576 2859 suscipiebat
3606 2794 3714 2846 in-

2096 2886 2308 2950 ιιιιιιιις,
2343 2895 2397 2938 ιιι
2428 2903 2518 2954 per
2553 2887 2814 2940 Dominici
2867 2901 2930 2939 ac
2978 2886 3195 2941 Sabbali
3241 2885 3381 2938 diem
3428 2895 3608 2938 ternas
3644 2892 3715 2937 ct

2095 2989 2381 3047 quaternas
2430 2992 2644 3031 mensas
2712 2976 3075 3047 indigentibus
3122 2975 3449 3040 exhibebat,
3497 2974 3717 3043 hisque

2098 3070 2400 3122 universam
2433 3084 2583 3122 suam
2628 3069 2982 3122 substantiam
3028 3069 3203 3121 modis
3232 3067 3404 3132 quoad
3434 3064 3566 3119 vixit
3593 3080 3717 3119 ex-

2025 3184 2070 3246 c
2104 3161 2304 3229 pendit.
2353 3162 2468 3227 Quo
2500 3176 2727 3229 unoque
2760 3161 3036 3227 defuncto,
3070 3160 3211 3214 beati
3252 3159 3377 3213 amb
3399 3181 3430 3227 ι,
3462 3158 3717 3213 diversis

2104 3253 2448 3325 opinionibus
2497 3254 2786 3323 [trebabdis
2832 3252 2956 3307 vita:
3026 3252 3482 3308 consummatione
3546 3250 3719 3305 cele-

2103 3348 2347 3401 brantur.
2386 3348 2449 3401 Et
2485 3347 2583 3401 iste
2614 3345 2829 3412 quidem
2870 3346 3010 3415 aliis,
3048 3347 3137 3401 ille
3162 3361 3292 3400 vero
3323 3347 3441 3399 aliis
3477 3358 3719 3413 semper

2103 3438 2365 3509 placebat.

2177 3551 2251 3605 Ex
2304 3565 2532 3620 quorum
2583 3548 2828 3604 laudibus
2877 3559 2994 3603 orta
3044 3550 3180 3602 inter
3232 3546 3421 3600 fratres
3466 3554 3721 3598 conten-

2104 3644 2269 3707 tione,
2311 3642 2451 3711 quod
2496 3649 2717 3710 uterque
2762 3645 3034 3695 \‘IdCl’Cllﬂ'
3080 3646 3245 3693 luisse
3295 3637 3582 3707 perfectus,
3630 3637 3720 3693 ad

2106 3747 2349 3790 sanctum
2381 3735 2599 3798 l’ambo,
2631 3744 2690 3788 nt
2726 3735 2794 3789 ab
2822 3749 2888 3789 eo
2918 3750 3099 3789 verum
3131 3741 3532 3802 cognoscerent,
3569 3748 3720 3799 prr-

2109 3838 2261 3898 gunt.
2293 3831 2461 3894 Quem
2489 3841 2610 3880 cum
2641 3827 2875 3895 judieem
2901 3826 3128 3896 elegisse
3157 3817 3216 3878 sé
3243 3824 3500 3878 dicerent.
3550 3828 3724 3889 pett.5

2117 3932 2339 3990 t'cntque
2373 3930 2428 3974 ut
2457 3921 2574 3989 quis
2603 3936 2634 3974 e
2668 3919 2874 3975 duobus
2917 3919 3129 3972 fecisset
3154 3918 3362 3987 {melius
3406 3916 3673 3970 edoceret
3702 3955 3723 3977 ,

2110 4027 2390 4080 Utrumque
2434 4012 2522 4066 ille
2553 4011 2688 4080 apud
2726 4011 2889 4066 Deum
2924 4013 3213 4078 perlectum
3245 4022 3364 4062 esse
3393 4004 3716 4073 respondit.

2110 4107 2239 4159 Nam
2268 4107 2401 4159 alter
2427 4104 2639 4172 quidem
2672 4119 2737 4157 ex
2773 4103 2901 4172 ipsis
2929 4101 3176 4164 Abrahae,
3209 4102 3349 4153 alter
3382 4097 3504 4152 Elim
3536 4097 3729 4150 ιιιοτῑο

2113 4198 2210 4253 bus
2228 4197 2632 4263 vixit.Cumquc
2651 4210 2752 4249 neu
2786 4196 2969 4249 sedato
2996 4193 3131 4247 intra
3160 4212 3216 4247 re
3238 4190 3527 4246 certamine
3558 4191 3730 4245 dice-

2121 4300 2265 4354 rent,
2295 4289 2665 4356 deprecantes,
2698 4285 3144 4355 quemadmodum
3192 4299 3346 4353 pares
3376 4290 3597 4352 possunt
3630 4283 3730 4337 vi.

2115 4382 2250 4445 deti,
2286 4390 2338 4433 ct
2368 4396 2472 4433 tton
2506 4380 2672 4447 magis
2703 4378 2965 4446 pra-cedat
2998 4377 3086 4431 ille
3112 4379 3198 4445 qui
3225 4376 3531 4443 evangelica
3568 4390 3732 4441 pre-

2116 4482 2266 4540 cepta
2301 4471 2607 4538 complevit,
2639 4467 2723 4539 qui
2756 4480 2944 4523 cuncta
2975 4467 3232 4532 vendidit,
3266 4467 3586 4537 pauperibus
3611 4467 3733 4520 do-

417 4568 669 4622 videnzur
716 4562 967 4617 inlirmis.
1002 4562 1082 4616 Ad
1115 4560 1271 4614 talem
1310 4560 1491 4624 vitam,
1523 4560 1608 4612 cui
1650 4560 1823 4612 solum
1851 4567 2008 4624 aptus
2039 4561 2087 4620 ι)
2116 4567 2282 4629 navit,
2310 4565 2507 4633 quique
2547 4578 2643 4632 per
2673 4578 2860 4618 omnes
2890 4562 3070 4628 horas,
3102 4576 3290 4616 omnes
3317 4562 3451 4621 dies,
3482 4575 3733 4615 omnes-

418 4670 559 4723 erat,
591 4672 741 4711 suam
778 4656 864 4709 hic
888 4637 1345 4707 famulus-Christi
1378 4652 1681 4706 instituerat
1707 4661 2007 4709 senectam;

418 4753 508 4823 qui
539 4761 717 4806 tamen
749 4762 874 4804 ante
900 4748 1105 4802 obitum
1136 4762 1288 4800 suum
1320 4761 1439 4799 cum
1483 4746 1713 4815 aliquem
1753 4743 1835 4798 sui
1865 4741 2013 4797 simi-

419 4846 523 4899 lcm
554 4843 873 4910 reperisset,
905 4841 954 4894 ei
984 4854 1199 4895 omnem
1242 4837 1523 4893 ministerii
1569 4838 1729 4907 hujus
1785 4837 2013 4903 supelle-

423 4945 600 4990 ctttem
637 4935 880 4998 traddit,
911 4940 1391 5001 comprecatusquc
1422 4940 1505 4985 est
1553 4947 1696 4997 eum,
1732 4940 1788 4982 ut
1828 4928 2015 4998 hujus-

423 5028 568 5083 modi
619 5041 800 5079 curam
845 5024 1096 5079 fratribus
1134 5024 1434 5078 exhiberet.
1502 5022 1633 5076 Cum
1676 5020 1817 5076 enim
1860 5020 2015 5087 quin-

426 5133 531 5189 que
562 5120 724 5172 millta
756 5116 1139 5170 monachorum
1172 5115 1223 5169 itt
1253 5115 1560 5182 supradicto
1606 5122 1789 5167 monte
1832 5112 2013 5167 consi-

427 5217 604 5270 stant,
655 5208 950 5261 necessaria
1000 5206 1086 5260 vel
1133 5206 1364 5260 maxime
1413 5206 1532 5260 talis
1582 5205 1887 5259 sollicitudo
1933 5213 2016 5258 est

429 5312 485 5357 et
528 5300 844 5365 consolatio,
877 5301 994 5355 sine
1025 5314 1128 5371 qua
1177 5300 1229 5354 in
1258 5298 1486 5354 desertis
1530 5299 1635 5352 illis
1682 5313 1784 5352 non
1817 5298 2012 5351 vivitur

429 5394 583 5450 lucis.

502 5486 606 5541 Alii
635 5485 794 5539 etiam
833 5485 937 5539 duo
971 5489 1183 5556 quidam
1233 5486 1428 5540 fratres
1458 5482 1671 5537 fuerunt
1702 5484 1742 5546 ¹,
1785 5499 2010 5553 quorum

430 5591 582 5650 pater
609 5578 848 5633 emendis
878 5581 957 5635 \el
983 5581 1248 5635 mutandis
1288 5579 1553 5634 mercibus
1579 5575 1816 5645 studens,
1850 5593 2018 5643 usque

430 5675 494 5729 ad
564 5673 877 5741 llispaniam
939 5689 1154 5737 semper
1203 5671 1522 5743 negotiando
1567 5669 1836 5741 pergebat.
1902 5672 2019 5737 Quo

2120 4673 2223 4727 que
2272 4668 2475 4721 noctes,
2512 4656 2843 4710 Dominicam
2892 4672 3105 4711 erucem
3158 4663 3398 4724 portans,
3451 4667 3734 4723 perpetua

2120 4752 2449 4807 Salvatmcm
2480 4751 2722 4804 oratione
2751 4750 3071 4804 comitatur?
3099 4750 3341 4818 Cumque
3369 4749 3456 4803 alii
3497 4750 3737 4804 diversa

2121 4858 2184 4897 ex
2219 4850 2366 4910 parte
2404 4840 2792 4895 contenderent
2830 4840 3197 4911 dicerentqtte,
3232 4840 3366 4908 Quia
3398 4842 3517 4904 iste,
3552 4856 3736 4906 quem

2123 4949 2219 4988 nos
2248 4933 2475 5000 amplius
2500 4933 2877 4999 prardicamus,
2909 4942 3111 4986 tantum
3141 4934 3281 4987 circa
3311 4943 3528 5001 egentes
3552 4947 3737 4988 suum

2123 5026 2357 5081 ostendt
2406 5025 2695 5088 allectum,
2730 5036 2785 5077 ut
2832 5024 3116 5093 aggeribus
3159 5024 3380 5093 publicis
3425 5024 3737 5090 assideret,

2124 5119 2435 5173 tribulantes
2477 5116 2833 5186 undecunque
2870 5116 3162 5184 colligeret,
3199 5126 3251 5169 et
3292 5130 3396 5170 non
3435 5129 3548 5168 sure.
3578 5124 3723 5168 tau-

2126 5204 2402 5260 tummodo
2450 5200 2753 5256 consuleret
2799 5204 3012 5261 animm,
3041 5202 3133 5255 sed
3177 5200 3373 5253 multas
3398 5209 3557 5268 atque
3591 5203 3742 5256 niuL

2126 5308 2299 5352 torum
2346 5292 2583 5350 curando
2609 5293 2966 5356 inﬁrmitates,
3000 5307 3063 5345 ac
3094 5292 3391 5346 necessatia
3429 5292 3742 5359 prtcbendo

2125 5389 2377 5445 salvarel.
2414 5387 2484 5440 Ila
2521 5386 2707 5438 beatus
2743 5382 2943 5437 Pantho
2991 5383 3059 5436 ad
3109 5393 3362 5449 utrosque
3414 5383 3699 5447 tespondit
3726 5402 3742 5435 :

2126 5481 2268 5535 Idem
2319 5479 2508 5533 iterum
2555 5475 2703 5529 \ohis
2756 5476 2966 5545 loquor,
3001 5490 3156 5543 pares
3198 5475 3354 5528 ambo
3409 5483 3534 5526 sunt
3579 5475 3746 5540 apud

2128 5574 2436 5633 Dominum,
2469 5580 2519 5624 et
2568 5570 2807 5636 utrisque
2857 5583 2939 5621 me
2985 5567 3380 5621 satislaehrunt
3426 5577 3573 5634 puto.
3626 5566 3747 5627 llic

2132 5668 2275 5722 enim
2306 5665 2351 5720 si
2391 5672 2494 5716 tam
2528 5658 2793 5731 perfectus
2831 5659 3122 5715 monachus
3155 5674 3259 5715 n0n
3288 5656 3499 5726 fuisset,
3528 5655 3743 5729 dignus

503 5792 517 5822 ⁸
564 5791 851 5859 ΡειιιτιΙίεις,
898 5806 944 5847 c.
976 5790 1062 5859 15,
1096 5788 1176 5857 lii,
1233 5799 1383 5844 vocat
1410 5784 1662 5840 Ptt'esium
1694 5796 1742 5841 et
1770 5784 1988 5855 laniatu,
2030 5794 2193 5856 atque
2226 5782 2293 5837 ita
2325 5778 2409 5833 hic
2439 5775 2535 5833 Ms.
2570 5773 2730 5831 etiam
2763 5771 2941 5828 habet.
