3982 6354
197 315 313 377 265

1418 299 1834 358 llEllACLlDlS
1878 296 2278 354 i'AllADlSUS.

3383 296 3488 352 266

201 432 445 505 ματα)ιο
484 442 590 485 non
638 434 781 482 esset
821 433 879 478 ut
920 438 1042 479 eum
1076 420 1295 477 bonitati
1330 420 1470 478 illius
1512 400 1869 489 compara-7A
1901 425 2069 475 xerat,
2100 416 2312 486 quando
2341 428 2462 468 raro
2510 412 2686 469 adhuc
2729 414 2893 485 aliqui
2922 427 2983 471 se
3010 412 3079 470 ad
3123 426 3331 474 secreta
3359 419 3491 475 soli-

201 538 349 588 rem;
390 520 483 576 ille
530 532 659 574 vero
704 515 953 572 reticiens
1002 526 1203 584 egenos
1250 521 1412 581 atque
1456 511 1794 582 peregrinos,

202 611 424 683 aliquod
485 624 554 666 ex
604 609 719 678 ipsa
767 607 1147 662 communione
1207 603 1457 660 solatium
1510 602 1793 658 sentiebat.

202 702 335 759 Nam
362 710 419 757 et
448 700 503 757 si
522 699 734 771 labores
774 696 938 767 ipsius
966 710 1088 751 esse
1117 694 1291 765 magni
1323 696 1505 750 oneris
1533 694 1796 748 videban-

202 805 311 862 tur,
334 802 567 847 attamen
590 789 817 845 habebat
841 797 895 844 et
919 787 1159 858 requiem
1185 787 1415 856 aliquam
1445 800 1566 841 cum
1592 784 1797 838 labore.

202 886 528 956 Exspectate
554 891 754 945 autem,
788 879 884 947 ait,
913 886 971 932 ut
1007 893 1168 948 super
1200 877 1302 933 hoc
1333 877 1469 949 (Deo
1500 874 1798 944 revelante)

202 992 565 1050 cognoscam;
616 974 760 1046 quod
804 988 927 1029 cum
976 973 1228 1028 veneritis
1270 974 1337 1027 ad
1388 987 1495 1039 me,
1545 971 1800 1041 deinceps

208 1070 470 1127 audietis.
522 1069 648 1125 Post
678 1081 875 1137 paucos
906 1067 1085 1137 itaque
1126 1065 1243 1121 dies
1284 1078 1407 1119 cum
1449 1080 1570 1119 eum
1618 1076 1804 1117 rursus

204 1175 482 1235 rogarent,
529 1164 713 1219 beatus
762 1161 852 1216 ille
891 1160 964 1214 ita
1012 1154 1309 1226 respondit,
1354 1155 1541 1210 dicens
1592 1171 1604 1206 :
1658 1155 1798 1208 Ante

206 1259 380 1315 Deum
409 1258 563 1314 vobis
592 1258 802 1328 loquor,
826 1263 1079 1323 utrosque
1101 1252 1153 1306 in
1195 1249 1445 1322 paradiso
1472 1249 1634 1306 simul
1661 1259 1805 1304 stare

203 1349 485 1420 conspexi.

827 1414 1059 1473 CAPUT
1099 1413 1190 1470 ιν.

538 1530 658 1587 Vita
680 1529 899 1586 Macarii
927 1529 1166 1585 monachi
1195 1527 1483 1583 homicidw.

280 1646 507 1704 iuvenis
534 1645 771 1716 quidam,
802 1644 890 1715 qui
924 1642 1188 1700 Macarius
1218 1641 1500 1698 dicebatur
1530 1639 1797 1709 (Pallad.,

206 1755 329 1808 cap.
354 1736 469 1809 l7),
495 1751 754 1792 annorum
780 1736 967 1790 decem
998 1745 1053 1789 et
1078 1744 1221 1799 octo,
1247 1733 1372 1787 dum
1404 1748 1523 1787 cum
1548 1732 1805 1801 mqumvis

1903 508 2142 561 tudinum
2167 506 2533 563 conferebant.

1976 599 2087 655 lloc
2116 610 2291 654 autem
2324 598 2392 654 ab
2418 597 2521 653 illis
2550 614 2799 670 magnum
2827 599 3174 656 continentia:
3203 600 3400 657 bonum
3424 604 3493 658 de

1907 704 2208 748 memorato
2239 693 2595 764 agnoscebam
2628 694 2762 757 viro,
2791 693 2932 763 quod
2966 702 3125 749 tantas
3156 694 3207 749 in
3236 694 3371 751 cella
3396 710 3490 751 sua

1908 788 2179 856 patientia:
2204 789 2319 855 fuit,
2346 797 2405 841 ut
2428 787 2482 840 in
2534 788 2809 856 proposito
2833 803 2930 840 suo
2962 802 3230 856 nunquam
3279 789 3498 844 omnino

1912 880 2242 947 titubaverit,
2274 896 2337 934 ex
2366 895 2474 950 quo
2498 868 2725 950 primum
2753 879 2942 934 irrisus
2974 889 3135 948 atque
3161 888 3394 936 tentatus
3420 884 3500 935 vi-

1906 973 2135 1028 debatur
2160 989 2192 1026 a
2225 973 2490 1038 daemone,
2515 972 2603 1044 qui
2634 988 2820 1027 omnes
2842 982 2896 1027 et
2928 971 3098 1027 illudit
3128 981 3182 1029 et
3212 971 3370 1037 fallit,
3399 988 3497 1028 cu-

1904 1065 1992 1136 jus
2025 1066 2210 1121 fraude
2230 1080 2295 1119 ex
2326 1064 2526 1134 priore,
2551 1065 2790 1119 acediam
2816 1078 3123 1133 perpessus,
3149 1065 3279 1119 cella
3307 1063 3501 1119 dicitur

1909 1161 2222 1227 recessisse,
2256 1160 2522 1227 aliamque
2552 1158 2779 1212 vicinam
2810 1158 2932 1213 vico
2976 1155 3189 1212 cuidam
3240 1155 3502 1214 fabricare

1912 1249 2169 1318 cmpissc.
2203 1250 2270 1303 At
2295 1249 2383 1304 ubi
2415 1260 2469 1304 et
2512 1248 2735 1319 perfecit
2765 1249 2989 1303 alteram
3037 1249 3395 1315 mansionem,
3448 1261 3505 1305 et

1912 1343 1964 1395 in
1992 1357 2057 1396 ea
2101 1340 2265 1410 ccepit
2310 1340 2573 1408 habitare,
2609 1350 2728 1409 post
2759 1348 2867 1395 tres
2897 1341 2979 1396 vel
3008 1349 3237 1410 quatuor
3284 1323 3514 1426 menses“

1913 1448 2007 1503 per
2039 1444 2249 1488 noctem
2277 1433 2343 1487 ad
2375 1449 2500 1487 eum
2532 1434 2743 1487 daemon
2769 1434 2993 1487 accessit
3022 1432 3076 1488 in
3117 1432 3351 1504 speciem
3400 1432 3503 1488 mi.

1911 1523 2045 1590 litis,
2080 1523 2478 1594 imaginemque
2525 1524 2795 1578 carnificis
2835 1524 3118 1595 figuratus,
3168 1527 3259 1595 qui
3312 1524 3506 1596 pannis

1910 1617 2139 1682 obsitus,
2168 1617 2391 1671 sordere
2411 1615 2750 1683 deformiter,
2780 1631 3078 1686 sonumque
3108 1617 3287 1689 ﬂagris
3328 1617 3507 1675 facere

1912 1706 2215 1761 videbatur.
2249 1706 2329 1762 Ad
2374 1724 2533 1778 quem
2584 1709 2773 1763 beatus
2816 1707 3112 1764 Nathanael
3164 1708 3279 1767 haec
3323 1709 3503 1766 dixit:

210 1799 331 1886 suis
374 1799 568 1899 pecora
600 1841 824 1898 pascens
858 1825 1013 1895 juxta
1064 1825 1233 1879 lacum
1266 1826 1372 1898 (cui
1403 1824 1579 1878 Mariae
1609 1799 1807 1879 nomen
1842 1800 1886 1860 Β
1913 1800 2197 1869 Quisnam:
2226 1799 2503 1899 if'qf’ifg‘“
2534 1802 2728 1870 estqui
2756 1800 2883 1899 {alia
2909 1802 2970 1899 in
2999 1801 3233 1873 "059m"
3273 1818 3397 1899 "fe"
3426 1805 3505 1859 θ’

212 1920 320 1991 est)
367 1920 522 1987 ludit,
558 1919 905 1975 homicidium
953 1918 1078 1973 iecit
1106 1917 1336 1982 invitus;
1389 1915 1627 1985 nullique
1653 1916 1812 1986 quid-

209 2031 373 2087 quam
396 2015 601 2080 dicens,
633 2013 700 2068 ad
726 2013 940 2068 deserta
964 2011 1228 2084 perrexit,
1258 2011 1310 2065 in
1344 2019 1548 2066 tantum
1578 2009 1812 2066 humano

211 2119 378 2177 atque
417 2108 605 2164 divino
653 2108 873 2163 territus
921 2116 1067 2161 metu
1094 2145 1110 2171 ,
1157 2113 1214 2159 ut
1260 2119 1445 2159 amens
1492 2103 1663 2159 factus
1714 2120 1813 2173 per

218 2204 515 2259 triennium
544 2202 836 2265 videretur,
865 2200 992 2255 dum
1020 2200 1136 2255 sine
1159 2207 1299 2255 tecto
1342 2198 1391 2251 in
1417 2197 1584 2269 949
1620 2197 1812 2252 solitu—

216 2296 347 2351 diue
377 2302 733 2364 permaneret.
782 2293 879 2349 Est
902 2292 1044 2348 enim
1077 2301 1221 2347 terra
1266 2290 1380 2359 ipsa
1433 2304 1648 2358 semper
1693 2291 1814 2343 sine

220 2388 441 2458 pluviis.
489 2388 701 2444 Norunt
726 2385 827 2442 hoc
853 2386 998 2457 quod
1028 2384 1219 2454 loquor
1248 2383 1447 2449 cuncti,
1479 2384 1567 2452 qui
1599 2392 1653 2438 et
1681 2384 1817 2436 scri-

216 2492 493 2550 pturarum
528 2480 779 2545 lectione,
811 2488 866 2534 et
894 2475 1221 2547 experientia
1261 2490 1438 2530 rermn
1471 2473 1623 2543 periti
1668 2482 1811 2528 sunt.

216 2572 342 2642 Ipse
386 2570 747 2636 beatissimus,
792 2585 949 2641 quem
994 2568 1139 2634 dico,
1183 2567 1236 2621 in
1282 2567 1496 2622 deserto
1522 2565 1624 2620 sibi
1653 2566 1816 2620 cellu-

217 2663 325 2718 lam
372 2664 519 2721 fecit.
568 2664 625 2718 In
669 2678 772 2734 qua
803 2661 984 2731 viginti
1016 2662 1251 2730 quinque
1283 2660 1418 2715 alios
1445 2673 1614 2714 annos
1642 2657 1816 2713 (etatis

225 2767 342 2809 sua:
373 2756 580 2819 vivens,
615 2753 773 2808 talem
822 2752 1056 2807 divinam
1104 2750 1326 2820 gratiam
1381 2750 1597 2816 meruit,
1632 2757 1691 2803 ut
1720 2765 1814 2803 ex-

219 2846 430 2902 sultans
457 2845 696 2902 solitaria
721 2845 852 2913 vita,
881 2844 1127 2900 illuderet
1153 2843 1426 2900 daemones
1452 2850 1613 2906 atque
1638 2842 1788 2902 despi

216 2948 393 2995 ceret.

289 3028 391 3084 Hic
421 3028 572 3097 mihi,
604 3028 742 3097 apud
763 3043 923 3099 quem
956 3028 1180 3083 multum
1210 3029 1466 3099 temporis
1496 3029 1615 3095 feci,
1641 3030 1800 3083 inter-

215 3123 434 3192 roganti
462 3139 594 3192 quas
613 3124 825 3178 animus
854 3123 1021 3193 ipsius
1041 3122 1110 3178 de
1141 3122 1282 3177 facto
1310 3121 1581 3177 homicidii
1610 3122 1782 3192 cogita

1918 1907 2039 1946 cere
2083 1894 2328 1948 conaris?
2383 1891 2480 1947 Ille
2534 1893 2851 1962 respondit:
2908 1893 3020 1963 Ego
3059 1909 3176 1949 sum
3223 1895 3313 1964 qui
3347 1904 3398 1949 te
3437 1908 3508 1949 ex

1919 1989 2095 2057 priore
2124 1987 2257 2062 cella
2289 1987 2489 2056 fugavi,
2520 2002 2718 2057 quque
2747 2002 2886 2043 nunc
2909 1987 3049 2055 veni,
3076 2000 3132 2041 ut
3160 2003 3226 2043 ex
3259 1989 3361 2043 hac
3383 2003 3508 2060 quo-

1918 2093 2023 2147 que
2052 2079 2332 2134 mansione
2358 2089 2408 2133 te
2439 2078 2656 2147 pellam.
2687 2082 2805 2146 Quo
2825 2080 3025 2148 audito,
3062 2080 3150 2136 ille
3180 2080 3268 2135 ubi
3293 2080 3505 2136 illusum

1918 2184 1979 2224 se
2007 2169 2138 2223 vidit
2167 2184 2193 2221 a
2229 2169 2495 2235 daemone,
2529 2186 2780 2226 reversus
2809 2182 2891 2225 est
2916 2172 3095 2226 statim
3143 2174 3208 2226 ad
3238 2173 3509 2229 habitacu-

1920 2261 2027 2315 lum
2082 2262 2251 2331 prius,
2283 2277 2348 2317 ac
2390 2263 2608 2333 triginta
2663 2273 2714 2318 et
2746 2272 2951 2333 septem
3005 2280 3179 2319 annos
3210 2266 3261 2319 iu
3318 2267 3505 2322 eadem

1919 2354 2202 2407 mansione
2230 2355 2541 2423 complevit,
2576 2369 2643 2409 ne
2690 2354 2863 2423 ipsum
2895 2356 3112 2426 quidem
3161 2357 3325 2413 limen
3355 2373 3510 2428 egre-

1919 2443 2094 2509 diens,
2122 2446 2497 2501 contendendo
2523 2461 2645 2501 cum
2668 2446 2917 2502 dzemonc
2940 2463 3098 2518 quem
3128 2464 3386 2520 superare
3416 2466 3509 2506 cu-

1922 2535 2121 2604 piebat.
2145 2537 2246 2603 Qui
2279 2537 2493 2607 quidem
2528 2539 2692 2593 tantis
2740 2554 2860 2593 eum
2885 2541 3378 2596 machinationibus
3408 2544 3504 2597 im-

1922 2630 2203 2697 pugnando
2233 2629 2478 2697 vexabat,
2510 2638 2568 2683 ut
2596 2646 2913 2699 quocunque
2940 2633 3102 2687 modo
3129 2632 3322 2687 cellam
3352 2650 3506 2691 suam

1922 2732 2207 2791 cogeretur
2260 2724 2431 2790 exire,
2494 2734 2725 2792 quantas
2780 2723 3089 2794 singulatim
3146 2728 3346 2783 referre
3400 2744 3509 2784 non

1923 2826 2157 2881 possum.

1996 2903 2141 2959 lnter
2163 2919 2283 2974 quae
2333 2904 2640 2961 immundus
2668 2908 2761 2963 ille
2790 2909 3011 2978 spiritus
3047 2909 3149 2966 hoc
3178 2926 3389 2981 quoque
3416 2927 3510 2984 ag-

1921 2996 2182 3067 greditur,
2240 3007 2293 3051 ut
2346 3014 2526 3055 euma
2580 3002 2839 3072 propOsiti
2888 3004 2970 3058 sui
3016 3004 3131 3075 lege
3181 3005 3510 3063 deﬂecteret.
3568 3014 3571 3017 '

1922 3089 2148 3159 Captato
2178 3104 2407 3161 namque
2428 3091 2659 3147 adventu
2707 3097 3058 3164 quorumdam
3106 3108 3314 3167 septem
3371 3115 3499 3155 sau-

221 3184 407 3270 tidnes
437 3184 659 3272 haberet
686 3216 709 3270 2
738 3184 906 3287 usque
932 3215 1144 3271 adeose
1170 3215 1380 3271 tristem
1408 3232 1512 3271 non
1526 3230 1651 3272 esse
1672 3184 1817 3272 dice—
1845 3184 1891 3249 Ο
1923 3193 2131 3287 cu"
2165 3185 2562 3287 θιῗίδξθίξθωωθ
2590 3188 2680 3257 qui
2711 3188 2777 3243 ad
2809 3189 3210 3287 .reql'irevdum
3241 3208 3363 3248 eum
3385 3194 3510 3287 ﬂ“?

216 3306 338 3372 bat,
367 3316 427 3361 ut
453 3321 521 3361 ex
576 3309 695 3377 ipso
745 3305 1034 3362 homicidio
1080 3306 1221 3374 quod
1257 3307 1472 3377 ignarus
1502 3307 1813 3373 admiserat,

220 3400 339 3453 Deo
359 3399 562 3468 gratias
589 3400 858 3455 actitaret.
907 3398 1036 3454 Inde
1075 3398 1221 3454 enim
1272 3398 1451 3453 aiebat
1478 3399 1813 3454 occasionem

217 3487 329 3542 sibi
358 3487 546 3542 salutis
578 3486 837 3543 allatam:
895 3487 1109 3544 dicebat
1158 3496 1385 3553 autem,.
1409 3487 1812 3557 Scripturarum

219 3579 535 3636 testimonia
562 3579 858 3648 proferens,
886 3580 1034 3648 quod
1063 3594 1331 3650 nunquam
1384 3596 1606 3651 magnus
1633 3582 1722 3638 ille
1746 3580 1819 3636 fa-

222 3673 412 3727 mulus
438 3672 530 3727 Dei
563 3673 776 3744 Moyses
803 3672 1098 3728 divinitatis
1127 3673 1700 3742 meruissetintuitum,
1733 3692 1822 3730 ne-

219 3780 332 3835 que
364 3776 571 3820 tantum
598 3774 877 3821 assecutus
897 3766 1096 3821 donum
1135 3767 1229 3822 Dei
1259 3764 1449 3824 fuisset
1478 3781 1534 3823 ut
1563 3771 1817 3840 mysteria

219 3856 467 3913 caelestia
497 3871 562 3912 ac
584 3865 764 3913 sancta
796 3859 1195 3925 conscriberet,
1226 3861 1327 3915 nisi
1359 3861 1653 3917 Pharaonis
1677 3862 1823 3933 regis

226 3956 385 4005 metu
417 3956 635 4017 propter
672 3947 1017 4004 homicidium
1061 3952 1202 4020 quod
1238 3952 1289 4005 in
1321 3951 1557 4021 [Egypto
1582 3953 1820 4008 admise-

227 4049 339 4102 rat,
372 4040 439 4094 ad
471 4039 596 4095 Sina
626 4040 825 4095 montis
847 4040 1054 4096 deserta
1085 4041 1309 4110 fugisset
1334 4042 1532 4114 (Exod.
1561 4041 1642 4115 ιι).

303 4131 431 4185 limo
460 4142 637 4187 auiem
661 4147 761 4203 ego
783 4132 923 4199 dico,
950 4148 1056 4188 non
1088 4142 1144 4188 ut
1173 4134 1239 4188 ad
1270 4134 1615 4190 homicidium
1648 4150 1827 4203 quem-

223 4239 394 4292 quam
425 4224 609 4280 videar
640 4224 886 4293 incitare,
917 4226 1011 4282 sed
1040 4236 1099 4280 ut
1125 4228 1406 4281 ostendam
1456 4228 1648 4298 magis,
1674 4228 1820 4298 quod

223 4329 297 4369 ex
329 4314 491 4369 malis
519 4316 678 4371 rebus
709 4316 996 4381 interdum,
1023 4317 1067 4369 si
1090 4318 1144 4370 in
1193 4332 1285 4371 eas
1316 4318 1613 4374 incidamus
1640 4320 1818 4387 inviti,

222 4408 442 4462 occulta
476 4408 571 4463 Dei
602 4408 935 4479 providentia
963 4408 1029 4462 ad
1068 4409 1281 4465 virtutis
1306 4411 1531 4481 gloriam
1580 4416 1826 4482 perveni-

222 4515 387 4565 mus;
443 4499 553 4554 alia
598 4502 747 4555 enim
795 4516 995 4571 genera
1026 4501 1283 4557 virtutum
1315 4506 1624 4561 necessitati
1651 4507 1825 4563 ascri-

222 4594 433 4658 bimus,
460 4595 563 4649 alia
594 4595 875 4650 voluntati.

872 4707 1103 4765 CAPUT
1139 4709 1206 4765 V.

593 4822 708 4877 Vita
734 4823 867 4877 beati
889 4821 1086 4877 abbatis
1121 4822 1485 4879 Nathanaelis.

304 4932 429 4988 Fuit
470 4933 606 4989 alter
647 4933 864 5003 quidam
895 4934 963 4990 de
1013 4936 1249 5006 antiquis
1278 4936 1407 4992 viris
1457 4936 1826 4994 nobilissimus

226 5025 502 5096 agonista,
527 5027 747 5081 nomine
772 5026 1065 5083 Natlianael
1092 5026 1352 5099 (Pallad.,
1378 5045 1493 5100 cap.
1524 5030 1635 5101 18),
1663 5047 1822 5100 quem

232 5131 343 5187 ego
370 5120 715 5187 superstitem
746 5119 964 5189 quidem
988 5120 1173 5176 videre
1210 5136 1315 5175 non
1349 5124 1524 5189 potui;
1553 5123 1829 5193 quieverat

225 5212 384 5268 enim
426 5219 551 5267 ante
595 5211 901 5282 quindecim
932 5227 1103 5268 annos
1132 5214 1394 5269 adventus
1439 5218 1584 5271 mei:
1614 5220 1683 5272 ab
1725 5218 1828 5271 illis

230 5310 423 5359 tamen
447 5304 535 5373 qui
568 5319 671 5358 una
699 5320 821 5359 cum
879 5306 996 5375 ipso
1049 5321 1146 5375 per
1176 5306 1402 5360 multum
1432 5318 1643 5377 tempus
1674 5310 1827 5365 vixe-

226 5402 362 5452 rant
392 5395 668 5450 monachis
698 5396 949 5453 virtutem
978 5398 1148 5466 ipsius
1179 5398 1273 5453 viri
1304 5398 1619 5470 diligentius
1646 5405 1824 5470 requi-

226 5485 358 5541 sivi.
391 5487 755 5542 Ostenderuut
778 5499 955 5543 autem
981 5488 1107 5543 mihi
1134 5500 1185 5545 et
1206 5490 1397 5546 cellam
1422 5493 1606 5563 ipsius,
1643 5493 1695 5548 in
1723 5511 1825 5565 qua

231 5586 459 5631 manere
484 5586 851 5645 consueverat,
886 5580 937 5634 in
966 5596 1069 5651 qua
1094 5590 1269 5636 tamen
1300 5593 1417 5652 post
1448 5584 1618 5653 ipsum
1648 5587 1826 5643 nullus

232 5665 520 5734 habitavit,
550 5682 617 5723 eo
646 5670 787 5735 quod
814 5671 1062 5726 viciniam
1088 5673 1252 5743 ipsius
1285 5675 1385 5728 Icci
1414 5676 1657 5733 homines
1680 5678 1829 5734 inco-

230 5755 439 5813 lebant.
474 5760 624 5815 Tunc
651 5762 793 5815 enim
821 5764 1197 5818 ceilam-suatn
1228 5765 1319 5820 illc
1354 5766 1537 5823 beatus
1583 5782 1827 5825 constru-

524 5879 797 5938 l’nnot.
831 5879 1093 5942 LXXIV

1919 3275 2258 3345 providentia
2292 3276 2408 3345 Dei,
2445 3293 2542 3334 seu
2593 3279 2853 3336 dannonis
2883 3282 3180 3338 tentatione
3227 3280 3511 3352 venerunt,

1919 3384 2042 3423 cum
2068 3369 2348 3440 episcopos
2371 3371 2517 3440 ipsos
2551 3384 2673 3443 post
2702 3375 3000 3433 orationem
3023 3378 3212 3433 factam
3235 3378 3516 3449 egredien-

1921 3468 2025 3529 tes,
2053 3478 2120 3517 ue
2164 3479 2272 3519 uno
2310 3466 2528 3536 quidem
2563 3482 2723 3536 passu
2755 3480 3190 3541 prosequeretur,
3236 3473 3422 3529 dicunt
3448 3474 3517 3530 ad

1921 3570 2042 3610 eum
2070 3556 2277 3612 diaconi
2302 3560 2677 3631 episcoporum
2705 3578 2719 3616 :
2753 3564 3052 3634 Superbam
3083 3580 3197 3620 rem
3221 3566 3516 3623 admodum

1924 3646 2078 3712 facis,
2103 3650 2258 3715 abba,
2293 3652 2434 3720 quod
2457 3668 2561 3707 non
2588 3653 2808 3710 deducis
2830 3667 3042 3711 sanctos
3063 3658 3364 3727 episcopos.
3387 3657 3518 3726 ρυε-

1930 3741 2031 3796 bus
2065 3741 2167 3797 hoc
2197 3744 2284 3797 ille
2313 3759 2632 3814 ieSponsum
2657 3746 2805 3801 dedit
2833 3764 2846 3801 :
2881 3747 2995 3819 Ego
3015 3757 3072 3804 et
3100 3748 3346 3806 dominos
3367 3765 3519 3806 meos

1924 3836 2206 3905 episcopos
2234 3852 2487 3906 veneror,
2518 3849 2571 3894 et
2598 3854 2812 3894 omnem
2858 3839 3061 3896 clerum
3114 3841 3293 3898 debita
3338 3843 3515 3900 bono.

1928 3926 2191 3983 iiﬁceutia
2217 3943 2538 4000 prosequor,
2566 3941 2991 4003 cunctorumque
3013 3932 3291 3990 hominum
3322 3951 3409 3993 me
3434 3955 3517 3994 ex-

1931 4028 2158 4075 tremum
2191 4036 2310 4077 esse
2341 4039 2445 4078 non
2478 4024 2692 4091 dubito;
2727 4026 2821 4080 sed
2852 4036 2907 4082 et
2937 4027 3024 4083 his
3051 4038 3106 4084 et
3131 4030 3382 4087 universo
3413 4047 3519 4089 sae-

1926 4114 2048 4169 Culti
2074 4125 2313 4170 mortuus
2340 4131 2459 4171 sum
2494 4133 2508 4170 :
2542 4117 2814 4173 occultum
2868 4130 3048 4175 autem
3094 4122 3430 4191 propositum
3460 4134 3518 4178 et

1930 4203 2034 4258 mei
2066 4205 2554 4286 cordis’arcanum
2584 4208 2728 4264 Deus
2759 4208 2928 4275 novit,
2961 4220 3179 4281 propter
3219 4214 3364 4282 quod
3394 4228 3525 4269 sum

1928 4307 2043 4352 ctus
2073 4314 2178 4352 non
2210 4314 2507 4369 prosequor
2531 4301 2694 4355 viros.
2719 4301 2987 4373 Deceptus
3014 4305 3173 4371 igitur
3198 4307 3409 4360 daemon
3452 4322 3518 4361 ac

1930 4388 2110 4456 lapsus
2136 4389 2204 4442 de
2226 4405 2321 4457 spe
2355 4391 2635 4459 przesentis
2664 4393 2886 4462 ingenii,
2922 4394 3079 4448 aliam
3118 4405 3307 4450 contra
3341 4396 3533 4465 ipsum

1930 4491 2054 4533 ante
2083 4495 2274 4534 novem
2307 4496 2521 4538 menses
2547 4485 2721 4539 obitus
2744 4487 2859 4555 ejus
2880 4500 3047 4543 artem
3081 4488 3441 4545 machinatur.

1856 4571 1910 4631 D
2006 4574 2094 4628 Fit
2115 4574 2293 4630 subito
2333 4578 2587 4645 parvulus
2628 4594 2760 4648 puer
2796 4581 2963 4636 veluti
3013 4598 3276 4639 annorum
3308 4584 3515 4648 decem,

1934 4666 2143 4721 minans
2172 4668 2407 4737 asinum,
2459 4686 2625 4739 panes
2654 4673 2707 4727 in
2750 4675 2886 4729 cista
2927 4674 3190 4731 ferentem
3219 4695 3231 4730 :
3277 4679 3366 4748 qui
3396 4694 3519 4734 cum

1929 4758 1997 4812 ad
2025 4759 2217 4813 cellam
2248 4759 2415 4827 ipsius
2454 4764 2617 4817 multa
2657 4766 2791 4820 satis
2823 4776 2979 4822 nocte
3010 4768 3263 4834 venisset,
3309 4768 3519 4826 asinum

1933 4852 1984 4904 in
2016 4860 2213 4906 terram
2267 4853 2443 4908 ruisse
2473 4854 2768 4921 simulavit,
2811 4865 2865 4910 et
2893 4857 3214 4912 clamantem
3243 4861 3519 4929 parvulum

1934 4942 2107 4998 finxit.
2154 4943 2329 5013 Abba,
2380 4946 2571 5016 inquit,
2617 4948 2936 5017 Nathauael,
2989 4951 3249 5009 miserere
3289 4956 3416 5020 mei,
3465 4967 3521 5012 et

1933 5051 2151 5091 manum
2183 5038 2308 5093 milii
2340 5039 2577 5110 porrige.
2626 5040 2822 5098 Audita
2874 5043 2965 5099 ille
3016 5044 3117 5099 ista
3162 5047 3315 5116 quasi
3365 5050 3519 5119 pueri

1938 5129 2144 5197 parvuli
2174 5142 2328 5197 voce,
2364 5131 2505 5185 intra
2528 5134 2746 5197 ostium,
2778 5133 2932 5203 cujus
2968 5144 3174 5205 partem
3203 5139 3517 5204 recluserat,

1932 5230 2034 5275 stat
2087 5221 2271 5277 dicens
2320 5224 2409 5278 ei:
2466 5223 2598 5289 Quis
2651 5240 2710 5280 es
2739 5227 2844 5281 tu?
2896 5229 2980 5284 vel
3010 5230 3138 5301 quid
3168 5246 3199 5285 a
3226 5248 3314 5288 me
3365 5236 3520 5305 cupis

1934 5311 2047 5366 ﬁeri
2072 5313 2093 5365 ?
2125 5312 2262 5367 Puer
2291 5328 2430 5379 sum,
2465 5313 2657 5384 inquit,
2684 5316 2827 5373 illius
2852 5320 3123 5389 monachi,
3145 5331 3200 5379 et
3219 5324 3396 5380 eidem
3429 5342 3522 5394 pa-

1934 5418 2029 5457 nes
2055 5414 2232 5472 porto,
2267 5406 2393 5475 quia
2426 5408 2541 5474 ipsc
2568 5404 2737 5463 frater
2780 5419 2903 5467 tuus
2927 5427 3131 5485 agapen
3156 5414 3391 5472 facturus
3412 5430 3519 5472 est.

1933 5496 2180 5549 Crastino
2217 5503 2394 5551 autem
2421 5497 2766 5556 illucescente
2792 5502 3011 5559 Sabbati
3059 5501 3167 5572 die,
3215 5507 3520 5562 necessaria

1933 5596 2015 5640 est
2038 5586 2152 5641 haec
2180 5587 2379 5641 oblatio
2408 5588 2722 5657 spiritualis.
2757 5594 2951 5662 Quaeso
2980 5598 3141 5667 igitur
3162 5612 3231 5653 ne
3251 5597 3519 5666 despicias

1930 5677 2225 5747 iacentem,
2253 5692 2316 5733 ac
2346 5676 2581 5738 ferarum
2612 5687 2880 5743 morsibus
2909 5690 3118 5756 tradas;
3148 5689 3328 5745 multa
3369 5688 3510 5751 enim

1937 5776 2129 5831 bellua:
2152 5775 2241 5832 illa
2269 5792 2388 5832 esse
2420 5791 2515 5847 per
2531 5781 2740 5838 deserta
2772 5797 3083 5840 noscuntur.

3080 5905 3117 5962 9
