3982 6354
472 298 587 357 ’2σῖ

1582 298 1927 355 APPENDIX
1974 298 2066 354 AD
2111 297 2314 358 VITAS
2349 297 2649 357 PATRL'SL

3656 297 3761 356 268

561 412 750 470 Stabat
778 421 1001 472 sanctus
1047 411 1344 469 Nuthanael
1392 411 1539 469 velut
1568 428 1772 481 tenens,
1820 424 1875 468 et
1904 418 2069 469 vehe-
2098 418 2150 476 Α
2178 422 2261 468 tus
2287 423 2473 478 vexat;
2501 414 2581 470 sic
2603 426 2829 483 namque
2854 410 2986 481 vidi,
3012 420 3069 469 et
3092 406 3207 471 scio
3231 413 3375 485 quod
3403 427 3449 472 st
3474 412 3760 485 acquieve-

458 528 473 543 -ι
487 516 696 562 menter
717 506 935 562 incertis
954 505 1364 576 cogitationibus
1392 516 1632 575 stupens,
1660 518 1931 575 sensuque
1958 515 2070 561 tur-

489 600 611 654 Italo
638 613 822 654 secum
853 599 954 654 ista
1000 597 1281 654 versabat:
1314 598 1538 654 Necesse
1565 606 1648 653 est
1676 612 1764 652 me
1790 606 1881 652 aut
1910 598 2070 653 mise-

489 691 799 757 ricordiam,
831 688 971 759 quod
996 701 1079 745 e5t
1107 691 1396 745 maximum
1428 688 1481 743 in
1525 689 1807 759 praeceptis
1847 688 2066 757 divinis,

485 797 598 836 non
630 782 829 848 facere,
852 790 945 835 aut
969 796 997 835 a
1031 781 1302 849 pr0posito
1331 779 1567 836 deviare.
1609 780 1690 835 Ad
1736 788 2068 850 postremum

485 885 665 930 autem
691 873 995 929 rationabili
1018 874 1363 929 confirmatus
1391 873 1625 943 ingenio,
1644 874 1775 929 satis
1804 888 1925 929 esse
1952 889 2070 930 me-

486 965 590 1022 lius
616 966 894 1036 judicavit,
924 966 969 1020 si
993 964 1317 1020 et‘diabolus
1356 965 1723 1032 erubesceret,
1775 966 2068 1022 et‘tantum

483 1054 535 1111 ei
566 1070 629 1111 ac
681 1064 758 1111 tot
802 1071 1064 1110 annormn
1098 1054 1348 1109 meritum
1392 1071 1497 1110 non
1549 1057 1770 1126 periret.
1815 1058 2071 1113 Oratione

483 1148 649 1217 igitur
667 1147 733 1203 ad
760 1147 923 1201 Deum
949 1144 1107 1210 facta,
1131 1146 1409 1217 respondit
1429 1147 1501 1211 ei,
1531 1149 1619 1216 qui
1638 1149 1793 1219 quasi
1818 1151 2071 1220 parvulus

484 1237 840 1309 loquebatur:
873 1237 1032 1304 Audi,
1065 1238 1274 1305 infans,
1323 1239 1486 1293 credo
1516 1239 1568 1294 in
1590 1237 1706 1308 ipso
1741 1242 1827 1296 cui
1872 1244 2068 1310 servio,

484 1333 574 1404 qui
597 1332 901 1387 dominatur
944 1330 1089 1383 omni
1143 1329 1379 1399 spiritui,
1427 1331 1550 1400 quia
1602 1332 1647 1385 si
1706 1335 2070 1389 neceSSarium

486 1422 650 1477 habes
679 1422 903 1490 alicujus
931 1420 1208 1481 auxilium.
1242 1421 1354 1487 ipse
1387 1423 1681 1490 praestabit,
1733 1439 1830 1479 nec
1857 1424 1949 1479 tibi
1979 1435 2070 1481 aut

454 1514 624 1568 rferas
649 1523 737 1567 aut
763 1514 1067 1582 quempiam
1099 1511 1260 1567 alium
1289 1529 1485 1569 nocere
1512 1516 1763 1583 patietur.
1806 1517 1863 1572 Si
1891 1526 2070 1572 autem

470 1605 726 1676 quaedam
774 1618 864 1659 res
906 1604 1007 1658 ista
1067 1606 1288 1659 teutatio
1332 1615 1437 1669 est,
1484 1605 1596 1673 jam
1629 1622 1771 1661 nunc
1814 1607 2068 1662 Dominus

478 1711 636 1753 meus
666 1695 911 1765 aspiciat,
943 1704 997 1748 et
1019 1710 1169 1749 suam
1217 1697 1416 1750 faciens
1462 1698 1814 1764 voluntatem,
1847 1714 1950 1753 non
1982 1712 2069 1754 me

2174 503 2249 557 ris
2291 502 2447 575 mihi,
2495 503 2955 562 consummaberis
3010 503 3064 561 in
3099 504 3201 560 hoc
3230 519 3390 577 quem
3431 504 3661 576 adeptus
3698 518 3761 559 es

2170 598 2310 665 loco,
2335 608 2387 655 et
2414 598 2757 670 gloriaberis,
2808 609 2861 654 et
2889 597 3158 670 ﬂagellum
3190 614 3295 654 non
3348 599 3757 670 appropinqua-

2170 689 2246 745 bit
2268 691 2610 748 tabernaculo
2633 700 2724 746 tuo
2752 690 2924 764 (Ρωι.
2972 692 3096 757 xc);
3144 690 3227 745 sin
3261 706 3389 747 vero
3436 707 3526 748 me
3574 690 3767 747 audire

2169 781 2423 848 nolueris,
2470 781 2621 838 Giezi
2673 781 2769 839 tibi
2825 782 2944 838 linis
2982 782 3255 850 adveniet,
3292 783 3447 854 cujus
3487 792 3544 840 et
3571 781 3763 839 morbo

2166 873 2375 930 laboras
2390 872 2440 946 (I
2456 873 2495 929 V
2523 875 2651 947 Reg.
2682 876 2759 946 v).

2244 965 2433 1021 Evenit
2461 965 2620 1036 igitur
2648 975 2705 1021 ut
2733 974 2852 1035 post
2879 967 3082 1020 ooitum
3112 965 3258 1021 beati
3304 965 3427 1029 viri,
3460 974 3567 1021 tam
3617 964 3763 1020 salu-

2172 1056 2290 1112 bria
2315 1057 2432 1128 ejus
2459 1058 2600 1112 dicta
2656 1066 3026 1112 contemneret
3069 1067 3190 1127 post
3235 1057 3539 1129 quindecim
3570 1057 3656 1111 vel
3687 1057 3765 1110 vi-

2170 1147 2299 1217 ginti
2333 1163 2503 1202 annos
2538 1165 2548 1198 :
2604 1146 2744 1202 unde
2796 1161 2920 1203 eum
2976 1147 3047 1201 ita
3080 1156 3247 1201 totum
3300 1147 3387 1202 ille
3413 1145 3767 1202 exsecrabilis

2173 1236 2390 1292 morbus
2419 1236 2615 1291 invasit
2641 1239 2729 1309 (eo
2770 1237 2910 1307 quod
2961 1239 3013 1291 in
3058 1253 3320 1307 pauperes
3367 1237 3585 1303 fratres,
3614 1252 3767 1291 more

2170 1327 2345 1395 Judae,
2375 1328 2501 1383 furti
2526 1329 2729 1383 crimen
2755 1328 3088 1399 admiserat),
3122 1336 3316 1383 ut‘non
3349 1338 3528 1397 posset
3557 1327 3769 1383 incolu-

2171 1423 2274 1477 mis
2293 1423 2378 1477 vel
2410 1438 2513 1476 una
2545 1438 2668 1492 pars
2697 1421 2816 1492 ejus
2865 1424 3107 1491 corporis
3150 1422 3403 1487 inveniri,
3457 1437 3525 1477 ne
3572 1435 3639 1476 tn
3674 1421 3767 1476 tali

2169 1514 2383 1583 quidem
2410 1515 2583 1583 spatio
2604 1516 2743 1585 qund
2776 1530 2912 1569 unus
2940 1515 3162 1584 alicujus
3209 1514 3407 1586 digitus
3451 1523 3769 1585 occuparet.

2171 1604 2268 1659 Est
2294 1620 2425 1681 ergo
2471 1614 2526 1660 et
2556 1606 2657 1661 hoc
2702 1609 2855 1661 exiis
2900 1624 3018 1677 qua:
3063 1616 3281 1663 sanctus
3308 1608 3571 1662 Macarius
3606 1608 3767 1678 longe

2170 1703 2295 1750 ante
2320 1696 2660 1765 prmdixerat.

450 1803 546 1843 fex
572 1786 787 1843 ealmdi
810 1786 1068 1840 concedat
1115 1786 1357 1840 ulterius.
1394 1786 1436 1841 Τ
1444 1803 1544 1841 nnc
1593 1788 1771 1845 clauso
1798 1789 1957 1858 ostio,
2008 1804 2066 1843 se
2098 1788 2146 1851 B
2245 1788 2322 1844 De
2350 1789 2471 1845 cibo
2492 1799 2668 1846 autem
2691 1789 2809 1859 ejus
2831 1801 2882 1845 et
2916 1801 3041 1861 potu
3077 1791 3282 1847 referre
3310 1778 3639 1861 Superlitmm
3670 1806 3771 1861 pu-

482 1883 704 1952 rcccpit.
735 1881 1000 1936 Confusus
1030 1888 1209 1935 autem
1239 1881 1445 1934 ila-mon
1478 1891 1533 1934 et
1577 1882 1769 1948 victus,
1802 1883 2067 1939 resolutus

468 1987 567 2032 est
596 1977 648 2031 in
683 1975 947 2030 turbinem
979 1974 1145 2039 venti,
1180 1985 1233 2028 et
1263 1975 1313 2028 in
1341 1989 1463 2029 sues
1494 1986 1730 2046 agrestes
1757 1975 1908 2047 [Μδ.,
1937 1991 2065 2030 ona-

448 2065 650 2137 .gros],
680 2067 1008 2120 discursibus
1028 2080 1091 2121 ac
1138 2066 1361 2135 strepitu
1391 2068 1753 2123 lascivienles.
1783 2068 1905 2123 lla:c
1929 2069 2066 2125 beati

487 2158 780 2214 Nathanael
814 2158 918 2212 vita
968 2158 1063 2211 fuit
1112 2168 1389 2227 perpetua,
1425 2159 1509 2214 hic
1542 2161 1686 2226 ﬁnis,
1722 2162 1836 2215 [nec
1867 2163 2063 2232 palma.

1086 2269 1312 2324 CAPUT
1361 2272 1442 2346 vn

468 2361 611 2416 vl’lla
634 2360 858 2435 duorum
883 2377 1195 2435 magnorum
1226 2362 1602 2435 Macariornm,
1624 2362 1773 2416 unius
1804 2361 2066 2435 lEgyplii,

587 2434 796 2488 alterius
828 2432 1192 2500 Alexandrini,
1218 2449 1409 2487 necnon
1438 2444 1483 2486 et
1506 2433 1672 2487 Marci
1700 2432 1960 2488 monachi.

555 2527 648 2581 Illa
677 2536 854 2582 autem
884 2544 1002 2596 qua:
1057 2527 1124 2581 de
1173 2527 1600 2597 prmdicabilibus
1630 2543 1692 2582 ac
1725 2528 1894 2582 beatis
1926 2528 2069 2584 refe-

476 2630 669 2676 runtur
697 2620 825 2675 viris
855 2621 1059 2675 duobus
1088 2619 1331 2675 Macariis
1365 2618 1626 2687 (Pallad.,
1656 2636 1703 2672 c.
1744 2620 1828 2685 l9,
1857 2620 1976 2690 20),
2010 2630 2068 2675 ut

480 2713 758 2770 innumera
791 2722 950 2785 atque
974 2710 1277 2767 infidelibus
1307 2710 1637 2767 incredibilia
1660 2711 1843 2765 dubito
1867 2711 2070 2766 referre

475 2808 570 2864 πει
601 2808 859 2877 scribere,
893 2822 962 2863 ne
1003 2803 1141 2861 forte
1171 2805 1331 2861 etiam
1361 2804 1635 2860 mendacis
1664 2819 1861 2860 nomen
1892 2804 2071 2860 incur-

476 2916 620 2955 ram.
651 2899 806 2966 Quod
834 2908 1013 2954 autem
1044 2897 1187 2969 apud
1218 2898 1382 2954 Deum
1412 2908 1630 2967 pereant
1667 2912 1855 2953 omnes
1876 2896 1966 2968 qui
1995 2898 2072 2952 lo-

481 3004 717 3062 quuntur
742 2992 1103 3057 mendacium,
1129 2992 1394 3047 sententia
1418 2989 1587 3047 sancti
1615 2990 1847 3061 Spiritus
1877 2989 2069 3046 decla-

478 3086 618 3140 ravit
664 3082 854 3157 (Psal.
902 3081 996 3153 v).
1053 3084 1135 3138 ille
1182 3087 1394 3153 itaque,
1450 3083 1771 3138 fidelissime
1821 3083 2068 3138 virorum

2171 1889 2245 1944 to,
2278 1883 2571 1949 praesertim
2600 1896 2721 1937 cum
2750 1882 2912 1936 etiam
2936 1899 2965 1935 a
2986 1882 3459 1953 negligentioribus
3481 1885 3770 1940 monachis

2168 1975 2445 2029 videamus
2472 1976 2571 2029 ista
2594 1975 2821 2037 servari,
2852 1990 2919 2030 ne
2964 1984 3058 2029 aut
3106 1974 3373 2029 deliciosis
3413 1984 3505 2030 aut
3545 1978 3773 2031 saecula-

2170 2066 2317 2121 ribus
2344 2080 2502 2136 pares
2544 2083 2665 2122 esse
2693 2069 2964 2135 dicantur,
3011 2069 3244 2123 maxime
3271 2067 3323 2123 in
3356 2068 3465 2124 illis
3497 2069 3649 2135 locis,
3680 2069 3772 2125 ubi

2170 2158 2255 2211 vix
2314 2160 2623 2215 necessaria
2669 2160 2799 2232 ipsis
2820 2163 3071 2217 alimenta
3116 2162 3409 2230 sufficiunt,
3449 2173 3504 2218 et
3533 2163 3621 2218 ubi
3643 2172 3773 2219 sunt

2172 2258 2441 2305 tantorum
2493 2268 2614 2319 quae
2668 2253 2864 2307 imitari
2896 2254 3112 2309 student
3137 2254 3381 2323 exempla
3429 2264 3770 2310 sanctorum.

2173 2341 2394 2396 De‘aliis
2422 2339 2583 2412 igitur
2615 2344 2825 2398 meritis
2873 2345 3039 2414 ipsius
3071 2346 3277 2415 loquar.
3323 2343 3456 2399 Sine
3498 2346 3770 2401 intermis-

2169 2433 2325 2488 sione
2347 2448 2566 2503 semper
2596 2436 2647 2489 in
2673 2436 2901 2506 quadam
2928 2451 3048 2492 eSee
3071 2435 3419 2492 translatione
3445 2438 3642 2490 anima:
3665 2452 3768 2505 pu-

2174 2524 2404 2591 tabatur,
2432 2524 2540 2579 imo
2568 2526 2739 2597 magis
2762 2527 3051 2597 plurimum
3083 2528 3208 2582 vitae
3258 2532 3368 2583 sua:
3396 2535 3609 2597 tempus
3646 2541 3772 2583 cum

2173 2616 2282 2671 Deo
2305 2632 2487 2686 agere,
2520 2626 2574 2674 et
2615 2620 2920 2675 caelestibus
2947 2620 3175 2691 amplius
3218 2635 3376 2690 quam
3419 2621 3648 2675 terrenis
3677 2634 3773 2675 ne-

2171 2707 2332 2777 gotiis
2386 2709 2681 2775 interesse;
2708 2711 2758 2764 in
2787 2724 2892 2780 quo
2917 2720 2973 2766 et
2992 2711 3172 2766 divina
3217 2711 3461 2782 quaedam
3513 2709 3771 2765 miracula

2174 2798 2337 2855 fuisse
2358 2813 2741 2857 memorantur.

2246 2892 2376 2949 Nam
2404 2893 2690 2965 Egyptius
2712 2895 2930 2966 quidam
2960 2911 3081 2952 cum
3110 2910 3297 2951 amore
3350 2910 3553 2952 vesano
3580 2895 3772 2952 aliena

2175 2986 2356 3039 uxoris
2385 2986 2622 3051 arderet,
2654 3002 2753 3041 nec
2784 2997 2968 3057 posset
2990 2988 3056 3042 ad
3081 2988 3329 3043 effectum
3361 2997 3469 3042 tam
3521 2976 3771 3044 scelesta

2176 3076 2486 3147 cupiditatis
2517 3078 2819 3148 pervenire.
2870 3093 2935 3135 eo
2963 3079 3105 3151 quod
3135 3079 3221 3134 illa
3260 3078 3535 3147 pudicitia:
3564 3078 3769 3146 dedita,

492 3177 689 3241 Lause,
743 3175 915 3247 gratia
962 3176 1173 3231 Domini
1223 3193 1328 3231 non
1380 3179 1691 3244 mentiente,
1746 3187 1799 3231 tu
1856 3191 2067 3246 quoque
2095 3166 2143 3229 C
2174 3170 2491 3240 virginitatis
2535 3185 2650 3225 suae
2678 3171 2961 3241 conjugem
2994 3170 3153 3227 nimis
3194 3180 3434 3236 amaret,
3468 3171 3772 3229 maleficum

483 3268 649 3341 950
676 3279 982 3322 sanctorum
1010 3267 1292 3337 triumphis
1320 3268 1625 3323 incredulus
1648 3282 1751 3321 non
1774 3266 1995 3321 existas.

555 3362 634 3416 Ex
704 3359 788 3414 his
840 3359 1051 3415 duobus
1104 3360 1350 3415 Macariis
1406 3377 1542 3416 unus
1594 3361 1809 3432 quidem
1868 3375 2071 3429 genere

484 3452 789 3525 Egyptius,
823 3453 961 3508 alter
990 3467 1117 3507 vero
1151 3452 1381 3522 .juijoris
1414 3466 1623 3523 tempus
1652 3454 1823 3508 aetatis
1850 3455 2069 3508 vincens

486 3544 798 3610 virtutibus,
829 3543 1227 3600 Alexandrinus
1251 3545 1552 3615 negotiator
1576 3555 1691 3599 erat
1726 3543 1856 3618 [.lfs.
1881 3545 2024 3597 addit
2050 3558 2069 3597 :

482 3637 572 3708 qui
592 3651 749 3709 poma
766 3636 849 3692 vel
878 3636 1168 3707 legumina,
1196 3650 1463 3707 nucesque
1481 3632 1788 3704 vendebat].
1811 3636 1961 3689 Prius
1991 3643 2069 3688 ta-

487 3744 617 3784 nien
648 3729 718 3785 de
747 3728 839 3785 illo
865 3726 1123 3800 Egyptio
1155 3727 1340 3796 loquar
1369 3728 1461 3797 qui
1488 3729 1618 3781 vixit
1647 3726 1928 3797 nonaginta
1952 3740 2069 3778 om-

476 3835 583 3879 nes
611 3821 768 3878 simul
791 3834 963 3876 annos
986 3836 1000 3875 :
1025 3835 1092 3876 ex
1122 3820 1315 3891 quibus
1340 3819 1616 3889 sexaginta
1647 3819 1698 3873 in
1720 3818 1951 3874 desertis
1971 3817 2069 3871 im-

488 3916 655 3985 plevit
679 3916 833 3983 locis,
867 3915 933 3970 ad
966 3929 1088 3985 quae
1113 3913 1327 3986 juvenis
1360 3912 1536 3970 fuerat
1561 3914 1834 3983 ingressus
1858 3911 2071 3982 trigesi-

482 4020 572 4061 mo
593 4006 767 4062 aetatis
807 4022 918 4067 suae
966 4021 1140 4073 anno;
1186 4016 1442 4077 tantoque
1491 4003 1827 4061 abstinentia:
1877 4020 2068 4059 mona-

483 4097 643 4152 c'hilis
692 4098 833 4152 intra
879 4097 1064 4153 decem
1121 4113 1291 4153 annos
1335 4099 1468 4151 vixit
1506 4097 1820 4164 certamine,
1854 4108 1911 4151 ut
1958 4096 2068 4166 jam

478 4198 611 4245 tunc
665 4188 1006 4244 discretionis
1057 4192 1321 4260 sapientia
1371 4190 1912 4258 prteinunitus,seuis
1941 4204 2071 4257 puer

484 4296 683 4338 nomen
712 4281 1002 4351 acciperet,
1032 4295 1099 4336 eo
1127 4282 1266 4349 quod
1296 4282 1535 4336 velocius
1586 4281 1652 4335 ad
1706 4288 1914 4334 matura
1944 4295 2071 4334 con-

481 4374 691 4430 scendit
718 4373 1035 4428 certamina.
1085 4370 1182 4426 Ubi
1214 4374 1355 4426 enim
1408 4370 1635 4439 primum
1666 4385 1787 4425 esse
1842 4370 2071 4439 quadra-

481 4464 734 4536 genarius
762 4473 948 4529 cwpit,
975 4470 1029 4516 et
1063 4471 1245 4515 contra
1274 4460 1494 4532 spiritus
1524 4463 1720 4527 aerios,
1748 4472 1803 4516 et
1831 4463 1883 4515 in
1912 4477 2067 4516 cura-

2172 3271 2419 3332 precatus
2446 3270 2549 3326 est,
2592 3272 2650 3317 ut
2678 3272 2770 3316 aut
2796 3276 2858 3318 se
2883 3262 3049 3316 amari
3078 3262 3147 3318 ab
3175 3276 3237 3317 ea
3266 3261 3484 3327 faceret,
3516 3270 3609 3316 aut
3625 3276 3769 3331 quo-

2171 3367 2380 3423 cunque
2404 3352 2548 3407 illam
2574 3351 2736 3407 modo
2764 3366 2794 3406 a
2817 3352 3010 3406 marito
3032 3352 3250 3423 proprio
3276 3350 3567 3423 repudiari.
3599 3350 3773 3407 Male-

2174 3446 2302 3499 ficus
2325 3455 2503 3499 atttem
2536 3444 2718 3500 multis
2749 3446 3060 3501 muneribus
3087 3446 3319 3509 illectus,
3347 3445 3513 3500 solito
3535 3446 3773 3516 propria

2172 3538 2301 3591 artis
2331 3538 2561 3606 ingenio,
2598 3536 2724 3593 fecit
2746 3538 2887 3592 illam
2916 3552 3111 3609 equam
3136 3536 3325 3606 videri,
3353 3552 3459 3592 non
3486 3539 3770 3594 feminam.

2172 3629 2341 3696 Quam
2373 3629 2461 3683 ubi
2494 3629 2652 3682 talem
2682 3630 2764 3683 vir
2793 3629 2930 3698 ejus,
2957 3628 3173 3683 domum
3197 3644 3503 3698 regressus,
3531 3630 3769 3699 aspexit,

2173 3730 2282 3775 tam
2327 3729 2667 3775 monstruosa
2715 3720 2954 3776 novitate
3001 3720 3243 3775 turbatus
3284 3722 3450 3790 (quod
3496 3721 3685 3792 jacere
3714 3722 3769 3776 in

2174 3813 2370 3868 lectulo
2399 3827 2500 3868 suo
2534 3826 2725 3882 equam
2761 3811 3013 3883 videret),
3059 3813 3443 3883 ingemiscebat
3482 3828 3544 3868 ac
3575 3815 3762 3879 ﬂebat,

2173 3922 2241 3963 eo
2270 3906 2414 3976 quod
2444 3908 2618 3973 ipsum
2662 3905 2944 3977 alloquens
2984 3907 3203 3975 animal,
3233 3906 3435 3961 nullum
3491 3908 3766 3979 loquentis

2175 4008 2383 4068 poterat
2403 4000 2590 4055 audire
2615 4014 2954 4069 responsum.
2986 3999 3225 4069 Rogabat
3244 4000 3403 4070 igitur
3424 4003 3773 4073 presbyteros

2172 4096 2339 4166 ipsius
2367 4096 2489 4157 vici,
2522 4095 2782 4164 duxitque
2806 4109 2901 4149 eos
2929 4093 3169 4161 domum,
3194 4103 3249 4149 et
3278 4095 3405 4163 quid
3426 4096 3515 4147 illa
3547 4105 3767 4163 patere-

2175 4198 2259 4242 tur
2286 4189 2544 4243 ostendit.
2580 4188 2643 4241 Et
2668 4202 2734 4240 ne
2765 4196 2891 4239 tunc
2915 4186 3129 4256 quidem
3168 4200 3383 4240 causam
3432 4193 3594 4239 tanta:
3622 4188 3769 4242 cala-

2176 4280 2377 4333 mitatis
2417 4279 2681 4348 agnoscit.
2731 4279 2862 4343 Quae
2887 4287 3062 4333 tamen
3108 4279 3218 4347 jam
3252 4292 3350 4347 per
3378 4277 3635 4344 triduum,
3672 4292 3772 4334 nec

2177 4381 2233 4425 ut
2259 4387 2397 4439 equa
2429 4373 2572 4437 feno,
2605 4386 2704 4425 nec
2735 4385 2870 4440 pane
2902 4382 2959 4426 ut
2987 4372 3233 4428 homines
3262 4373 3535 4439 utebatur,
3563 4373 3771 4428 utrius-

2177 4479 2283 4533 que
2326 4478 2466 4518 esca:
2515 4463 2787 4518 alimoniis
2852 4462 3126 4520 deStituta.
3185 4466 3262 4519 Ad
3324 4477 3651 4533 postremum
3711 4475 3769 4518 ut

488 4557 725 4613 tionibus
745 4556 1043 4623 hominum,
1069 4564 1122 4609 et
1149 4553 1642 4609 denuntiationibus
1666 4554 1963 4608 futurorum
1991 4554 2072 4608 di-
2098 4558 2150 4619 Ι)
2182 4557 2613 4627 magnificaretur
2638 4555 2805 4627 gloria
2839 4557 2954 4626 Dei,
2997 4568 3050 4612 et
3076 4568 3133 4612 ut
3168 4556 3338 4613 sancti
3378 4557 3524 4611 illius
3553 4557 3771 4611 Macarii

486 4652 663 4707 vittam
695 4649 920 4722 gratiam
966 4646 1183 4712 meruit,
1232 4656 1504 4717 postremo
1553 4648 1716 4702 etiam
1774 4647 2068 4702 sacerdotis

483 4750 567 4813 (ut
587 4744 779 4814 dignus
804 4742 944 4811 erat)
968 4755 1161 4796 nomen
1185 4740 1410 4810 acet-pit.
1446 4740 1745 4809 Discipulos
1773 4740 1858 4795 hic
1881 4756 2069 4796 secum

484 4837 713 4893 habebat
735 4836 893 4902 duos,
925 4837 977 4890 in
1009 4834 1235 4889 desertis
1283 4833 1625 4888 interioribus
1654 4849 1771 4903 quae
1824 4835 2064 4905 Scytliiin

484 4938 783 4983 vocantur:
810 4941 1035 4997 quorum
1069 4940 1206 4980 unus
1232 4924 1479 4980 minister
1509 4927 1674 4994 ipsius
1706 4936 1842 4992 erat,
1874 4941 1973 4982 nec
2000 4928 2067 4981 ab

485 5022 605 5091 ejus
635 5020 801 5075 latere
827 5021 1129 5086 recedebat,
1156 5028 1375 5088 propter
1400 5033 1496 5074 eos
1526 5019 1613 5086 qui
1642 5033 1799 5073 causa
1831 5020 2066 5073 curatio-

482 5111 565 5166 nis
598 5110 938 5181 frcqucntare
963 5119 1385 5175 consueverant;
1409 5111 1546 5165 alter
1569 5118 1743 5163 autem
1774 5111 2062 5178 separatim

484 5202 537 5256 in
593 5203 803 5272 propria
833 5202 968 5256 cella
1010 5202 1280 5257 manebat.
1328 5200 1457 5257 Post
1511 5202 1838 5278 aliqnantutn
1886 5202 2065 5258 autem

483 5295 743 5362 temporis
770 5292 898 5347 dum
943 5294 1356 5363 prmvidentibtts
1400 5295 1574 5349 futura
1603 5296 1772 5349 oculis
1806 5296 2065 5364 intuetur,

481 5389 555 5442 ait
575 5387 763 5443 JOanni
790 5387 1003 5441 nomine
1021 5388 1264 5445 ministro
1294 5402 1390 5441 suo
1413 5387 1522 5460 (qui
1544 5388 1876 5457 postmodum
1902 5389 2064 5444 etiam

482 5477 550 5533 ad
579 5476 1024 5548 prcsliyteratum.
1058 5477 1176 5530 loco
1202 5477 1442 5548 ejusdem
1482 5478 1653 5531 sancti
1690 5477 1901 5532 Macarii
1951 5495 2064 5534 tne-

484 5579 588 5625 rutt
617 5567 920 5639 pervenire)
949 5584 961 5621 :
995 5567 1154 5634 Audi,
1186 5568 1376 5639 inquit,
1405 5585 1511 5637 me,
1543 5584 1576 5625 o
1601 5568 1837 5625 Joannes
1874 5570 2065 5638 frater,

482 5672 538 5718 et
578 5661 824 5718 suadenti
871 5658 1001 5716 mihi
1054 5661 1104 5716 id
1157 5662 1300 5733 quod
1333 5664 1424 5718 tibi
1474 5664 1712 5734 proderit
1757 5663 2067 5735 acquiesce.

482 5750 732 5811 Tentaris
759 5753 925 5821 enim,
958 5760 1011 5810 et
1038 5760 1089 5809 te
1109 5752 1416 5825 cupiditatis
1438 5764 1596 5828 atque
1619 5757 1866 5813 avaritia:
1908 5756 2068 5829 spiri-

2174 4651 2342 4703 virtns
2368 4650 2733 4703 innotescerct
2758 4649 2967 4705 cunctis
2997 4650 3313 4715 astantibus,
3363 4649 3543 4703 subito
3581 4650 3632 4703 in
3675 4662 3772 4703 cor

2174 4743 2350 4797 mariti
2379 4743 2497 4810 ejus
2540 4746 2807 4803 ascendit,
2850 4752 2909 4797 ut
2937 4758 3058 4797 cum
3086 4757 3147 4797 ea
3203 4743 3319 4797 loca
3361 4741 3573 4796 deserta
3604 4756 3770 4811 pene-

2175 4846 2359 4890 traret.
2412 4834 2678 4904 llligatam
2729 4836 2889 4906 igitur
2924 4850 3042 4891 eam
3092 4835 3165 4890 ita
3216 4845 3272 4891 ut
3298 4835 3539 4904 iumenta
3580 4835 3769 4891 vinciri

2172 4929 2369 4999 solent,
2390 4929 2454 4983 ad
2486 4929 2698 4985 deserta
2730 4929 2982 4996 deduxit;
3014 4945 3245 4999 cumque
3263 4930 3373 4997 jam
3396 4930 3568 4983 sancti
3592 4929 3794 5012 Macr.

2175 5022 2237 5075 rii
2268 5022 2471 5078 cellula:
2502 5023 2978 5092 appropinquaret,
3008 5022 3161 5091 juxta
3186 5039 3345 5092 quam
3375 5024 3628 5079 monachi
3656 5032 3769 5077 sta-

2177 5115 2325 5179 bant,
2367 5115 2652 5187 objurgare
2697 5128 2980 5184 cmpeiunt
3009 5128 3361 5171 memoratum
3408 5116 3584 5170 virum
3628 5115 3767 5186 ejus,

2180 5224 2280 5264 cur
2310 5225 2432 5266 cum
2461 5224 2599 5280 equa
2630 5212 2696 5264 ad
2736 5211 3117 5265 monasterium
3149 5211 3331 5264 venire
3380 5209 3659 5265 voluisset.
3689 5207 3769 5263 Ad

2176 5315 2311 5371 quos
2359 5302 2433 5355 ait
2484 5300 2572 5356 ille
2624 5301 2807 5358 :Veni
2851 5302 2952 5356 huc
3000 5302 3063 5356 ut
3112 5302 3309 5370 possim
3344 5300 3767 5356 misericordiam

2178 5395 2350 5449 sancti
2400 5392 2733 5449 orationibus
2774 5394 3093 5465 promereri.
3127 5393 3342 5464 lllisque
3379 5392 3764 5464 interroganti-

2178 5485 2276 5539 bus
2304 5486 2428 5556 quid
2460 5486 2589 5541 mali
2624 5486 2843 5542 haberet
2872 5504 2886 5539 :
2941 5485 3107 5551 Uxor,
3143 5486 3333 5556 inquit,
3367 5498 3483 5540 mea
3515 5493 3601 5539 est
3630 5483 3766 5548 haec,

2177 5576 2271 5632 sed
2313 5576 2366 5633 in
2396 5592 2586 5647 equam
2622 5577 2831 5632 videtur
2858 5592 2977 5632 esse
3020 5591 3277 5632 conversa
3312 5592 3327 5631 :
3378 5573 3542 5629 habet
3589 5582 3769 5631 autem

2182 5668 2342 5726 hodie
2372 5669 2582 5725 tertiam
2609 5669 2749 5725 diem
2778 5685 2841 5726 ex
2874 5686 2979 5741 quo
3010 5670 3214 5727 nullum
3244 5669 3456 5740 penitus
3477 5668 3659 5725 cibum
3684 5682 3769 5722 suo

2182 5759 2298 5841 mit.
2331 5760 2482 5841 Quod
2510 5776 2629 5817 cum
2658 5759 2950 5831 supradicti
2992 5759 3185 5817 fratres
3234 5762 3408 5817 oranti
3442 5769 3633 5817 sancto
3662 5758 3767 5814 Ma-
