3982 6354
279 356 393 414 269

1501 343 1910 404 llEllAClJDlS
1948 341 2352 404 PARADISUS.

3449 345 3557 401 270

282 474 438 528 ,περ
467 469 573 543 (ωε
595 469 703 541 lam
731 479 784 527 ει
810 470 909 526 hoc
940 471 1111 540 Ipsum
1145 469 1284 540 Deus
1313 476 1495 522 ηοωιη
1523 465 1746 533 fecerat)
1785 477 1868 516 re-
1898 462 1946 520 Α
1974 460 2196 528 gratiam
2229 459 2318 512 Dei
2349 467 2608 524 curatum,
2635 467 2690 512 et
2739 457 2804 511 ad
2846 456 3120 527 pristinam
3152 456 3430 512 sanitatem
3469 473 3556 513 res

283 565 556 627 tulissent,
579 572 635 618 et
657 579 750 631 pro
777 563 967 617 eadem
1015 563 1282 616 instanter
1311 567 1511 622 oraret,
1543 558 1656 612 hare
1699 555 1881 610 fratri-

294 657 398 710 bus
429 656 596 710 dixit:
631 655 760 721 Vos,
787 655 974 724 inquit,
1008 655 1129 724 equi
1163 655 1312 719 estis,
1357 655 1447 723 qui
1479 666 1736 721 equorum
1786 649 1881 703 ha-

294 749 434 802 betis
463 749 684 814 oculos;
721 749 808 802 illa
834 747 977 801 enim
1008 747 1198 800 mulier
1227 752 1328 808 est,
1364 758 1462 799 nec
1508 743 1878 811 transfigurata

292 837 344 892 in
377 839 532 892 aliam
564 849 807 892 naturam
833 837 1062 903 videtur,
1086 837 1184 890 nisi
1205 851 1390 889 eorum
1429 834 1597 888 oculis
1635 834 1722 904 qui
1749 849 1881 900 pra:-

295 933 443 1003 stigii
490 934 728 989 vanitate
781 932 1053 989 falluntur.
1087 931 1488 1000 Confestimque
1541 930 1878 986 benedictam

291 1025 457 1092 capiti
506 1024 674 1092 ipsius
725 1025 880 1078 nudae
907 1023 1192 1077 infundens
1222 1009 1412 1092 aquam
1443 1022 1706 1091 (oratione
1734 1038 1881 1076 com-

295 1114 488 1182 picta),
539 1115 717 1168 subito
770 1115 935 1169 videri
965 1129 1084 1169 eam
1129 1115 1378 1168 omnibus
1435 1114 1683 1168 feminam
1735 1115 1877 1180 fecit,

289 1205 558 1276 jussitque
602 1221 722 1261 eam
756 1206 923 1272 refici,
967 1215 1024 1261 et
1072 1207 1272 1278 gratias
1313 1215 1555 1275 agentem
1614 1205 1726 1260 Deo
1756 1222 1877 1261 cum

289 1297 522 1365 conjuge
541 1312 638 1351 suo
660 1313 901 1351 remeare
918 1299 1190 1367 prmcepit,
1219 1299 1334 1351 haec
1351 1298 1535 1351 dicens
1558 1313 1573 1350 :
1598 1297 1876 1367 Nunquam

292 1389 516 1443 omnino
540 1404 568 1441 a
595 1389 973 1442 communione
998 1396 1301 1442 sanctorum
1329 1389 1702 1457 mySIcriorum
1726 1402 1880 1457 sepa-

293 1488 462 1544 retur,
515 1495 892 1548 nnnquamque
947 1479 1014 1533 ab
1043 1480 1286 1534 ecclesia:
1327 1480 1570 1533 oratione
1616 1480 1872 1535 discedat.

295 1571 412 1626 Hoc
432 1572 574 1626 enim
605 1571 806 1625 idcirco
844 1586 1096 1641 perpessa
1145 1581 1246 1634 est,
1277 1572 1400 1640 quia
1434 1586 1529 1640 per
1550 1574 1875 1640 septimanas

294 1665 533 1734 quinque
559 1664 809 1734 mysteria
837 1665 1012 1718 divina
1035 1679 1139 1718 non
1167 1664 1356 1732 attigit.

375 1758 530 1811 Aliud
553 1758 744 1812 iterum
778 1758 944 1827 ipsius
972 1759 1166 1810 factum
1205 1756 1511 1825 proloquar.
1538 1756 1638 1810 Per
1667 1757 1876 1824 longum

1984 552 2222 610 ductum,
2259 551 2483 620 propria:
2529 550 2760 604 reddidit
2790 549 2965 605 matri.
3000 550 3111 605 Hoc
3139 565 3352 620 quoque
3394 552 3557 603 mira-

1983 643 2162 697 culum
2194 658 2288 712 per
2319 652 2559 696 sanctum
2585 643 2839 697 famulum
2872 658 3026 697 suum
3055 643 3196 698 Deus
3221 641 3366 707 fecit,
3398 658 3557 712 quem

1985 731 2156 782 virum
2179 745 2280 799 ego
2312 731 2361 783 in
2395 744 2620 798 corpore
2651 731 2830 784 videre
2871 747 2975 783 non
3005 729 3181 798 potui;
3213 741 3336 784 ante
3362 745 3557 783 annum

1983 821 2126 873 enim
2159 837 2316 889 quem
2349 821 2413 873 ad
2443 821 2557 873 illas
2585 822 2899 874 solitudines
2929 821 3230 890 introirem,
3260 822 3352 876 ille
3380 831 3559 876 tantus

1983 911 2285 965 decertator
2313 913 2520 981 quievit
2547 913 2596 966 in
2634 913 2880 967 Domino.

2057 1003 2204 1055 Illum
2237 1013 2412 1055 autem
2461 1005 2745 1057 Macarintu
2786 1005 2873 1072 qui
2916 1004 3249 1058 Alexandrim
3283 1006 3588 1076 presbyter‘

1982 1095 2106 1157 fuit,
2138 1097 2240 1148 vidi
2267 1097 2320 1149 in
2354 1097 2435 1150 his
2465 1097 2596 1152 locis
2632 1113 2752 1165 qua:
2778 1098 2938 1152 Cella:
2969 1101 3328 1163 nominantur,
3362 1101 3412 1153 iu
3442 1105 3557 1167 qui-

1983 1186 2080 1239 bus
2115 1188 2275 1242 Celis
2314 1203 2413 1256 ego
2444 1205 2537 1256 per
2575 1205 2743 1244 annos
2785 1206 2975 1245 novem
3024 1193 3225 1257 mansi;
3268 1194 3319 1245 iu
3363 1195 3556 1264 quibus

1983 1277 2195 1333 triennii
2223 1290 2430 1348 tempus
2456 1297 2575 1334 cum
2601 1297 2664 1335 eo
2695 1281 2830 1346 vixi,
2862 1291 2916 1336 et
2944 1284 3028 1336 illa
3060 1283 3270 1353 quidem
3305 1286 3554 1340 miracula

1982 1369 2080 1423 sub
2110 1370 2278 1422 oculis
2307 1371 2440 1424 meis
2467 1371 2620 1435 fecit,
2647 1373 2749 1426 alia
2778 1388 2903 1426 vero
2929 1390 2991 1428 ex
3035 1389 3129 1429 ore
3172 1375 3334 1444 ipsius
3363 1377 3553 1440 didici,

1981 1469 2172 1513 Cretera
2200 1472 2373 1514 autem
2397 1462 2620 1515 aliorum
2653 1465 2906 1518 relatione
2928 1467 3179 1533 cognovi.

2055 1553 2289 1607 ilahn-bat
2335 1556 2506 1623 itaque
2556 1555 2736 1609 hocin
2771 1559 3040 1626 proposito
3078 1560 3201 1612 vitae
3244 1575 3373 1624 suae,
3408 1572 3464 1615 ut
3508 1563 3552 1618 si

1985 1646 2104 1713 quid
2139 1662 2381 1713 maguum
2420 1662 2453 1700 a
2494 1647 2892 1717 quibuscuuque
2920 1650 3115 1703 sanctis
3146 1651 3194 1703 in
3240 1651 3554 1706 abstinentia

1984 1739 2094 1790 fieri
2125 1737 2424 1803 didicisset,
2460 1740 2561 1792 hoc
2590 1739 2858 1794 ferventer
2905 1742 3163 1809 impleret.
3195 1742 3419 1812 Cognito
3462 1746 3555 1814 igi-

291 1850 552 1918 temporis
583 1852 834 1919 Spatium,
861 1850 1164 1904 cuniculum
1190 1849 1470 1918 quemdam
1518 1850 1615 1901 sub
1645 1849 1874 1903 obscuro
1907 1836 1952 1895 Β
1980 1836 2064 1880 tur
2091 1843 2118 1880 a
2149 1828 2460 1898 quibusdam
2489 1832 2628 1898 quod
2656 1831 3098 1886 'l‘abeunensiota:
3127 1834 3252 1919 nihil
3287 1837 3421 1889 cocti
3450 1838 3554 1892 cibi

290 1949 454 1996 teme
483 1941 743 2010 profundo
764 1959 792 1997 a
817 1943 953 1997 cella
979 1958 1071 1996 sua
1100 1943 1268 2006 duxit,
1298 1958 1388 2011 per
1409 1941 1614 1996 dimidii
1645 1945 1871 2011 spatium

291 2033 456 2087 stadii
484 2049 648 2102 usque
677 2037 745 2089 ad
795 2036 895 2090 soli
942 2035 1162 2090 alterius
1189 2035 1586 2090 summitatem:
1621 2037 1708 2090 ubi
1755 2051 1875 2102 spe-

291 2123 508 2178 luncam
539 2125 640 2179 sibi
672 2128 888 2195 proprio
917 2126 1112 2181 sudore
1137 2125 1377 2194 perfecit,
1413 2136 1468 2179 ut
1496 2129 1704 2196 quoties
1736 2127 1874 2181 ferre

292 2229 404 2268 non
437 2225 643 2284 poterat
675 2217 973 2270 molestiam
1007 2217 1479 2285 frequentantium,
1530 2218 1710 2272 relicta
1743 2218 1875 2271 cella

293 2317 395 2357 sua
421 2320 515 2373 per
538 2306 804 2361 occultum
837 2307 937 2362 iter
967 2322 1026 2362 se
1053 2308 1117 2361 ad
1150 2309 1418 2378 Spelunca:
1472 2309 1702 2363 latebras
1748 2326 1874 2363 eon-

295 2395 488 2464 ferret,
541 2397 718 2467 itaque
764 2413 792 2452 a
845 2399 991 2453 nullo
1023 2415 1252 2469 unquam
1301 2416 1361 2454 se
1395 2399 1656 2455 voluisset
1683 2401 1870 2454 videri.

293 2486 587 2542 Referebat
612 2504 741 2557 ergo
771 2491 925 2544 nobis
957 2491 1170 2558 quidam
1216 2491 1282 2544 de
1309 2491 1562 2546 studiosis
1594 2493 1758 2559 ipsius
1787 2493 1879 2544 ali-

290 2580 513 2651 quando
538 2582 832 2651 discipulis,
858 2583 998 2653 quod
1027 2585 1238 2652 quoties
1267 2585 1334 2638 de
1363 2585 1732 2639 mansiuncula
1783 2599 1875 2637 sua

294 2671 381 2726 ire
433 2673 498 2728 ad
545 2675 854 2744 speluncam
888 2675 1116 2741 solebat,
1149 2673 1330 2744 viginti
1357 2684 1411 2729 et
1439 2687 1662 2742 quatuor
1699 2678 1877 2732 eundo

291 2764 589 2830 orationes,
623 2773 678 2819 et
701 2765 917 2820 totidem
951 2765 1224 2820 redeundo
1274 2765 1515 2820 faciebat.

369 2855 445 2910 De
476 2855 575 2909 hoc
598 2858 712 2927 ipso
737 2859 874 2911 fama
895 2858 1153 2929 vulgavit,
1183 2859 1320 2926 quod
1342 2869 1396 2913 et
1421 2869 1685 2914 mortuum
1709 2860 1875 2914 susr-i-

292 2947 442 3012 urit,
491 2947 617 3001 dum
669 2950 949 3012 quemdam
997 2951 1302 3003 haereticum
1357 2951 1469 3004 vult
1518 2950 1732 3018 docere,
1784 2949 1877 3017 qui

293 3038 743 3092 resurrectionem
797 3055 1085 3108 corporum
1144 3041 1366 3109 negabat
1421 3039 1671 3093 futuram.
1739 3039 1870 3106 Qua:

292 3126 435 3182 fama
496 3131 548 3184 in
604 3131 832 3186 desertis
879 3132 983 3186 illis
1033 3131 1187 3198 locis,
1239 3133 1377 3187 sicut
1427 3143 1512 3188 cst
1561 3148 1706 3201 vera,
1750 3149 1876 3202 per-

292 3221 509 3272 mansit.

369 3311 448 3364 Ad
481 3311 621 3365 hunc
647 3313 934 3384 aliquando
951 3315 1114 3369 filium
1150 3315 1403 3386 juvenem
1435 3316 1678 3371 demone
1727 3317 1875 3370 labo-

290 3410 526 3467 rantem,
559 3402 861 3458 lamentans
892 3415 1062 3460 mater
1091 3406 1354 3470 exhibuit,
1409 3422 1638 3476 eumque
1686 3407 1791 3461 duo
1824 3410 1876 3462 in

289 3496 517 3564 singulis
555 3497 807 3553 lateribus
835 3500 1067 3553 vinctum
1122 3499 1378 3555 tenebant
1422 3500 1538 3553 viri.
1570 3500 1734 3570 Cujus
1765 3501 1875 3553 dae-

294 3589 470 3641 innuis
499 3589 635 3643 hanc
663 3605 882 3659 Operam
934 3604 1056 3645 esse
1085 3590 1332 3645 dicebant
1358 3609 1370 3644 :
1406 3593 1757 3661 Posteaquam
1789 3593 1873 3646 iu-

290 3679 504 3735 felicem
530 3682 800 3736 hominem
822 3727 836 3743 ,
872 3683 1029 3736 trium
1065 3684 1361 3737 modiorum
1394 3700 1556 3754 panes
1597 3685 1776 3750 edere,
1822 3695 1878 3740 et

293 3771 454 3827 unius
480 3774 755 3840 amphora:
797 3775 1039 3846 lageuam
1065 3775 1221 3849 μιςη
1263 3777 1346 3832 vel
1379 3777 1643 3832 cilicensis
1674 3778 1876 3847 lagenae

290 3863 508 3936 aquam]
537 3865 721 3920 bibere
748 3867 1028 3936 coegisset,
1063 3869 1321 3922 ructando
1352 3869 1599 3923 universa
1637 3884 1755 3938 quas
1783 3871 1872 3922 de-

289 3966 598 4021 voraverat,
629 3958 680 4011 in
710 3973 885 4012 aerem
916 3959 1198 4027 quemdam
1222 3960 1538 4028 fumumque
1563 3971 1877 4014 convertere

286 4058 661 4112 consueverat,
697 4057 856 4118 atque
884 4050 954 4104 ita
985 4049 1159 4104 omnia
1191 4051 1269 4104 vel
1294 4061 1526 4104 comesta
1571 4049 1654 4104 vel
1699 4058 1874 4118 putata

288 4139 447 4209 quasi
499 4139 728 4208 quodam
764 4139 900 4209 ignis
952 4139 1145 4193 ardore
1185 4140 1392 4192 solebat
1445 4139 1746 4192 absumere.
1783 4139 1876 4192 Est

289 4237 471 4282 autem
503 4237 555 4282 et
582 4229 718 4297 legio
744 4228 1070 4294 daemonum,
1115 4244 1233 4297 quae
1267 4229 1508 4282 flammea
1551 4228 1873 4283 nominatur.

288 4319 441 4375 Sicut
463 4319 603 4374 enim
627 4319 764 4373 inter
794 4318 1057 4384 homines,
1085 4321 1156 4373 ita
1190 4332 1238 4374 et
1263 4320 1403 4374 inter
1443 4320 1560 4374 illos
1601 4320 1763 4374 multa
1793 4332 1876 4375 est

287 4412 569 4479 di~tantia,
604 4427 707 4466 non
729 4411 988 4466 naturalis
1017 4413 1347 4477 substantiae,
1375 4413 1533 4484 951
1567 4411 1662 4467 sed
1692 4413 1871 4467 diver-

289 4520 364 4558 sa?
395 4520 457 4558 ac
486 4503 719 4558 dissona:
751 4504 1056 4557 voluntatis.
1095 4504 1198 4558 iste
1229 4504 1644 4574 igiturjuvenis,
1673 4520 1792 4558 cum
1821 4506 1869 4558 ci

1979 1932 2073 1986 per
2110 1919 2566 1988 quadragesituam
2613 1931 2773 1975 totam
2815 1923 2975 1977 edere
3015 1915 3336 1990 dicerentur,
3376 1927 3557 1982 statuit

1976 2013 2112 2065 intra
2152 2014 2532 2081 semetipsum,
2564 2027 2619 2068 ut
2650 2030 2743 2084 per
2784 2025 2987 2084 septem
3030 2031 3198 2070 annos
3245 2018 3374 2072 nihil
3414 2021 3556 2089 quod

1977 2112 2185 2158 coctum
2209 2104 2397 2159 fuisset
2429 2107 2566 2173 igne,
2598 2114 2852 2173 gustaret,
2880 2107 2972 2160 sed
2997 2109 3162 2161 crudo
3189 2118 3390 2163 tantum
3413 2110 3558 2165 olere

1976 2205 2255 2250 contentus
2278 2206 2450 2262 esset;
2482 2197 2550 2250 ita
2581 2209 2636 2250 ut
2661 2199 2704 2252 si
2738 2199 2872 2253 forte
2897 2215 3124 2268 unquam
3155 2201 3435 2269 leguminis
3463 2204 3557 2256 ali-

1976 2288 2100 2357 quid
2135 2291 2446 2358 reperisset,
2480 2305 2651 2360 neque
2681 2292 2803 2345 inde
2841 2303 3098 2361 gustaret.
3129 2295 3237 2348 iloc
3275 2310 3405 2364 ergo
3433 2312 3553 2350 cum

1976 2382 2202 2448 amplius
2229 2398 2385 2451 quam
2415 2384 2631 2438 volebat
2668 2385 2922 2439 imitando
2951 2384 3201 2452 fecisset,
3233 2388 3299 2443 de
3329 2391 3553 2460 reliquo,

1981 2481 2225 2543 tanquam
2259 2476 2388 2529 nihil
2421 2485 2564 2531 esset
2589 2491 2768 2546 grave,
2793 2477 3134 2546 contempsit.

2054 2567 2126 2622 De
2163 2570 2266 2621 alio
2293 2569 2484 2623 iterum
2515 2571 2604 2638 qui
2643 2585 2800 2622 unam
2834 2579 3033 2623 tantum
3068 2570 3217 2638 panis
3249 2570 3437 2625 libram
3467 2589 3556 2626 eo-

1978 2660 2245 2722 mcderet,
2273 2661 2475 2714 audivit
2505 2661 2589 2715 hic
2614 2661 2842 2715 eximius
2871 2662 3252 2716 monachorum
3271 2705 3284 2728 ,
3315 2666 3557 2732 cupiens-

1978 2767 2082 2821 que
2119 2769 2239 2805 enm
2275 2752 2500 2822 imitari,
2528 2754 2857 2809 confractum
2903 2765 3064 2822 atque
3111 2757 3160 2808 in
3194 2768 3368 2823 partes
3401 2760 3557 2811 reda-

1978 2854 2119 2898 cturu
2153 2845 2387 2899 modicas
2417 2846 2766 2899 buccellatum
2813 2846 2894 2914 (5)
2936 2848 2989 2899 in
3031 2847 3244 2916 Iageuas
3295 2849 3468 2913 misit,
3503 2858 3558 2903 et

1979 2936 2163 2989 statuit
2185 2946 2387 2989 tantum
2410 2952 2474 2989 ex
2497 2951 2564 2991 eo
2585 2937 2767 3003 cdere,
2789 2947 3042 3004 quantum
3069 2947 3247 3006 posset
3269 2954 3455 2991 manus
3480 2940 3558 3006 ip-

1979 3030 2090 3083 sius
2111 3044 2212 3082 una
2243 3028 2509 3097 proferre;
2539 3039 2592 3082 et
2625 3032 2692 3082 ita
2724 3030 2852 3083 mihi
2887 3030 3038 3084 laetus
3057 3028 3174 3098 ipse
3203 3040 3384 3098 postea
3417 3029 3557 3087 refe-

1983 3120 2161 3184 rebat,
2195 3121 2294 3174 hoc
2322 3119 2503 3174 dicens
2529 3137 2542 3172 :
2571 3121 2756 3174 Plures
2779 3121 2991 3190 quidem
3024 3122 3311 3190 particulas
3343 3124 3523 3177 buccel
3543 3154 3557 3164 -

1899 3201 1947 3263 C
1982 3208 2070 3262 lati
2121 3209 2256 3262 intra
2306 3210 2543 3278 lagenam
2593 3211 3146 3279 comprehendebant,
3180 3221 3347 3266 tutum
3382 3222 3558 3270 tamen

1981 3300 2238 3370 quidquid
2268 3301 2592 3356 intrinsecus
2615 3312 2795 3358 tenere
2823 3303 3134 3372 potuissem,
3158 3304 3301 3359 foras
3329 3307 3560 3374 proferre

1980 3407 2084 3446 non
2115 3402 2350 3461 poteram
2400 3406 2613 3462 propter
2642 3397 2918 3463 angustias
2956 3395 3066 3449 oris
3093 3395 3288 3466 exigui.
3323 3398 3560 3451 Publica-

1979 3500 2078 3538 nus
2105 3484 2300 3538 etenim
2332 3500 2504 3549 meus,
2537 3497 2590 3539 ut
2617 3489 2835 3540 omnino
2865 3501 2969 3540 non
3012 3487 3228 3541 ederem
3261 3503 3365 3542 non
3409 3491 3558 3542 siue—

1979 3577 2083 3628 bat.
2120 3575 2219 3629 Per
2249 3577 2532 3630 triennium
2565 3591 2691 3645 ergo
2717 3578 2818 3631 sub
2851 3578 2950 3631 hac
2993 3577 3365 3633 observatione
3395 3582 3552 3646 vixit,

1979 3676 2206 3735 quatuor
2229 3679 2320 3720 aut
2347 3668 2578 3736 quinque
2608 3679 2809 3721 tantum
2843 3667 3027 3723 uncias
3060 3674 3210 3738 panis
3253 3685 3554 3735 assumens,

1977 3770 2035 3814 et
2088 3765 2415 3815 tantumdem
2469 3761 2654 3815 bibens
2704 3777 2886 3830 aquae,
2935 3778 3205 3832 unumque
3252 3769 3558 3833 expernleus

1978 3856 2267 3908 sextarium
2312 3856 2446 3918 olei,
2493 3856 2633 3923 quod
2679 3870 2770 3922 per
2818 3863 2986 3909 totum
3035 3855 3111 3909 illi
3158 3872 3356 3912 annum
3402 3860 3553 3912 sulti-

1979 3948 2153 4002 ciebat

2053 4039 2224 4092 Aliam
2259 4052 2441 4091 rursus
2489 4040 2742 4106 propositi
2788 4038 2960 4106 ipsius
3003 4054 3234 4110 agnosce
3282 4043 3552 4099 virtutem.

1984 4131 2077 4184 llic
2112 4133 2343 4182 virorum
2375 4129 2696 4183 fortissimus
2737 4145 2981 4184 somnum
3015 4132 3300 4201 aliqumdo
3343 4135 3558 4189 vincere

1979 4227 2194 4290 statuit;
2225 4236 2278 4280 et
2328 4231 2428 4278 hoc
2473 4225 2586 4292 ipse
2632 4225 2872 4291 diccbat,
2913 4227 3052 4295 quod
3096 4242 3190 4295 per
3220 4221 3409 4297 viginti
3443 4230 3559 4283 dies

1981 4337 2077 4374 nec
2108 4320 2273 4374 semel
2305 4319 2518 4387 quidem
2546 4319 2646 4372 sub
2675 4329 2869 4374 tectum
2900 4321 3111 4388 aliquod
3145 4323 3324 4374 luisset
3355 4323 3557 4390 ingres-

1978 4427 2087 4474 sus,
2122 4421 2177 4463 ut
2221 4411 2298 4463 sic
2345 4413 2582 4462 vinceret
2609 4424 2887 4475 somnum,
2919 4411 3095 4464 diurni
3139 4410 3352 4478 quidem
3397 4420 3559 4464 uastos

1979 4504 2260 4556 ardoribus
2291 4503 2539 4571 ﬂagrans,
2575 4511 2836 4555 nocturno
2863 4510 3036 4556 autem
3072 4502 3268 4570 frigore
3299 4513 3558 4565 tremens,

292 4609 400 4650 tam
429 4612 677 4650 enormes
707 4597 856 4649 cibos
886 4605 1054 4650 mater
1080 4597 1288 4664 propria
1325 4611 1512 4664 parare
1537 4614 1641 4651 non
1672 4609 1866 4666 posset,
1899 4575 1954 4638 Ῑ)
1981 4609 2032 4650 et
2070 4597 2514 4666 quemadmodum
2562 4597 2675 4665 ipse
2721 4595 3015 4659 referebat,
3065 4596 3178 4659 ipse
3207 4595 3441 4647 νθΙοιιίιις
3489 4595 3557 4649 ad

288 4689 486 4744 edebat
535 4687 840 4758 frequenter
891 4688 1217 4758 egestionem
1248 4688 1329 4742 sui
1359 4689 1604 4758 corporis
1635 4705 1699 4742 ac
1731 4689 1875 4743 bibe-

290 4783 403 4838 bat.
436 4783 516 4837 Ob
545 4782 685 4852 quod
717 4781 850 4837 flens
905 4791 1074 4835 mater
1099 4781 1278 4836 infelix
1311 4781 1378 4836 dc
1433 4783 1754 4836 intolerabili
1787 4798 1876 4835 ca-

291 4878 528 4932 lamitate
569 4876 658 4929 filii
682 4875 783 4942 sui,
817 4886 1059 4930 sanctum
1091 4874 1262 4940 illum,
1290 4882 1347 4928 ut
1375 4873 1735 4928 miserabilem
1781 4874 1873 4942 ju-

291 4982 485 5022 venem
515 4976 746 5032 curaret,
781 4966 983 5020 orabat.
1002 4965 1242 5034 Cumque
1272 4965 1551 5019 continuas
1582 4965 1718 5032 apud
1747 4979 1870 5018 cum

293 5071 485 5126 preces
537 5056 896 5126 plurimasque
954 5055 1197 5122 fudisset,
1243 5064 1429 5110 orante
1478 5071 1640 5124 super
1683 5056 1867 5121 illum,

290 5145 571 5220 Deumque
611 5160 864 5221 precante
905 5150 1024 5204 viro
1050 5151 1410 5214 sanctissimo,
1445 5161 1563 5216 post
1592 5166 1754 5203 unum
1789 5151 1867 5203 wl

289 5244 518 5297 alterum
550 5242 690 5297 diem
719 5242 880 5310 coepit
908 5242 1040 5295 tanti
1089 5241 1213 5294 mali
1244 5241 1505 5296 medicina
1551 5244 1866 5310 procedere.

288 5334 383 5388 Ait
410 5345 588 5387 autem
614 5333 771 5387 matri
795 5333 990 5402 ipsius:
1019 5332 1288 5399 Quantum
1318 5333 1397 5387 vis
1426 5343 1486 5387 ut
1528 5333 1780 5387 comedat
1808 5335 1868 5387 fi-

289 5426 397 5481 lius
427 5427 601 5479 tuus?
651 5426 719 5480 At
764 5426 872 5490 illa,
906 5426 1099 5480 Decem
1149 5426 1341 5494 inquit,
1371 5440 1553 5492 panes.
1587 5426 1755 5493 Quam
1797 5441 1865 5480 ex

287 5517 396 5574 hoc
423 5531 640 5572 sanctus
666 5519 754 5573 ille
792 5517 1230 5588 reprehendens:
1262 5518 1421 5584 Quid,
1455 5519 1645 5588 inquit,
1687 5519 1866 5572 locuta

286 5613 396 5670 es?
419 5613 635 5684 Septem
668 5615 843 5684 itaque
871 5614 1060 5669 diebus
1081 5614 1330 5683 jejunaos
1359 5623 1411 5668 et
1457 5629 1619 5668 orans
1652 5630 1748 5683 pro
1780 5630 1866 5682 eo,

287 5711 403 5761 tres
423 5719 546 5760 eum
577 5705 738 5761 libras
792 5707 946 5775 panis
995 5705 1156 5776 jussit
1201 5706 1464 5774 accipere,
1498 5707 1567 5760 ita
1600 5715 1775 5760 tamen
1814 5717 1870 5760 ut

284 5810 428 5868 Opus
455 5799 688 5870 propriis
716 5798 913 5854 faceret
944 5798 1207 5854 manibus.
1241 5802 1409 5865 Quem
1452 5799 1553 5852 hoc
1584 5798 1744 5854 modo
1773 5813 1870 5868 per

1985 4703 2178 4747 tectum
2225 4691 2465 4745 rediisset
2488 4731 2502 4755 ,
2537 4705 2890 4755 somnumque
2926 4689 3184 4756 cepisset,
3217 4702 3384 4756 usque
3423 4691 3557 4739 adeo

1981 4786 2084 4840 sibi
2117 4784 2322 4838 aruisse
2347 4785 2453 4849 jam
2478 4783 2752 4836 Ct'l‘ebl‘llfll
2785 4781 3136 4843 intelligehat,
3165 4788 3220 4832 tit
3252 4779 3369 4832 sine
3395 4794 3554 4831 sensu

1985 4874 2364 4946 propemodum
2399 4881 2690 4942 putaretur.
2727 4871 2835 4925 Vici
2875 4886 3021 4937 ergo,
3073 4870 3270 4936 inquit,
3299 4878 3553 4937 quantum

1981 4966 2048 5020 ad
2079 4981 2164 5020 me
2187 4967 2410 5034 pertinet
2437 4979 2717 5026 somnum;
2742 4974 2941 5017 natura:
2961 4975 3108 5026 vero,
3132 4976 3288 5030 quem
3311 4960 3555 5030 exigebat

1981 5074 2132 5113 usum
2163 5057 2430 5123 debitum,
2459 5059 2642 5111 cessi;

2051 5149 2148 5203 Hic
2175 5149 2401 5216 quodam
2429 5149 2515 5201 die
2546 5148 2670 5200 dum
2702 5145 2755 5199 in
2783 5144 2915 5199 cella
2948 5159 3042 5197 sua
3075 5144 3362 5197 matutinus
3400 5143 3555 5197 sede-

1978 5251 2086 5305 ret,
2123 5242 2344 5296 culicem
2387 5239 2590 5295 sensit:
2624 5255 2650 5290 a
2683 5253 2787 5307 quo
2832 5237 3139 5290 vulneratus
3179 5237 3229 5289 iu
3277 5237 3428 5304 pede,
3458 5235 3556 5289 du-

1976 5334 2195 5398 lensqne
2217 5347 2336 5386 eum
2369 5348 2524 5384 manu
2556 5345 2651 5382 sua
2681 5330 2933 5397 peremit,
2958 5327 3047 5396 qui
3073 5336 3126 5382 it
3155 5331 3409 5393 moriens,
3442 5330 3551 5396 pitt-

1977 5427 2166 5480 rimum
2207 5426 2412 5480 cruoris
2450 5419 2652 5477 effudit.
2703 5421 3123 5492 Reprehendens
3159 5422 3318 5492 igitur
3359 5423 3551 5474 fat-tum

1974 5532 2157 5584 suum,
2187 5519 2239 5573 in
2263 5535 2327 5572 eo
2353 5519 2490 5586 quod
2521 5517 2766 5585 iniuriam
2803 5516 3070 5584 propriam
3096 5515 3450 5577 vindicasset,
3487 5515 3554 5566 ita

1972 5611 2336 5666 condemnare
2378 5625 2435 5662 se
2469 5613 2665 5672 voluit,
2699 5617 2757 5662 ut
2787 5610 2838 5663 in
2871 5610 3033 5676 pratis
3073 5622 3260 5662 eorum
3308 5606 3548 5658 locorum

1972 5705 2161 5773 quibus
2198 5702 2429 5772 Scytltite
2478 5717 2668 5754 nomen
2705 5711 2817 5768 est,
2847 5702 2936 5772 qui
2967 5701 3018 5754 iu
3050 5696 3430 5753 solitudinibus
3461 5710 3555 5746 ex—

1975 5795 2386 5864 tremisjicent,
2423 5793 2595 5847 nudus
2642 5808 2736 5864 per
2782 5810 2870 5848 sex
2924 5804 3133 5846 menses
3181 5786 3423 5851 sederet,
3457 5783 3546 5837 ubi
