3982 6354
408 312 506 369 971

1490 298 1830 358 ΛΡΡΕΝΒΙΧ
1874 298 1963 353 AD
2010 294 2209 351 VITAS
2249 291 2557 351 PATRUM.

3581 285 3693 340 ιη

409 434 629 501 culices,
660 428 1016 488 crabronibus
1040 425 1267 491 similes,
1293 437 1542 493 aprorum
1570 435 1782 491 quoque
1813 416 1983 487 perlo-
2022 420 2065 477 Α
2097 428 2213 469 sum
2255 426 2463 467 ameum
2492 407 2683 464 cadum
2715 407 2980 478 reperisse
3025 404 3237 461 dicebat
3281 403 3421 474 circa
3469 409 3690 474 puteum

410 534 531 580 rant
557 530 756 579 cutem.
787 521 930 592 Ergo
960 520 1069 574 illic
1098 517 1437 573 exulceratus
1465 520 1547 568 est
1578 520 1742 574 totus,
1771 510 1992 579 quibus-

412 622 532 675 dam
567 617 841 674 tuberibus
870 629 964 685 per
992 614 1170 667 omnia
1216 611 1332 681 ejus
1360 606 1596 664 membra
1635 603 1995 675 turgentibus,

416 716 474 763 ut
500 722 637 763 unus
672 705 984 761 crederetur
1010 718 1074 757 ex
1104 700 1209 755 illis
1235 712 1375 763 esse,
1405 695 1493 765 qui
1524 692 1874 762 elephantiosi
1906 705 1998 743 vo-

416 807 622 855 cantur.
657 798 784 852 Post
812 810 905 850 se!
935 801 1117 848 autem
1160 803 1373 844 menses
1401 799 1675 855 regressus
1701 784 1768 838 ad
1806 783 1996 837 cellam

416 906 570 946 suam
590 930 606 955 ,
638 888 749 944 sola
782 886 944 959 (quod
977 885 1092 955 ipse
1119 892 1262 938 esset
1290 875 1572 948 Macarius)
1603 874 1723 945 ejus
1751 887 1878 928 voce
1908 886 2000 941 pa-

418 983 670 1039 tefactum
697 988 801 1035 est.

489 1096 591 1151 Hic
619 1093 760 1148 idem
790 1087 1113 1145 desideravit
1153 1082 1441 1155 aliquando
1473 1080 1637 1153 (sicut
1682 1077 1889 1133 solebat
1916 1089 2000 1128 re-

418 1190 582 1258 ferre)
629 1174 877 1244 hortum,
918 1183 971 1236 in
1018 1195 1123 1250 quo
1171 1184 1354 1234 essent
1395 1174 1596 1230 Jaunes
1635 1180 1689 1226 et
1738 1167 2000 1222 Mamhres

420 1281 651 1337 maleﬁci
679 1276 905 1348 sepulti,
935 1275 1139 1338 videre,
1167 1270 1379 1341 quisub
1408 1265 1687 1321 Pharaone
1715 1261 2000 1330 plurimum

414 1377 657 1449 potuisse
681 1378 1069 1426 memorantur.
1093 1365 1195 1433 Qui
1220 1365 1377 1431 longo
1400 1361 1454 1414 in
1476 1368 1720 1427 tempore
1742 1360 1797 1407 et
1818 1350 2001 1421 grandi

421 1444 656 1536 potentia
687 1478 798 1519 sure
825 1461 954 1516 artis
1002 1457 1282 1528 quadratis
1324 1451 1587 1521 lapidibus
1640 1444 2002 1515 supradictum

420 1576 555 1630 opus
576 1564 985 1620 exstruxerant,
1012 1557 1065 1608 in
1094 1566 1201 1623 quo
1229 1547 1564 1618 superposita
1596 1543 1763 1597 fuerat
1795 1553 2001 1593 memo-

418 1654 496 1707 ria
527 1649 931 1721 prtedictorum,
963 1644 1052 1700 ubi
1097 1652 1153 1698 et
1182 1654 1369 1696 aurum
1413 1634 1766 1692 reconderaot
1785 1669 1800 1694 ,
1830 1636 1886 1682 et
1917 1641 2009 1680 va-

420 1744 517 1799 riis
554 1740 854 1796 arbusculis
900 1737 1076 1791 locum
1126 1732 1495 1800 repleverant;
1528 1732 1748 1793 puteum
1798 1732 2007 1787 quoque

2100 522 2220 562 cum
2265 515 2454 560 catena
2509 502 2703 567 ferrea,
2752 500 2908 570 longa
2957 498 3067 568 jam
3116 497 3369 565 temporis
3422 501 3695 549 vetustate

2099 607 2507 668 consumptum,
2538 595 2674 649 mala
2704 594 2863 648 etiam
2896 600 3114 662 grauata
3147 589 3467 642 intrinsecus
3494 600 3688 649 vacua,

2100 708 2162 746 ac
2194 690 2357 745 nimio
2383 685 2513 743 solis
2541 685 2735 739 ardore
2777 685 2996 737 siccata.
3025 680 3115 736 Sic
3139 678 3318 749 itaque
3357 677 3482 732 inde
3508 676 3688 730 disce-

2101 788 2254 849 dens,
2287 795 2381 851 per
2419 777 2603 848 viginti
2647 783 2789 830 totos
2834 773 2898 826 ad
2926 772 3170 827 cellulam
3199 785 3355 825 suam
3397 769 3692 824 revertitur

2100 878 2235 932 dies.
2266 871 2360 928 Cui
2405 886 2527 926 cum
2559 881 2694 939 aqua
2739 880 2897 936 quam
2943 872 3246 934 portaverat
3289 875 3412 914 cum
3459 858 3693 927 panibus

2102 968 2293 1023 deesse
2327 962 2608 1033 coepisset,
2642 968 2696 1013 et
2723 956 2911 1026 grandi
2943 953 3188 1009 molestia
3218 951 3453 1023 penurize
3479 949 3693 1003 labora-

2103 1066 2213 1122 ret,
2236 1068 2307 1133 ac
2349 1065 2486 1123 pene
2514 1048 2801 1113 deficeret,
2829 1046 3076 1115 apparuit
3100 1044 3149 1098 ei
3178 1042 3423 1113 quadam
3449 1038 3535 1111 (ut
3576 1041 3693 1107 ipse

2106 1130 2392 1213 referebat)
2416 1141 2612 1211 puella,
2643 1153 2775 1208 puro
2804 1137 2966 1191 linteo
2987 1143 3263 1203 cooperta,
3289 1131 3466 1188 ferens
3488 1130 3693 1198 ampul—

2106 1239 2208 1291 l.uu
2238 1251 2389 1304 aqua:
2419 1231 2688 1297 stillantis,
2722 1245 2829 1284 uno
2854 1244 2882 1281 a
2915 1242 2976 1282 se
3014 1226 3187 1281 stadio
3225 1234 3491 1293 separata.
3522 1223 3695 1288 Quam

2110 1349 2201 1403 per
2223 1331 2454 1386 triduum
2480 1327 2760 1381 ambulans
2780 1322 3143 1393 supradictum
3171 1335 3265 1375 vas
3288 1319 3386 1375 sibi
3409 1316 3699 1372 ostenden-

2112 1444 2216 1483 tom
2243 1426 2478 1491 videbat,
2506 1433 2560 1479 et
2588 1422 2734 1478 velut
2760 1429 2990 1475 stantem
3021 1418 3271 1483 vicinius,
3296 1429 3360 1471 ac
3380 1430 3441 1471 se
3466 1414 3702 1469 invitan-

2110 1529 2246 1582 tem,
2277 1518 2347 1571 ita
2380 1526 2437 1569 ut
2473 1523 2680 1584 putaret
2719 1511 2934 1583 quidem
2966 1509 3179 1578 assequi
3229 1522 3349 1562 eam
3388 1519 3572 1578 posse,
3602 1517 3707 1558 nec

2094 1612 2288 1665 tamen
2321 1609 2540 1662 valeret.
2574 1606 2738 1677 Igitur
2767 1619 2864 1674 spe
2892 1586 3108 1658 bibendi
3127 1640 3146 1667 ,
3176 1601 3416 1655 laborem
3445 1612 3509 1655 se
3540 1598 3702 1653 trium

2111 1704 2316 1757 dierum
2346 1716 2408 1768 pa
2435 1700 2608 1755 ienter
2628 1696 2881 1753 sustinuis
2911 1710 2942 1750 e
2964 1694 3193 1750 dicebat.
3217 1691 3499 1747 Multitudo
3518 1703 3699 1746 autem

418 1834 685 1897 fecerant,
714 1846 780 1885 eo
806 1826 944 1897 quod
972 1826 1092 1879 sine
1116 1823 1296 1891 aliquo
1320 1818 1590 1874 videretur
1616 1817 1843 1871 humore
1867 1812 2004 1865 idem
2040 1805 2085 1863 Β
2117 1795 2425 1850 ὺιιῦδιοΐυιη
2457 1792 2673 1862 grandis
2702 1789 2942 1859 apparuit
2976 1787 3123 1858 (sum
3142 1794 3318 1841 amem
3345 1786 3453 1839 im"
3484 1783 3701 1853 Plurimi

2115 1889 2127 1897 .
2190 1887 2202 1897 .
2381 1885 2413 1897 ..
2652 1882 2666 1897 ι
2716 1884 2724 1893 .
2774 1891 2785 1897 -
2830 1896 2847 1897 η
2918 1893 3027 1897 ω--
3072 1893 3167 1897 μη-
3226 1877 3283 1897 λ,
3334 1875 3541 1897 LL“-
3582 1892 3695 1897 ---μ

420 1927 574 1981 locus
601 1938 738 1979 esse.
776 1921 899 1977 flrec
926 1928 1104 1972 autem
1132 1914 1312 1969 omnia
1356 1911 1554 1966 idcirco
1597 1906 1791 1964 fecisse
1820 1904 2007 1959 dicun-

419 2027 527 2085 tur,
554 2014 696 2087 quod
722 2027 781 2068 se
812 2021 930 2082 post
954 2009 1159 2065 obitum
1190 2007 1242 2061 in
1282 2004 1473 2061 eodem
1506 2003 1625 2057 loco
1671 2009 1920 2069 tanquam
1954 1996 2007 2049 in

394 2106 672 2177 .paradiso
714 2103 1000 2160 crederent
1027 2113 1148 2155 esse
1179 2111 1482 2153 mansuros.
1532 2094 1789 2164 Ignorans
1828 2091 2005 2159 itaque

422 2201 652 2256 famulus
696 2197 892 2253 Christi
941 2193 1204 2250 Macarius
1248 2204 1491 2260 quanam
1537 2186 1604 2241 ad
1652 2192 2007 2240 memoratum

406 2295 602 2351 locum
628 2291 916 2348 deduceret
947 2292 1049 2350 via,
1080 2284 1431 2341 aestimatione
1456 2281 1686 2352 quadam
1728 2276 1891 2332 animi
1923 2291 2007 2328 so-

408 2387 503 2443 ias
527 2383 650 2442 οωιί
680 2382 863 2438 stellas
893 2377 1057 2450 (quod
1088 2377 1139 2431 iu
1171 2376 1305 2431 mari
1336 2373 1516 2428 nautis
1541 2370 1681 2425 solet
1710 2367 1852 2433 fieri)
1883 2365 2009 2421 dum

425 2495 522 2550 per
549 2479 760 2533 deserta
790 2471 1056 2535 ambulat,
1088 2468 1431 2537 sequebatur.
1463 2464 1683 2519 Fascem
1715 2474 1843 2514 vero
1871 2458 2013 2511 cala-

425 2582 634 2623 morum
676 2573 984 2635 portaverat
1028 2573 1242 2622 secum,
1286 2565 1341 2610 ut
1383 2569 1479 2624 per
1523 2552 1769 2607 millenos
1816 2562 2005 2618 passus

426 2660 664 2730 singulos
692 2656 905 2727 ﬁgeret,
935 2665 1042 2722 quo
1091 2649 1298 2703 facilius
1347 2652 1530 2715 posset
1568 2655 1865 2714 agnoscens
1913 2652 2008 2692 sua

427 2726 577 2820 signa
620 2726 883 2803 remeare.
916 2742 1020 2797 Per
1059 2752 1249 2795 novem
1280 2734 1440 2806 igitur
1468 2732 1583 2788 dies
1613 2730 1801 2785 itinere
1827 2726 2013 2781 confe-

430 2819 540 2913 cto,
571 2839 809 2914 praefatis
845 2830 1293 2907 appropinquavit
1338 2828 1509 2883 locis:
1543 2823 1627 2878 cui
1654 2819 2016 2876 ferocissimus

425 2909 635 2996 daemon
654 2976 669 3002 ,
699 2932 790 3006 qui
819 2944 1031 2998 semper
1059 2926 1341 2980 adversum
1372 2917 1571 2976 Christi
1602 2914 1835 2970 athletas
1863 2909 2016 2965 dimi-

426 3046 550 3087 (are
578 3024 893 3091 consuevit,
923 3020 1178 3078 collectos
1201 3027 1390 3070 omnes
1414 3026 1476 3065 ex
1518 3008 1745 3079 propriis
1773 3002 1906 3059 locis
1931 3015 2022 3055 ca-

430 3126 599 3178 lamos
652 3136 683 3175 a
731 3118 877 3173 mille
928 3113 1174 3184 passibus
1225 3106 1493 3178 praedictae
1544 3099 1819 3157 memoria:
1866 3096 2018 3167 quie-

432 3214 631 3277 scenti,
661 3209 838 3265 subito
866 3206 934 3260 ad
962 3212 1121 3273 caput
1151 3200 1347 3279 posuit.
1377 3198 1619 3265 Cumque
1647 3199 1864 3247 sanctus
1913 3187 2022 3241 Ma-

432 3308 608 3362 carius
654 3301 981 3357 surrexisset
1010 3312 1039 3351 a
1081 3308 1295 3359 somno,
1336 3288 1552 3361 agnovit
1593 3301 1687 3342 eos
1736 3296 1870 3354 quos
1898 3279 2022 3334 alibi

436 3399 728 3464 reliquerat
772 3392 1030 3448 calamos.
1062 3387 1236 3443 Credo
1264 3394 1441 3439 autem
1474 3380 1614 3452 quod
1653 3387 1707 3434 et
1750 3377 1852 3431 hoc
1900 3389 2026 3443 per-

436 3490 682 3546 mittente
712 3486 822 3541 Deo
860 3483 925 3537 ad
970 3478 1417 3537 examinatiooem
1453 3471 1732 3529 memorati
1765 3468 1861 3522 viri
1891 3482 2021 3521 con-

438 3584 646 3655 tigerit,
692 3595 759 3635 ne
801 3592 952 3646 spem
1002 3576 1231 3641 aliquam
1281 3570 1500 3625 haberet
1547 3567 1597 3620 in
1641 3561 1882 3626 cilamis,
1930 3557 2023 3611 sed

440 3676 607 3746 magis
637 3676 689 3728 in
722 3668 1032 3739 DeLgt‘atia,
1059 3666 1147 3734 qui
1181 3664 1232 3719 in
1279 3662 1526 3717 columna
1575 3655 1730 3711 nubis
1759 3669 1851 3724 per
1880 3665 2019 3721 qua-

437 3769 679 3839 draginta
707 3779 877 3819 annos
900 3763 999 3817 iter
1026 3757 1223 3829 populo
1251 3753 1411 3810 Israel
1438 3753 1489 3807 iu
1512 3751 1729 3805 deserto
1760 3751 2027 3799 monstra-

437 3832 781 3915 vitibicebat
819 3861 1026 3915 autem,
1053 3849 1124 3903 de
1154 3842 1460 3915 supradicto
1503 3840 1659 3894 horto
1688 3832 2026 3906 septuaginta

438 3956 713 4006 daemones
740 3944 807 3999 ad
836 3945 1121 3998 adventum
1153 3937 1318 4008 ipsius
1353 3932 1662 4002 prosiluisse
1705 3929 2024 3986 clamantes,

440 4052 495 4097 et
520 4043 660 4096 circa
694 4039 875 4091 oculos
914 4033 1031 4103 ejus
1060 4045 1123 4085 ac
1163 4028 1363 4082 vultum
1412 4035 1696 4079 corvorum
1741 4032 1891 4072 more
1933 4028 2025 4067 vo-

448 4138 645 4194 lantes,
674 4130 1018 4193 dicentesque
1044 4139 1059 4176 :
1094 4120 1229 4188 Quid
1261 4120 1359 4183 vis,
1394 4113 1625 4170 Macarii
1649 4110 1775 4181 quid
1801 4110 1881 4162 vis
1911 4116 2029 4160 teu-

445 4239 586 4283 tator
613 4220 910 4279 inouache?
936 4216 1065 4289 quid
1094 4215 1161 4269 ad
1207 4214 1321 4267 loca
1354 4218 1535 4265 nostra
1566 4203 1795 4268 veniati,
1828 4202 1881 4255 iu
1912 4198 2030 4269 qui—

443 4321 545 4375 bus
572 4329 785 4373 iu.uiere
816 4328 918 4365 non
949 4305 1183 4379 poteris?
1212 4302 1465 4371 numquid
1490 4309 1549 4354 et
1574 4310 1671 4353 nos
1690 4296 1897 4363 aliquos
1927 4305 2032 4344 mo-

445 4409 735 4467 nachorum
762 4398 1115 4458 tentavimus?
1145 4396 1316 4451 Habes
1343 4405 1584 4447 eremutn
1614 4385 1883 4456 propriam
1910 4396 2031 4437 cum

446 4503 523 4560 tui
564 4499 846 4555 similibus,
882 4492 1022 4548 unde
1071 4497 1281 4542 uastros
1329 4497 1538 4554 quoque
1582 4478 1909 4548 propinquos
1937 4488 2034 4527 ex-

449 4594 650 4666 pellere
698 4588 941 4652 festinas,
992 4583 1122 4638 nihil
1175 4578 1327 4634 nobis
1377 4585 1551 4631 tecum
1596 4584 1883 4627 commune
1928 4573 2029 4621 est.

448 4663 584 4758 Quid
634 4691 847 4740 nostras
895 4677 1141 4748 regiones
1186 4668 1520 4742 ingrederis?
1564 4666 1608 4721 si
1659 4663 1925 4718 habitator
1973 4672 2034 4713 es

450 4777 651 4838 eremi,
693 4786 782 4830 tua
815 4770 911 4826 tibi
941 4765 1172 4824 Solitudo
1198 4761 1457 4826 sufﬁciat;
1493 4757 1644 4813 nobis
1676 4754 1815 4809 hunc
1861 4753 2037 4805 locum

454 4879 536 4931 sui
579 4873 910 4928 tradiderunt
940 4864 1172 4920 incolere
1200 4857 1530 4915 conditores.
1562 4852 1698 4919 Quil
1742 4849 1879 4903 hanc
1910 4859 2035 4915 pos—

454 4968 749 5021 sesaionem
777 4960 973 5031 quaeris
1001 4957 1317 5021 irrumpere,
1342 4948 1394 5004 iu
1416 4960 1575 5016 quam
1604 4940 1782 4997 nullus
1804 4952 2035 5008 unquam

460 5055 762 5116 hominum,
797 5060 1071 5119 postquam
1103 5044 1256 5100 nobis
1287 5058 1317 5096 a
1343 5037 1596 5096 fratribus
1627 5031 1826 5089 nostris
1858 5037 2039 5084 nostra

460 5149 550 5203 hic
578 5160 737 5201 manu
784 5116 1005 5210 sepultis
1029 5147 1113 5193 est
1151 5133 1360 5196 tradita,
1393 5131 1576 5185 vivens
1614 5128 1884 5194 ingressus
1922 5116 2043 5175 est?

460 5239 698 5301 Cumque
724 5234 898 5289 adhuc
937 5230 1208 5285 damones
1239 5224 1465 5296 plurima
1497 5220 1852 5291 replicarent,
1885 5223 2045 5282 atque

464 5331 735 5398 lugerent,
765 5320 1106 5379 beatissimus
1129 5317 1219 5372 ille
1246 5312 1553 5386 respondit:
1585 5307 1856 5379 Ingrediar
1880 5306 2044 5376 952

466 5429 669 5477 tantum
714 5426 774 5472 ut
817 5414 1060 5479 videam,
1094 5411 1453 5478 continuoque
1490 5402 1787 5461 discedam.
1823 5398 1890 5454 Et
1932 5398 2045 5452 da:-

468 5524 695 5569 mones:
722 5507 854 5575 Hoc,
885 5503 1163 5573 inquiunt,
1193 5500 1346 5556 nobis
1372 5514 1464 5568 per
1494 5506 1636 5551 tuam
1666 5487 2050 5548 conscientiam

468 5601 673 5671 sponde
705 5597 955 5653 ﬁdeliter.
986 5592 1183 5649 Christi
1216 5606 1346 5647 vero
1372 5604 1559 5647 servus
1585 5586 1661 5643 ait
1689 5581 2005 5655 simpliciter
2035 5598 2057 5637 ε,

470 5695 583 5750 Hoc
632 5692 845 5746 faciam.
879 5685 1248 5755 Continuoque
1296 5684 1569 5737 daemones
1614 5678 1683 5733 ab
1725 5676 1844 5746 ejus
1888 5673 2055 5731 oculis

471 5791 829 5863 reces:erunt.
866 5780 1166 5851 Ingre-sunt
1197 5791 1256 5833 se
1289 5774 1470 5846 igitur,
1503 5779 1663 5842 atque
1694 5768 1800 5825 illic
1831 5783 2055 5838 susiicn-

2114 1885 2415 1958 hujusmodi
2460 1882 2669 1954 greges)
2716 1884 2851 1935 inter
2897 1893 3031 1950 quos
3072 1893 3174 1932 una
3218 1877 3289 1932 de
3334 1875 3544 1931 bubalis
3576 1892 3699 1931 cum

2115 1984 2259 2051 tullo
2283 1993 2380 2034 suo
2409 1977 2577 2031 astitit
2601 1975 2801 2040 subito,
2831 1980 2889 2025 ut
2929 1980 2985 2027 et
3014 1970 3133 2041 ipse
3174 1968 3466 2035 referebat,
3498 1966 3587 2022 cui
3618 1967 3702 2023 lae

2111 2088 2176 2127 ex
2209 2070 2374 2126 ubere
2404 2068 2601 2122 ﬂuebat
2625 2068 2676 2119 in
2710 2074 2929 2120 terram.
2957 2062 3169 2131 Subjeci
3201 2076 3287 2116 me
3316 2074 3466 2129 ergo,
3498 2060 3708 2128 inquit,

2114 2174 2167 2219 et
2208 2162 2341 2216 labia
2384 2159 2568 2214 ferinis
2608 2158 2861 2211 uberibus
2906 2156 2956 2209 in
3006 2168 3069 2208 os
3117 2166 3295 2207 meum
3342 2164 3705 2221 expresserim

2114 2255 2365 2327 apposui,
2392 2265 2668 2322 quou~que
2698 2248 2762 2303 ad
2807 2248 3105 2302 satietatem
3155 2244 3388 2299 refectus
3431 2257 3586 2306 sum;
3619 2242 3709 2294 id—

2114 2363 2220 2418 que
2258 2345 2357 2399 sibi
2403 2343 2554 2397 soffei
2573 2342 2679 2396 isse
2724 2338 2971 2403 dicebat,
3017 2350 3186 2407 usque
3225 2335 3354 2390 dum
3400 2331 3466 2388 ad
3514 2331 3707 2387 cellam

2118 2439 2441 2510 perveniret.
2465 2436 2633 2502 Quem
2662 2433 2773 2503 ipsa
2805 2432 2966 2486 etiam
2997 2429 3165 2485 bestia
3195 2426 3511 2489 subsecuta,
3541 2422 3709 2476 ubena

2119 2530 2294 2585 eidem
2325 2541 2421 2581 sua
2464 2522 2766 2595 praebebat,
2799 2536 2971 2592 neque
3018 2518 3291 2589 preprium
3333 2517 3497 2572 fetum
3539 2515 3710 2569 sancti

2120 2622 2262 2678 illius
2288 2616 2743 2688 contemplatione
2766 2611 3083 2682 suscipiens.

2193 2713 2318 2770 Alio
2352 2725 2539 2766 rursus
2571 2720 2813 2778 tempore
2850 2705 2974 2760 dum
3022 2701 3088 2757 ad
3122 2698 3368 2771 requiem
3416 2698 3712 2753 monacho-

2122 2824 2237 2864 rum
2269 2813 2484 2877 puteum
2519 2801 2679 2868 facit,
2711 2800 2849 2855 inter
2881 2795 3110 2867 virgulta
3136 2793 3225 2849 vel
3263 2791 3483 2847 frutices
3510 2787 3713 2857 aspidis

2121 2901 2283 2957 dente
2313 2909 2597 2967 percussus
2616 2900 2710 2949 est
2729 2932 2744 2957 ,
2777 2888 2931 2959 cujus
2962 2900 3197 2943 morsum
3228 2896 3448 2939 necesse
3471 2888 3559 2937 est
3584 2896 3714 2936 con-

2125 2990 2273 3046 tinue
2299 3002 2444 3042 mors
2462 2992 2747 3055 sequatur.
2778 2979 3090 3048 Correptam
3112 2973 3278 3046 igitur
3301 2988 3419 3029 eam
3438 3017 3455 3040 ,
3485 2984 3543 3029 et
3566 2984 3714 3028 utra-

2126 3095 2232 3151 que
2265 3093 2424 3133 manu
2460 3076 2533 3131 ab
2558 3088 2657 3128 ore
2695 3071 3016 3135 distentam,
3049 3064 3205 3121 scidit
3234 3063 3497 3131 mediam,
3528 3062 3716 3117 dicens

2126 3175 2175 3229 ci
2199 3188 2214 3228 :
2242 3170 2377 3227 Cum
2401 3180 2457 3225 te
2484 3183 2591 3224 non
2629 3165 2836 3222 miserit
2870 3164 3011 3219 Beas
3037 3172 3209 3227 meus,
3239 3173 3337 3215 cur
3365 3171 3495 3213 ausa
3523 3173 3586 3214 es
3612 3158 3717 3213 huc

2128 3262 2349 3320 venire?

2201 3351 2444 3409 Habebat
2483 3356 2659 3406 autem
2692 3347 2933 3402 diversas
2962 3346 3014 3399 ia
3041 3342 3269 3398 desertis
3313 3340 3448 3397 locis
3462 3339 3719 3404 cellulas,

2129 3449 2181 3504 in
2213 3446 2408 3517 quibus
2438 3444 2687 3498 virtutum
2718 3440 3037 3510 operabatur
3066 3437 3289 3506 insignia
3319 3452 3333 3488 :
3366 3448 3527 3489 unam
3554 3434 3609 3488 in
3634 3434 3719 3487 iu-

2134 3540 2333 3595 teriore
2378 3534 2573 3589 solitud
2599 3547 2688 3598 ne,
2716 3532 2799 3585 cui
2848 3542 3042 3584 nomen
3086 3535 3171 3582 est
3215 3525 3433 3596 Scythi;
3463 3524 3624 3578 aliam
3666 3524 3719 3575 in

2133 3632 2322 3703 Libya,
2348 3629 2435 3683 ubi
2457 3627 2623 3683 Cella:
2643 3632 2901 3680 vocantur
2918 3621 3068 3695 [Ms.,
3093 3620 3250 3675 aliam
3274 3620 3326 3673 in
3349 3618 3537 3687 Libya,
3560 3617 3721 3671 aliam

2132 3726 2187 3781 in
2213 3724 2431 3793 Cellis];
2462 3721 2620 3775 aliam
2646 3720 2698 3772 in
2726 3724 2907 3773 monte
2931 3714 3136 3779 Nitriae,
3163 3727 3229 3768 ex
3258 3710 3450 3781 quibus
3474 3709 3721 3778 quaedam

2131 3819 2248 3874 sine
2279 3814 2529 3869 fenestris
2569 3819 2759 3874 erant,
2790 3807 2878 3862 ubi
2924 3820 3018 3874 per
3051 3812 3216 3860 totam
3259 3799 3723 3870 quadragesimam

2132 3909 2324 3965 sedere
2368 3906 2421 3959 in
2470 3901 2710 3958 tenebris
2749 3899 2835 3955 hic
2881 3897 3222 3952 beatissimus
3261 3892 3560 3949 dicebatur.
3606 3892 3726 3948 Ala

2133 4001 2266 4056 cel'a
2317 3996 2590 4067 angustior
2628 4001 2777 4057 erat,
2810 3991 2863 4045 in
2904 4004 3005 4061 qua
3048 3988 3213 4059 pedes
3258 4001 3384 4041 suos
3430 3984 3726 4041 extendere

2136 4110 2240 4149 non
2280 4093 2505 4146 valeret.
2550 4086 2661 4141 Alia
2703 4083 2882 4150 latior,
2910 4080 2976 4136 ad
3025 4096 3183 4152 quam
3233 4078 3511 4133 venientes
3555 4075 3621 4130 ad
3664 4088 3727 4129 se

2135 4197 2410 4252 suscipere
2451 4185 2826 4234 consueverat.
2860 4172 3057 4227 Tantas
3088 4178 3269 4224 autem
3317 4168 3403 4222 hic
3447 4164 3723 4220 hominum

2136 4273 2415 4331 daemoniis
2445 4268 2802 4325 laborantium
2832 4261 3057 4319 curabat
3080 4269 3343 4323 catervas,
3374 4265 3434 4312 ut
3470 4268 3729 4312 numerus

2137 4382 2258 4424 esse
2282 4382 2386 4421 non
2418 4369 2631 4433 posset,
2657 4359 2809 4415 nobis
2835 4361 2995 4411 etiam
3024 4354 3134 4409 illic
3158 4351 3496 4421 degentibus.

2218 4459 2294 4513 De
2334 4451 2716 4512 Thessalonica
2759 4449 2825 4503 ad
2870 4463 2991 4503 eum
3033 4444 3227 4501 nobilis
3271 4456 3335 4497 ac
3378 4440 3531 4496 dives
3575 4435 3733 4506 virgo

2062 4535 2111 4595 ι)
2142 4553 2400 4621 perduma
2432 4554 2546 4613 est,
2576 4561 2694 4615 qua:
2731 4543 2838 4612 jam
2890 4556 2985 4609 pcr
3030 4538 3227 4592 multos
3277 4546 3450 4589 annos
3497 4528 3734 4601 paralysi

2144 4641 2438 4696 laborabat.
2464 4638 2596 4705 Quae
2619 4649 2742 4689 cum
2767 4632 2814 4687 ei
2844 4631 3034 4685 fuisset
3062 4626 3263 4688 oblata,
3292 4633 3456 4695 atque
3480 4630 3605 4675 ante
3622 4620 3736 4673 ccl-

2145 4734 2250 4788 lam
2282 4731 2420 4785 beati
2448 4728 2545 4783 viri
2580 4724 2835 4796 projects,
2867 4731 3041 4775 motus
3086 4719 3140 4773 in
3182 4732 3301 4772 eam
3332 4710 3733 4775 misericordia,

2151 4839 2247 4894 per
2273 4820 2461 4893 viginti
2491 4819 2607 4873 dies
2639 4814 2867 4885 propriis
2898 4812 3141 4867 manibus
3177 4810 3296 4865 oleo
3327 4814 3513 4862 sancto
3540 4818 3738 4875 peruu-

2146 4932 2298 4988 gens,
2328 4929 2394 4971 ac
2436 4911 2663 4968 Domino
2694 4922 2789 4978 pro
2814 4922 2877 4963 ea
2910 4920 3095 4975 preces
3126 4903 3375 4968 fundens,
3407 4898 3736 4955 incolumem

2147 5023 2259 5063 suae
2288 5006 2514 5062 reddidit
2539 5000 2764 5058 civitati.
2796 5000 2924 5066 Quin
2969 5006 3149 5067 postea
3182 4994 3415 5065 plurima
3442 4992 3509 5046 ad
3550 4991 3765 5047 solitu-‘

2149 5100 2325 5165 diues,
2354 5112 2473 5154 cum
2507 5095 2695 5150 fuisset
2724 5090 2957 5161 propriis
2988 5087 3214 5159 pedibus
3256 5096 3525 5153 regressa,
3554 5090 3737 5136 trans-

2151 5193 2313 5245 misit.

2225 5305 2322 5360 llic
2349 5303 2489 5359 idem
2521 5316 2641 5358 cum
2669 5298 2903 5355 audisset
2931 5293 3190 5367 grandem
3215 5292 3337 5347 vitae
3375 5288 3745 5345 conversatio.

2156 5413 2275 5453 nem
2306 5394 2759 5451 Tabennensiotas
2786 5391 3006 5457 habere,
3037 5396 3191 5445 veste
3225 5390 3430 5441 mutata
3456 5383 3525 5439 ad
3552 5381 3746 5438 simili.

2157 5487 2395 5544 tudinem
2441 5483 2667 5553 alicujus
2708 5482 2976 5553 operarii,
3007 5489 3220 5549 sumpto
3251 5476 3433 5533 habitu
3462 5473 3742 5538 saculari,

2156 5583 2296 5638 intra
2326 5578 2627 5651 quindecim
2671 5577 2787 5632 dies
2817 5590 2911 5645 per
2950 5574 3160 5629 deserta
3194 5575 3296 5627 iter
3336 5570 3559 5637 faciens,
3600 5568 3746 5624 The.

2158 5675 2367 5731 baidem
2406 5687 2576 5744 usque
2606 5670 2866 5741 pervenit.
2895 5668 3138 5738 Cumque
3169 5663 3503 5736 pervenisset
3529 5662 3595 5716 ad
3627 5675 3742 5715 tuo-

2160 5767 2452 5825 nasteriuiu
2484 5772 2895 5822 memoratorum
2923 5763 3216 5829 hominum,
3245 5759 3476 5832 primum
3502 5754 3743 5827 quidem,
