3982 6354
278 402 347 458 τδ
1452 384 1873 444 HEBACLIDIS
1911 385 1996 441 PA
2009 385 2319 443 RADlSUSa

3394 377 3513 435 271

240 534 397 586 quem
432 513 901 572 archimandritam
950 511 1218 576 vocitant,
1262 507 1574 579 requisivit,
1616 507 1823 563 Pache—
1855 510 1895 565 Α
1996 507 2239 574 Quodam
2268 522 2449 561 rursus
2478 514 2718 574 tempore
2746 505 2846 559 hoc
2877 505 3055 559 retulit
3082 525 3091 551 τ
3119 504 3253 565 ohis,
3283 506 3464 558 dicens
3485 517 3507 560 :

240 608 400 665 mium
428 606 710 677 quemdam
741 605 977 670 nomine,
1009 600 1336 671 probabilem
1383 616 1479 670 per
1522 598 1704 655 omnia
1736 598 1811 652 vi-

244 717 393 765 rum,
427 699 708 755 habentem
747 696 1079 767 spiritualem
1118 693 1343 765 gratiam
1383 691 1701 763 prophetia),
1732 689 1818 745 cui

242 803 419 850 tamen
460 791 531 846 de
556 790 787 846 Macario
817 787 950 843 nihil
995 787 1169 842 fuerat
1207 785 1521 840 revelatum.
1548 780 1631 836 Ad
1662 795 1820 850 quem

238 902 358 943 cum
386 885 653 949 venisset,
684 887 800 937 haec
839 879 1009 936 dixit:
1041 879 1233 948 Qimso
1261 885 1317 931 ut
1355 890 1441 930 me
1469 875 1524 930 in
1554 880 1823 928 monaste-

238 977 318 1031 rio
344 985 435 1031 tuo
460 973 752 1041 suscipias;
786 969 1079 1025 monachus
1105 967 1250 1023 enim
1277 979 1399 1022 esse
1427 962 1699 1020 desidero.
1733 960 1825 1015 Ait

237 1067 309 1121 illi
337 1079 560 1135 magnus
587 1064 676 1119 ille
701 1052 1020 1117 Pachomius
1043 1078 1058 1113 :
1082 1058 1354 1116 Senilibus
1376 1056 1531 1113 annis
1556 1052 1819 1126 gravaris,

238 1167 291 1212 et
319 1155 612 1212 monachus
641 1169 762 1209 esse
783 1154 895 1223 jam
940 1167 1045 1207 non
1077 1160 1250 1221 potes,
1293 1164 1467 1219 neque
1496 1148 1639 1203 inter
1664 1152 1829 1202 caete-

240 1263 331 1303 ros
354 1247 551 1303 fratres
573 1246 660 1313 qui
689 1246 793 1299 hoc
814 1243 882 1299 ab
904 1242 1269 1298 adolescentia
1295 1241 1619 1306 didicerunt,
1640 1239 1827 1293 vivere

236 1342 407 1407 vales,
451 1354 522 1395 eo
564 1338 706 1409 quod
752 1336 1191 1392 consuetudinem
1241 1349 1427 1391 eorum
1478 1332 1826 1401 laboremque

239 1449 344 1488 non
378 1432 609 1502 pateris;
637 1444 868 1499 cumque
895 1429 1232 1485 abstinentia:
1262 1427 1585 1484 tentationes
1613 1439 1721 1480 non
1752 1424 1830 1479 le—

236 1541 380 1589 rens,
415 1524 543 1579 lavso
571 1524 750 1578 animo
778 1535 1027 1592 egressus
1058 1521 1126 1576 ab
1166 1521 1249 1575 his
1280 1519 1468 1584 fueris,
1500 1516 1832 1573 maledicere

236 1616 317 1670 eis
342 1614 571 1684 incipies
610 1627 747 1682 quos
786 1626 892 1667 non
920 1611 1160 1681 potueris
1191 1609 1446 1665 imitando
1475 1608 1689 1664 sectari.
1721 1606 1831 1662 No-

235 1708 334 1762 luit
363 1708 547 1776 itaque
576 1719 678 1761 nec
703 1705 876 1774 primo
904 1718 1024 1758 eum
1056 1717 1156 1757 nec
1186 1701 1424 1757 secundo
1453 1700 1561 1765 die,
1590 1713 1690 1755 nec
1735 1711 1830 1767 per

238 1808 409 1853 totam
452 1797 725 1866 suscipere
766 1795 1141 1864 septimanam.
1189 1794 1430 1865 Dumque
1467 1793 1668 1863 jugiter
1708 1806 1831 1860 per-

1923 598 2292 667 Quodcunque
2319 612 2489 666 genus
2517 600 2660 659 vita‘,
2685 605 2739 651 et
2767 611 3111 667 quoscunque
3140 611 3317 651 mores
3343 596 3508 651 absti-

1924 690 2123 745 nentia
2170 689 2465 758 spiritualis
2500 688 2833 753 desideravi,
2876 688 3112 744 imitatus
3152 702 3308 754 sum,
3349 698 3511 757 atque

1929 780 2156 849 perfeci.
2198 780 2393 836 lterum
2440 778 2656 847 inquit:
2699 778 3000 849 Aliquando
3044 780 3284 835 animum
3330 792 3509 833 meum

1925 873 2170 943 quaedam
2209 888 2362 929 nova:
2406 873 2742 943 cogitationis
2788 872 3056 942 cupiditas
3100 872 3415 942 occupavit,
3454 882 3513 927 ut

1926 964 2119 1021 vellem
2145 965 2380 1035 quinque
2406 965 2593 1019 diebus
2616 962 2882 1018 continuis
2903 964 3065 1037 953
3091 978 3310 1019 sensum
3334 963 3515 1018 cordis

1928 1058 2031 1112 mei
2066 1056 2480 1126 inseparabilem
2507 1072 2537 1110 a
2569 1056 2680 1113 Deo
2724 1054 2926 1112 facere.
2969 1059 3327 1127 Statuensque
3371 1056 3511 1112 intra

1932 1159 2167 1204 incntrm
2211 1165 2416 1215 nicam,
2446 1161 2501 1205 et
2529 1148 2724 1204 clau~is
2754 1150 2827 1204 ita
2858 1149 3009 1204 ostiis
3048 1149 3203 1205 cella
3230 1159 3390 1220 atque
3417 1163 3511 1203 ve-

1928 1242 2140 1306 stibuli,
2171 1250 2233 1296 ut
2267 1242 2447 1296 nullus
2484 1241 2761 1296 hominum
2807 1255 3121 1309 reSponsnin
3153 1256 3180 1293 a
3215 1255 3305 1295 me
3331 1248 3515 1309 posset

1931 1335 2201 1404 accipere,
2234 1334 2371 1401 cmpi
2420 1333 2623 1387 instare
2662 1348 2692 1386 a
2732 1331 2994 1401 principio
3020 1330 3383 1399 septimanae,
3433 1329 3519 1384 di-

1931 1441 2061 1481 cens
2101 1425 2281 1480 sensui
2323 1440 2482 1478 meo:
2516 1424 2647 1480 Vide
2686 1440 2754 1479 ne
2794 1425 2927 1479 velis
2963 1440 2990 1481 ει
3034 1424 3172 1479 C(Blu
3203 1423 3269 1477 ad
3317 1432 3523 1478 terram

1932 1518 2283 1573 dest-cudere.
2319 1517 2493 1572 [labes
2524 1516 2635 1572 illic
2679 1516 2901 1586 angelos
2937 1524 3097 1583 atque
3139 1513 3521 1583 archangelos,

1932 1608 2321 1680 altissiniasqne
2349 1609 2595 1672 virtuti-8,
2642 1609 2914 1663 cherubim
2960 1622 3026 1663 ac.
3067 1607 3375 1676 seraphim,
3412 1606 3520 1675 pri-

1934 1718 2185 1773 mumque
2210 1702 2447 1757 omnium
2473 1710 2770 1756 creatorem
2799 1701 2966 1755 Deum
2991 1718 3005 1753 :
3036 1700 3145 1755 illic
3169 1712 3520 1761 conversare,

1936 1797 2246 1867 sperneilla
2274 1809 2607 1867 quzecunque
2650 1794 2783 1849 infra
2833 1794 3073 1850 cmlestia
3102 1792 3354 1847 videntur
3377 1789 3523 1845 habi-

234 1889 454 1943 sisteret
481 1887 533 1941 in
564 1885 802 1956 rogando
837 1886 1075 1955 jejunus,
1106 1885 1172 1939 ad
1206 1893 1533 1954 postremum
1553 1922 1569 1948 ,
1601 1884 1826 1953 Suscipe
1860 1888 1906 1949 Β
1939 1890 2141 1955 tacula,
2173 1904 2241 1944 ne
2277 1889 2523 1944 carnales
2572 1887 2922 1957 cogitationes
2970 1886 3229 1940 incurras.
3260 1884 3435 1953 Atque
3466 1884 3517 1935 in

238 1979 586 2050 me,'inquit,
618 1978 778 2044 abba,
805 1987 861 2033 et
900 1978 946 2032 si
989 1993 1078 2032 me
1119 1978 1171 2031 in
1199 1976 1425 2046 jejunio,
1456 1976 1540 2029 vel
1582 1976 1633 2029 in
1665 1987 1835 2043 opere

241 2070 556 2125 inferiorem
583 2069 712 2135 ipsis
751 2068 1191 2135 deprehenderis,
1219 2068 1398 2122 statim
1428 2067 1495 2121 de
1524 2075 1613 2120 tuo
1642 2079 1834 2120 mona-

232 2162 408 2218 sterio
438 2162 597 2231 pelle.
625 2160 743 2227 Quo
768 2160 973 2224 audito,
1003 2159 1090 2215 ille
1120 2158 1387 2228 persuasit
1415 2156 1748 2211 fratribusnt
1776 2154 1828 2208 in

240 2253 572 2310 monasterio
597 2251 943 2321 reciperetur.
978 2250 1072 2305 Est
1108 2260 1285 2305 autem
1316 2250 1425 2305 illic
1451 2248 1609 2303 unius
1637 2261 1829 2302 nume-

236 2360 325 2402 rus
364 2344 685 2410 mansionis,
730 2342 934 2399 habens
982 2344 1144 2399 etiam
1196 2357 1369 2412 usque
1413 2343 1464 2396 in
1512 2352 1839 2409 praesentem

236 2439 385 2494 diem
417 2438 485 2492 ad
526 2436 676 2492 mille
703 2436 1121 2506 quadringentos
1149 2434 1473 2491 viros..Curn
1505 2434 1664 2503 igitur
1700 2432 1831 2487 fuis-

236 2538 319 2585 set
352 2530 632 2599 ingressus
659 2530 710 2583 in
739 2538 857 2584 eam
886 2540 1103 2584 sanctus
1132 2527 1410 2592 Macarius,
1436 2535 1503 2583 et
1522 2536 1642 2597 post
1665 2526 1843 2582 breve

236 2633 457 2692 tempus
502 2621 942 2691 supervenissent
978 2619 1400 2691 quadragesima.-
1430 2619 1567 2685 dies,
1599 2618 1833 2674 videret—

236 2729 339 2782 que
367 2712 625 2770 diversos
657 2713 806 2766 vario
833 2726 982 2767 more
1025 2712 1288 2775 viventes,
1321 2709 1484 2765 alium
1514 2709 1779 2779 vespertin
1804 2723 1849 2764 ετ

235 2805 393 2861 horis
422 2807 718 2861 solventem
742 2803 1041 2874 jejunium,
1075 2803 1237 2858 alium
1269 2817 1394 2857 vero
1425 2810 1546 2871 post
1575 2800 1792 2856 biduum
1814 2839 1851 2868 ,η

236 2898 375 2954 alios
403 2898 563 2953 etiam
593 2903 714 2967 post
740 2895 856 2953 dies
878 2897 1117 2967 quinque
1148 2904 1446 2967 gustantes,
1480 2894 1643 2949 alium
1685 2903 1830 2948 stan-

236 2999 342 3045 tem
380 2989 511 3044 totis
549 2989 819 3053 noctibus,
842 2996 898 3044 et
936 3002 1033 3057 per
1059 2987 1201 3042 diem
1248 2987 1554 3053 sedentem,
1588 2986 1837 3041 laborari.

238 3093 463 3150 temque
482 3079 616 3147 ;-ille
638 3079 706 3135 de
726 3078 1007 3135 arboribus
1027 3078 1361 3150 dac'tylorum
1385 3078 1615 3133 cortices
1642 3088 1830 3133 tenens

236 3172 451 3227 Nilusne
476 3186 540 3227 ac
575 3170 846 3242 copiosos,
881 3172 934 3227 in
963 3186 1070 3226 uno
1106 3170 1301 3240 angulo
1346 3169 1523 3224 stabat
1565 3170 1831 3238 usque-ad

1936 1980 2057 2049 huc,
2088 1980 2293 2051 inquit,
2325 1979 2533 2035 duobus
2560 1979 2750 2033 diebus
2776 1993 2839 2031 ac
2880 1977 3089 2033 duabus
3119 1975 3365 2031 noctibus
3396 1989 3520 2042 per-

1934 2089 2209 2137 sevcrans.
2239 2089 2409 2144 usque
2438 2073 2575 2127 adeo
2605 2072 2908 2127 d‘DlllOllem
2960 2084 3280 2142 provocasse
3322 2084 3383 2122 ac
3428 2068 3524 2123 sti-

1934 2166 2167 2221 mulassa
2197 2181 2283 2220 me
2315 2164 2493 2231 sensi,
2524 2174 2582 2219 ut
2618 2164 2707 2219 ille
2751 2164 2805 2218 in
2856 2163 3123 2217 ﬂammam
3167 2161 3304 2230 ignis
3347 2161 3525 2215 subito

1937 2272 2259 2321 Conversus,
2287 2258 2481 2311 omnia.
2509 2270 2647 2326 quae:
2676 2254 2873 2311 habere
2910 2254 3048 2309 intra
3088 2253 3309 2309 videbar
3338 2253 3493 2307 inceu
3514 2280 3527 2293 -

1937 2350 2117 2415 deret;
2151 2350 2426 2419 ipsamque
2455 2350 2627 2404 etiam.
2652 2347 2868 2402 matiam
2902 2349 2980 2420 (ti)
3010 2363 3175 2416 super
3203 2362 3365 2417 quam
3384 2356 3529 2402 stare

1935 2448 2452 2506 consueveram,.ut
2490 2449 2658 2495 totum
2687 2438 2798 2510 jam
2844 2455 2927 2493 me
2970 2454 3215 2495 arsurum
3267 2452 3388 2493 esse
3416 2454 3527 2493 cre-

1936 2533 2151 2587 derem.
2184 2532 2266 2587 Ad
2309 2540 2638 2602 postremum
2684 2539 2832 2585 tanto
2877 2531 3066 2586 timore
3118 2546 3427 2600 percussus,
3459 2530 3531 2585 ab

1941 2622 2241 2695 hujusmodi
2291 2623 2562 2694 proposito
2602 2623 2758 2677 tertia
2802 2622 3036 2677 abscessi
3071 2623 3180 2688 die,
3214 2637 3335 2678 cum
3376 2621 3524 2675 vide-

1937 2731 2048 2770 rem
2081 2725 2186 2770 tam
2211 2715 2407 2785 jugiter
2437 2712 2765 2769 individuum
2810 2715 2919 2769 Deo
2946 2716 3183 2770 animum
3212 2730 3298 2770 me
3328 2715 3529 2769 habere

1939 2820 2044 2859 non
2077 2820 2256 2872 posse.
2292 2804 2550 2859 Descendi
2581 2819 2710 2873 ergo
2741 2805 2931 2859 iterum
2962 2806 3027 2859 ad
3056 2805 3406 2874 cogitationes
3433 2821 3524 2858 sa:-

1937 2897 2167 2962 cularcs,
2200 2912 2269 2951 ne
2295 2895 2509 2966 aliquod
2540 2895 2671 2951 mihi
2702 2910 2765 2949 ex
2800 2904 3063 2964 perpetuo
3094 2895 3392 2952 divinitatis
3443 2897 3527 2950 iu-

1941 2987 2074 3041 tuitu
2099 3002 2266 3059 genus
2290 2988 2609 3056 arrogantiae
2640 2996 2974 3041 nasceretur.

2010 3096 2092 3151 Ad
2141 3099 2281 3151 hunc
2308 3096 2480 3167 ipsum
2525 3096 2810 3152 Macarium
2857 3111 2981 3153 cum
3010 3095 3298 3167 aliquando
3342 3096 3522 3153 venis-

1941 3204 2095 3257 sem,
2146 3189 2320 3261 repcri
2372 3197 2495 3244 ante
2547 3188 2687 3245 fores
2743 3188 2900 3245 cellae
2943 3189 3111 3258 ipsius
3159 3188 3532 3262 presbyterum

236 3262 670 3334 quadragesimae
698 3262 860 3319 linem
889 3271 945 3318 et
973 3262 1296 3333 principium
1327 3260 1569 3326 Pascha,
1598 3276 1703 3315 non
1734 3275 1829 3329 pa-

1942 3282 2243 3353 quemdam,
2278 3282 2431 3353 cujus
2481 3291 2650 3338 totum
2699 3283 2877 3351 caput’
2909 3282 3046 3337 adeo
3074 3297 3296 3337 exesum
3322 3260 3378 3338 et
3402 3297 3531 3338 con-

238 3370 396 3423 nem,
428 3368 538 3409 non
565 3369 757 3425 aquam
789 3363 1029 3426 gustatis,
1049 3368 1156 3409 non
1183 3354 1404 3410 ﬂectens
1422 3368 1618 3424 genua,
1644 3366 1749 3406 non
1780 3352 1835 3407 in

238 3456 389 3502 terra
412 3446 619 3516 jacens,
650 3447 745 3503 sed
789 3455 994 3505 tantum
1026 3447 1234 3502 modica
1274 3445 1659 3502 cauliculorum
1705 3445 1832 3501 folia

240 3540 419 3594 cruda
458 3538 736 3594 Dominico
769 3539 857 3595 die
885 3553 1125 3607 sumens,
1156 3548 1217 3593 ut
1244 3538 1568 3594 manducare
1612 3538 1734 3592 aliis
1759 3536 1838 3592 vi-

238 3630 486 3684 deretur.
519 3628 579 3685 Si
607 3628 820 3699 quando
846 3638 1024 3683 autem
1052 3629 1120 3683 ad
1161 3627 1499 3698 corporalem
1546 3627 1838 3683 neces-ita-

241 3731 351 3775 tem
393 3719 581 3775 luisset
606 3735 877 3790 egressus,
901 3720 1180 3777 confesnm
1208 3720 1512 3787 remeabat,
1541 3734 1604 3774 ac
1630 3720 1836 3784 stabat,

242 3828 357 3869 non
390 3827 453 3868 os
498 3813 781 3884 aperiens,
814 3829 919 3869 non
950 3812 1105 3869 alicui
1145 3813 1435 3884 quidquam
1467 3813 1709 3881 loquens,
1743 3812 1838 3867 sed

239 3921 370 3962 cum
408 3920 616 3961 summa
646 3906 1006 3963 taciturnitate
1034 3906 1358 3968 consistens,
1384 3913 1437 3960 et
1465 3906 1518 3959 in
1547 3905 1711 3959 corde
1739 3918 1839 3958 suo

156 4048 161 4051 ι
239 4005 457 4053 tantum
484 3997 683 4069 iugiter
703 4013 888 4061 orans,
919 4006 1078 4067 atque
1102 3997 1155 4052 id
1185 3998 1357 4051 solum
1389 3996 1569 4067 epe'ris
1612 3996 1751 4066 quod
1785 3997 1838 4050 in

240 4092 500 4148 manibus
529 4092 743 4147 tenebat
765 4090 1028 4146 efﬁciens.
1058 4090 1227 4158 Quem
1256 4104 1378 4145 cum
1408 4104 1532 4145 esse
1561 4098 1665 4142 tam
1692 4088 1841 4143 durae

244 4193 419 4253 atque
450 4182 781 4238 inimitabilis
809 4186 930 4237 vita:
975 4182 1222 4237 monachi
1268 4196 1456 4236 omnes
1501 4181 1842 4235 consideras-

240 4282 402 4338 sent,
432 4275 581 4343 quasi
605 4272 834 4342 quadam
860 4272 1152 4328 adversum
1185 4272 1479 4343 principem
1507 4288 1663 4326 suum
1693 4272 1842 4327 sedi-

245 4368 399 4420 tione
450 4366 748 4420 commoti:
794 4363 968 4433 llnde,
1016 4364 1298 4434 inquiunt,
1337 4364 1491 4418 nobis
1533 4364 1692 4419 istum
1740 4364 1840 4419 ad-

242 4458 478 4523 duxisti,
511 4458 598 4528 qui
630 4459 707 4513 ita
731 4457 859 4513 vivit
884 4458 1037 4528 quasi
1067 4458 1123 4513 in
1152 4473 1316 4513 carne
1346 4473 1452 4511 non
1482 4458 1554 4512 sit
1586 4458 1838 4522 humana,

243 4550 314 4605 ad
346 4548 853 4615 condemnationem
882 4547 1122 4603 omnium
1166 4549 1448 4604 nostrum?
1475 4549 1616 4604 Audi
1657 4549 1840 4620 igitur,

1941 3385 2212 3446 sumptum
2260 3383 2380 3431 erat
2421 3374 2515 3431 illa
2544 3375 2869 3444 valetudine,
2899 3392 3019 3447 quae
3048 3375 3294 3431 carcinus
3323 3375 3403 3447 (7)
3433 3391 3533 3431 no-

1943 3468 2198 3536 minatur,
2229 3477 2287 3523 ut
2315 3485 2376 3522 os
2405 3470 2570 3524 etiam
2600 3469 2822 3525 verticis
2843 3469 3118 3525 videretur
3141 3470 3378 3540 :.quique
3407 3467 3536 3524 illuc

1943 3570 2001 3616 ut
2043 3572 2325 3617 curaretur
2369 3561 2700 3629 advenerat,
2732 3577 2833 3617 nec
2876 3572 3053 3619 tamen
3099 3578 3279 3632 usque.
3299 3564 3355 3618 in
3376 3563 3532 3641 illum

1942 3652 2084 3708 diem
2112 3668 2141 3707 a
2170 3659 2357 3708 sancto
2407 3653 2642 3709 Macario
2689 3661 2993 3723 susceptus.
3019 3652 3197 3708 fuerat
3243 3663 3335 3709 aut
3360 3654 3535 3708 abeo

1944 3745 2110 3801 visus.
2156 3744 2264 3812 Ego
2308 3744 2489 3814 itaque
2531 3753 2659 3797 tunc
2688 3743 2861 3813 ipsum
2904 3742 3391 3813 roganspetivint
3416 3742 3536 3812 ejus

1945 3835 2314 3899 misereretur,
2346 3844 2400 3888 et
2429 3834 2619 3888 saltem
2655 3848 2971 3902 reSpunsum
2998 3834 3045 3888 ei
3077 3833 3251 3888 daret.
3282 3833 3365 3890 Ad
3389 3834 3534 3904 quod

1948 3928 2077 3981 mihi
2107 3926 2196 3981 ille
2225 3936 2441 3982 sanctus
2473 3927 2575 3980 hoc
2613 3924 2744 3980 dixit
2771 3925 2924 3980 :eNon
2970 3933 3054 3980 est
3081 3925 3278 3996 dignus
3304 3926 3407 3983 iste
3441 3942 3541 3982 cu-.

1945 4021 2087 4084 rari;
2120 4023 2255 4075 hanc
2282 4021 2425 4075 enim
2460 4036 2670 4089 poenam
2702 4027 3071 4090 ex.pra:cepto
3101 4019 3406 4076 Divinitatis
3443 4035 3533 4075 ac-

1945 4112 2104 4180 cepit.
2139 4111 2195 4167 Si
2240 4120 2421 4165 autem
2451 4114 2533 4165 vis
2575 4112 2751 4165 curari
2783 4125 2907 4168 eum
2930 4150 2946 4176 ,
2978 4110 3247 4181 persuade
3272 4111 3353 4167 illi
3385 4113 3535 4183 prius

1947 4213 2003 4255 ut
2026 4218 2057 4256 a
2086 4210 2393 4257 sanctorum
2438 4201 2829 4257 sacriﬁciorum
2873 4202 3246 4259 immolatione
3271 4203 3533 4260 discedat.

1945 4294 2186 4366 Cumque
2230 4310 2329 4364 ego
2369 4296 2603 4351 dici-rem
2632 4295 2794 4361 :Cur,
2832 4297 3077 4363 obsecro,
3110 4297 3168 4352 id
3193 4297 3308 4352 ﬂeri
3334 4296 3537 4366 iubes?

1949 4386 2081 4453 Quia
2109 4385 2496 4449 fornicationis,
2529 4387 2719 4453 inquit,
2745 4386 3083 4442 immunditia
3118 4387 3352 4455 pollutus
3378 4386 3536 4440 mini-

1950 4478 2116 4531 steria
2140 4476 2347 4531 Domini
2379 4485 2579 4531 vrotare
2600 4486 2975 4542 consueverat,
2994 4477 3064 4532 ob
3084 4476 3227 4546 quod
3256 4476 3378 4531 talis
3404 4490 3543 4545 sup-i

1951 4571 2094 4637 plicii
2141 4571 2421 4625 atrocitate
2470 4570 2773 4635 cruciatur;
2825 4571 2920 4626 sed
2966 4570 3105 4625 sicut
3151 4568 3295 4636 dixi,
3324 4569 3370 4624 si
3402 4584 3537 4623 nun-

243 4651 305 4697 et
332 4653 427 4696 aut
458 4642 585 4698 tolle
614 4658 737 4733 eum
763 4657 795 4697 a
824 4640 1002 4706 nobis,
1028 4650 1120 4696 aut
1143 4644 1279 4698 scito
1302 4657 1489 4697 omnes
1520 4658 1618 4697 nos
1646 4657 1712 4698 ex
1737 4644 1839 4699 hoc
1875 4662 1921 4721 ε)
1948 4679 2108 4733 quam
2164 4665 2307 4718 νθιηι
2359 4664 2613 4719 sacerdos
2664 4664 2927 4719 επτίηεί,
2981 4663 3267 4733 conﬁge,“
3307 4661 3487 4716 divina
3516 4701 3530 4725 ν

243 4734 587 4789 muasterio
616 4732 779 4790 hodie
804 4747 1132 4788 recessuros.
1162 4733 1254 4788 Ille
1278 4742 1455 4788 autem
1487 4733 1578 4788 tali
1608 4747 1840 4788 conver—

243 4825 463 4882 satione
494 4834 659 4895 atque
695 4826 892 4880 virtute
916 4824 1035 4895 ejus
1060 4826 1263 4892 audita,
1289 4824 1606 4895 deprecatus
1632 4832 1717 4880 est
1743 4826 1848 4879 Do-

243 4919 496 4984 minum,
527 4926 594 4972 ut
620 4917 742 4988 quis
782 4928 927 4974 esset
964 4918 1138 4974 eidem
1178 4918 1456 4975 revelaret.
1498 4918 1617 4986 Quo
1663 4920 1847 4974 statim

244 5009 417 5073 tacto,
444 5017 718 5077 arreptum
744 5023 869 5064 eum
899 5023 1061 5064 manu
1082 5008 1149 5063 ad
1176 5010 1470 5065 oratorium
1493 5024 1650 5064 suum
1672 5008 1845 5072 duxit.

245 5100 346 5155 ubi
373 5110 488 5157 erat
516 5100 685 5157 altare
711 5100 952 5157 divinum
969 5141 987 5165 ,
1015 5101 1391 5170 nsculatusque
1410 5115 1537 5155 eum
1567 5099 1696 5154 dicit
1726 5100 1841 5154 illi:

252 5189 420 5256 Veni,
458 5191 661 5260 optime
700 5205 889 5261 senex,
932 5198 988 5244 tu
1027 5190 1117 5245 ille
1162 5191 1421 5245 Macarius
1446 5198 1614 5257 es,et
1639 5190 1769 5245 mihi
1794 5199 1845 5246 te

247 5281 436 5337 celare
465 5282 744 5349 tentabas;
769 5297 837 5339 ex
870 5282 1052 5337 multis
1072 5274 1305 5337 anniste
1327 5282 1509 5337 videre
1540 5281 1844 5351 cupiebam,

248 5372 483 5429 audiens
504 5374 571 5428 de
596 5382 650 5430 te
679 5388 868 5445 magna
900 5373 1153 5429 miracula
1180 5389 1195 5426 :
1226 5375 1425 5442 gratias
1455 5374 1547 5429 tibi
1577 5388 1698 5444 ago,
1722 5372 1846 5442 quia

248 5465 516 5536 colaphos
544 5466 836 5535 infantibus
874 5467 1073 5523 nostris
1113 5465 1340 5531 dedisti,
1372 5482 1440 5520 ne
1468 5480 1716 5534 magnum
1746 5464 1848 5519 ali-

249 5554 389 5626 quid
428 5554 483 5612 in
525 5560 931 5613 conversatione
958 5558 1082 5612 vitae
1116 5571 1229 5611 sure
1272 5556 1449 5612 facere
1486 5570 1546 5611 se
1576 5563 1844 5626 putarent.

252 5657 555 5716 Revertere
593 5659 753 5730 igitur
780 5673 922 5715 nunc
966 5658 1033 5713 ad
1068 5658 1182 5713 loca
1223 5657 1363 5714 unde
1399 5672 1657 5724 veneras;
1692 5655 1850 5712 sulti—

256 5761 471 5817 cienter
499 5760 641 5816 enim
675 5776 773 5818 nos
797 5776 986 5817 omnes
1012 5759 1320 5829 mditicasti,
1345 5766 1400 5815 et
1422 5773 1515 5814 ora
1548 5774 1642 5829 pro
1670 5759 1846 5816 nobis.

259 5860 364 5916 llis
391 5861 562 5919 verbis
595 5875 807 5932 rogatus
838 5862 905 5919 ab
935 5862 1202 5931 omnibus,
1241 5859 1365 5917 inde
1394 5858 1664 5917 discessit.

1952 4757 2197 4825 accipere
2226 4755 2363 4823 (Deo
2382 4754 2627 4826 juvante)
2650 4753 3378 4823 poteritmediciuatn.-Cum
3408 4768 3537 4821 ergo

1952 4844 2025 4900 illi
2072 4847 2162 4916 qui
2201 4846 2301 4900 hac
2340 4845 2646 4900 valetudine
2690 4846 2968 4901 laboiabat
3015 4845 3114 4899 ista
3156 4843 3449 4909 dixissem,
3483 4853 3541 4897 ut

1951 4954 2073 4993 cum
2103 4946 2442 4992 sacramento
2464 4951 2681 4992 mecum
2710 4937 3069 5006 pacisceretur
3100 4951 3205 4991 non
3220 4950 3292 4992 se
3316 4936 3543 4992 ulterius

1951 5030 2016 5084 ad
2050 5030 2608 5086 olﬁciumsacerdotis
2635 5029 2929 5097 accedere,
2962 5038 3088 5083 tunc
3120 5029 3333 5107 demum
3357 5045 3388 5084 a
3417 5043 3541 5084 san-

1948 5133 2036 5178 cto
2065 5108 2156 5176 illo
2182 5134 2400 5178 vocatus
2426 5132 2536 5187 est;
2560 5122 2649 5193 qui
2672 5136 2796 5176 eum
2819 5120 2904 5177 his
2930 5122 3194 5177 allocutus
3214 5131 3302 5178 est
3326 5121 3541 5179 verbis:

1948 5215 2163 5283 Credis,
2193 5217 2383 5287 inquit.
2422 5216 2589 5271 Deum
2633 5229 2754 5271 esse
2779 5255 2796 5283 ,
2824 5216 2909 5270 cui
2940 5213 3074 5269 nihil
3104 5213 3370 5270 occultum
3417 5223 3501 5270 est
3521 5214 3572 5271 τ.

1952 5309 2252 5381 Respondit
2299 5308 2645 5364 ille:_Credo.
2697 5307 2813 5362 Non
2846 5308 3103 5379 potuisti,
3137 5308 3330 5377 inquit,
3376 5306 3543 5362 virtu-

1952 5413 2056 5457 tem
2104 5400 2411 5455 Divinitatis
2458 5400 2576 5467 ejus
2624 5398 2885 5454 evadere?
2932 5398 3227 5469 Respondit
3275 5398 3545 5453 illezNon

1954 5494 2141 5564 pomi,
2166 5493 2386 5547 domine
2428 5490 2522 5547 mi.
2574 5490 2724 5546 Tunc
2766 5478 2989 5561 magnus
3038 5491 3128 5546 ille
3177 5491 3459 5555 Macarius,
3488 5488 3543 5543 Si

1950 5586 2228 5658 agnoscis,
2261 5586 2466 5654 inquit,
2524 5594 2821 5654 peccatum,
2866 5595 2920 5640 et
2969 5586 3052 5641 vis
3104 5584 3338 5639 evadere
3386 5583 3541 5636 isram

1952 5693 2110 5749 quam
2167 5687 2384 5746 propter
2425 5676 2552 5730 illud
2600 5676 2695 5731 tibi
2745 5677 2998 5731 Dominus
3056 5665 3234 5729 intulit
3289 5687 3541 5740 pennam,

1953 5767 2241 5824 emendare
2270 5768 2337 5822 de
2365 5766 2591 5836 reliquo.
2617 5765 2733 5834 Quo
2760 5767 2962 5833 audito,
2991 5765 3079 5820 ille
3104 5764 3380 5833 proprium
3407 5776 3543 5815 cim-

1958 5861 2130 5916 lcssus
2161 5868 2244 5915 est
2272 5861 2476 5916 crimen
2506 5902 2521 5927 ,
2550 5869 2605 5914 et
2637 5858 2703 5915 de
2735 5866 2931 5913 caetero
2961 5871 3020 5912 sc
3050 5871 3322 5924 nunquam
3354 5870 3537 5925 pecca-
