3982 6354
433 403 542 462 I75

1518 383 1867 445 AI'PENDIX
1906 380 2001 438 AD
2042 378 2245 436 VlTAS
2285 374 2594 437 PATRUM.

3595 366 3728 426 ’278

436 533 616 579 turum
659 533 780 574 esse
826 513 1099 586 promisit,
1128 524 1304 578 neque
1363 506 1667 560 functorum
1720 497 2017 557 sacerdotis
2050 496 2094 553 A
2122 501 2306 547 sancta
2333 491 2400 546 de
2428 489 2584 545 altari
2610 486 2837 558 angelus
2860 481 3041 547 dabat,
3070 479 3246 539 solam
3278 488 3459 540 tamen
3498 494 3725 540 manum

430 612 638 677 officio,
664 609 757 665 sed
781 608 921 662 inter
945 606 1108 660 laicus
1127 602 1149 671 j
1169 617 1237 653 im
1267 602 1534 661 futurum;
1568 604 1623 651 et
1650 603 1777 648 tunc
1804 593 2021 647 demum

434 704 514 760 illi
544 717 758 758 manum
789 707 1004 754 sanctus
1053 692 1326 765 imposuit,
1349 702 1508 759 atque
1539 688 1589 740 in
1624 685 1805 754 paucis
1832 683 2024 738 diebus

435 795 752 866 capillorum
782 803 996 862 quoque
1028 786 1435 852 recuperatione
1471 786 1714 842 curatus,
1751 778 2025 844 Deumque

436 890 767 958 glorificans,
787 892 978 939 sancto
999 882 1160 937 etiam
1188 880 1302 931 viro
1328 874 1534 944 gratias
1556 870 1825 936 referens,
1849 868 2026 923 viden-

438 984 583 1038 tibus
610 979 764 1035 nobis
795 977 861 1032 ad
893 973 1103 1044 propria
1130 966 1409 1025 remeavit.

511 1093 636 1147 Post
664 1091 777 1145 haec
802 1087 1081 1143 adducitur
1106 1082 1175 1137 ad
1204 1090 1327 1136 eum
1359 1079 1414 1134 in
1441 1079 1546 1134 mei
1576 1077 1861 1145 praesentia
1895 1088 2027 1142 puer

439 1188 681 1257 quidam,
709 1184 799 1255 qui
844 1177 1127 1237 suavissimi
1174 1174 1436 1232 daemonis
1481 1172 1674 1241 spiritu
1724 1169 2023 1223 laborabat.

436 1279 677 1345 Cumque
700 1288 858 1327 unam
887 1284 1048 1337 super
1067 1275 1229 1336 caput
1254 1265 1371 1334 ejus
1403 1261 1671 1333 posuisset
1702 1274 1940 1322 manum,
1966 1267 2022 1312 et

438 1369 506 1423 ad
554 1383 647 1422 cor
692 1366 859 1433 ipsius
899 1361 1095 1427 aliam,
1125 1357 1307 1411 tandiu
1351 1356 1674 1424 deprecatus
1711 1361 1792 1405 est
1824 1351 2025 1415 Deum,

438 1455 672 1528 quandiu
721 1450 979 1522 suspendi
1013 1450 1065 1504 in
1100 1464 1224 1503 aere
1250 1462 1374 1501 eum
1424 1446 1658 1511 faceret,
1691 1443 1780 1514 qui
1811 1457 1943 1511 puer
1975 1443 2025 1494 in

440 1563 642 1602 morem
690 1545 828 1600 utris
864 1551 1010 1597 totus
1058 1539 1306 1601 inﬂatus,
1336 1552 1497 1604 supra
1547 1549 1706 1603 quam
1760 1535 2029 1587 aastimare

438 1638 554 1708 quis
589 1645 769 1708 posset
797 1635 1068 1701 intumuit,
1095 1642 1150 1687 et
1184 1630 1362 1685 subito
1394 1643 1585 1697 aquam
1612 1643 1677 1681 ex
1702 1626 1848 1680 omni
1880 1635 2030 1693 parte

438 1736 807 1788 membrorum
862 1743 983 1783 cum
1044 1728 1284 1780 clamore
1337 1726 1575 1778 maximo
1622 1725 1771 1778 vocis
1817 1722 2027 1778 eﬂ’udit.

440 1824 625 1892 itaque
656 1821 905 1891 paulatim
948 1818 1096 1873 omni
1128 1818 1220 1872 illo
1263 1828 1473 1871 tumore
1501 1816 1794 1884 residente,
1823 1816 1887 1871 ad
1920 1816 2029 1887 pri-

441 1916 636 1969 stinam
679 1912 761 1966 sui
791 1909 1032 1980 corporis
1077 1907 1239 1963 rediit
1267 1908 1573 1961 sanitatem.
1605 1907 1771 1974 Quem
1810 1917 2027 1963 sanctus

442 2016 632 2060 sancto
664 2015 981 2074 perunctum
1008 2001 1150 2065 oleo,
1173 2008 1229 2055 et
1252 1999 1532 2054 benedicta
1564 1997 1837 2068 perfusum
1868 2015 2026 2069 aqua,

448 2098 670 2169 proprio
716 2098 948 2152 reddidit
992 2094 1154 2164 patri,
1190 2093 1549 2162 prtecepitquc
1579 2101 1638 2145 ut
1664 2108 1760 2161 per
1796 2093 2031 2163 quadra-

448 2192 595 2260 ginta
626 2190 746 2244 dies
775 2203 879 2243 nec
924 2202 1116 2242 carnes
1162 2201 1283 2241 eum
1327 2186 1519 2248 edere,
1573 2198 1672 2239 nec
1714 2184 1893 2237 vinum
1934 2198 2033 2253 po-

450 2295 567 2337 tare
608 2282 959 2350 permitteret,
1000 2289 1056 2334 et
1100 2280 1180 2334 sic
1220 2294 1341 2333 eum
1391 2278 1640 2347 perfecte
1687 2276 1917 2333 reddidit
1944 2291 2030 2332 sa.

452 2375 625 2429 ltilali.

520 2488 670 2541 liunc
689 2484 933 2539 eumdem
958 2490 1203 2537 sanctum
1227 2482 1512 2537 Maearium
1537 2480 1764 2551 quodam
1786 2490 2029 2550 tempore

446 2579 798 2648 cog‘tationes
840 2591 987 2629 vana:
1036 2574 1220 2645 gloria:
1266 2573 1595 2628 stimulando
1623 2574 1909 2640 vexabant,
1940 2589 2034 2628 vo-

444 2670 617 2727 lentes
661 2685 784 2725 eum
811 2669 879 2724 de
925 2668 1059 2723 cella
1093 2668 1205 2737 ipsa
1238 2668 1326 2721 ubi
1360 2668 1587 2738 degebat
1616 2666 1953 2732 abstrahere,
1981 2677 2037 2722 et

446 2765 737 2819 suadentes
765 2762 815 2816 ei
844 2805 859 2831 ,
893 2771 1053 2830 atque
1082 2760 1512 2815 demonstrantes
1544 2760 1828 2829 quamdam
1871 2759 2035 2815 veluti

446 2858 627 2925 operis
650 2855 776 2909 boni
804 2855 1061 2924 speciem,
1092 2861 1153 2907 ut
1179 2852 1296 2921 ejus
1320 2866 1479 2906 causa
1513 2861 1757 2921 pergeret
1787 2852 2033 2921 Romam,

445 2960 733 3005 sanaturus
761 2948 1013 3003 videlicet
1043 2960 1138 3001 eos
1167 2944 1259 3017 qui
1307 2944 1418 2999 illic
1467 2945 1810 3015 nequissimis
1840 2945 2039 3001 daemo-

446 3044 549 3097 niis
580 3042 929 3097 vexabantur.
983 3039 1202 3094 Summa
1232 3039 1375 3095 enim
1407 3040 1575 3109 gratia
1607 3038 1802 3093 divinae
1830 3023 2037 3094 virtuiis

446 3137 532 3190 hic
558 3136 896 3190 beatissimus
932 3143 1115 3188 contra
1148 3134 1312 3187 immu
1337 3132 1451 3187 idos
1495 3134 1715 3203 spiritus
1757 3136 2034 3188 utebatur.

2124 583 2306 638 dantis
2335 580 2605 635 videbam.

2205 675 2333 730 Erat
2359 687 2537 729 au'em
2579 670 2787 726 Marcus
2828 669 2930 723 iste
2956 681 3153 723 summi
3181 664 3381 737 ingenii
3403 704 3423 732 ,
3452 662 3722 735 quidam

2122 765 2337 836 juvenis
2363 773 2527 829 esset,
2555 762 2760 818 Novum
2783 775 2846 816 ac
2871 760 3035 815 Vetus
3063 758 3471 813 Testamentum
3504 770 3717 812 nmmo-

2128 860 2261 916 riter
2311 858 2612 919 retinebat,
2640 852 2929 911 admodum
2994 849 3237 922 placidus
3280 857 3337 905 et
3384 848 3635 920 quietus,
3665 858 3725 906 et

2126 951 2388 1007 easdtatis
2433 946 2709 1020 proposito
2752 942 3040 1014 singularis
3090 940 3301 1014 (Ραιι.,
3331 956 3383 994 ι.
3409 940 3475 995 2|
3504 940 3549 1009 ).
3603 938 3729 995 Uno

2126 1046 2289 1117 igitur
2316 1043 2406 1100 die
2431 1042 2557 1098 dum
2580 1056 2684 1112 ego
2710 1037 2854 1094 aliud
2881 1036 3025 1107 quod
3054 1049 3269 1104 agerem
3295 1048 3405 1089 non
3434 1031 3721 1099 haberem,

2130 1138 2183 1192 in
2232 1133 2421 1191 ultima
2448 1133 2565 1204 ejus
2607 1138 2885 1187 senectute
2911 1128 2979 1184 ad
3024 1143 3147 1183 eum
3193 1140 3368 1196 usque
3408 1124 3650 1197 perrexi,
3668 1133 3728 1179 et

2125 1229 2275 1300 juxta
2303 1228 2501 1282 ostium
2539 1225 2707 1295 ipsius
2739 1222 2937 1279 sedens
2964 1221 3119 1292 quasi
3150 1220 3257 1276 tiro
3300 1233 3579 1288 novusque
3604 1234 3728 1274 ωας

2131 1323 2355 1387 nachus,
2389 1333 2552 1388 supra
2596 1317 2848 1372 homines
2892 1329 3017 1370 eum
3046 1327 3169 1370 esse
3211 1311 3554 1375 existimans,
3581 1312 3731 1367 sicut

2133 1424 2189 1470 et
2210 1422 2346 1479 erat,
2376 1410 2564 1467 audire
2587 1407 2711 1479 quid
2740 1408 3065 1477 loqueretur,
3091 1403 3176 1460 vel
3197 1402 3323 1473 quid
3352 1410 3540 1472 ageret
3565 1400 3718 1456 desi-

2130 1506 2335 1564 deravi.
2362 1504 2483 1560 Fuit
2507 1513 2684 1558 autem
2712 1500 2862 1555 solus
2886 1499 3230 1562 intrinsecus,
3258 1503 3476 1550 centum
3501 1492 3727 1548 circiter

2133 1616 2305 1658 annos
2353 1613 2539 1671 agens,
2570 1598 2662 1667 qui
2708 1603 2764 1651 et
2803 1594 2989 1649 dentes
3038 1602 3253 1658 quoque
3300 1587 3455 1655 longa
3496 1584 3729 1638 nimium

2132 1702 2290 1750 aetate
2339 1682 2667 1761 perdiderat.
2711 1688 2909 1740 Contra
2941 1696 3155 1751 seergo
3202 1681 3399 1748 ipsum,
3428 1688 3485 1732 et
3529 1685 3723 1732 contra

2132 1785 2432 1840 dmmonem
2470 1779 2728 1849 litigabat,
2762 1776 2947 1832 dicens
2971 1790 2986 1828 :
3007 1772 3144 1839 Quid
3182 1770 3413 1839 amplius
3439 1767 3719 1833 decrepito

2057 1875 2107 1938 B
2132 1890 2295 1931 senex
2324 1872 2559 1943 quaeris?
2592 1884 2719 1926 ecce
2744 1868 2922 1924 oleum
2963 1865 3256 1933 vinumque
3298 1858 3547 1932 gustasti.
3579 1857 3725 1927 Quid

2133 1969 2273 2023 ultra
2300 1964 2452 2035 cupis
2477 1964 2530 2019 in
2551 1959 2808 2018 extremis
2836 1956 3006 2014 aatatis
3031 1965 3161 2017 ture,
3185 1954 3479 2009 devoratur
3497 1965 3563 2006 ac
3582 1964 3721 2006 vcn-

2132 2063 2229 2117 tris
2257 2058 2471 2116 cultor?
2498 2054 2801 2126 huiusmodi
2839 2051 3019 2108 verbis
3062 2049 3120 2105 in
3163 2062 3223 2104 se
3264 2045 3557 2116 iniuriosus
3595 2044 3721 2100 exi-

2130 2162 2301 2210 stens.
2346 2150 2482 2205 Tum
2518 2161 2573 2204 et
2600 2147 2830 2203 daemoni
2873 2147 2973 2200 ista
3018 2140 3366 2198 dicebatzNe
3402 2138 3579 2194 adhuc
3624 2136 3725 2193 tibi

2132 2248 2306 2303 debeo
2351 2242 2550 2313 aliquid
2599 2239 2742 2311 quod
2794 2239 2961 2294 furari
3008 2233 3342 2308 praevaleas,
3384 2230 3552 2303 955
3590 2228 3729 2287 nihil

2135 2338 2277 2393 aliud
2311 2334 2551 2391 invenis?
2589 2332 2706 2387 .lam
2753 2327 2944 2385 recede
2966 2344 2995 2381 a
3023 2341 3131 2395 me,
3161 2325 3438 2380 hominum
3485 2322 3727 2378 inimice.

2135 2432 2309 2500 Atque
2339 2431 2444 2484 hoc
2471 2426 2569 2482 sibi
2612 2424 2762 2494 quasi
2793 2420 3104 2478 insultando
3146 2419 3398 2475 dicebat:
3432 2417 3587 2482 Veni,
3620 2430 3736 2488 pea-

2137 2524 2273 2579 sime
2298 2535 2488 2585 senex,
2520 2516 2757 2587 quandiu
2785 2523 2960 2570 tecum
2993 2510 3278 2567 morabor?

2209 2613 2493 2670 Referebat
2517 2622 2696 2667 autem
2726 2608 2880 2664 nobis
2901 2605 3231 2677 Paphnutius
3254 2602 3473 2671 quidam
3498 2601 3735 2671 discipu-

2140 2709 2226 2763 lus
2254 2706 2412 2775 hujus
2440 2704 2582 2760 beati
2631 2703 2728 2757 viri
2750 2742 2767 2764 ,
2797 2699 2938 2770 quod
2967 2696 3258 2768 aliquando
3284 2694 3463 2750 bellua
3490 2692 3741 2764 quadam

2141 2800 2222 2873 (8)
2250 2798 2491 2854 exhibuit
2534 2805 2719 2850 sancto
2750 2793 2932 2848 Marco
2956 2791 3192 2846 catulum
3222 2802 3375 2844 suum
3404 2800 3738 2847 caecumne‘

2141 2892 2501 2959 stibulumque
2519 2885 2638 2942 ostii
2662 2886 2780 2956 ejus
2810 2884 2984 2952 capite
3003 2880 3288 2952 percussit,
3316 2887 3375 2935 et
3398 2878 3647 2948 ingressa
3669 2875 3738 2933 ad

2142 2997 2265 3038 eum
2315 2980 2592 3035 sedentem
2643 2976 2774 3030 foris
2823 2974 2874 3029 in
2919 2974 3098 3039 atrio,
3131 2969 3356 3040 projecit
3399 2976 3528 3023 ante
3568 2965 3739 3037 pedes

2146 3077 2313 3148 ipsius
2359 3073 2589 3128 catulum
2647 3084 2801 3124 suum
2851 3070 2893 3121 ’.
2941 3067 3111 3134 Quem
3164 3064 3257 3118 ille
3314 3071 3504 3118 tenens
3547 3070 3603 3116 et
3648 3074 3743 3115 exc

2147 3182 2345 3238 spuens
2391 3167 2443 3219 in
2484 3164 2669 3219 oculos
2718 3160 2865 3233 ejus,
2916 3156 3514 3225 oravit:continuoquc
3561 3154 3740 3207 lucem

450 3228 588 3281 Cum
627 3242 767 3329 ergo
815 3226 1012 3329 talibus
1058 3224 1420 3329 incitamentis
1446 3267 1461 3292 ,
1513 3226 1709 3294 quibus
1755 3226 2039 3295 expulsare
2070 3259 2116 3323 Ο
2146 3224 2304 3329 q'uam
2332 3257 2584 3311 amiserat
2626 3224 2779 3318 vitm:
2810 3265 3101 3321 secumque
3154 3259 3278 3302 "me
3308 3224 3481 3317 ipsum
3510 3243 3734 3315 proprio

454 3335 579 3372 eum
610 3318 821 3373 daemon
852 3318 1104 3382 volebat,
1135 3331 1229 3385 per
1258 3318 1480 3372 multum
1514 3328 1724 3388 tempus
1753 3320 2043 3374 reluctare-

450 3423 560 3478 tur,
592 3413 905 3482 fortiterque
934 3426 993 3464 se
1023 3411 1229 3465 videret
1273 3410 1485 3480 urgeri,
1519 3412 1746 3481 projecit
1774 3425 1835 3467 se
1870 3413 2048 3467 subito

450 3519 611 3573 supra
636 3505 844 3560 cellulae
872 3519 985 3559 sua:
1017 3502 1211 3567 limen,
1244 3504 1316 3559 ita
1362 3515 1420 3558 ut
1462 3513 1612 3557 extra
1644 3505 1887 3558 cellulam
1922 3519 2047 3558 suos

452 3597 784 3665 relinqueret
829 3595 1015 3665 pedes,
1046 3608 1109 3649 ac
1141 3595 1343 3650 diceret
1370 3612 1383 3649 :
1410 3595 1601 3651 Ducite
1648 3612 1754 3663 me,
1784 3612 1817 3651 ο
1848 3597 2048 3652 daemo-

451 3704 570 3755 nes,
597 3688 644 3744 si
672 3688 931 3757 potestis,
962 3696 1016 3742 et
1046 3688 1278 3753 trahite;
1309 3703 1411 3760 ego
1450 3689 1597 3745 enim
1648 3690 1872 3759 pedibus
1914 3692 2048 3747 meis

452 3799 558 3838 non
592 3783 679 3837 ibo
719 3797 827 3852 quo
870 3780 1058 3835 vultis.
1099 3779 1154 3836 Si
1203 3794 1331 3851 ergo
1376 3781 1479 3837 hoc
1509 3796 1595 3836 me
1642 3783 1802 3836 modo
1831 3795 2049 3852 portare

454 3876 701 3945 potestis,
719 3892 784 3930 en
808 3874 1120 3946 proficiscar
1136 3917 1149 3939 ,
1173 3876 1493 3929 sacramenti
1509 3890 1722 3945 quoque
1742 3876 2049 3944 adjectione

455 3968 799 4031 confirmans,
826 3968 966 4035 quod
994 3982 1162 4035 usque
1190 3965 1255 4021 ad
1290 3982 1568 4037 vesperam
1597 3968 1665 4022 de
1690 3982 1756 4022 eo
1784 3984 1888 4022 non
1921 3983 2049 4022 con-

456 4066 701 4128 surgeret
737 4059 875 4112 loco.
928 4058 1083 4113 Unde
1120 4061 1166 4113 si
1214 4074 1322 4124 me,
1368 4060 1561 4128 inquit,
1596 4076 1702 4113 non
1736 4062 2046 4127 moveritis,

458 4153 643 4229 sciatis
670 4167 766 4207 vos
793 4153 1017 4207 ulterius
1045 4167 1075 4205 a
1107 4167 1191 4208 me
1224 4169 1326 4209 non
1358 4153 1676 4208 audiendos.
1725 4155 1822 4208 Diu
1872 4155 2054 4224 itaque
2100 4150 2105 4155 ”

457 4248 647 4319 jacens
682 4244 995 4310 immobilis,
1025 4245 1241 4299 tandem
1275 4245 1537 4315 profunda
1570 4260 1793 4315 vespera
1826 4250 2046 4317 prop'n-

459 4351 658 4410 quante
681 4340 939 4394 surrexit.
964 4339 1071 4395 Sed
1102 4349 1257 4395 nocte
1278 4355 1399 4409 qum
1418 4340 1703 4395 subsecuta
1734 4350 1836 4406 est,
1864 4356 2051 4397 rursus

459 4437 509 4487 ei
543 4436 815 4488 dn-mones
846 4431 1053 4487 mulcati
1089 4446 1208 4487 esse
1239 4441 1536 4499 cmperunt.
1592 4431 1687 4487 llle
1713 4448 1845 4488 vero
1871 4444 2051 4504 Sporta

460 4529 595 4579 duos
627 4525 835 4578 modios
880 4524 1171 4592 recipiente
1207 4522 1387 4576 arenis
1434 4523 1663 4590 repleta,
1695 4524 2054 4592 impositaque

2150 3353 2289 3408 lacte
2319 3352 2578 3405 nutritum
2627 3357 2800 3403 mater
2842 3345 3087 3401 abduxit.
3130 3341 3386 3412 Sequenti
3428 3348 3609 3394 autem
3653 3336 3745 3392 die

2149 3443 2335 3499 eadem
2368 3442 2536 3497 bestia
2579 3448 2767 3495 sancto
2796 3453 2860 3494 ac
2889 3436 3201 3493 beatissimo
3245 3434 3361 3488 viro
3402 3431 3601 3503 pellem
3628 3428 3745 3485 ovis

2150 3534 2443 3601 exhibuit,
2489 3547 2647 3603 quam
2697 3538 3025 3586 memoratus
3074 3543 3265 3584 servus
3305 3524 3507 3581 Christi
3557 3533 3747 3578 sancto

2150 3629 2444 3685 Athanasio
2463 3626 2716 3697 episcopo
2737 3624 3052 3692 dereliquit;
3083 3634 3351 3693 quamque
3372 3629 3557 3675 sancta
3574 3617 3743 3674 Mela-

2152 3724 2238 3777 nia
2268 3732 2449 3789 postea
2483 3736 2512 3774 a
2542 3719 2853 3775 beatissimo
2881 3716 2998 3770 viro
3042 3712 3335 3769 Athanasio
3362 3710 3639 3780 accepisse
3681 3721 3743 3764 se

2150 3815 2303 3868 dixit.
2339 3812 2404 3865 Et
2430 3810 2553 3879 quid
2600 3810 2794 3863 mirum
2840 3808 2884 3862 si
2924 3810 3014 3863 ille
3054 3807 3144 3875 qui
3191 3817 3572 3860 mansuescere
3619 3800 3747 3858 fecit

2155 3902 2357 3959 Dilllieii
2390 3902 2612 3968 leones‘,
2640 3901 2802 3955 etiam
2837 3899 2961 3953 huic
2991 3898 3180 3953 bellua:
3224 3897 3387 3952 talem
3426 3892 3747 3964 sapientiam

2152 3993 2332 4047 di'dit?

2228 4085 2512 4141 Dicebatur
2561 4090 2819 4151 praeterea
2849 4079 2920 4134 de
2953 4081 3108 4135 beato
3137 4078 3340 4143 Marco,
3372 4076 3517 4147 quod
3546 4092 3613 4133 cx
3643 4088 3750 4146 quo

2154 4179 2350 4235 lavacri
2379 4178 2606 4249 gratiam
2636 4175 2969 4246 spiritualem
3001 4172 3321 4243 promeruit,
3353 4185 3628 4239 nunquam
3652 4184 3748 4223 ex-

2154 4272 2386 4340 spuisset
2428 4268 2482 4322 in
2532 4278 2730 4322 terram
2761 4306 2775 4330 ,
2807 4266 3199 4333 sexagesimum
3249 4272 3370 4332 post
3423 4260 3745 4325 baptismum

2155 4378 2319 4434 agens
2347 4377 2569 4426 annum,
2598 4368 2654 4415 et
2675 4357 3142 4430 quadragesimum
3171 4367 3297 4412 ante
3326 4354 3675 4425 baptismum.

2228 4455 2357 4510 Erat
2402 4463 2579 4508 autem
2611 4452 2778 4520 ﬁgura
2805 4449 3048 4521 corporis
3093 4448 3251 4520 hujus
3296 4448 3515 4502 athleta:
3544 4445 3749 4501 Christi

2161 4550 2398 4620 (oportet
2424 4545 2571 4600 enim
2600 4558 2688 4598 me
2712 4543 2780 4597 de
2810 4542 2912 4596 hoc
2936 4554 3153 4621 quoque.
3190 4539 3284 4593 tibi
3320 4536 3646 4607 signiﬁcare,
3672 4535 3746 4590 fa-

464 4617 701 4673 humeris
749 4618 859 4671 suis
883 4655 900 4682 ,
936 4616 999 4710 in
1052 4616 1281 4671 desertis
1336 4616 1467 4669 locis
1514 4617 1862 4682 spatiabatur.
1918 4617 2049 4671 l‘luic
2082 4651 2131 4710 Ι)
2157 4616 2299 4699 {mlle
2326 4643 2421 4698 Dei
2454 4641 2663 4704 Lause,
2691 4653 2759 4694 eo
2800 4638 2942 4708 quod
2991 4616 3226 4706 parva”
3262 4650 3381 4690 mea
3427 4642 3749 4689 comem“,

463 4711 797 4766 Thensebins
822 4709 1061 4780 quidam,
1087 4723 1288 4779 genere
1314 4708 1704 4773 Antiochenus,
1736 4723 2047 4776 occurrens,

465 4806 552 4860 cui
580 4815 636 4859 et
664 4805 895 4859 Cosmeti
920 4819 947 4856 r
970 4816 1267 4872 cognomen
1296 4810 1429 4863 erat,
1462 4800 1590 4854 dicit
1617 4802 1664 4855 ei
1688 4801 1894 4867 :‘Abba,
1926 4801 2050 4867 quid

467 4906 673 4952 tanmm
726 4912 861 4950 onus
916 4896 1131 4964 portas?
1178 4895 1228 4948 in
1288 4910 1372 4948 me
1422 4895 1596 4962 potius
1644 4893 1786 4963 quod
1836 4894 2055 4949 devehis

467 4991 718 5057 transfer,
747 5001 802 5044 et
851 4990 963 5044 nuli
993 4998 1112 5044 tuos
1166 4989 1420 5044 humeros
1467 4988 1715 5060 fatigare.
1756 4987 1847 5041 Ille
1877 4997 2053 5041 autem

468 5082 683 5137 dicebat
708 5099 721 5135 :
745 5082 891 5138 Vexo
920 5090 1203 5137 vexantem
1246 5097 1366 5147 me;
1396 5080 1507 5134 otio
1533 5083 1673 5134 enim
1718 5079 1920 5141 fruens,
1952 5078 2055 5133 iter

470 5175 688 5243 aliquod
715 5190 872 5239 agere
907 5191 988 5227 me
1017 5173 1315 5243 compellit.
1345 5171 1479 5226 Cum
1509 5180 1688 5227 autem
1733 5172 1801 5224 ita
1834 5178 2059 5225 onustus

470 5266 801 5322 ambulasset
825 5264 1039 5327 diutius.
1074 5276 1129 5321 et
1155 5265 1478 5321 confecisset
1508 5264 1603 5317 illo
1631 5264 1866 5335 pondere
1902 5278 2056 5318 suum

472 5359 872 5428 corpusculum,
905 5373 1181 5428 regressus
1207 5358 1261 5412 in
1291 5356 1483 5412 cellam
1510 5364 1612 5410 est.

549 5473 648 5528 ilic
690 5473 807 5541 ipse
854 5481 1075 5527 sanctus
1118 5470 1263 5525 aliud
1314 5468 1629 5524 miraculum
1679 5470 1855 5525 retulit
1907 5470 2063 5525 nobis

476 5562 613 5633 (erat
644 5580 763 5618 nam
808 5579 875 5618 ue
908 5559 1230 5632 presbyter).
1282 5560 1471 5615 Notavi
1506 5562 1658 5626 mibi,
1694 5561 1964 5631 inquiens,
1996 5577 2063 5617 eo

476 5668 719 5721 tempore
751 5673 855 5723 quo
883 5663 1065 5709 srincta
1113 5654 1366 5721 mysteria
1398 5652 1645 5707 fratribus
1677 5654 1887 5716 dabam,
1920 5654 2061 5723 quod

480 5750 657 5804 Marco
696 5748 960 5803 niuuaebo
1009 5761 1278 5813 nunquam
1311 5746 1603 5810 dediswm,
1633 5746 1726 5800 sed
1770 5763 1983 5817 semper
2012 5749 2060 5803 ei

551 5888 571 5920 ⁸
601 5886 888 5954 Palladiis,
918 5904 963 5941 c.
997 5887 1091 5956 2:),
1121 5886 1235 5940 hac
1264 5884 1330 5941 de
1360 5885 1592 5940 ilacniio
1620 5893 1818 5940 narrat.

2156 4752 2276 4792 cum
2298 4750 2364 4791 eo
2383 4733 2583 4788 diutius
2603 4729 2852 4788 eumdem
2875 4728 3184 4795 cognoverit
3209 4727 3515 4796 diligenter)
3540 4734 3746 4780 statura

2159 4828 2358 4894 brevis,
2389 4842 2494 4881 non
2524 4825 2694 4879 multa
2740 4822 2902 4877 barba
2935 4821 3125 4881 faciem
3156 4820 3452 4886 vestiebat,
3482 4817 3577 4873 sed
3606 4816 3750 4873 circa

2161 4920 2303 4976 labia
2335 4928 2541 4973 tantum
2571 4925 2709 4981 erat,
2756 4928 3049 4983 parumque
3089 4915 3232 4967 circa
3280 4921 3519 4966 mentum
3548 4908 3751 4979 aliquid

2160 5012 2461 5067 videbatur.
2514 5006 2592 5061 Ex
2633 5006 2798 5061 nimia
2836 5005 2982 5060 enim
3010 5003 3365 5066 abstinentia,
3397 5012 3452 5058 et
3478 4999 3751 5072 pcnejugi

2165 5102 2364 5169 inedia,
2393 5101 2556 5156 etiam
2585 5098 2763 5153 vultus
2806 5096 2974 5166 ipsius
3005 5094 3178 5149 nudus
3209 5104 3404 5165 prtcter
3429 5102 3749 5149 calceorum

2140 5236 2147 5247 .
2169 5195 2439 5252 hominum
2467 5193 2904 5250 consuetudinem
2929 5190 3223 5246 videbatur.
3245 5188 3321 5243 Ad
3347 5187 3487 5243 hunc
3504 5202 3609 5257 ego
3628 5198 3748 5241 cum

2167 5287 2452 5342 admodum
2482 5286 2649 5341 tristis
2672 5283 2961 5353 aliquando
2983 5282 3273 5347 venissem,
3294 5280 3643 5349 dicercmquc
3661 5276 3709 5333 ei
3730 5293 3746 5329 :

2170 5381 2324 5436 Abba
2355 5380 2573 5446 Macari,
2602 5378 2731 5447 quid
2756 5377 2915 5447 jubes
2944 5374 3437 5445 faciam,~qttoniatn
3466 5372 3631 5425 var-ire
3658 5384 3753 5425 cu-

2171 5473 2459 5543 gitationes
2485 5473 2722 5527 animum
2745 5484 2923 5525 meum
2948 5467 3293 5530 conturbant,
3321 5464 3562 5520 dicentes
3588 5461 3718 5515 mihi
3740 5497 3755 5514 .

2168 5565 2517 5621 Proﬁciscere
2546 5563 2687 5627 hinc,
2710 5562 2833 5633 quia
2860 5560 2993 5615 nihil
3022 5573 3180 5629 agerc
3225 5566 3277 5613 te
3304 5555 3512 5618 cernis;
3545 5553 3637 5608 ille
3665 5565 3750 5606 re-

2170 5655 2565 5725 sponditznic,
2590 5654 2782 5723 inquit,
2828 5652 2957 5722 ipsis
3003 5648 3414 5719 cogitationibus
3457 5642 3754 5699 tuiszl’ro-

2173 5762 2288 5820 pter
2334 5750 2603 5807 Christum
2655 5746 2886 5818 parietes
2932 5745 3083 5803 cellae
3128 5745 3284 5801 istius
3312 5739 3582 5798 custodio.
3628 5738 3755 5794 lla-e
