3982 6354
213 388 322 452 ω

1431 389 1840 449 llERACLIDlS
1880 348 2281 450 PaRADlSUS.

3376 402 3506 457 ηδ’

215 517 632 581 tibi,amatot“et
653 513 852 570 famule
874 512 964 568 Dei
987 512 1314 577 doctissime,
1333 523 1496 578 pauca
1520 509 1587 565 de
1611 507 1791 564 tnu'tis
1821 510 1866 566 Α
1968 508 2119 565 Hunc
2150 510 2321 579 ipsum
2352 512 2562 567 beatum
2593 488 2869 583 Moyseum
2900 515 3135 584 (oportet
3175 517 3316 571 enim
3348 534 3472 575 eum

216 625 279 668 ea
308 610 458 666 factis
487 609 654 666 sanctl
686 608 897 664 Macarii
924 607 1006 661 vel
1031 605 1190 661 dictis
1213 604 1530 676 signiﬁcavi.

811 696 1040 754 CAPUT
1087 696 1202 751 VII.

390 794 514 848 Vita
543 791 741 864 Moyse!
768 789 1063 861 .Et'tiopis,
1096 788 1337 863 Egyptii
1368 789 1627 843 monachi.

282 884 526 957 Moyseus
553 885 767 955 quidam
814 899 1009 952 genere
1052 883 1300 951 Ᾰξῖιῒιίοῃς
1333 883 1351 953 (
1384 882 1549 945 Pall.,
1585 899 1633 936 c.
1660 877 1729 932 ἐξ).
1755 882 1795 949 ),

214 977 398 1034 colon
439 976 681 1046 corporis
728 969 913 1045 niger,
964 989 1150 1030 servus
1197 974 1418 1044 alicujus
1468 972 1680 1026 curialis
1720 971 1798 1039 (‘3)

212 1078 328 1124 erat
345 1080 366 1123 ξ
389 1082 549 1137 quem
569 1067 641 1121 ob
669 1068 1016 1122 detestandos
1039 1067 1155 1136 ejus
1185 1080 1363 1119 mores
1390 1062 1641 1117 dominus
1671 1075 1800 1116 suus

213 1173 243 1215 a
271 1176 333 1217 se
356 1160 649 1231 abjecerat.
704 1160 988 1215 Dicebatur
1013 1160 1155 1214 enim
1184 1170 1234 1214 et
1265 1158 1437 1227 palam
1466 1155 1797 1220 latrocinari,

210 1265 267 1310 et
292 1251 579 1308 homicidia
611 1258 937 1323 perpetrare.
971 1250 1202 1306 Necesse
1232 1258 1313 1305 est
1342 1260 1520 1303 autem
1549 1256 1608 1302 ιιι
1649 1244 1801 1301 mali-

211 1344 468 1412 gnitatem
521 1356 734 1412 quoque
776 1340 943 1411 ipsius
992 1342 1197 1408 dicam,
1228 1355 1335 1411 quo
1382 1340 1553 1409 magis
1600 1337 1799 1408 possim

214 1436 543 1505 pta-nitentia
582 1434 701 1506 ejus
727 1443 1031 1491 monstrare
1057 1436 1337 1490 virtutem.

281 1526 608 1583 Referebant
644 1528 811 1599 igitur
834 1529 1046 1597 quidam
1078 1527 1219 1597 quod
1259 1528 1509 1599 magister
1548 1541 1801 1597 quorum-

212 1615 331 1673 dam
380 1619 813 1674 latrocinantium
860 1621 1183 1682 exstitisset,
1214 1620 1369 1690 cujus
1418 1628 1472 1675 et
1519 1619 1619 1673 hoc
1664 1618 1803 1673 inter

212 1709 487 1765 latrocinia
510 1710 630 1780 ejus
650 1710 846 1766 factum
872 1712 1273 1766 memorabatur
1297 1729 1310 1763 :
1332 1723 1598 1781 pastorem
1622 1726 1804 1778 quent-

212 1802 351 1869 dam,
381 1801 476 1871 qui
503 1802 559 1856 in
587 1802 804 1872 regione
843 1803 1072 1873 quadam
1124 1818 1227 1856 uua
1275 1819 1396 1857 cunt
1440 1804 1663 1857 canibus
1693 1801 1803 1854 suis

1901 601 1987 656 tali
2017 600 2121 666 iam
2146 602 2411 658 vocabulo
2438 602 2765 675 nuncupare)
2791 604 3064 660 daemones
3092 605 3358 677 quondam
3387 626 3477 663 ur-

1899 709 2028 765 gere
2054 703 2353 762 cmperunt,
2388 703 2445 749 ut
2473 695 2537 749 ad
2586 696 3027 752 consuetudinem
3076 697 3397 766 impuritatis
3425 710 3480 753 et

1900 786 2266 844 fornicationis
2294 790 2525 863 antiquae
2567 798 2944 845 reverteretur.
2986 789 3084 858 Qui
3115 798 3193 844 tot
3224 806 3285 844 ac
3316 792 3480 845 tantis

1903 879 2100 943 modis,
2131 886 2191 933 ut
2236 879 2497 934 referebat
2547 878 2680 941 ipse,
2713 887 2947 934 tentatus
2976 888 3076 944 est,
3106 889 3161 933 ut
3187 894 3322 949 pene
3358 896 3479 933 eum

1902 985 1931 1023 a
1965 971 2234 1039 proposito
2256 970 2379 1024 vitae
2404 968 2651 1025 salutaris
2672 979 2991 1024 averterent.
3014 969 3172 1025 Venit
3198 970 3295 1024 iste
3320 969 3480 1037 igitur

1902 1061 1967 1116 ad
1996 1073 2237 1115 Sanctum
2269 1061 2417 1116 illum
2462 1071 2515 1117 et
2545 1063 2757 1118 beatum
2789 1062 2958 1115 virum
2987 1060 3270 1128 Isidorum,
3303 1063 3392 1130 qui
3430 1067 3479 1115 in

1905 1153 2036 1206 locis
2062 1151 2254 1221 quibus
2300 1151 2483 1223 Scytbi
2516 1167 2708 1205 nomen
2757 1160 2861 1215 est,
2893 1151 3219 1215 morabatur,
3246 1150 3483 1206 referens

1904 1241 1953 1297 ei
2002 1243 2193 1313 quibus
2242 1243 2641 1313 impugnaretur
2672 1243 2861 1298 modis.
2912 1243 2979 1297 At
3028 1243 3120 1297 ille
3152 1243 3481 1313 respondit:

1904 1332 2059 1400 Nolo,
2084 1333 2326 1404 inquiens
2352 1349 2470 1389 esse
2496 1343 2546 1389 te
2574 1332 2799 1389 tristem.
2833 1333 3017 1387 Adhuc
3048 1334 3189 1387 enim
3222 1334 3478 1403 principia

1906 1423 2019 1479 haec
2049 1433 2135 1479 tua
2165 1436 2288 1480 sunt
2308 1467 2321 1487 ,
2353 1435 2406 1480 et
2436 1425 2633 1479 idcirco
2680 1424 2982 1495 huiusmodi
3014 1426 3363 1489 cogitationes
3391 1426 3485 1480 tibi

1906 1520 2249 1576 vehementer
2282 1520 2581 1590 insurgunt,
2614 1519 2882 1588 antiquam
2915 1520 3359 1574 consuetudinem
3392 1534 3480 1573 re-

1904 1613 2195 1684 quirentes.
2226 1611 2355 1667 Nam
2391 1621 2447 1667 ut
2476 1628 2504 1666 a
2533 1612 2757 1667 macello
2786 1612 2955 1674 canis.
2986 1628 3093 1680 quo
3124 1611 3266 1665 vesci
3298 1624 3483 1665 assue-

1908 1715 1992 1760 tus
2020 1713 2101 1759 est
2123 1746 2138 1769 ,
2175 1719 2279 1757 non
2309 1703 2542 1766 recedit,
2572 1702 2711 1772 qttod
2743 1717 2930 1757 rursus
2962 1702 3005 1757 si
3036 1700 3272 1756 clausum
3306 1699 3483 1767 fuerit,

1910 1813 2079 1867 neque
2103 1797 2243 1851 ullus
2272 1797 2322 1849 itt
2352 1813 2417 1852 eo
2444 1797 2674 1864 steterit,
2698 1812 2727 1849 a
2754 1812 2857 1864 quo
2878 1795 3072 1866 aliquid
3104 1794 3253 1850 canis
3280 1803 3481 1865 speret,

214 1894 541 1955 morabatur,
576 1902 737 1949 nocte
780 1895 828 1949 ei
879 1894 945 1948 ad
998 1896 1287 1949 scelestum
1340 1894 1488 1950 eunti
1533 1894 1799 1962 negotium
1832 1887 1881 1951 Β
1907 1888 2175 1953 abscedit;
2210 1889 2279 1943 ita
2308 1898 2359 1941 et
2392 1899 2445 1943 tu
2488 1889 2531 1942 si
2572 1888 2863 1955 perStiteris
2905 1889 2954 1941 in
3003 1886 3276 1958 proposito
3319 1886 3485 1943 absti-

213 1983 596 2050 lmpedimento
623 1985 815 2048 fuisse;
841 1986 931 2054 qui
962 1992 1166 2043 tantum
1208 1986 1558 2051 irascebatur,
1596 1996 1652 2037 ut
1676 2002 1798 2040 eum

213 2074 369 2131 vellet
393 2075 668 2131 occidere.
697 2075 1035 2132 Observabat
1062 2093 1195 2147 ergo
1227 2078 1374 2132 illum
1409 2079 1583 2132 locum
1615 2079 1667 2132 in
1697 2094 1802 2149 quo

212 2181 333 2223 suas
373 2182 509 2224 oves
555 2169 645 2224 ille
674 2170 978 2225 claudebat.
1027 2169 1272 2241 Cumque
1298 2173 1471 2227 eidem
1505 2174 1801 2227 nuntiatum

215 2257 399 2313 fuisset
422 2258 569 2328 quod
616 2271 760 2315 trans
789 2261 1006 2315 lluviutn
1039 2263 1143 2317 Nili
1172 2279 1293 2317 cum
1323 2279 1485 2335 grege
1513 2279 1612 2317 suo
1638 2275 1800 2334 esset,

213 2359 369 2418 atque
392 2351 450 2405 in
476 2360 683 2406 tantum
703 2353 895 2407 ﬂuvius
917 2353 1009 2410 ille
1027 2356 1306 2420 crevisset,
1325 2366 1383 2411 ut
1409 2371 1574 2426 super
1593 2357 1804 2411 alveum

214 2457 362 2498 suum
393 2443 545 2497 mille
588 2458 775 2512 passus
807 2453 1051 2510 teneret,
1082 2447 1316 2516 gladium
1346 2462 1501 2501 suum
1534 2446 1685 2501 mord
1709 2462 1806 2502 cus

218 2543 431 2602 tenens,
458 2547 507 2590 et
543 2544 691 2591 veste
720 2552 883 2607 super
906 2549 1067 2607 caput
1094 2539 1360 2607 imposita,
1385 2548 1554 2593 totum
1586 2540 1805 2594 lluvium

216 2627 451 2683 natando
481 2628 805 2697 transmisit,
839 2644 1120 2699 quousque
1144 2632 1211 2685 ad
1238 2631 1418 2685 ovium
1460 2632 1639 2686 cubile
1686 2646 1808 2700 per—

216 2721 380 2775 venit.
414 2719 815 2790 Cumqueeum
859 2730 1131 2776 natantem
1165 2722 1474 2791 respiciens,
1510 2736 1718 2777 mersus
1753 2721 1813 2777 in

217 2828 371 2869 arena
395 2824 586 2883 pastor
614 2814 833 2879 lateret;
858 2827 985 2870 tunc
1005 2815 1097 2871 ille
1118 2816 1313 2871 arietes
1334 2825 1562 2882 quatuor
1583 2815 1804 2882 electos,

217 2914 371 2972 atque
394 2904 693 2975 jugulatos,
724 2916 778 2961 et
808 2907 935 2961 tune
963 2912 1241 2963 connexos
1283 2917 1493 2974 tenens,
1526 2911 1598 2963 ita
1626 2925 1807 2964 rursus

219 2998 458 3054 natando
487 3000 766 3054 remeavit.
819 3000 1054 3070 Reperto
1080 3011 1257 3056 autem
1292 3017 1458 3072 parvo
1497 3011 1553 3055 et
1596 3002 1810 3056 occulto

220 3088 358 3155 loco,
386 3092 449 3145 in
486 3106 594 3161 quo
637 3091 851 3147 nudatis
881 3093 1023 3161 pelle
1064 3094 1275 3161 ovibus,
1303 3094 1665 3163 cantibusque
1692 3108 1811 3163 qua!

220 3182 541 3238 videbantur
580 3197 702 3239 esse
729 3184 947 3251 optima:
978 3186 1269 3251 devoratis,
1296 3195 1350 3241 et
1376 3187 1592 3256 reliquis
1625 3188 1808 3241 vetuli-

1909 1983 2102 2036 nentite
2125 1991 2247 2045 tum,
2266 1981 2501 2034 membra
2532 1990 2615 2035 tua
2641 1995 2759 2050 qua:
2786 1990 2909 2033 sunt
2935 1996 3095 2049 super
3120 1989 3317 2035 terram
3346 1995 3487 2036 mor-

1910 2076 2156 2140 ιίῐίιτειιιε,
2209 2074 2597 2146 εαςιτίιιιθτείιιξ
2649 2075 2940 2130 excludens
2993 2074 3267 2129 introitum
3324 2074 3485 2147 ((ιυω

1910 2169 2270 2224 fornicationis
2315 2179 2397 2225 est
2439 2169 2764 2224 incentivum
2814 2168 3036 2243 [Coloss.
3069 2167 3205 2240 ntj),
3243 2168 3488 2239 fatigatus

1908 2262 2117 2317 dzemon
2147 2278 2209 2317 ac
2237 2263 2428 2328 victus,
2448 2262 2541 2318 cui
2572 2262 2804 2317 fomenta
2828 2262 3066 2315 ciborum
3096 2277 3199 2314 non
3234 2260 3483 2332 porrigis,

1909 2354 2131 2408 ulterius
2164 2355 2253 2409 tibi
2298 2355 2555 2409 molestus
2581 2368 2701 2409 esse
2730 2353 2979 2409 cessabit.
3028 2352 3232 2419 Quibus
3263 2353 3488 2417 auditis,

1909 2462 2185 2516 regressus
2213 2447 2278 2501 ad
2309 2448 2520 2523 propria
2545 2462 2730 2501 servus
2757 2446 2952 2502 Christi
2986 2446 3251 2517 Moyseus,
3288 2446 3491 2500 instan-

1913 2547 1992 2591 ter
2018 2553 2079 2592 ac
2110 2540 2319 2595 fortiter
2364 2538 2446 2594 sui
2487 2554 2669 2594 curam
2700 2540 2939 2610 gerebat,
2965 2548 3087 2593 ante
3116 2538 3293 2593 omnia
3324 2537 3490 2593 absti-

1913 2645 2045 2684 nens
2074 2646 2099 2682 a
2132 2631 2273 2695 cibo,
2304 2632 2541 2703 nihilque
2571 2631 2711 2687 aliud
2756 2633 3023 2702 accipiens
3067 2629 3166 2686 nisi
3211 2630 3490 2685 duodecim

1911 2721 2039 2777 sicci
2068 2723 2251 2777 uncias
2297 2723 2477 2793 panis,
2507 2725 2741 2779 maximo
2771 2734 2945 2779 tamen
2978 2725 3126 2792 operi
3159 2720 3489 2785 incumbens,

1910 2823 1965 2868 et
2006 2813 2383 2883 quinquaginta
2433 2813 2653 2869 diurnas
2702 2815 2902 2870 iaciens
2930 2814 3223 2868 orationes.
3252 2811 3491 2879 Cumque

1914 2903 1997 2957 his
2022 2904 2191 2957 modis
2219 2920 2371 2959 suum
2403 2905 2821 2975 consumpsisset
2850 2907 3223 2976 corpusculum
3246 2944 3261 2970 ,
3294 2918 3393 2957 nec
3416 2902 3494 2957 sic

1911 2996 2124 3065 quidem
2148 2997 2353 3051 somnia
2379 2997 2520 3054 circa
2545 2998 2715 3068 ipsum
2744 3014 2877 3052 vana
2903 2997 3206 3052 cessabant.

1989 3088 2218 3144 Rursum
2272 3091 2429 3158 igitur
2472 3090 2536 3144 ad
2586 3090 2868 3161 quemdam
2916 3098 3219 3145 sanctorum
3268 3087 3493 3144 alterum

1913 3181 2074 3255 955
2124 3181 2553 3252 probatissimum
2600 3185 2808 3253 pergit,
2840 3183 3077 3253 dicitque
3124 3180 3373 3249 ci:Quid
3417 3179 3496 3235 fa-

219 3274 318 3337 tis,
342 3290 407 3329 ae
442 3273 550 3329 viui
600 3276 1014 3331 commutatione
1060 3277 1363 3342 distractis,
1392 3280 1577 3335 decem
1608 3291 1662 3335 et
1685 3291 1808 3333 οι-ιιι
1834 3279 1881 3342 C
1912 3275 2073 3337 ciam,
2107 3274 2248 3342 quod
2281 3273 2351 3327 ita
2377 3273 2506 3327 mihi
2534 3275 2755 3343 pristina
2782 3273 3169 3330 consuetudine
3199 3287 3413 3344 semper
3443 3272 3494 3327 in

218 3363 436 3420 Italicos
480 3365 599 3436 (l0)
631 3365 797 3434 ipsius
836 3367 946 3422 vini
973 3368 1123 3423 solus
1161 3369 1436 3436 exhausit,
1467 3380 1523 3426 et
1546 3372 1625 3427 sic
1654 3372 1719 3426 ad
1746 3386 1809 3426 ea

220 3457 271 3510 in
299 3458 498 3527 quibus
539 3460 774 3529 collegas
818 3474 947 3515 suos
996 3463 1293 3533 reliquerat
1336 3465 1474 3531 loca,
1506 3480 1601 3533 per
1645 3466 1808 3520 millia

218 3548 602 3618 quinquaginta
643 3550 921 3606 revolavit.
967 3551 1075 3607 Iste
1102 3552 1264 3622 igitur
1295 3555 1415 3609 talis
1462 3554 1679 3624 qualem
1731 3555 1810 3610 lo-

224 3632 378 3706 quor,
410 3639 505 3693 vix
535 3639 824 3710 aliquando
867 3654 1241 3713 compunctus,
1276 3661 1341 3700 ex
1367 3646 1596 3715 alicujus
1626 3660 1812 3703 neces-

220 3731 388 3786 sitatis
425 3730 665 3801 periculo
689 3732 757 3788 ad
788 3735 1173 3791 monasterium
1205 3752 1265 3793 se
1306 3739 1533 3794 contulit
1565 3739 1808 3805 fratrum,

220 3839 444 3895 suaque
464 3822 796 3894 ptenitentize
822 3828 982 3882 vitam
1006 3829 1085 3883 sic
1114 3831 1458 3887 vehementer
1487 3830 1732 3900 arripuit,
1757 3841 1813 3887 ut

220 3914 379 3969 etiam
436 3914 746 3972 Clemonem
776 3918 1040 3974 malorum
1068 3933 1371 3977 consortem
1421 3938 1640 3977 suorum
1670 3922 1807 3993 (Η).

222 4006 360 4071 quia
380 4006 561 4076 prima
586 4022 706 4062 cum
737 4023 803 4064 eo
829 4020 989 4067 :ctate
1023 4025 1361 4081 peccaverat,
1384 4016 1451 4070 ad
1483 4031 1812 4087 cognoscen-

222 4097 342 4152 dam
374 4098 626 4156 virtutem
656 4099 855 4157 Christi
883 4105 1094 4160 eminus
1116 4106 1468 4162 collocaret’.

298 4191 414 4246 lloc
452 4206 666 4262 quoque
702 4193 847 4249 illius
889 4196 1159 4265 quondam
1201 4195 1398 4252 factum
1433 4198 1682 4255 refertur.
1715 4200 1815 4256 La-

227 4287 410 4335 trones
440 4292 671 4351 quatuor
693 4286 1045 4353 numero,qui
1068 4286 1121 4340 in
1150 4287 1339 4341 cellam
1366 4287 1535 4356 ipsius
1560 4288 1813 4358 impetum

228 4372 488 4438 iecerant,
509 4376 633 4443 quis
680 4375 774 4431 ille
818 4385 963 4432 esset
1008 4379 1098 4447 qui
1146 4378 1218 4435 ibi
1248 4379 1486 4449 degeret,
1518 4383 1818 4438 nescientes

232 4466 598 4535 inquirebant.
642 4468 790 4535 Quos
836 4469 928 4525 ille
973 4481 1251 4541 correptos
1300 4476 1500 4542 pariter
1525 4483 1579 4528 et
1606 4474 1815 4546 ligatos,

231 4561 392 4616 veluti
415 4575 630 4617 saccum
654 4562 884 4632 aliquem
912 4564 1186 4633 palearum
1212 4567 1493 4636 impositos
1512 4566 1673 4623 dorso
1693 4583 1815 4635 suo,

1916 3364 2116 3418 Stllllllis
2146 3365 2461 3420 obscuratur
2488 3367 2696 3420 animus
2721 3407 2735 3433 ,
2770 3382 3063 3436 sensusque
3097 3367 3360 3431 turbatur,
3392 3374 3445 3420 et
3468 3380 3497 3419 a

1916 3457 2275 3526 voluptatibus
2316 3458 2492 3512 carnis
2540 3468 2758 3529 experta
2806 3461 3061 3513 memoria
3111 3474 3214 3513 non
3257 3458 3498 3514 recedit?

1916 3550 2010 3606 Ille
2040 3552 2349 3619 respondit:
2382 3551 2584 3607 idcirco
2633 3552 2806 3606 adhuc
2856 3551 2957 3605 hoc
2999 3552 3215 3619 pateris,
3246 3553 3369 3621 quia
3402 3566 3501 3607 nec

1917 3657 2153 3699 mentem
2180 3655 2322 3699 tuam
2346 3644 2412 3698 ab
2446 3644 2746 3713 hujusmodi
2779 3643 3194 3713 cogitationibus
3216 3643 3499 3713 separasti.

1914 3735 1970 3790 Si
2027 3736 2184 3805 igitur
2234 3736 2501 3803 paulisper
2545 3744 2597 3789 te
2636 3735 2869 3789 volueris
2916 3736 3107 3806 vigiliis
3136 3750 3419 3805 occupare,
3448 3743 3502 3792 et

1915 3828 2246 3881 orationibus
2280 3828 2425 3895 puris
2458 3836 2868 3896 perseveranter
2916 3826 3185 3892 insistere,
3221 3826 3375 3881 facile
3406 3839 3500 3897 po-

1920 3918 2047 3971 teris
2072 3933 2135 3971 ex
2170 3920 2269 3971 hac
2300 3917 2545 3970 molestia
2578 3917 2815 3972 liberari.
2867 3917 2967 3984 Qui
2997 3918 3155 3971 etiam
3190 3915 3349 3988 hujus
3381 3917 3505 3971 hor-

1921 4017 2034 4062 tatu
2083 4020 2334 4077 suscepto
2381 4009 2630 4077 consilio,
2660 4018 2911 4079 tanquam
2941 4009 3008 4063 ab
3037 4009 3252 4065 homine
3282 4009 3370 4080 qui
3404 4008 3506 4064 hoc

1917 4101 2241 4171 experientia
2266 4101 2566 4167 didicisset,
2591 4103 2655 4157 ad
2680 4104 2949 4173 propriam
2972 4104 3257 4159 revertitur
3284 4102 3500 4169 cellam,

1919 4193 2212 4264 statuitque
2242 4210 2336 4264 per
2366 4194 2667 4250 universam
2699 4206 2913 4251 noctem
2943 4211 3042 4252 nec
3070 4212 3239 4265 genua
3271 4197 3386 4251 solo
3409 4197 3507 4250 lle-

1921 4293 2085 4347 ctere,
2124 4300 2223 4340 nec
2268 4286 2440 4340 oculis
2484 4300 2730 4343 somnum
2776 4287 2926 4342 dare.
2971 4290 3147 4358 Atque
3178 4289 3246 4342 ita
3280 4302 3374 4358 per
3412 4302 3507 4343 sex

1921 4379 2120 4434 ibidem
2150 4393 2319 4434 annos
2350 4379 2595 4435 noctibus
2623 4380 2829 4435 cunctis
2854 4389 3004 4435 stans
3028 4382 3079 4435 in
3104 4381 3280 4435 medio
3300 4381 3509 4435 cellultu

1923 4486 2058 4539 suae,
2087 4473 2389 4540 patentibus
2436 4485 2654 4541 semper
2700 4473 2903 4538 oculis,
2934 4487 3091 4527 orare
3129 4485 3503 4537 consueverat,

1923 4575 1978 4620 et
2006 4574 2188 4621 tamen
2221 4581 2318 4621 nec
2346 4567 2425 4621 sic
2451 4568 2664 4637 quidem
2696 4567 2788 4623 illo
2811 4583 2917 4639 quo
2944 4568 3219 4623 laborabat
3244 4569 3383 4622 malo
3413 4582 3506 4638 po-

230 4656 295 4708 ad
328 4655 524 4713 fratres
554 4657 641 4711 ubi
668 4657 826 4711 simul
847 4673 1036 4714 omnes
1063 4661 1409 4714 morabantur
1429 4659 1689 4725 exhibuit,
1714 4663 1815 4716 hoc
1844 4651 1899 4714 1)
1927 4660 2025 4712 tuit
2057 4657 2295 4714 liberari.

230 4746 416 4805 dicens
443 4765 457 4802 :
484 4748 618 4815 Quia
640 4749 777 4803 nulli
806 4765 1002 4805 nocere
1026 4752 1135 4819 jam
1179 4767 1421 4819 possum,
1445 4752 1570 4822 quid
1606 4752 1674 4808 de
1706 4753 1820 4808 istis

232 4835 468 4907 jubetis?
498 4838 648 4894 Tunc
689 4854 821 4911 ergo
846 4841 1006 4896 etiam
1056 4841 1090 4897 ii
1133 4857 1270 4912 quos
1313 4844 1404 4899 ille
1442 4843 1727 4908 detulerat,
1755 4844 1819 4898 ad

238 4930 608 4996 ponitentiam
658 4933 846 4989 venire
886 4942 1199 5003 coeperunt,
1227 4936 1542 4991 confitentes
1571 4936 1683 4992 Deo
1726 4952 1822 4993 sua

234 5022 450 5090 delicta,
486 5026 721 5081 maxime
768 5039 889 5081 cum
920 5036 1163 5082 amarent
1209 5028 1380 5096 ipsum
1412 5028 1707 5097 Moyseum,
1736 5028 1824 5097 qui

237 5114 378 5169 inter
400 5108 592 5171 omnes
615 5114 818 5171 dudum
850 5116 1106 5183 latrones,
1139 5126 1197 5172 ut
1236 5132 1421 5172 eorum
1455 5118 1700 5189 princeps
1731 5136 1825 5175 no-

236 5206 563 5262 minabatur.
607 5207 1091 5278 Glorilicantesque
1134 5208 1453 5274 Dominum,
1484 5211 1582 5280 ipsi
1615 5225 1825 5280 quoque

236 5299 481 5354 moversi
506 5307 634 5353 sunt
678 5309 899 5370 propter
929 5298 1088 5370 hujus
1112 5302 1597 5363 conversationem,
1621 5311 1676 5357 et
1703 5303 1824 5357 lacti

240 5399 367 5445 sunt
410 5391 659 5446 monachi
701 5392 1084 5461 probatissimi.
1120 5391 1403 5448 Rationem
1455 5402 1638 5448 autem
1688 5393 1827 5448 hanc

242 5482 354 5550 suis
379 5483 624 5537 sensibus
649 5482 1015 5554 colligebant,
1044 5481 1286 5540 dicentes
1311 5502 1325 5538 :
1349 5484 1500 5551 Quod
1529 5485 1575 5539 si
1604 5484 1706 5541 iste
1730 5485 1824 5555 qui

242 5579 353 5626 tam
382 5581 569 5640 potens
594 5584 711 5629 erat
741 5582 992 5645 tanquam
1023 5574 1256 5630 invictus
1294 5574 1435 5632 inter
1461 5576 1717 5643 latrones,
1742 5577 1824 5633 sic

246 5659 414 5717 Deum
436 5663 657 5733 agnovit
676 5672 733 5720 et
760 5663 956 5731 timuit,
977 5680 1147 5735 quare
1167 5679 1266 5721 nos
1290 5664 1587 5723 animarum
1615 5677 1826 5727 nostra-

150 5755 155 5759 ’
246 5767 364 5808 rum
392 5754 614 5812 salutem
641 5754 897 5812 dilatione
933 5756 1299 5814 remoramur?

322 5868 339 5900 ⁸
368 5866 601 5925 Palladio
628 5869 841 5926 llerveti
875 5869 974 5926 hoc
1005 5870 1175 5926 deest.

2002 4747 2160 4803 Aliud
2189 4749 2380 4803 iterum
2401 4763 2570 4820 genus
2590 4748 2822 4805 durioris
2844 4749 2984 4814 vitae,
3008 4758 3065 4804 ut
3095 4746 3178 4804 vel
3208 4749 3285 4803 sic
3311 4747 3510 4804 dtemo~

1931 4855 2052 4896 nem
2084 4850 2393 4910 superaret,
2423 4844 2650 4912 arripuit
2679 4859 2694 4897 :
2740 4844 3057 4912 vespertinis
3086 4859 3315 4914 namque
3365 4844 3512 4900 horis

1931 4932 2325 5003 egrediebatur,
2354 4942 2410 4989 et
2428 4934 2814 4989 monachorum
2846 4948 3035 4990 senum
3069 4936 3222 5004 longa
3244 4934 3510 4990 ‘observa-

1932 5023 2078 5077 tione
2108 5025 2428 5091 viventium,
2458 5039 2556 5095 per
2582 5034 2719 5081 totas
2748 5034 2932 5081 noctes
2976 5026 3277 5082 habitacula
3306 5029 3513 5084 circui-

1934 5115 2044 5170 bat.
2068 5121 2306 5181 Quorutn
2335 5117 2572 5189 lageuas,
2596 5131 2729 5186 quas
2758 5117 2973 5189 hydrias
3001 5129 3212 5187 vocant,
3240 5136 3383 5192 saepe
3413 5116 3515 5177 tol-

1930 5206 2097 5272 lebat,
2127 5218 2184 5262 et
2236 5223 2373 5278 aqua
2430 5209 2705 5277 implebat,
2741 5209 3096 5282 impletasque
3137 5213 3282 5269 nullo
3311 5212 3514 5270 sciente

1933 5298 2223 5353 referebat.
2256 5300 2334 5355 Ex
2367 5302 2670 5372 longinquis
2696 5302 2841 5357 enim
2872 5302 3008 5359 locis
3035 5305 3299 5361 interdum
3326 5322 3357 5364 a
3382 5307 3516 5363 duo-

1933 5399 2051 5459 bus,
2083 5395 2393 5467 frequenter
2418 5407 2596 5453 autem
2627 5412 2655 5453 a
2678 5403 2915 5471 quinque
2938 5401 3171 5458 millibus
3198 5416 3388 5471 aquam
3413 5400 3517 5457 sibi

1930 5488 2256 5544 referebant.
2287 5489 2569 5545 lnsidiatur
2590 5492 2767 5562 itaque
2791 5493 2839 5550 ei
2866 5495 3074 5551 daemon
3098 5496 3327 5567 quadam
3354 5504 3511 5551 nocte

1933 5581 2192 5646 venienti,
2212 5598 2315 5636 non
2341 5583 2518 5639 ferens
2543 5587 2770 5641 ulterius
2793 5586 2921 5642 tanti
2950 5589 3170 5643 athletas
3195 5587 3515 5655 certamina,

1931 5672 2164 5743 dumque
2193 5688 2382 5743 aquam
2416 5689 2617 5745 pronus
2638 5678 2824 5735 tollite
2848 5678 3029 5748 puteo,
3050 5693 3207 5746 renes
3233 5678 3401 5748 ipsius
3421 5677 3519 5734 de-

1933 5779 2093 5835 super
2139 5768 2286 5839 gravi
2318 5768 2554 5838 quodam
2608 5771 2746 5830 fuste
2773 5776 3056 5843 percussit,
3089 5789 3150 5829 ac
3190 5772 3508 5831 semivivum
