3982 6354
58 3722 61 3926 l

525 331 631 388 279
1624 332 1965 389 APPENDIX
2007 333 2101 388 AD
2143 334 2343 395 VtTAS
2385 341 2689 400 PATRUM.
3672 349 3761 407 280

523 444 762 515 reliquit,
789 457 965 516 neque
992 444 1140 515 quid,
1173 458 1347 514 neque
1370 460 1399 499 a
1425 459 1530 513 quo
1561 445 1748 501 fuisset
1772 462 1961 516 passus
1986 462 2107 502 scn-
2132 450 2178 508 A
2211 452 2255 506 ii
2278 472 2291 502 ι
2322 454 2548 522 habens,
2579 474 2740 530 quam
2784 458 3034 530 ieiunare
3062 462 3308 533 cognovi,
3337 472 3496 533 atque
3521 463 3592 519 iu
3616 468 3764 536 sapa.

523 542 767 595 tientem.
788 538 1013 593 Postero
1030 537 1118 592 die
1135 552 1255 592 cum
1285 537 1518 609 venisset
1540 537 1665 592 i‘lluc
1681 538 1896 607 quidam
1919 555 2104 595 mona-

522 632 657 687 chus
691 632 757 687 ad
788 630 1134 689 hauriendam
1187 646 1401 697 aquam,
1442 640 1902 703 memoratumque
1958 635 2106 706 Moy-

522 742 677 783 seum
704 725 1009 795 aspexisset
1030 724 1298 791 iacentem
1334 731 1390 776 et
1420 722 1520 777 hoc
1572 722 1761 794 majori
1793 725 1867 779 illi
1899 725 2106 782 Isidoro

516 820 802 893 Scythensi
846 818 1158 887 presbytero
1202 816 1490 881 retulisset,
1516 829 1769 886 egressus
1822 816 1935 886 ipse
1980 832 2103 873 eum

516 899 856 983 quibusdam,
889 907 1206 979 prxdictum
1233 906 1300 960 ad
1351 908 1661 963 monasterii
1692 907 1776 962 sui
1818 909 2103 964 ecclesiam

517 1006 645 1061 fecit
671 1003 913 1074 protinus
956 999 1221 1055 exhiberi.
1260 998 1357 1054 Ubi
1403 1014 1503 1068 per
1547 1008 1717 1054 totum
1766 1014 1967 1054 annum
2014 1002 2101 1055 tali

516 1098 833 1168 aegritudine
860 1095 1136 1159 laboravit,
1174 1104 1225 1147 ut
1257 1095 1344 1148 vix
1374 1092 1587 1148 tandem
1612 1093 1676 1146 ad
1705 1094 1985 1162 pristinum
2017 1109 2102 1150 ro-

517 1196 621 1250 bur
644 1205 839 1259 corpus
862 1189 977 1259 eius
1019 1187 1260 1242 revocari
1292 1189 1575 1257 potuisset.
1602 1185 1754 1240 Tunc
1783 1187 1856 1240 illi
1886 1198 2102 1243 sanctus

516 1284 752 1339 Isidorus
792 1281 906 1336 haec
948 1278 1085 1333 dixit
1114 1294 1129 1331 :
1161 1278 1354 1342 Cessa,
1401 1279 1636 1347 Moysee,
1669 1277 1721 1330 in
1755 1286 1958 1332 tantum
1988 1278 2101 1333 dae-

514 1392 703 1433 mones
726 1381 1111 1445 provocare,et
1140 1382 1249 1426 tam
1273 1372 1622 1442 pertinaciter
1645 1378 1833 1424 contra
1853 1387 1947 1425 eos
1967 1373 2102 1427 velle

518 1468 864 1525 contendere.
897 1465 990 1520 Est
1016 1465 1164 1521 enim
1192 1475 1244 1518 et
1286 1463 1478 1518 modus
1508 1475 1686 1518 certus
1718 1465 1795 1545 in,
1816 1463 1933 1533 ipso
1977 1465 2101 1520 vita:

513 1563 901 1617 monachorum
935 1559 1210 1629 propesito
1242 1558 1379 1612 intra
1420 1573 1577 1626 quem
1614 1573 1713 1612 nos
1741 1568 1954 1626 oportet
2003 1574 2099 1613 no-

511 1667 653 1711 stras
679 1669 936 1710 exercere
964 1652 1213 1706 virtutes.
1236 1652 1332 1707 Cui
1359 1650 1462 1704 hoc
1489 1650 1579 1705 ille
1606 1650 1882 1719 respondit
1913 1669 1929 1705 :
1957 1650 2100 1705 Tan-

510 1748 599 1801 iliu
622 1761 724 1818 ego
750 1746 817 1801 ab
848 1746 947 1798 hac
987 1743 1286 1797 intentione
1316 1743 1421 1797 mei
1452 1743 1615 1795 animi
1669 1758 1773 1795 non
1816 1742 2096 1807 recedam,

2212 561 2397 602 manas
2419 548 2621 619 iugiter
2651 561 2819 618 totas,
2851 562 2978 623 post
3019 556 3256 626 quinque
3284 572 3498 627 semper
3522 556 3635 614 dies
3674 575 3762 628 gu-

2209 638 2402 693 stando
2419 641 2734 713 transigere,
2750 645 2988 713 quotidie
3002 645 3176 702 facere
3188 647 3549 718 septingentas
3561 664 3763 708 numero

2208 733 2499 786 orationes.
2524 734 2642 799 Quo
2670 736 2885 806 cognito
2899 736 3289 806 sedesperasse
3307 737 3542 803 dicebat,
3558 754 3622 795 eo
3639 743 3762 811 quod

2208 832 2330 875 cum
2359 822 2475 890 ipse
2502 836 2646 881 esset
2676 826 2785 893 vir,
2818 837 2873 883 et
2911 829 3026 884 sani
3061 829 3458 898 corporir,pius
3486 846 3640 900 quam
3668 841 3760 888 tre-

2207 922 2392 968 centas
2418 930 2574 972 orare
2604 932 2708 973 non
2733 930 2932 989 posset.
2963 904 3059 975 Cui
3086 932 3306 977 sanctus
3320 922 3656 979 Macariusad
3676 924 3760 981 ista

2208 1007 2506 1075 respondit,
2535 1009 2723 1067 dicens
2756 1030 2769 1065 :
2805 1013 2918 1083 Ego
2945 1015 3342 1084 sexagesimum
3372 1028 3570 1070 annum
3597 1031 3761 1086 agens,

2206 1106 2462 1169 centenas
2489 1103 2763 1159 orationes
2793 1119 2887 1174 per
2910 1104 3026 1160 dies
3049 1106 3297 1177 singulos
3322 1105 3481 1172 iacio,
3507 1117 3562 1163 et
3584 1117 3761 1164 tantum

2207 1196 2386 1263 operis
2397 1209 2909 1269 exerceo,quantum
2921 1201 3164 1256 sullicere
3178 1201 3314 1256 mihi
3328 1210 3498 1270 possrt
3508 1201 3575 1257 ad
3587 1211 3761 1258 vitam:

2207 1297 2414 1342 certum
2442 1289 2572 1344 mihi
2601 1294 2762 1347 etiam
2793 1303 3004 1362 tempus
3032 1295 3266 1362 excipio,
3289 1310 3395 1365 quo
3413 1295 3762 1352 salutationem

2205 1386 2365 1448 atque
2393 1392 2699 1436 Sermonem
2753 1382 3003 1439 fratribus
3030 1384 3221 1449 reddo,
3255 1401 3356 1440 nec
3384 1401 3472 1441 me
3497 1400 3653 1456 super
3680 1387 3765 1443 hoc

2206 1480 2263 1524 ut
2291 1471 2652 1541 negligentem
2684 1473 2933 1532 incusant
2958 1484 3120 1547 atque
3157 1477 3563 1548 reprehendunt
3587 1480 3762 1549 cogita-

2205 1564 2381 1619 tiones
2408 1581 2558 1621 meae.
2591 1567 2649 1622 Si
2687 1580 2867 1624 autem
2917 1579 2972 1625 tu
3003 1571 3092 1640 qui
3122 1580 3389 1628 trecentas
3416 1576 3676 1630 orationes
3700 1574 3764 1628 fa-

2205 1655 2533 1727 cis,insuper
2552 1674 2581 1713 a
2611 1660 2940 1717 conscientia
2970 1672 3067 1717 tua“
3088 1670 3139 1718 te
3169 1664 3415 1735 redargui
3441 1666 3593 1730 dicis,
3616 1668 3763 1721 mani-

2209 1745 2399 1801 festum
2426 1758 2509 1803 est
2536 1750 2679 1821 quod
2705 1760 2797 1806 aut
2845 1753 2942 1807 has
2989 1754 3106 1810 sine
3150 1754 3329 1824 aliqua
3373 1757 3764 1824 reprehensione

512 1842 747 1911 quandiu
768 1839 975 1895 somnia
993 1852 1055 1892 ac
1072 1851 1237 1891 vanas
1256 1836 1607 1907 cogitationcs
1624 1850 1652 1889 a
1678 1851 1764 1890 me
1785 1834 1992 1890 videam
2016 1851 2102 1891 se-
2135 1832 2177 1892 Β
2208 1854 2312 1893 non
2344 1839 2527 1907 facias,
2556 1850 2650 1896 aut
2675 1844 2814 1913 quod
2847 1844 3026 1914 plures
3054 1844 3194 1901 nolis
3218 1845 3399 1903 facere
3427 1862 3550 1903 cum
3591 1849 3759 1919 possis.

511 1935 711 2005 parati.
769 1932 855 1987 Ait
906 1944 1039 1998 ergo
1083 1940 1192 2011 tum
1225 1930 1299 1982 illi
1335 1946 1349 1982 :
1382 1930 1436 1983 In
1463 1929 1679 1983 nomine
1722 1927 1849 1983 Iesu
1896 1927 2097 1983 Christi

511 2032 854 2081 recesserunt
875 2021 986 2092 iam
1013 2036 1042 2075 a
1073 2030 1124 2077 te
1151 2022 1320 2089 turpia
1353 2022 1592 2089 somnia;
1624 2020 1853 2090 ideoque
1880 2021 1947 2075 ad
1973 2036 2097 2076 san-

510 2127 721 2172 ctorum
756 2113 1131 2185 mysteriorum
1162 2115 1597 2169 communionem
1643 2114 1978 2169 confidenter
2001 2128 2096 2169 ac-

509 2209 661 2265 cede.
690 2208 842 2265 Scias
881 2216 1055 2261 :‘utem
1096 2207 1238 2275 quod
1279 2208 1479 2262 idcirco
1518 2208 1728 2262 daemon
1768 2208 1834 2263 ad
1888 2217 2098 2278 tempus

509 2318 631 2359 esse
670 2313 721 2357 te
762 2301 948 2355 fortior
986 2302 1130 2353 visus
1167 2307 1273 2365 est,
1302 2314 1369 2354 ne
1407 2308 1462 2354 te
1482 2300 1687 2367 jactare
1719 2313 1911 2368 posses
1950 2302 2095 2370 quod

511 2404 712 2451 tantam
747 2395 1096 2449 tentationern
1127 2392 1280 2447 facile
1306 2406 1645 2463 superasses,
1679 2401 1735 2446 ut
1757 2406 1819 2446 ex
1852 2391 1952 2445 hoc
1982 2407 2097 2445 ma-

509 2489 591 2561 gis
616 2486 775 2543 saluti
810 2501 911 2540 tua:
955 2501 1040 2540 res
1072 2486 1181 2555 ipsa
1214 2484 1514 2552 prodesset.
1551 2483 1677 2538 llzec
1706 2484 1949 2546 audiens,
1979 2500 2098 2537 rur-

507 2595 600 2635 sus
631 2580 696 2635 ad
728 2580 1000 2650 proiiriam
1030 2594 1280 2634 reversus
1308 2585 1393 2633 est
1441 2576 1656 2642 cellam,
1685 2577 1969 2646 diligenter
2001 2593 2096 2631 cu-

506 2672 748 2728 stodiens
774 2671 1030 2740 deinceps
1055 2670 1156 2725 sub
1184 2670 1362 2739 quiete
1383 2682 1712 2723 mensuram.
1735 2667 1921 2722 Postea
1943 2683 2091 2733 vero,

508 2764 609 2820 hoc
637 2773 721 2820 est
748 2772 870 2834 post
896 2762 1033 2817 duos
1072 2774 1309 2825 menses,
1339 2772 1369 2812 a
1400 2771 1587 2812 saneto
1632 2757 1837 2813 Isidoro
1868 2760 2094 2813 interro-

505 2867 659 2927 gatus
691 2866 867 2911 utrum
907 2855 985 2909 illi
1017 2848 1277 2909 molestus
1316 2865 1648 2907 memoratus
1677 2851 1898 2920 Spiritus
1923 2854 2095 2907 exsti-

506 2952 682 3015 tisset,
714 2948 815 3003 hoc
841 2947 980 3003 dixit
1006 2963 1018 3001 :
1048 2945 1194 3001 Nihil
1225 2960 1282 3000 se
1310 2944 1613 3014 huiusmodi
1637 2959 1702 2999 ex
1730 2958 1791 2997 ea
1819 2942 2091 3012 hora,qua

504 3040 739 3097 famulus
767 3040 859 3096 Dei
893 3053 989 3108 pro
1041 3037 1159 3107 ipso
1185 3034 1383 3101 oravit,
1414 3036 1640 3091 ulterius
1674 3036 1835 3091 fuisse
1866 3050 2092 3107 perpes-

503 3148 643 3186 sum.
688 3132 914 3185 Tantam
957 3142 1135 3185 autem
1189 3129 1274 3184 hic
1314 3129 1429 3199 ipse
1476 3128 1764 3184 adversum
1815 3130 2092 3186 daemones

504 3225 729 3294 gratiam
768 3223 863 3277 Dei
909 3222 1233 3292 promeruit,
1281 3229 1339 3275 ut
1374 3220 1606 3288 amplius
1642 3236 1741 3276 nos
1788 3234 1818 3275 tt
1868 3221 2088 3289 muscis,
2117 3211 2164 3275 C

506 3330 664 3387 quam
700 3315 791 3369 ille
822 3331 853 3368 a
884 3314 1225 3369 dtemonibus
1256 3322 1570 3367 terreretur.

579 3407 727 3461 Hanc
756 3405 958 3477 May-ei
1000 3403 1272 3473 Aithiopis
1301 3404 1467 3457 vitam
1517 3400 1681 3459 fuisse
1715 3404 2093 3473 cognovimus,

506 3496 674 3567 quiet
700 3496 817 3566 ipse
846 3496 985 3551 inter
1014 3509 1239 3565 magnos
1286 3494 1409 3549 illos
1453 3504 1765 3549 numeratus
1795 3503 1879 3549 est
1927 3494 2092 3547 viros.

507 3588 656 3645 Obiit
680 3597 859 3642 autem
889 3588 1287 3657 septuagesimo
1314 3596 1366 3641 et
1395 3587 1583 3656 quinto
1615 3586 1791 3641 aetatis
1819 3600 1931 3640 suae
1957 3599 2099 3639 anno

507 3683 648 3754 apud
672 3682 918 3753 Seythin,
949 3682 1037 3735 ubi
1071 3681 1352 3751 presbyter
1390 3695 1605 3750 quoque
1654 3679 1850 3746 factus,
1877 3687 2096 3747 septua-

507 3774 655 3848 ginta
681 3775 977 3845 discipulos
1005 3774 1240 3830 moriens
1271 3772 1505 3844 reliquit.

1105 3887 1331 3945 CAPUT
1365 3886 1499 3943 VIII.

738 3987 852 4041 I’ito
893 3984 1051 4041 Pauli
1079 3983 1315 4038 monachi
1343 3998 1409 4038 ea:
1445 3990 1615 4036 monte
1644 3981 1884 4035 Pherme.

583 4081 735 4136 Mons
764 4087 850 4134 est
870 4079 923 4131 in
961 4077 1215 4147 dﬂgypto,
1242 4077 1331 4146 qui
1364 4075 1430 4130 ad
1454 4074 1814 4130 vastissimam
1839 4074 2104 4147 Scythen-

514 4175 593 4230 sis
612 4171 849 4244 regionis
870 4168 1215 4225 solitudinem
1240 4166 1599 4234 lenditur,cui
1623 4182 1818 4222 nomen
1843 4180 1919 4221 est
1942 4166 2104 4222 Pher-

516 4283 603 4323 me
632 4263 897 4338 (Pallod.,
932 4278 1044 4332 cap.
1090 4260 1207 4330 23).
1241 4257 1298 4313 In
1328 4259 1429 4314 hoc
1455 4267 1638 4314 monte
1665 4273 1802 4327 pene
1828 4260 2101 4329 quingenti

514 4359 755 4415 resident
782 4351 1226 4411 abstinentissimi
1256 4351 1503 4405 monachi
1530 4368 1546 4419 ;
1575 4350 1628 4405 in
1661 4351 1855 4421 quibus
1877 4362 1956 4407 est
1983 4352 2097 4420 qui-

516 4453 665 4517 dam,
703 4449 792 4518 qui
824 4446 1023 4502 Paulus
1079 4456 1324 4507 vocatur,
1355 4444 1603 4513 egregius
1651 4444 1945 4498 monachus
1967 4487 1981 4511 ,
2011 4443 2099 4513 qui

514 4539 821 4612 huiusmodi
850 4535 1090 4592 moribus
1120 4537 1253 4589 vixit
1279 4550 1295 4587 :
1331 4533 1446 4588 Non
1474 4549 1539 4588 ex
1568 4548 1887 4604 quacunque
1916 4549 1975 4589 re
2005 4548 2101 4588 ne-

512 4635 745 4707 gotiatus
772 4642 857 4689 est
885 4645 1141 4701 unquam,
1175 4644 1281 4682 non
1315 4628 1528 4698 aliquod
1556 4643 1695 4696 opus
1726 4628 1872 4691 fecit,
1898 4643 2002 4682 non
2030 4629 2098 4682 ub

514 4729 625 4784 ullo
650 4726 850 4798 aliquid
885 4733 1079 4794 praeter
1110 4722 1162 4778 id
1191 4737 1295 4793 quo
1327 4729 1639 4777 vesceretur
1690 4722 1929 4792 accepit;
1962 4722 2099 4775 nihil

515 4828 696 4876 autem
720 4817 864 4874 aliud
909 4815 1153 4879 faciebat,
1190 4813 1289 4867 nisi
1319 4811 1461 4882 quod
1490 4812 1825 4868 incessanter
1852 4815 2042 4868 orabat
2084 4830 2097 4866 :

519 4921 751 4970 statutas
772 4924 903 4967 sane
934 4921 1095 4981 atque
1123 4908 1455 4973 manifestas,
1484 4908 1585 4962 hoc
1602 4917 1683 4962 est
1708 4915 1976 4962 trecentas
2005 4924 2103 4961 nn-

517 5020 671 5061 mero
696 5005 973 5060 orationes
1004 5000 1253 5066 habebat,
1286 5003 1356 5054 ita
1387 5007 1447 5053 ut
1474 4998 1697 5054 totidem
1730 4998 1987 5054 collectos
2016 4999 2095 5053 in-

518 5104 600 5149 tra
630 5108 785 5149 suum
811 5093 987 5148 sinum
1017 5100 1249 5163 gestaret
1279 5089 1514 5160 lapillos.
1529 5105 1596 5146 ex
1618 5088 1813 5160 quibus
1839 5091 2096 5161 singulos,

519 5187 606 5243 ubi
640 5185 858 5242 fecisset
877 5186 1110 5256 singulas
1130 5183 1428 5253 orationes,
1442 5183 1509 5241 de
1524 5184 1645 5239 sinu
1663 5184 1882 5254 proprio
1896 5184 2102 5255 jactare

516 5287 892 5336 consueverat.

588 5372 689 5428 llic
718 5372 834 5439 ipse
862 5384 983 5424 cum
1011 5369 1078 5424 ad
1105 5378 1347 5424 sanctum
1378 5367 1670 5424 Macarium
1700 5369 2108 5437 illum,cuierat

516 5476 816 5535 cognomen
845 5460 1066 5529 Urbani,
1093 5460 1300 5516 vivendi
1326 5459 1493 5530 ipsius
1522 5475 1681 5516 causa
1710 5462 1999 5531 aliquando
2025 5476 2105 5517 ve-

523 5557 716 5621 nisset,
746 5554 881 5610 dixit
904 5553 970 5607 ad
995 5568 1117 5607 eum
1149 5570 1163 5609 :
1194 5554 1343 5608 Abba
1371 5553 1589 5624 Macari,
1616 5554 1772 5610 valde
1799 5556 1966 5610 tristis
1982 5570 2100 5611 sum

520 5652 537 5717 ς
550 5649 787 5719 Pallad.,
804 5665 926 5717 cap.
946 5646 1059 5717 (ἰαί).
1083 5648 1251 5714 Quem
1274 5662 1394 5703 cum
1410 5649 1614 5705 referre
1639 5649 1728 5705 ille
1742 5649 1969 5704 tristitia:
1990 5665 2102 5705 sua:

519 5756 736 5797 causam
769 5747 1007 5810 cogeret,
1040 5740 1108 5794 ita
1139 5739 1415 5809 respondit
1446 5757 1460 5794 :
1494 5740 1552 5795 In
1581 5739 1699 5797 vico
1728 5741 1931 5813 aliquo,
1956 5742 2102 5811 virgo

518 5834 760 5904 qumdaut
792 5848 911 5890 esse
943 5832 1270 5905 perhibetur,
1300 5832 1512 5904 trigin'a
1546 5847 1714 5889 annos
1737 5833 1792 5889 in
1822 5845 2097 5891 monaste-

2812 1953 3039 2015 CAPUT
3083 1952 3172 2011 IX.

2318 2042 2439 2097 Vita
2478 2042 2691 2098 Chrouii
2734 2047 3015 2117 presbyteri
3041 2058 3091 2102 et
3128 2047 3340 2118 Eulogii
3366 2047 3672 2102 scholastici.

2273 2131 2537 2190 Chronius
2566 2135 2697 2191 mihi
2726 2135 2913 2192 Nitria:
2944 2138 3223 2209 presbyter
3253 2139 3542 2208 aliquando
3587 2138 3762 2196 refere-

2203 2223 2295 2278 bat
2324 2241 2337 2277 :
2371 2224 2505 2278 Cum
2528 2239 2725 2292 essem.
2755 2227 3023 2296 inquiens,
3055 2229 3229 2285 adhuc
3252 2229 3489 2300 juvenis,
3516 2240 3570 2287 et
3596 2231 3760 2302 fatiga-

2203 2324 2287 2369 tus
2308 2318 2495 2385 spiritu
2516 2319 2736 2386 aeediae,
2753 2321 3149 2390 quodammodo
3171 2333 3349 2378 mente
3371 2324 3687 2394 languerem,
3705 2326 3764 2380 de

2199 2408 2633 2465 archimandrita
2664 2411 2767 2465 mei
2797 2413 3123 2468 monasterio
3153 2413 3285 2483 fugi,
3305 2424 3359 2470 et
3382 2430 3551 2486 usque
3574 2416 3637 2471 ad
3663 2418 3757 2471 Anc

2200 2499 2332 2554 tonii
2350 2510 2586 2557 montem
2604 2504 2837 2558 errando
2864 2505 3080 2572 perveni
3107 2504 3374 2575 (Pallad.,
3411 2524 3532 2578 cap.
3557 2506 3665 2579 25).
3682 2508 3762 2564 Se-

2198 2593 2361 2649 debat
2384 2608 2562 2651 autem
2591 2596 2680 2651 ille
2706 2598 2758 2651 in
2790 2598 2979 2652 ultimo
3002 2598 3330 2665 solitudinis,
3358 2600 3502 2655 inter
3526 2601 3635 2656 loca
3656 2615 3760 2668 qua

2199 2686 2490 2756 Babylonis
2538 2696 2592 2742 et
2640 2688 2882 2744 Herculis
2933 2689 3130 2745 habent
3160 2705 3353 2746 nomen
3375 2732 3390 2757 ,
3421 2691 3566 2747 unde
3591 2692 3686 2746 itur
3705 2692 3761 2744 ad

2199 2775 2440 2833 Rubrum
2469 2793 2635 2843 mare,
2667 2793 2834 2849 prope
2860 2779 3073 2849 triginta
3099 2780 3335 2836 millibus
3364 2798 3395 2835 a
3438 2782 3601 2838 ﬂuvio
3625 2798 3762 2852 sepa-

2196 2883 2333 2929 rata.
2361 2872 2495 2928 Cum
2523 2888 2655 2947 ergo
2683 2874 2948 2930 venissem
2971 2874 3040 2930 ad
3067 2876 3449 2931 monasterium
3478 2876 3621 2946 ejus,
3640 2878 3761 2947 quod

2199 2968 2558 3036 proiiiuquum
2582 2967 2786 3022 flumini
2808 2977 2942 3035 erat,
2962 2969 3050 3023 ubi
3077 2969 3324 3038 discipuli
3345 2969 3515 3038 ipsius
3537 2973 3587 3024 in
3610 2970 3762 3038 euelli

2197 3058 2375 3128 Pispir
2400 3060 2699 3129 appellatur
2730 3059 2870 3125 loco,
2891 3060 3152 3115 Macarius
3173 3070 3224 3115 et
3256 3062 3481 3117 Amatus
3504 3061 3757 3122 sedebant,

2195 3148 2393 3219 quique
2440 3150 2805 3218 supradictum
2852 3151 3021 3205 virum
3071 3151 3382 3207 defunctum
3425 3153 3760 3221 sepelierunt,

2202 3255 2297 3310 per
2319 3240 2553 3311 quinque
2575 3242 2770 3298 ibidem
2791 3245 3109 3314 exspectavi
3128 3244 3265 3311 dies,
3280 3255 3341 3300 ut
3356 3246 3641 3302 Antonium
3660 3260 3761 3300 sana

2201 3343 2346 3388 ctum
2377 3334 2635 3390 viderem.
2673 3334 2955 3390 Dicebatur
2981 3347 3165 3393 autem
3199 3338 3267 3392 ad
3295 3340 3669 3394 monasterium
3695 3338 3759 3405 ip-

2204 3443 2322 3482 sum
2355 3427 2539 3483 venire
2586 3430 2915 3497 smpissime,
2940 3431 3228 3500 aliquando
3278 3438 3400 3500 post
3444 3430 3655 3495 decent,
3682 3432 3762 3482 ali—

2202 3521 2417 3591 quando
2462 3523 2623 3578 etiam
2673 3531 2792 3592 post
2838 3524 3054 3593 viginti,
3091 3525 3365 3580 interdum
3405 3534 3529 3596 post
3553 3524 3763 3596 quinque

2203 3614 2355 3684 dles,
2384 3624 2539 3684 prout
2566 3615 2693 3671 illuc
2737 3630 2860 3671 eum
2906 3616 3248 3673 exhibuisset
3288 3618 3429 3673 Deus
3478 3619 3652 3672 multis
3685 3618 3758 3685 qui

2204 3707 2542 3764 confluebant
2564 3709 2631 3762 ad
2662 3709 2807 3764 idem
2833 3709 3219 3765 monasterium
3251 3709 3607 3779 profuturum.

2281 3803 2464 3857 Plures
2493 3802 2656 3873 igitur
2680 3813 2805 3856 tunc
2832 3801 3060 3858 diversis
3108 3802 3414 3858 laborantes
3459 3798 3761 3859 necessitati-

2209 3892 2307 3948 bus
2335 3902 2701 3949 convenerunt
2727 3894 2949 3963 fratres,
2976 3895 3117 3951 inter
3143 3909 3278 3965 quos
3303 3902 3361 3949 et
3390 3892 3638 3963 Eulogius
3658 3892 3761 3960 qui-

2208 3986 2328 4039 dam
2356 3985 2646 4040 monachus
2672 3986 3205 4042 Alevattdrintts'erat
3230 3983 3492 4057 (Pallod.,
3517 3979 3758 4053 cap.26l.

2206 4094 2327 4134 cum
2360 4078 2464 4133 alio
2493 4080 2581 4149 qui
2626 4079 2997 4149 elephantioso
3041 4080 3228 4133 morbo
3271 4078 3627 4142 cruciabatur,
3646 4086 3763 4144 quos

2208 4174 2336 4228 illuc
2361 4174 2528 4244 956
2549 4182 2764 4243 propter
2790 4172 3096 4243 huiusmodi
3117 4187 3331 4228 causam
3354 4173 3568 4228 venisse
3588 4183 3762 4225 utemu-

2208 4267 2421 4321 rabant.

2281 4359 2375 4414 llic
2404 4358 2657 4429 Eulogius
2678 4357 3028 4414 scholasticus
3055 4359 3170 4428 (12)
3193 4368 3306 4412 erat
3331 4356 3669 4411 saecularibus
3693 4351 3761 4406 Iit-

2209 4452 2336 4509 teris
2363 4452 2626 4521 eruditus,
2657 4453 2747 4522 qui
2802 4451 3217 4506 immortalitatis
3265 4448 3536 4504 desiderio
3579 4451 3758 4513 captuS.

2209 4543 2334 4599 huic
2354 4543 2553 4599 mundo
2584 4544 3001 4607 renuntiaverat,
3024 4541 3404 4610 distractisque
3430 4539 3591 4594 rebus
3610 4532 3759 4590 entnio

2209 4638 2310 4693 bus
2334 4647 2492 4706 atque
2521 4636 2798 4706 dispersis,
2829 4650 3016 4706 parum
3043 4634 3244 4706 aliquid
3273 4633 3616 4703 pecuniarum
3643 4626 3759 4683 reli-

2210 4735 2401 4797 querat
2421 4728 2544 4794 sibi,
2572 4728 2764 4796 quibus
2791 4728 2934 4797 (quia
2964 4727 3175 4796 eperari
3203 4740 3298 4796 per
3325 4739 3386 4780 se
3414 4739 3519 4779 non
3548 4719 3765 4793 petenti)

2211 4829 2470 4873 uteretur.
2500 4816 2632 4872 Cum
2664 4818 2821 4888 igitur
2847 4833 2968 4874 eum
2998 4817 3241 4889 qumdam
3270 4815 3435 4871 animi
3461 4812 3678 4870 defectio
3702 4812 3762 4862 ls-

2211 4912 2429 4983 tigaret,
2456 4922 2630 4968 etnec
2659 4926 2779 4967 cum
2810 4911 2989 4966 multis
3017 4914 3067 4967 in
3095 4909 3423 4966 monasterio
3448 4912 3659 4980 degere,
3684 4919 3762 4957 ne—

2210 5019 2315 5075 que
2336 5003 2628 5059 solitariam
2657 5003 2816 5058 vitam
2861 5012 3046 5073 posset
3088 5004 3228 5059 ferre
3262 5003 3544 5073 patienter,
3588 4997 3760 5069 reperit

2210 5097 2496 5166 quemdam
2529 5094 2742 5163 publice
2771 5095 2823 5150 in
2854 5096 3024 5165 platea
3064 5094 3441 5165 iacentetn,ita
3485 5089 3763 5149 valetudine

2207 5189 2293 5244 illa
2324 5190 2503 5258 (quam
2526 5188 2773 5256 superius
2800 5186 2934 5257 dixi)
2975 5189 3236 5258 repletum
3257 5230 3272 5254 ,
3307 5195 3367 5241 ut
3387 5188 3504 5240 sine
3544 5180 3758 5239 manibus

2209 5292 2262 5335 et
2288 5280 2511 5349 pedibus
2530 5279 2803 5335 videretur
2832 5296 2846 5332 :
2876 5280 2963 5334 cui
2995 5280 3169 5350 lingua
3202 5279 3569 5334 tantummodo
3594 5277 3761 5330 immu-

2213 5376 2295 5427 nis
2316 5386 2346 5427 a
2370 5373 2532 5427 tantis
2558 5371 2885 5427 cruciatibus
2908 5381 3046 5439 erat,
3069 5387 3173 5442 qua
3196 5373 3375 5441 magis
3403 5376 3583 5441 posset
3605 5365 3669 5421 ab
3694 5364 3760 5416 in-

2212 5463 2486 5519 tuentibus
2536 5463 2799 5518 ‘malorum
2844 5474 3064 5518 suorum
3127 5461 3424 5517 remedium
3471 5455 3757 5531 promereri.

2208 5557 2449 5625 Cumque
2480 5570 2600 5610 eum
2630 5555 2888 5610 assistens
2910 5553 3131 5609 vidisset
3153 5551 3428 5623 Eulogius,
3450 5550 3677 5617 oratione
3695 5544 3759 5598 Ia-

2210 5657 2293 5705 cta
2323 5647 2390 5702 ad
2422 5648 2682 5715 Deum,et
2710 5646 2937 5716 quadam
2967 5659 3087 5699 cum
3111 5643 3337 5699 Domino
3373 5643 3610 5714 pactione
3632 5637 3758 5693 cele—

2214 5741 2382 5808 brata,
2399 5739 2480 5794 bis
2503 5739 2765 5794 allocutus
2786 5746 2869 5813 est
2889 5737 3065 5794 verbis
3086 5748 3110 5789 ':
3143 5736 3389 5803 Domine,
3410 5735 3593 5806 inquit,
3617 5732 3755 5788 Deus,

2211 5835 2263 5887 in
2288 5845 2375 5889 tuo
2398 5832 2611 5889 nomine
2634 5831 2867 5901 suscipio
2906 5829 3067 5887 istum
3106 5840 3212 5887 tam
3247 5825 3758 5888 immanivaletudiue
