3982 6354
238 360 339 418 281

1449 353 1866 412 ΙΙΕΒΑΕΜΒΙΞ
1906 349 2307 416 PARADISUS.

3404 366 3516 424 282

241 477 613 549 praepeditum,
640 485 695 532 et
718 488 944 546 repauso
973 474 1086 545 (13)
1109 489 1229 530 eum
1256 488 1422 545 usque
1446 473 1498 528 in
1521 475 1662 529 diem
1688 488 1826 526 mor-
1857 473 1908 534 Α
1934 473 2108 528 adhuc
2139 475 2266 529 vivit
2289 482 2344 530 et
2371 484 2618 543 superest
2643 491 2863 548 magnus
2895 476 2984 534 ille
3005 476 3103 548 (sic
3123 477 3264 534 enim
3287 482 3517 536 vocaba-

241 574 335 635 tis,
374 578 429 624 ut
457 577 674 639 propter
701 569 859 622 istum
907 568 1102 634 possim
1148 576 1204 620 et
1244 567 1356 636 ipse
1403 566 1614 621 salvari.
1668 565 1827 620 Adsis

238 677 376 730 ergo
413 663 564 730 mihi,
596 660 824 725 Christe,
845 669 1004 729 atque
1047 662 1350 728 patientiam
1400 661 1490 714 tali
1531 659 1828 714 ministerio

240 754 505 823 largiaris.
538 754 761 821 Moxque
789 753 854 806 ad
876 752 1143 822 jaet'ntem
1173 753 1320 806 illutn
1348 753 1422 806 ait
1448 769 1463 807 :
1501 752 1611 816 Vis,
1632 751 1823 820 inquit,

243 843 428 909 frater,
452 844 685 913 suscipio
709 854 759 898 te
783 846 831 897 in
856 846 1071 897 domum
1097 859 1292 907 meam,
1315 852 1369 897 et
1389 857 1702 911 quacunque
1733 855 1826 908 po-

242 949 360 992 tero
388 938 593 992 ratione
622 938 902 992 sustento?
931 937 1170 1004 Cumque
1200 935 1301 989 hoc
1346 933 1434 989 ille
1466 933 1686 988 libenter
1711 949 1825 987 am-

242 1029 427 1098 plecti,
455 1029 500 1083 si
529 1027 858 1098 dignaretur,
889 1041 948 1082 se
967 1027 1205 1082 diceret:
1241 1025 1436 1080 Vadam
1459 1039 1605 1093 ergo,
1631 1025 1822 1095 inquit,

241 1132 298 1176 et
323 1121 533 1176 asinum
565 1136 670 1190 quo
697 1119 908 1175 veharis
924 1120 1206 1176 adducam.
1237 1120 1337 1175 Cui
1360 1120 1706 1175 vehementer
1731 1135 1824 1174 ex-

241 1217 453 1268 sultans
475 1213 747 1268 consensit
773 1223 1037 1282 aegrotus;
1066 1212 1316 1282 quodque
1345 1228 1467 1267 mox
1509 1209 1636 1267 fecit
1664 1211 1825 1265 Eulo-

235 1313 380 1376 gius,
411 1321 466 1366 et
496 1321 847 1364 memoratum
876 1308 943 1363 ad
971 1307 1259 1378 hospitium
1289 1325 1442 1364 suum
1472 1309 1588 1366 sine
1613 1311 1714 1363 ulla
1744 1309 1823 1364 di-

236 1406 439 1459 latione
466 1403 777 1458 transvexit.

309 1500 416 1553 Per
443 1498 745 1567 quindecim
775 1497 937 1564 igitur
975 1511 1145 1551 annos
1169 1497 1276 1566 jugi
1309 1497 1586 1552 curatione
1613 1505 1666 1552 et
1705 1512 1824 1566 per-

234 1597 397 1658 petua
428 1591 473 1642 ei
503 1588 860 1642 sollicitudine
887 1589 1184 1653 serviebat,
1211 1605 1303 1658 per
1325 1589 1466 1659 quod
1491 1606 1650 1643 omne
1679 1603 1815 1644 tem-

235 1698 357 1749 pus,
383 1691 440 1736 et
484 1681 576 1736 ille
603 1682 688 1735 cui
737 1691 941 1736 tantum
973 1681 1316 1737 deferebatur
1358 1682 1671 1752 obsequium
1701 1698 1820 1738 cum

231 1774 524 1844 gratiarum
539 1773 747 1827 actione
767 1783 823 1828 et
844 1774 1094 1843 patientia
1114 1775 1516 1843 grandi,cuncta
1537 1775 1818 1830 tolerabat.

1934 564 2040 635 tur)
2070 569 2355 633 Antonius,
2388 569 2621 625 ascende
2648 570 2714 625 ad
2744 586 2866 628 eum
2892 589 2907 638 ;
2937 588 3243 644 agrumque
3265 577 3384 630 navi
3416 577 3515 631 im-

1933 658 2162 724 positum
2193 660 2243 714 in
2272 664 2650 718 monasterium
2683 665 2850 734 ipsius
2877 667 3028 723 defer
3048 709 3062 734 ,
3093 680 3412 739 exspectans
3441 672 3513 727 ibi

1931 748 2102 804 donec
2127 752 2383 818 spelunca
2415 769 2510 808 sua
2532 770 2781 824 egressus
2801 759 3065 814 adveniat.
3097 762 3266 826 Quem
3289 777 3412 817 cum
3439 764 3519 817 vi-

1929 839 2095 906 deris,
2135 843 2336 898 referes
2360 846 2412 899 ei
2443 846 2542 900 ista
2573 863 2690 916 qua:
2716 851 2934 918 pateris,
2966 862 3127 922 atque
3155 854 3222 906 ab
3245 868 3312 908 co
3333 843 3517 908 consi-

1931 933 2058 986 lium
2086 936 2394 1002 postulabis.
2426 938 2690 1009 Quidquid
2720 953 2898 996 autem
2932 944 3024 998 tibi
3053 960 3214 1012 super
3238 947 3338 1001 hoc
3363 947 3515 1001 dixe-

1929 1026 2031 1090 rit,
2067 1027 2248 1093 facies,
2277 1039 2331 1082 et
2358 1029 2476 1098 ejus
2501 1032 2880 1087 monitionibus
2904 1036 3236 1104 acquiesces,
3268 1038 3454 1092 sciens
3487 1052 3515 1089 a

1931 1117 2040 1172 Deo
2060 1117 2238 1188 juberi
2271 1121 2365 1175 tibi
2395 1123 2651 1192 quidquid
2685 1126 2775 1180 ille
2807 1127 3139 1196 praeceperit.
3190 1129 3309 1183 Mox
3354 1129 3519 1199 igitur

1928 1211 2263 1266 sermonibus
2287 1211 2507 1267 fratrum
2537 1216 2768 1270 libenter
2799 1218 3110 1282 instructus,
3142 1221 3510 1288 supradicmm

1931 1320 2132 1373 tegrum
2168 1304 2382 1359 blandis
2413 1307 2658 1374 precibus
2683 1324 2962 1378 superans,
2997 1312 3217 1367 littorali
3263 1315 3519 1368 navicula:

1930 1397 2205 1466 imposuit,
2239 1399 2563 1467 sustulitque
2589 1399 2658 1453 de
2704 1402 2916 1457 civitate
2964 1418 3059 1470 per
3106 1413 3339 1468 noctem,
3370 1415 3424 1460 et
3450 1405 3516 1457 ad

1928 1487 2311 1558 discipulorum
2341 1499 2510 1544 sancti
2544 1495 2761 1546 Antonii
2793 1495 3150 1548 habitaculum
3183 1495 3356 1549 duxit.
3392 1497 3519 1550 Eve-

1930 1583 2006 1635 nit
2028 1592 2204 1636 autem
2233 1592 2290 1636 ut
2319 1584 2489 1638 altero
2518 1585 2605 1639 die
2628 1584 2773 1639 horis
2802 1587 3122 1656 vespertinis
3143 1587 3519 1656 superveniret

1930 1674 2055 1728 illuc
2085 1685 2305 1729 sanctus
2335 1677 2624 1742 Antonius,
2658 1677 2924 1732 referente
2950 1676 3079 1731 mihi
3104 1678 3343 1732 Chrooio
3373 1677 3516 1748 quod

1929 1765 2215 1838 chlamyde
2251 1781 2318 1821 ex
2350 1767 2576 1836 pellibus
2610 1768 2747 1822 facta
2780 1768 2997 1824 indutus
3026 1768 3324 1822 advenerit.
3360 1767 3520 1824 Sole-

236 1865 308 1919 Et
352 1864 561 1935 Eulogii
617 1865 867 1919 manibus
910 1877 962 1918 et
1018 1865 1450 1932 medicamentis,
1490 1866 1728 1935 cibisque
1772 1879 1822 1921 et
1855 1856 1904 1916 Β
1931 1859 2021 1913 bat
2041 1869 2217 1914 autem
2247 1861 2469 1916 veniens
2517 1860 2584 1915 ad
2627 1862 3011 1916 monasterium
3060 1861 3303 1927 fratrum,
3328 1875 3521 1916 vocare

233 1957 470 2024 balneis,
495 1965 652 2026 prout
672 1958 1011 2027 competebat
1033 1957 1340 2021 valetudini,
1364 1958 1668 2013 curabatur.
1697 1959 1824 2015 Post

228 2054 540 2124 quindecim
567 2069 694 2109 vero
714 2069 886 2109 annos
907 2055 1159 2110 instinctu
1182 2056 1460 2117 daunonis,
1487 2055 1824 2124 supradictus

229 2155 466 2213 aegrotus
495 2149 777 2202 immemor
806 2157 883 2201 tot
907 2147 1151 2201 laborum
1186 2149 1419 2217 Eulogii,
1449 2157 1824 2213 tantorumque

229 2237 775 2306 meritorum,cmpit
803 2237 871 2292 ab
916 2251 980 2292 eo
1025 2239 1164 2292 velle
1208 2237 1504 2302 discedere,
1539 2237 1824 2305 multisque

227 2347 351 2386 eum
388 2331 597 2400 injuriis
625 2341 786 2401 atque
815 2330 1118 2401 opprobriis
1148 2332 1445 2400 increpare,
1472 2330 1652 2384 dicens
1679 2346 1690 2382 ε
1719 2328 1825 2383 Fu-

225 2428 417 2496 gitive,
450 2425 542 2494 qui
573 2425 838 2494 propriam
869 2424 1088 2478 domum
1113 2423 1404 2483 devorasti.
1429 2421 1744 2492 iuratusque
1764 2438 1823 2475 es

225 2518 461 2573 alienam
493 2517 847 2571 substantiam
868 2561 882 2584 ,
915 2517 966 2570 in
1008 2530 1094 2570 me
1129 2517 1464 2570 occasionem
1497 2515 1684 2569 salutis
1716 2524 1819 2568 tua:

227 2612 503 2679 reperisse
555 2621 604 2664 te
655 2610 872 2664 credis?
901 2609 1147 2678 Eulogius
1177 2620 1353 2664 autem
1402 2608 1622 2676 rogabat
1666 2622 1813 2672 eum,

227 2711 282 2755 et
310 2701 654 2756 satisfaciens
681 2701 862 2754 animo
887 2700 1002 2770 ejus
1031 2699 1243 2755 dicebat
1271 2717 1284 2752 :
1316 2699 1466 2764 Noli,
1490 2699 1560 2754 mi
1582 2699 1818 2764 domine,

225 2791 336 2848 noli
373 2791 494 2847 talia
521 2792 686 2860 loqui,
712 2791 808 2846 sed
829 2791 915 2845 dic
938 2791 1117 2860 potius
1138 2791 1262 2859 quid
1289 2799 1340 2845 te
1365 2790 1816 2854 eontristaverim,

224 2894 282 2941 et
309 2883 570 2939 emendo.
595 2883 1005 2954 Elephantiosus
1030 2892 1208 2938 autem
1230 2897 1350 2938 cum
1371 2883 1551 2937 furore
1571 2881 1818 2937 dicebat:

225 2977 403 3044 Vade,
434 2979 557 3032 nolo
582 2979 709 3032 istas
732 2975 1065 3031 adulationes
1088 2985 1229 3030 tuas.
1251 2975 1460 3045 Projice
1485 2990 1589 3039 me,
1625 2975 1819 3043 inquit,

225 3067 278 3122 in
307 3069 588 3140 publicum
609 3110 624 3134 ,
653 3066 1059 3137 refrigeratione
1111 3077 1197 3120 tua
1229 3081 1335 3121 non
1388 3081 1541 3135 egeo.
1571 3065 1823 3132 Eulogius

223 3170 433 3228 autem,
459 3160 698 3216 Obsecro
727 3169 800 3225 te,
831 3161 1032 3230 inquit,
1061 3160 1295 3229 placare,
1324 3171 1413 3212 aut
1443 3159 1568 3228 quid
1612 3168 1662 3213 te
1690 3172 1821 3214 con-

1925 1965 1990 2006 ex
2033 1949 2160 2019 ipsis
2200 1951 2761 2022 Macarium,eumque
2801 1953 2884 2006 his
2920 1952 3098 2008 verbis
3138 1953 3516 2021 interrogare:

1926 2041 2201 2096 Venerunt
2240 2041 2401 2111 aliqui
2433 2041 2534 2096 huc
2561 2041 2784 2098 fratres?
2810 2042 2875 2096 Et
2906 2042 2995 2097 ille
3026 2043 3238 2096 venisse
3279 2041 3513 2096 dicebat.

1926 2131 2003 2188 De
2026 2131 2280 2202 IEgypto,
2310 2133 2501 2202 inquit,
2533 2143 2681 2198 sunt,
2707 2148 2773 2186 an
2800 2132 2870 2187 de
2889 2131 3262 2203 Jerosolyma?
3293 2129 3392 2184 hoc
3415 2147 3515 2184 auo

1932 2236 2041 2282 teni
2071 2228 2280 2295 signum
2311 2225 2377 2280 ab
2406 2226 2488 2280 his
2508 2225 2739 2295 jusserat
2760 2225 2901 2292 dari,
2920 2234 2977 2279 ut
2997 2225 3204 2294 quoties
3226 2223 3388 2293 aliqui
3413 2237 3519 2278 non

1924 2318 2058 2373 satis
2079 2317 2222 2386 digni
2251 2317 2519 2386 colloquio
2549 2317 2727 2386 ipsius
2751 2318 3082 2381 advenirent,
3112 2318 3324 2374 venisse
3345 2317 3516 2388 Egy-

1929 2409 2026 2478 ptii
2051 2409 2390 2464 dicerentur.
2416 2408 2641 2475 Quoties
2669 2418 2846 2463 autem
2879 2410 3048 2464 sancti
3075 2409 3288 2480 quidatn
3320 2419 3374 2465 et
3402 2411 3518 2479 spi-

1925 2499 2146 2553 rituales
2173 2499 2482 2553 viderentur
2508 2499 2604 2552 viri
2637 2500 2874 2564 venisse,
2899 2500 2966 2554 de
3003 2499 3337 2570 Jerosolyma
3383 2515 3519 2553 nun-

1925 2589 2208 2644 tiareutur.
2241 2588 2394 2644 Tunc
2435 2603 2564 2661 ergo
2613 2591 2833 2646 veniens
2873 2590 3026 2660 juxta
3072 2591 3518 2646 consuetudinem

1924 2695 2114 2747 suam,
2161 2696 2284 2736 cum
2332 2681 2717 2752 interrogasset
2760 2692 2938 2738 utrum
2988 2683 3381 2754 Jerosolymita:
3411 2682 3518 2739 illic

1925 2777 2145 2843 fratres,
2171 2791 2238 2830 an
2269 2775 2472 2847 Egytii
2502 2786 2704 2843 essent,
2727 2778 3005 2846 respondit
3027 2777 3287 2832 Macarius
3304 2775 3515 2842 dicens,

1923 2883 1987 2924 ex
2020 2878 2248 2938 utroque
2280 2868 2388 2923 illic
2414 2868 2674 2938 quosdam
2703 2885 2898 2938 genere
2929 2885 2988 2924 se
3011 2871 3241 2925 vidisse.
3265 2869 3398 2923 Cum
3423 2883 3518 2922 au-

1927 2971 2034 3015 tem
2065 2960 2340 3015 didicisset
2370 2960 2652 3032 Egyptios
2677 2962 2904 3025 venisse,
2937 2961 3267 3032 dixissetque
3289 2961 3362 3014 illi
3381 2975 3510 3014 san-

1924 3063 2044 3107 ctus
2073 3053 2337 3107 Antonius
2371 3070 2384 3106 :
2415 3053 2522 3108 Fac
2555 3053 2660 3107 illis
2689 3053 2996 3108 lenticulam
3027 3054 3178 3123 (15),
3214 3063 3268 3109 et
3305 3069 3515 3108 sumam

1925 3143 2105 3197 cibum
2147 3157 2251 3197 una
2293 3157 2414 3199 cum
2458 3142 2570 3209 eis;
2612 3143 2854 3200 oratione
2880 3145 3167 3214 completa,
3193 3144 3517 3215 jubebantur

223 3253 579 3317 tristaverim,
613 3256 918 3309 venerande
946 3269 1132 3318 senex,
1165 3252 1382 3308 edicito.
1412 3251 1819 3320 Elephantiosus

1935 3233 2244 3288 abscedere.
2277 3234 2346 3288 At
2372 3249 2492 3288 eum
2529 3232 2932 3306 Jerosolymitas
2962 3235 3174 3290 venisse
3201 3235 3514 3300 didicisset,

225 3357 412 3402 autem
444 3349 706 3417 asperior,
731 3349 783 3403 in
814 3349 994 3402 furore
1022 3349 1234 3403 dicebat
1257 3349 1321 3401 ad
1353 3361 1481 3402 eum
1518 3363 1533 3400 :
1561 3345 1679 3400 Jam
1712 3359 1818 3398 non

225 3438 348 3493 fero
378 3438 742 3495 fraudulentas
772 3439 1052 3493 irrisiones
1084 3447 1222 3503 tuas,
1250 3438 1586 3491 adulationes
1614 3445 1669 3490 et
1698 3435 1821 3489 sub-

225 3531 585 3585 sannationes
612 3537 727 3583 tuas
758 3544 861 3585 non
893 3530 1082 3594 tolero,
1114 3542 1213 3582 nec
1236 3527 1360 3581 mihi
1395 3528 1507 3580 haec
1529 3528 1674 3580 arida
1703 3541 1822 3593 par-

224 3635 403 3690 caque
431 3623 541 3674 vita
564 3620 798 3689 jucunda
826 3629 938 3685 est;
961 3620 1082 3674 volo
1107 3617 1354 3672 carnibus
1381 3617 1627 3672 saturari.
1660 3614 1821 3670 Cum-

223 3728 338 3776 que
365 3711 616 3767 exhibita:
643 3712 694 3768 ei
724 3728 753 3765 a
803 3713 918 3767 viro
959 3711 1346 3782 patientissimo
1379 3709 1602 3778 Eulogio
1631 3722 1822 3763 carnes

225 3807 659 3874 fuissent,ctepit
681 3807 872 3862 iterum
901 3805 1231 3875 proclamare
1258 3823 1268 3856 :
1295 3801 1409 3857 Non
1435 3811 1608 3871 potes,
1630 3801 1816 3871 inquit,

227 3915 373 3955 meae
401 3898 708 3954 satisfacere
737 3899 1016 3964 voluntati,
1043 3912 1141 3952 nec
1173 3908 1347 3951 tecum
1370 3895 1642 3949 solitarius
1668 3893 1818 3948 habi-

227 4002 347 4048 tare
377 3991 667 4063 praavaleo.
697 3991 957 4060 Populum
989 3990 1191 4054 videre,
1224 3991 1287 4042 ad
1319 3989 1585 4056 publicum
1614 3988 1691 4041 ire
1720 3985 1820 4039 de-

226 4084 435 4140 sidero.
463 4083 601 4140 Dicit
625 4085 673 4138 ei
703 4084 954 4152 EuIOgius
983 4098 998 4135 :
1036 4081 1145 4151 Ego
1172 4081 1266 4135 tibi
1295 4079 1504 4134 adduco
1531 4078 1822 4131 multitudi-

229 4195 357 4236 nem
410 4180 657 4235 fratrum.
687 4179 893 4234 Rursus
923 4179 1171 4240 ferocior,
1197 4191 1261 4230 ac
1311 4189 1448 4241 pene
1480 4172 1820 4242 blasphemus

230 4280 472 4341 aegrotus
508 4289 519 4323 :
554 4271 664 4338 Vae,
699 4271 888 4340 inquit,
915 4271 1114 4324 misero
1137 4267 1284 4331 mihi,
1312 4276 1452 4321 tuam
1484 4265 1672 4320 faciem
1698 4265 1822 4318 nolo

228 4364 441 4428 videre,
473 4372 528 4417 et
557 4362 778 4417 adducis
809 4361 936 4414 mihi
965 4359 1168 4414 similes
1214 4357 1320 4422 tui,
1355 4356 1521 4410 Solius
1554 4355 1705 4424 panis
1729 4355 1823 4408 de-

229 4463 451 4508 vorator
475 4453 575 4508 es?
603 4454 1020 4518 concutiensque
1049 4450 1395 4517 semetipsum
1429 4447 1664 4516 inquieta
1690 4460 1823 4500 voce

231 4542 618 4612 proclamabat,
647 4542 833 4596 dicens
880 4558 894 4596 :
930 4539 1086 4605 Nolo,
1120 4539 1274 4602 nolo;
1320 4538 1385 4592 ad
1429 4537 1696 4606 publicum
1744 4535 1821 4589 ire

1929 3341 2024 3396 per
2047 3335 2213 3380 tutam
2240 3341 2361 3380 cum
2389 3326 2518 3394 ipsis
2549 3336 2766 3382 noctem
2800 3327 2996 3382 sedens
3039 3342 3100 3382 ea
3133 3327 3241 3382 illis
3267 3343 3387 3396 qua:
3430 3342 3517 3380 sa-

1929 3417 2237 3472 lutieorunt
2283 3417 2612 3486 proficerent
2656 3418 2996 3487 loquebatur.
3041 3418 3328 3474 Memorata
3362 3419 3518 3488 igitur

1926 3523 2049 3564 eum
2073 3517 2228 3563 nocte
2254 3509 2462 3565 sedisse
2492 3509 2778 3574 referebat,
2811 3517 2866 3565 et
2896 3523 3328 3580 unumquemque
3355 3509 3421 3564 ad
3453 3526 3514 3565 se

1925 3599 1995 3655 de
2025 3599 2089 3653 iis
2110 3599 2201 3668 qui
2221 3609 2582 3655 convenerant
2602 3615 2875 3656 evocasse.

1995 3712 2235 3782 Cumque
2262 3727 2292 3766 a
2338 3713 2484 3768 nullo
2523 3713 2645 3784 quis
2676 3714 2788 3769 illic
2821 3713 3074 3784 Eulogius
3103 3723 3388 3769 vocaretur
3417 3729 3514 3765 an-

1924 3801 2112 3871 disset,
2146 3804 2260 3873 ipse
2286 3804 2341 3858 in
2372 3805 2606 3860 tenebris
2637 3806 2850 3874 propria
2882 3820 3014 3860 voce
3039 3820 3140 3860 suo
3167 3805 3318 3859 illum
3342 3807 3516 3859 nomi-

1923 3909 1994 3949 ne
2024 3901 2105 3948 ter
2133 3895 2362 3949 vocavit.
2385 3894 2482 3949 Cui
2511 3909 2635 3949 cum
2663 3895 3005 3964 supradictus
3028 3896 3382 3951 scholasticus
3408 3911 3516 3952 non

1924 3990 2295 4057 responderet,
2325 3997 2518 4057 putans
2539 3989 2682 4058 quod
2705 3991 2842 4045 alter
2865 3990 3058 4060 aliquis
3079 3990 3335 4060 Eulogius
3352 4004 3514 4046 voca-

1924 4078 2246 4147 retur,_dicit
2273 4078 2322 4132 ei
2345 4093 2528 4133 rursus
2556 4096 2569 4131 :
2603 4077 2680 4134 Te
2708 4094 2864 4150 voco,
2894 4081 3101 4151 Eulogi,
3133 4083 3224 4152 qui
3253 4081 3326 4139 de
3351 4080 3516 4138 Alex-

1923 4168 2150 4222 andrina
2181 4169 2404 4224 civitate
2435 4170 2652 4226 venisti.
2686 4171 2830 4227 Dicit
2859 4171 3112 4244 Eulogius
3142 4189 3157 4229 :
3188 4173 3348 4242 Quid,
3371 4191 3517 4246 qum-

1924 4275 2008 4326 so,
2031 4259 2225 4330 jubes?
2273 4261 2340 4316 Et
2371 4261 2636 4318 Antonius
2671 4280 2686 4319 :
2715 4262 2892 4330 Quid,
2923 4265 3128 4336 inquit,
3153 4264 3258 4321 huc
3289 4268 3517 4322 venisti?

1925 4350 2228 4420 Respondit
2251 4352 2708 4423 Eulogius,dicens
2727 4372 2748 4408 .:
2773 4355 2873 4423 Qui
2898 4357 2992 4411 tibi
3016 4372 3207 4413 nomen
3227 4373 3404 4413 meum
3426 4374 3485 4413 re
3501 4389 3516 4402 κ

1927 4445 2107 4500 velare
2129 4444 2374 4514 dignatus
2402 4455 2504 4513 est,
2533 4449 2647 4516 ipse
2671 4447 2776 4518 jam
2803 4460 2858 4504 et
2877 4449 3144 4505 adventus
3171 4451 3274 4505 mei
3295 4465 3510 4506 causam

1930 4538 2114 4604 procul
2153 4539 2314 4592 dubio
2343 4540 2616 4594 revelavit.
2646 4539 2780 4594 Tum
2806 4540 2894 4596 ille
2922 4558 2936 4594 :
2963 4540 3125 4608 Quid,
3152 4541 3514 4609 inquit,vene-

229 4633 506 4688 desidero.
532 4633 575 4685 0
603 4630 890 4685 violentia!
924 4629 974 4682 in
1007 4643 1128 4682 eum
1156 4627 1330 4682 locum
1360 4642 1455 4701 me
1478 4626 1695 4694 projice,
1723 4640 1817 4679 un-
1853 4605 1903 4663 Ῑ)
1928 4629 2002 4681 ris
2024 4628 2256 4694 scio,sed
2279 4638 2401 4684 ante
2423 4643 2610 4684 omnes
2632 4629 2731 4684 hos
2755 4629 3041 4696 fratres,ut
3062 4644 3251 4685 omnes
3271 4630 3512 4697 audiant,

228 4725 300 4778 de
325 4738 414 4777 me
441 4720 724 4776 sustuliSti.
756 4719 924 4775 Tanta
951 4733 1080 4787 ergo
1109 4725 1224 4773 erat
1252 4717 1367 4786 ejus
1395 4717 1622 4779 insania,
1655 4714 1819 4769 adeo-

228 4828 340 4882 que
370 4828 559 4867 sensus
591 4812 756 4878 ipsius
788 4810 840 4864 iti
881 4809 1081 4864 ferinos
1119 4805 1516 4877 quodammodo
1553 4807 1820 4861 clamores

227 4913 575 4958 converterat
599 4903 810 4957 daamon
831 4940 846 4964 ,
875 4909 931 4955 ut
961 4909 1015 4955 et
1039 4898 1408 4968 suspendisset
1453 4898 1588 4951 forte
1632 4898 1820 4955 laqueo

228 5011 316 5063 se,
342 4995 386 5050 si
409 5011 600 5050 manus
626 5011 720 5064 per
743 5008 877 5064 quas
907 4995 1006 5048 hoc
1035 4991 1210 5047 facere
1241 4999 1424 5061 posset
1448 4991 1742 5046 habuisset.

217 5091 223 5135 ι
307 5089 385 5144 Ad
410 5089 615 5144 vicinos
633 5088 812 5158 itaque
839 5087 1131 5142 monachos
1151 5086 1322 5155 pergit
1343 5085 1620 5156 Eulogius,
1639 5084 1821 5139 diccns

231 5181 312 5234 eis
337 5198 351 5232 :
383 5179 519 5246 Quid
545 5175 735 5233 faciam
753 5219 769 5244 ,
792 5177 934 5248 quod
958 5177 1356 5248 elephantiosus
1379 5178 1478 5231 iste
1503 5191 1587 5231 me
1610 5176 1820 5245 penitus

231 5271 523 5339 desperare
547 5269 657 5340 jam
691 5268 848 5324 fecit?
877 5269 1070 5323 Dicunt
1097 5269 1146 5322 ei
1179 5284 1192 5320 :
1239 5268 1408 5333 Quam
1457 5267 1529 5322 ob
1572 5268 1822 5321 causam?

233 5361 530 5432 Respondit
560 5361 640 5416 eis
673 5379 686 5414 :
718 5361 849 5429 Quia
877 5361 1006 5415 dura
1028 5368 1154 5414 sunt
1175 5375 1292 5429 qua:
1314 5358 1442 5413 mihi
1470 5372 1691 5413 conatur
1717 5359 1820 5412 iiii-

237 5453 501 5521 pendere;
527 5462 581 5507 et
609 5452 732 5521 quid
779 5465 933 5520 agam
962 5451 1149 5521 ignoro
1180 5468 1192 5502 :
1223 5450 1497 5518 projiciam
1537 5465 1658 5503 eum
1681 5451 1703 5502 ?
1729 5449 1820 5503 sed

233 5545 388 5599 aliter
417 5545 526 5600 Deo
545 5545 765 5600 dextras
795 5545 938 5611 dedi,
960 5553 1013 5598 et
1034 5546 1166 5599 satis
1188 5560 1375 5598 vereor
1395 5544 1532 5614 (l4).
1559 5544 1672 5598 Non
1698 5560 1820 5613 pro-

231 5635 412 5704 jiciani
441 5637 599 5692 eum?
627 5637 946 5696 sediterum
978 5644 1055 5691 tot
1081 5651 1143 5691 ac
1173 5646 1315 5690 tanta
1347 5639 1482 5690 mala
1511 5637 1714 5691 dierum
1760 5651 1823 5691 ac

237 5730 470 5785 noctium
497 5729 640 5784 ferre
667 5745 770 5786 non
805 5743 1042 5799 possunt.
1073 5729 1210 5795 Quid
1250 5730 1316 5784 de
1344 5729 1460 5798 ipso
1501 5729 1659 5798 igitur
1681 5745 1710 5782 a
1738 5747 1822 5783 me

239 5820 330 5873 fiat
357 5821 562 5890 ignoro.
593 5821 671 5878 Ad
697 5837 856 5892 quem
881 5821 955 5876 illi
987 5821 1069 5877 his
1100 5822 1277 5879 verbis
1309 5823 1594 5894 loquuntur
1625 5837 1640 5878 :
1688 5824 1819 5878 Dum

1927 4723 2088 4775 refer.
2119 4717 2305 4774 Jussus
2333 4719 2493 4788 igitur
2521 4733 2551 4774 a
2583 4734 2774 4790 magno
2813 4722 3048 4775 Antonio
3090 4734 3276 4775 servus
3305 4719 3511 4775 Christi

1931 4813 2204 4880 Eulogius,
2233 4812 2414 4866 retulit
2434 4821 2559 4866 ante
2581 4826 2800 4867 omnes:
2825 4813 2985 4867 Istum
3008 4813 3432 4882 elephantiosum
3459 4814 3510 4867 in

1929 4903 2100 4974 platea
2133 4902 2338 4972 publica
2375 4903 2549 4972 reperi
2580 4903 2916 4974 projectum,
2947 4904 3098 4974 cujus
3123 4920 3306 4960 curam
3338 4905 3516 4960 nullus

1931 4997 2208 5052 hominum
2235 4996 2476 5066 gerebat,
2509 5004 2563 5051 et
2594 4997 2814 5065 promisi
2843 4997 2954 5052 Deo
2982 5005 3038 5052 ut
3066 4999 3323 5053 servirem
3354 4999 3516 5067 aegri-

1935 5087 2102 5142 tudini
2132 5089 2268 5155 ejus,
2290 5102 2397 5157 quo
2421 5102 2632 5155 possem
2656 5097 2711 5143 et
2731 5103 2830 5158 ego
2853 5103 2948 5158 per
2972 5087 3141 5157 illum,
3166 5091 3393 5162 et957
3421 5106 3515 5160 per

1932 5195 2018 5235 me
2050 5180 2142 5234 ille
2161 5179 2376 5234 salvari.
2411 5179 2487 5234 Ex
2514 5195 2622 5250 quo
2643 5189 2818 5236 autem
2851 5181 3050 5252 pariter
3070 5196 3275 5251 sumus,
3300 5183 3517 5253 quintus

1933 5285 1987 5331 et
2011 5273 2251 5328 decimus
2281 5289 2450 5328 annus
2477 5286 2578 5338 est,
2611 5276 2749 5329 sicut
2770 5286 2824 5331 et
2849 5285 3042 5332 vestrae
3062 5277 3333 5332 sanctitati
3353 5277 3518 5332 credo

1933 5367 2112 5421 omnia
2144 5366 2399 5421 revelata.
2429 5366 2562 5433 Quia
2587 5367 2746 5436 igitur
2768 5376 2884 5436 post
2907 5369 3163 5438 plurimos
3185 5383 3377 5436 annos,
3394 5385 3516 5424 cum

1934 5472 1966 5509 a
1998 5471 2083 5509 me
2113 5453 2247 5507 nihil
2276 5456 2399 5509 mali
2433 5455 2730 5524 pertulerit,
2748 5457 2907 5511 variis
2928 5472 3017 5513 me
3037 5458 3280 5526 procellis
3301 5473 3364 5514 ac
3387 5468 3517 5514 tem-

1933 5547 2228 5616 pestatibus
2271 5556 2447 5613 vexat,
2479 5546 2547 5600 ob
2576 5547 2716 5617 quod
2748 5557 2802 5602 et
2848 5564 2947 5618 ego
2974 5551 3146 5620 ipsum
3182 5565 3212 5604 a
3243 5564 3330 5604 me
3357 5548 3520 5617 proji-

1933 5655 2056 5694 cere
2083 5639 2337 5710 cogitavi.
2362 5638 2648 5709 Propterea
2674 5641 2740 5696 ad
2762 5643 3100 5697 sanctitatem
3125 5651 3268 5695 tuam
3295 5638 3439 5702 veni,
3463 5650 3521 5694 ut

1931 5733 2059 5802 quid
2086 5749 2148 5787 ex
2184 5733 2285 5786 hoc
2314 5730 2499 5787 faciam
2513 5735 2746 5804 digneris
2771 5751 2855 5792 me
2878 5736 2983 5791 tuis
3003 5736 3229 5792 edocere
3251 5732 3513 5800 consiliis,

1936 5835 1985 5878 et
2018 5824 2351 5880 orationibus
2371 5823 2654 5896 adjuvare;
2683 5826 2931 5898 pessimis
2956 5828 3100 5884 enim
3124 5825 3355 5881 motibus
3378 5831 3527 5880 totus
