3982 6354
427 341 542 405 ’285

1537 350 1878 409 ΑΡΡΕΝὒΙΧ
1918 356 2010 410 AD
2052 353 2251 413 VITAS
2287 350 2590 411 PATRUH.

3594 348 3705 411 εει

423 467 618 537 fatigor
646 474 701 520 et
729 467 957 520 crucior.
982 461 1078 520 Cui
1104 463 1205 519 hoc
1237 473 1362 521 tunc
1402 466 1663 521 Antonius
1705 484 1889 523 severa
1920 480 1998 522 at-
2031 479 2068 532 Α
2106 481 2209 526 tem
2223 469 2489 525 animread
2510 466 3182 539 infernamittunlur;quod
3200 468 3705 541 patiunturquicun-

425 576 529 630 que
554 558 805 614 iracunda
836 573 967 614 voce
996 558 1266 627 respondit
1291 571 1309 611 :
1332 557 1410 612 'l'u
1435 558 1584 612 illum
1605 574 1632 610 a
1661 569 1713 614 te
1757 562 1995 630 projicis.

426 652 653 720 Eulogii
679 651 771 705 sed
802 651 888 704 ille
915 665 1021 703 non
1053 650 1262 718 projicit
1283 665 1404 705 eum
1426 651 1514 710 qui
1537 665 1566 702 a
1591 665 1650 704 se
1669 651 1862 704 factum
1884 665 2003 704 esse

426 744 719 814 cognoscit.
752 743 975 810 Projicis
994 746 1150 797 eum?
1177 743 1453 797 meliorem
1479 753 1529 796 te
1553 745 1804 808 inveniet,
1831 753 1884 798 et
1908 746 2004 798 eh-

425 845 517 905 get
549 836 686 890 Deus
715 835 803 903 qui
831 833 1049 902 colligat
1069 833 1403 887 destitutum.
1431 834 1674 902 Cumque
1692 835 2004 903 perterritus

425 929 492 983 ad
528 929 641 982 hzce
675 927 930 996 Eulogius
960 925 1121 980 verba
1150 925 1424 989 tacuisset,
1452 926 1637 980 relicto
1659 938 1872 982 sanctus
1898 932 2006 981 An-

426 1022 606 1077 tonius
640 1021 884 1089 Eulogio,
918 1034 1100 1073 rursus
1130 1019 1292 1085 carpit
1318 1027 1577 1085 aegrotum
1622 1018 1854 1087 propriis
1885 1034 2004 1071 ser-

425 1114 672 1168 monibus
712 1111 1029 1175 verberare,
1063 1119 1117 1164 et
1165 1110 1280 1163 haec
1336 1111 1401 1162 ad
1441 1126 1563 1162 eum
1604 1124 1725 1163 cum
1771 1110 2007 1164 clamore

422 1208 654 1261 maxime
682 1207 823 1275 loqui
856 1222 871 1259 :
906 1202 1311 1270 Elephantiose,
1344 1219 1502 1258 emno
1531 1220 1592 1257 ac
1622 1204 1732 1258 luto
1768 1205 2003 1266 horride,

421 1315 524 1354 nec
555 1311 694 1354 terra
723 1299 883 1366 digne
905 1312 1002 1352 nec
1023 1299 1184 1365 cmlo,
1209 1313 1314 1352 non
1339 1297 1539 1351 desinis
1563 1299 1613 1351 in
1637 1297 1884 1366 injuriam
1911 1297 2003 1352 Dei

420 1391 722 1446 vociferari.
744 1391 929 1445 Nescis
942 1391 1064 1460 quia
1093 1391 1180 1458 qui
1205 1391 1477 1444 ministrat
1507 1391 1598 1444 tibi
1626 1391 1870 1446 Christus
1886 1391 2008 1445 est?

419 1481 867 1551 quemadmodum
899 1496 1059 1535 ausus
1081 1497 1141 1535 es
1170 1492 1356 1537 contra
1378 1479 1645 1535 Christum
1675 1483 1796 1535 talia
1821 1483 2006 1552 loqui?

420 1588 543 1628 nam
575 1581 792 1642 propter
816 1573 1085 1626 Christum
1108 1586 1168 1627 se
1192 1571 1292 1625 iste
1307 1571 1524 1625 servitio
1553 1572 1641 1625 tali
1664 1581 1718 1626 et
1737 1574 2007 1642 obsequiis

415 1662 736 1733 subjugavit.
765 1664 935 1730 Quem
969 1674 1022 1717 et
1052 1665 1224 1732 ipsum
1258 1663 1492 1716 mordaci
1525 1678 1774 1718 sermone
1807 1665 2006 1719 lacera-

415 1768 529 1812 tum
560 1756 798 1826 reliquit.
833 1757 1237 1824 Conversisque
1266 1756 1444 1810 verbis
1466 1755 1531 1808 ad
1555 1754 1744 1810 fratres
1766 1756 2004 1823 alios,ad

2107 575 2209 627 que
2229 559 2428 613 carnali
2460 558 3052 626 obedierintvoluntati,
3082 567 3135 614 et
3165 560 3468 630 quicunque
3485 563 3702 617 iracun-

2105 650 2246 704 diam
2262 651 2578 716 retinentes,
2593 650 2817 705 reddere
2835 652 2990 705 malis
3012 652 3158 720 paria
3174 652 3517 709 tentaverint.
3538 653 3700 711 Refe-

2105 743 2488 796 rehantautem
2519 743 2674 798 nobis
2700 752 2805 795 tam
2839 741 3126 807 Chronius,
3159 761 3317 814 quam
3338 755 3558 802 sanctus
3573 748 3701 803 llic-

2108 848 2228 897 rax,
2250 842 2409 902 atque
2436 834 2523 888 alii
2555 835 2735 904 plures
2765 835 2926 889 vicini
2949 833 3195 901 fratrum,
3220 839 3321 892 ista
3344 854 3464 908 qua:
3493 839 3694 896 dicam.

2739 926 2969 983 CAPUT
2999 927 3067 981 X.

2263 1017 2375 1071 Vita
2407 1016 2563 1072 Pauli
2584 1019 2862 1085 Simplicis,
2889 1021 3023 1073 beati
3049 1021 3261 1074 Antonii
3285 1023 3547 1093 discipuli.

2180 1113 2373 1167 Paulus
2413 1115 2626 1169 nomine
2657 1113 2893 1182 (Pallad.
2922 1155 2936 1179 ,
2968 1131 3082 1185 cap.
3115 1114 3207 1184 ες)
3233 1117 3462 1172 rusticus
3481 1117 3700 1188 quidam

2107 1215 2159 1257 et
2189 1206 2524 1271 agricultura:
2557 1220 2771 1267 vacans,
2810 1205 2945 1258 ultra
2982 1191 3169 1260 omnes
3203 1208 3437 1274 optimus
3473 1221 3534 1262 ae
3564 1209 3702 1264 satis

2107 1300 2356 1367 simplex,
2409 1299 2784 1367 pulcherrimae
2826 1298 3039 1366 quidem
3080 1298 3250 1364 vultu,
3303 1301 3397 1355 sed
3455 1302 3699 1356 moribus

2110 1390 2264 1443 mala:
2320 1390 2637 1457 conjunctus
2678 1392 2853 1443 uxori.
2903 1391 3036 1442 Cum
3089 1407 3207 1445 eam
3261 1406 3356 1459 per
3399 1394 3689 1461 plurimum

2109 1481 2366 1548 temporis
2412 1482 2620 1534 occulta
2683 1480 2868 1534 fraude
2927 1492 3276 1550 peccantem,
3329 1485 3558 1551 quadam
3603 1486 3698 1541 die

2114 1586 2183 1626 ex
2218 1584 2345 1639 agro
2369 1579 2647 1625 revertens
2671 1570 2895 1639 turpiter
2916 1571 3229 1638 invenisset,
3259 1574 3544 1644 subitoque
3563 1590 3694 1630 eum

2111 1667 2222 1719 alio
2246 1665 2515 1735 jacentem
2543 1667 2658 1719 viro
2684 1665 3126 1733 deprehendisset
3151 1667 3317 1734 (unde
3348 1676 3525 1721 tamen
3555 1668 3700 1723 divi—

2112 1771 2178 1809 na
2211 1756 2476 1810 ordinatio
2532 1766 2882 1810 memoratum
2917 1756 3134 1810 Paulum
3167 1756 3232 1810 ad
3263 1758 3540 1812 meliorem
3571 1761 3700 1816 vita

417 1864 860 1920 unumquemque
888 1848 982 1912 ita,
1015 1857 1072 1902 ut
1102 1849 1237 1903 ratio
1265 1849 1594 1918 singulorum
1617 1849 1901 1904 exhibebat
1930 1851 2006 1904 lo-
2038 1854 2084 1916 β
2112 1847 2378 1902 tramitem
2412 1848 2787 1916 provocabat),
2822 1849 3121 1902 verecunde
3141 1849 3524 1916 aliquantulum
3551 1851 3694 1915 risit,

413 1953 596 2007 cutus,
628 1958 814 1996 rursus
840 1942 904 1995 ad
935 1942 1216 2008 Eulogium
1238 1951 1291 1996 et
1313 1951 1569 2012 aegrotum
1595 1942 1753 2008 redit,
1775 1943 2008 2010 dicitque

414 2033 497 2088 eis
551 2049 564 2086 :
611 2033 687 2087 Ne
733 2034 853 2102 quis
903 2041 1161 2097 vestrum,
1193 2047 1227 2086 ο
1257 2033 1369 2099 lilii,
1404 2047 1672 2102 quoquam
1703 2048 1761 2087 se
1791 2041 2003 2104 vertat,

415 2134 608 2180 neuter
634 2127 698 2178 ab
721 2127 890 2179 altero
922 2137 1222 2194 separetur,
1252 2125 1345 2180 sed
1372 2127 1438 2179 ad
1467 2126 1660 2180 cellam
1690 2139 1920 2180 vestram
1955 2130 2004 2179 in

414 2231 517 2286 qua
551 2233 644 2286 per
670 2225 872 2273 tantum
908 2227 1115 2287 tempus
1147 2218 1354 2272 vixistis
1381 2219 1552 2273 redite
1573 2233 1692 2271 cum
1720 2233 1868 2287 pace,
1893 2234 2009 2272 om-

416 2323 540 2362 nem
575 2303 840 2364 tristitiam
875 2319 1164 2378 ponentes;
1189 2311 1299 2380 jam
1323 2325 1462 2364 nunc
1483 2311 1625 2364 enim
1661 2311 1726 2362 ad
1770 2327 1862 2365 vos
1900 2313 2004 2365 Do-

415 2407 590 2458 minus
622 2419 768 2459 incus
825 2405 1018 2459 mittet.
1054 2405 1183 2458 Nam
1241 2405 1465 2459 tentatio
1514 2406 1615 2458 ista
1663 2404 1865 2459 idcirco
1912 2420 2004 2459 ac-

415 2497 543 2552 cidit
573 2499 743 2562 vobis,
775 2498 896 2568 quia
927 2499 991 2553 ad
1028 2500 1188 2553 linem
1219 2499 1342 2553 vita:
1369 2500 1527 2553 ambo
1557 2501 1800 2565 venistis,
1822 2499 2002 2570 etjatn

415 2599 636 2657 uterque
664 2600 896 2642 vestrum
921 2589 1216 2644 merebitur
1238 2590 1506 2644 «:oronaris
1534 2591 1674 2644 Nihil
1697 2607 1825 2660 ergo
1848 2593 2005 2646 aliter

413 2680 689 2748 feceritis,
720 2697 788 2735 ne
820 2681 955 2736 forte
986 2699 1081 2737 vos
1110 2683 1331 2751 angelus
1362 2683 1581 2736 veniens
1619 2684 1669 2735 in
1702 2697 1766 2736 eo
1798 2684 1847 2736 in
1897 2699 2005 2752 quo

414 2773 522 2829 dixi
548 2775 666 2829 loco
695 2775 933 2830 invenire
956 2790 1060 2830 non
1084 2778 1270 2845 possit,
1288 2777 1590 2844 vesuisque
1615 2775 1832 2830 coronis
1855 2775 2001 2829 frau-

413 2866 637 2922 domini.
665 2868 768 2936 Qui
799 2883 918 2922 cum
951 2868 1016 2923 ad
1046 2869 1239 2924 cellam
1269 2882 1418 2922 suam
1442 2869 1701 2923 velociter
1728 2869 2003 2923 redeundo

413 2961 777 3031 redintegrata
809 2975 939 3030 pace
986 2961 1296 3026 venissent,
1326 2962 1461 3014 intra
1493 2961 1839 3031 quadraginta
1885 2961 2004 3016 dies

414 3052 664 3122 Eulogius
693 3055 836 3122 prior
867 3054 1021 3120 obiit,
1065 3065 1118 3108 et
1149 3063 1272 3123 post
1315 3054 1452 3107 aliud
1491 3053 1724 3107 triduum
1754 3055 2000 3120 supradi-

415 3153 530 3198 ctus
555 3144 750 3198 defecit
778 3157 1032 3214 aagrouts,
1061 3146 1242 3200 animo
1293 3145 1638 3199 vehementer
1696 3146 1947 3200 incoluni
1983 3182 1998 3197 .

2116 1936 2204 1990 tali
2231 1939 2454 2006 loquens
2479 1938 2543 1990 ad
2577 1948 2827 2007 utrosque
2856 1953 3104 1993 sermone
3129 1959 3143 1994 :
3170 1939 3336 2004 Bene,
3368 1941 3563 2010 inquit,
3591 1942 3692 1996 be-

2113 2044 2216 2091 ne;
2251 2029 2390 2083 nnde
2417 2038 2622 2084 certum
2653 2031 2833 2084 sciatis
2855 2030 2920 2083 ad
2950 2046 3034 2086 me
3057 2031 3156 2086 hoc
3182 2032 3314 2086 nihil
3338 2032 3550 2100 penitus
3574 2048 3699 2101 per-

2111 2125 2308 2187 tinere,
2338 2132 2394 2176 et
2413 2138 2506 2192 per
2534 2122 2721 2177 .Iesum
2749 2124 2836 2192 qui
2869 2124 2984 2178 haec
3016 2107 3238 2193 respicit
3260 2125 3405 2195 juro,
3429 2127 3572 2196 quod
3595 2141 3698 2195 ego

2111 2211 2250 2266 hanc
2283 2214 2508 2267 ulterius
2540 2229 2645 2267 non
2679 2212 2913 2269 habebo.
2949 2213 3096 2267 Vade
3123 2215 3306 2284 igitur,
3336 2217 3442 2271 erit
3462 2227 3549 2272 tua
3573 2230 3696 2271 cum

2111 2304 2236 2358 ﬁliis
2274 2304 2425 2367 suis;
2479 2320 2579 2373 ego
2625 2306 2792 2371 enim,
2826 2307 3017 2374 inquit,
3052 2307 3158 2371 ibo,
3189 2308 3336 2363 etde
3369 2310 3580 2379 reliquo
3605 2325 3696 2364 me

2111 2399 2434 2452 monachum
2485 2399 2762 2466 profiteor.
2815 2398 2882 2452 Et
2928 2409 3049 2468 post
3078 2399 3192 2454 haec
3222 2401 3352 2455 nulli
3407 2402 3696 2470 quidquam

2109 2490 2331 2554 dicens,
2393 2490 2633 2543 ascendit
2677 2499 2801 2544 octo
2859 2491 3129 2560 proximas
3174 2494 3508 2559 mansiones,
3539 2503 3595 2548 et
3621 2494 3692 2559 ad

2108 2591 2350 2636 sanctum
2385 2583 2676 2636 Antonium
2709 2583 2901 2651 pergit.
2933 2582 3032 2650 Qui
3065 2597 3185 2636 cum
3214 2583 3356 2636 fores
3376 2583 3493 2652 ejus
3518 2584 3588 2638 ab
3626 2601 3694 2639 eo

2111 2683 2535 2741 percuterentur,
2590 2690 2842 2743 egressus
2871 2685 2975 2739 cst,
3009 2685 3063 2728 et
3087 2674 3214 2744 quid
3262 2685 3484 2744 cuperet
3505 2677 3694 2731 scisci-

2109 2768 2263 2831 tanti,
2291 2769 2364 2820 ait
2390 2768 2467 2821 illi
2495 2786 2505 2819 :
2555 2767 2851 2822 Monachus
2882 2769 2995 2822 lteri
3026 2768 3169 2823 volo.
3202 2768 3490 2837 Respondit
3519 2773 3693 2823 Anto-

2108 2860 2249 2924 nius,
2287 2860 2504 2916 dicens:
2545 2860 2677 2914 Cum
2707 2862 2783 2916 sis
2830 2861 3118 2916 admodum
3169 2877 3361 2926 senex,
3416 2862 3694 2933 sexaginta

2106 2968 2280 3007 annos
2310 2968 2494 3023 agens,
2530 2954 2825 3008 monachus
2857 2953 2946 3007 hic
2975 2953 3089 3008 fieri
3122 2969 3227 3008 non
3258 2962 3432 3023 potes,
3461 2955 3552 3008 sed
3580 2969 3694 3007 ma-

2106 3046 2186 3112 gis
2206 3045 2338 3099 vade
2355 3046 2420 3099 ad
2440 3046 2618 3100 vicum
2643 3057 2814 3109 tuum,
2840 3055 2896 3102 et
2923 3048 3074 3115 operi
3100 3048 3322 3100 cultoris
3338 3047 3607 3111 incumbe,
3633 3055 3694 3101 ut

2106 3145 2164 3190 et
2211 3138 2393 3193 vivere
2423 3139 2792 3206 operariorum
2841 3139 2970 3202 vita,
3022 3147 3076 3191 et
3121 3140 3320 3206 gratias
3370 3154 3527 3208 agere
3585 3139 3696 3193 Deo

486 3232 750 3287 Chronius
779 3244 958 3288 autem
984 3249 1104 3288 cum
1146 3233 1429 3302 plurimum
1463 3235 1718 3303 temporis
1765 3236 1815 3288 in
1846 3236 1994 3289 The-
2028 3233 2074 3296 C
2109 3230 2316 3298 possis;
2352 3232 2607 3299 imparem
2637 3241 2687 3285 te
2715 3235 2857 3285 enim
2889 3232 3118 3285 miseriis
3147 3247 3208 3285 ae
3238 3231 3405 3286 labori
3431 3232 3684 3286 solitudi-

415 3323 584 3378 baicis
611 3324 826 3379 fecisset
853 3325 1007 3389 locis,
1039 3326 1104 3379 ad
1133 3326 1458 3379 monasteria
1488 3326 1852 3380 Alexandrina
1883 3327 2006 3380 des-

418 3416 628 3471 cendit:
660 3417 944 3484 evenitque
983 3424 1042 3469 ut
1091 3415 1156 3468 ad
1202 3415 1353 3470 illum
1389 3427 1696 3471 occurreret
1724 3416 1865 3470 diem
1915 3417 2005 3485 qui

419 3509 580 3562 unius
607 3507 825 3576 quidem
856 3507 1314 3577 quadragesimus,
1346 3507 1565 3561 alterius
1583 3517 1759 3562 autem
1793 3518 2002 3572 tertius,

416 3597 724 3653 celebratus
749 3605 874 3652 tunc
897 3614 927 3649 a
955 3597 1207 3651 fratribus
1228 3597 1525 3652 dicebatur.
1553 3595 1684 3651 Cum
1716 3599 1878 3667 igitur
1905 3600 2004 3652 hoc

416 3689 682 3746 Chronius
712 3689 1007 3753 didicisset,
1037 3689 1348 3758 obstupuit;
1384 3697 1707 3758 sumptoque
1751 3692 1993 3762 Evange-

417 3782 491 3836 lio
517 3791 728 3848 sancto,
761 3793 921 3852 atque
966 3783 1018 3836 in
1049 3781 1227 3836 medio
1280 3783 1502 3836 fratrum
1534 3783 1729 3853 posito,
1761 3799 1881 3838 cum
1913 3802 2002 3839 sa-

416 3884 696 3930 cramento
717 3873 846 3946 ipsis
873 3889 969 3944 per
998 3873 1243 3930 ordinem
1270 3887 1460 3928 cuncta
1487 3877 1752 3944 exposuit,
1783 3877 2000 3932 dicens:

419 3967 623 4022 llorum
650 3968 896 4023 omnium
922 3983 1059 4038 quos
1095 3969 1514 4022 commemoravi
1545 4013 1558 4035 ,
1613 3969 1880 4038 interpres
1931 3971 2002 4024 lui

418 4060 536 4128 ipse
567 4074 900 4125 sermonum,
928 4076 994 4116 eo
1024 4061 1166 4131 quod
1195 4060 1381 4116 Graece
1411 4062 1553 4129 tonui
1586 4072 1802 4117 sanctus
1832 4067 2002 4117 Antu-

418 4151 541 4204 nius
587 4149 888 4214 nesciebat;
915 4165 1016 4219 ego
1065 4161 1243 4204 autem
1277 4159 1560 4218 utramque
1602 4167 1854 4206 noveram
1902 4153 2006 4206 lin-

417 4256 598 4312 gnam,
627 4253 786 4310 atque
816 4243 956 4295 inter
979 4242 1126 4310 ipsos
1166 4241 1446 4311 loquebar,
1477 4241 1581 4295 illis
1603 4242 1818 4311 quidem
1848 4245 2000 4300 Cra:-

416 4347 506 4395 co,
541 4332 627 4386 isti
656 4343 835 4387 autem
867 4332 1122 4404 [Egyptio
1152 4348 1246 4387 ore
1275 4333 1626 4400 respondens.

475 4426 587 4480 Hoc
612 4441 822 4496 quoque
839 4425 1110 4480 Chronius
1137 4427 1252 4495 ipse
1273 4426 1428 4480 nobis
1451 4426 1715 4481 referebat
1735 4427 1998 4498 (Pallud.,

416 4534 532 4585 cap.
566 4516 683 4587 27),
713 4519 855 4587 quod
885 4519 933 4572 ei
965 4527 1182 4572 sanctus
1222 4519 1507 4582 Antonius,
1537 4519 1588 4572 in
1621 4519 1711 4572 illa
1759 4521 1868 4588 ipsa
1898 4537 1998 4574 no-

2109 3338 2232 3375 num
2261 3323 2416 3375 scias.
2446 3321 2675 3375 Rursum
2701 3322 2766 3374 ad
2795 3324 2908 3376 ham
2935 3339 3101 3376 senex
3133 3324 3220 3378 ille
3249 3325 3551 3390 respondit,
3587 3323 3696 3378 hoc

2106 3416 2330 3469 dit-ens:
2384 3416 2649 3484 Quidquid
2683 3432 2768 3470 nte
2795 3417 3085 3482 docueris,
3113 3419 3163 3470 id
3197 3417 3408 3471 faciam.
3453 3417 3518 3472 Et
3567 3433 3694 3471 rur-

2106 3522 2222 3560 sum
2255 3509 2530 3571 Antonius,
2569 3508 2686 3560 Dixi
2723 3508 2846 3570 tibi,
2883 3510 3003 3576 quia
3038 3509 3263 3562 multum
3290 3525 3451 3564 senex
3478 3525 3560 3574 es,
3592 3524 3695 3564 nec

2105 3599 2250 3650 vales
2279 3597 2498 3664 implere
2526 3598 2666 3667 quod
2699 3600 2926 3666 quaeris:
2960 3600 3197 3664 discede,
3230 3610 3284 3654 et
3312 3600 3356 3654 si
3391 3601 3694 3655 monachus

2106 3703 2225 3739 esse
2275 3689 2572 3755 desideras,
2603 3690 2667 3743 ad
2702 3691 2901 3743 leviora
2932 3694 3256 3745 monasteria
3306 3693 3476 3762 magis
3507 3706 3696 3763 perge,

2105 3782 2170 3833 ad
2198 3795 2292 3836 eos
2337 3785 2526 3837 fratres
2551 3785 2639 3852 qui
2666 3795 2890 3852 possunt
2936 3783 3298 3839 infirmitatem
3332 3787 3404 3839 tui
3452 3786 3699 3856 corporis

2107 3879 2335 3932 tolerare
2377 3881 2676 3947 patienter;
2723 3895 2824 3949 ego
2850 3881 2994 3934 enim
3046 3880 3131 3935 hic
3161 3882 3306 3936 solus
3336 3881 3520 3945 sedeo,
3575 3891 3694 3952 post

2107 3974 2343 4040 quinque
2369 3972 2506 4037 dies,
2552 3982 2606 4026 et
2639 3972 2737 4026 hoc
2783 3988 2902 4026 cum
2932 3987 3142 4026 summa
3171 3973 3368 4042 inopia,
3400 3975 3576 4029 cibum
3605 3989 3695 4027 su-

2107 4080 2258 4118 mens

2178 4156 2270 4210 llis
2301 4170 2429 4224 ergo
2462 4166 2508 4210 et
2543 4155 2740 4210 talibus
2772 4157 2946 4210 verbis
2977 4157 3259 4212 excludere
3287 4157 3505 4212 Paulum
3535 4159 3691 4214 vole-

2105 4250 2213 4305 bat.
2243 4250 2339 4304 Cui
2365 4264 2482 4303 cum
2514 4249 2600 4303 ille
2631 4265 2735 4304 non
2765 4250 3149 4319 acquiesceret,
3180 4251 3318 4304 intra
3349 4252 3546 4305 ostium
3577 4252 3687 4306 cel-

2107 4341 2224 4395 lulae
2256 4357 2315 4395 se
2345 4341 2579 4396 recludit
2611 4343 2872 4395 Antonius
2902 4351 3115 4411 propter
3141 4343 3312 4412 ipsum
3337 4359 3432 4412 per
3447 4343 3684 4398 triduum

2100 4433 2248 4502 juge,
2281 4447 2378 4487 nec
2413 4432 2535 4487 inde
2566 4446 2877 4501 progressus
2902 4443 3002 4497 est,
3034 4434 3196 4488 etiam
3227 4449 3348 4488 cum
3393 4439 3692 4490 necessitas

2105 4526 2399 4595 corporalis
2441 4535 2672 4596 urgeret.
2701 4526 2882 4595 Neque
2911 4538 3086 4582 tamen
3117 4529 3206 4584 ille
3245 4530 3312 4584 de
3341 4529 3543 4585 foribus
3572 4541 3695 4586 tan-

415 4619 502 4664 cte
530 4624 634 4680 qua
668 4610 880 4665 beatum
914 4610 1123 4663 dimisit
1152 4609 1449 4677 Eulogium,
1497 4610 1720 4666 dixisset
1749 4614 1869 4681 quia
1903 4630 1996 4681 per
2026 4619 2078 4678 D
2102 4620 2190 4673 diu
2213 4620 2480 4684 exclusus,
2523 4619 2775 4676 abcessit.
2813 4622 3015 4686 Quarto
3039 4621 3195 4688 igitur
3223 4623 3308 4676 die
3337 4632 3554 4678 sanctus
3583 4627 3694 4679 An-

417 4709 587 4755 tntum
617 4717 812 4755 annum
848 4702 1012 4756 Deum
1045 4701 1366 4770 deprecatus
1397 4701 1602 4768 fuisset,
1635 4714 1690 4757 ut
1735 4708 1996 4760 ostende.

417 4805 602 4848 rentur
653 4795 825 4850 eidem
886 4810 980 4863 per
1039 4794 1418 4849 revelationem
1476 4796 1588 4849 loca
1648 4807 1988 4866 peccatorum

417 4898 577 4956 atque
630 4888 918 4956 jnstorum.
944 4889 1008 4942 Et
1069 4905 1128 4944 se
1188 4889 1388 4944 vidisse
1442 4883 1654 4944 dicebat
1719 4908 1996 4960 procerum

417 4980 700 5047 quemdam
727 4996 894 5050 usque
915 4982 979 5034 ad
1008 4981 1174 5036 nubes
1201 4982 1469 5050 gigantem
1505 4984 1623 5036 tetri
1651 4985 1872 5051 coloris,
1905 5004 2001 5041 ex-

419 5079 591 5123 tentas
605 5086 792 5125 manus
803 5072 866 5125 ad
883 5074 1079 5128 crelum
1099 5075 1404 5140 habentem,
1419 5083 1578 5144 atque
1591 5077 1726 5132 infra
1743 5079 1908 5148 pedes
1928 5081 2004 5149 ip-

417 5159 530 5214 sius
544 5160 716 5215 lacum
729 5161 794 5215 ad
809 5164 1037 5230 speciem
1056 5168 1219 5227 maris
1242 5169 1437 5226 fusum.
1459 5171 1557 5227 Ubi
1579 5180 1828 5238 tanquam
1847 5187 1998 5238 aves,

419 5253 612 5323 inquit,
629 5254 833 5310 animas
846 5259 1084 5314 volantes
1101 5261 1233 5316 vidit
1263 5265 1558 5329 Antonius;
1578 5273 1632 5320 et
1659 5265 1764 5318 illae
1785 5265 1998 5334 quidem

418 5360 755 5414 quaecunque
795 5361 957 5417 supra
991 5365 1182 5407 manus
1216 5352 1383 5422 ipsius
1403 5365 1669 5426 caputque
1720 5349 1995 5422 volabant,

417 5437 875 5493 conservabantur
893 5456 910 5506 ;
925 5457 1254 5514 quaecunque
1271 5455 1448 5502 autem
1469 5447 1714 5502 manibus
1732 5447 1900 5516 ipsius
1917 5463 2001 5502 re—

419 5544 690 5599 percussa
716 5531 960 5601 fuissent,
985 5536 1431 5606 mergebanturin
1461 5539 1654 5593 lacum.
1686 5538 1880 5593 Vocem
1908 5555 2001 5592 au-

419 5632 530 5678 tem
556 5631 681 5678 tunc
701 5622 802 5678 sibi
833 5624 993 5681 talem
1013 5626 1224 5682 venisse
1240 5630 1536 5684 referebat:
1558 5631 1661 5684 llas
1683 5644 1871 5684 omnes
1883 5631 1967 5682 ani
1981 5656 1997 5670 ο

424 5730 541 5770 mas
560 5732 693 5789 quas
709 5717 954 5776 volantes
987 5720 1159 5787 vides,
1177 5723 1319 5778 scias
1342 5723 1549 5777 animas
1577 5738 1697 5778 esse
1707 5721 1998 5790 justorum,

417 5823 538 5870 aure
572 5809 623 5864 in
675 5811 906 5877 paradisi
948 5811 1284 5870 habitatione
1329 5815 1709 5884 requiescunt;
1765 5813 1870 5868 illa
1909 5827 2001 5868 au-

2105 4711 2280 4765 tonius
2301 4725 2422 4766 cum
2453 4712 2771 4765 necessitate
2803 4721 3007 4765 natura:
3034 4713 3472 4781 compelleretur,
3503 4730 3689 4783 egres-

2104 4817 2194 4857 sus
2224 4811 2326 4867 est,
2361 4803 2556 4856 iterum
2587 4802 2769 4856 dicens
2798 4804 2876 4856 ei:
2909 4803 3075 4870 Vade,
3109 4804 3297 4874 inquit,
3344 4805 3466 4860 hinc
3504 4821 3695 4871 senex,

2108 4895 2234 4964 quid
2270 4893 2528 4948 molestus
2570 4909 2626 4948 es
2658 4893 2820 4947 mihi?
2851 4893 3088 4948 habitare
3122 4911 3226 4948 non
3261 4905 3413 4964 potes
3459 4912 3695 4951 mecum.

2105 4987 2183 5041 Ad
2237 5002 2396 5058 quem
2430 4986 2628 5041 Paulus
2673 4985 2774 5040 hoc
2810 4986 2979 5040 dixit:
3013 4987 3170 5040 Aliud
3216 4988 3328 5041 fieri
3360 5002 3462 5041 non
3497 4998 3693 5057 potest,

2107 5080 2208 5134 nisi
2238 5089 2292 5133 nt
2322 5079 2408 5134 hic
2448 5080 2642 5145 vivam,
2675 5079 2862 5148 inquit,
2904 5087 2958 5132 et
2999 5078 3214 5132 moriar.
3242 5076 3696 5147 Circumspiciens

2109 5170 2272 5239 igitur
2314 5169 2418 5223 huc
2448 5179 2608 5236 atque
2653 5167 2779 5222 illuc
2806 5177 3020 5222 sanctus
3067 5165 3351 5233 Antonius,
3403 5169 3698 5237 vidensque

2107 5259 2247 5328 quod
2285 5258 2412 5312 nihil
2445 5271 2627 5312 secum
2655 5257 2720 5310 ad
2747 5256 2866 5310 vitae
2891 5256 3142 5310 alimenta
3172 5265 3430 5324 portaret,
3466 5272 3570 5309 non
3602 5273 3696 5325 pa-

2108 5367 2252 5420 nem,
2307 5367 2412 5406 non
2463 5365 2675 5420 aquam,
2719 5363 2824 5404 non
2887 5347 3030 5403 aliud
3076 5347 3400 5416 quidquam,
3445 5355 3501 5402 et
3547 5350 3694 5416 quod

2107 5454 2296 5511 quarto
2327 5450 2501 5496 tamen
2530 5440 2618 5494 die
2647 5439 2697 5494 in
2725 5440 2978 5494 continuo
3001 5436 3202 5506 jejunio
3227 5446 3586 5506 permaneret,
3629 5439 3696 5490 ti-

2108 5549 2372 5603 mensque
2403 5547 2470 5587 ne
2501 5534 2718 5603 ignarus
2769 5531 2908 5597 longi
2945 5529 3131 5598 jejunii
3180 5529 3339 5581 nimia
3393 5527 3696 5583 defectione

2108 5634 2431 5688 moreretur,
2464 5634 2516 5678 et
2546 5624 2777 5692 aliquam
2806 5622 2905 5676 sibi
2933 5635 2996 5674 ex
3028 5620 3128 5674 hoc
3153 5619 3484 5690 relinqueret
3512 5633 3695 5673 macu-

2109 5720 2236 5781 lam,
2264 5716 2476 5771 tandem
2505 5715 2738 5783 suscepit
2767 5728 2910 5768 uum.
2941 5712 3058 5766 Tali
3081 5721 3258 5766 autem
3286 5711 3692 5767 conversatione

2111 5813 2229 5866 vita:
2262 5826 2358 5881 per
2396 5823 2583 5866 omnes
2623 5809 2817 5880 degere
2840 5806 2953 5863 dies
2979 5805 3142 5877 coepit
3171 5805 3450 5873 Antonius,
3481 5806 3688 5878 qualem
