3982 6354
238 343 369 403 285

1474 337 1895 397 HERACLIDIS
1937 337 2341 400 PARADISUS.

3425 348 3542 413 186

231 457 417 528 953
449 468 509 514 se
529 470 640 510 non
665 454 868 512 sciebat
886 461 1194 525 expertum,
1215 467 1314 509 nec
1335 468 1454 509 cum
1482 454 1658 510 adhuc
1679 454 1834 525 juve-
1860 461 1912 519 Î‘
1942 469 2060 510 rum
2087 468 2208 510 esse
2233 455 2467 510 confldo.
2491 455 2750 528 Sequenti
2775 459 2940 530 igitur
2967 460 3059 538 die
3099 461 3236 520 dixit
3259 465 3349 522 ei:
3389 466 3534 523 Ecca

233 548 332 603 nis
367 547 654 602 videretur.
679 543 885 602 [nfusos
915 546 1091 616 itaque
1112 546 1341 603 cortices
1369 546 1704 618 dactylorum
1734 549 1834 604 ob-

235 638 367 692 tulit
395 639 466 706 ei,
485 639 702 695 dicens:
733 637 948 704 Accipe,
977 649 1030 694 et
1052 638 1232 694 intexe
1258 637 1408 694 funes
1421 637 1835 708 sicutmeipsum

235 730 427 786 facere
466 733 637 786 vides.
672 732 821 800 Quod
855 747 975 786 cum
1020 733 1332 802 arripuisset
1359 747 1548 800 senex,
1597 742 1650 788 et
1679 732 1837 803 quin-

234 822 419 879 decim
465 841 711 892 uumero,
744 840 875 893 quas
903 826 1116 896 orgyias
1143 825 1257 896 (16)
1281 835 1494 894 vocant,
1525 841 1717 881 nonam
1747 840 1837 882 us-

233 931 350 982 que
379 919 563 970 horam
617 931 740 970 cum
795 918 1026 972 maximo
1073 916 1256 971 labore
1310 919 1544 983 fecisset,
1595 918 1670 970 ait
1721 916 1830 970 illi:

233 1004 407 1072 Male,
443 1005 632 1076 inquit,
683 1007 993 1071 intexuisti;
1022 1007 1173 1062 solve
1211 1007 1352 1077 quod
1378 1006 1578 1064 factum
1627 1019 1730 1074 est,
1781 1016 1836 1062 et

215 1112 434 1176 'l'lll'SllS
483 1098 679 1152 inlexe.
731 1099 795 1152 Et
825 1097 924 1154 hoc
965 1101 1079 1154 seni
1137 1099 1359 1166 homini,
1387 1110 1443 1156 et
1487 1116 1582 1169 per
1612 1111 1835 1171 quatuor

230 1189 359 1244 dies
386 1189 572 1260 jejuno
599 1200 703 1245 tam
729 1206 891 1260 grave
933 1193 1142 1261 pondus
1169 1192 1474 1262 imponens,
1508 1203 1564 1247 ut
1591 1208 1710 1248 cum
1743 1194 1834 1248 ille

230 1289 394 1335 tanto
445 1282 615 1337 labori
667 1285 927 1350 imparem
973 1299 1033 1340 se
1087 1285 1313 1352 videret,
1342 1301 1370 1339 a
1399 1296 1588 1340 sancto
1619 1287 1832 1342 tandem

231 1374 502 1439 Antonio,
556 1377 876 1430 necessitate
916 1376 1009 1430 tali
1051 1378 1360 1448 compulsus
1387 1378 1723 1443 abscederet,
1751 1381 1833 1434 vi-

233 1475 460 1535 tamque
495 1467 767 1522 desereret
789 1469 1195 1525 monachorum.
1245 1470 1345 1538 Qut
1391 1480 1610 1526 econtra
1641 1471 1832 1527 fortior

230 1560 303 1612 ad
331 1575 470 1629 opus
515 1576 762 1631 surgens,
791 1561 1033 1617 detexuit
1079 1562 1234 1618 funes
1263 1563 1507 1631 eosdem,
1555 1573 1611 1619 et
1650 1579 1834 1620 rursus

231 1651 493 1716 intexuit,
527 1654 757 1708 maxime
805 1668 929 1708 cum
971 1653 1241 1710 difficilior
1268 1655 1446 1709 iterati
1485 1655 1664 1723 operis
1690 1662 1835 1709 esset

233 1743 416 1811 labor,
442 1759 511 1800 eo
539 1746 681 1814 quod
706 1754 902 1801 tortum
925 1748 1092 1803 semel
1116 1757 1309 1804 restem
1339 1759 1649 1818 retorquere
1681 1750 1833 1817 prius

1942 547 1995 600 iu
2025 549 2240 602 nomine
2286 548 2496 604 Domini
2539 549 2652 620 jam
2694 551 2865 610 factus
2903 569 2965 610 es
3016 555 3338 612 monachus.
3389 558 3530 612 Tum

1944 641 2110 709 igitur
2139 651 2356 697 sanctus
2387 644 2652 699 Antonius
2687 657 3033 717 posteaquam
3066 649 3118 702 in
3145 649 3396 704 omnibus
3426 650 3534 706 sibi

1940 731 2007 784 ab
2039 745 2105 785 eo
2133 732 2360 786 credidit
2387 733 2740 801 satisfactum,
2772 748 2893 805 post
2921 748 3100 794 certos
3139 753 3372 806 menses,
3400 743 3523 808 quia

1941 820 2232 890 perfectam
2270 823 2380 892 jam
2413 839 2532 880 esse
2574 826 2806 880 animam
2836 830 3261 898 romprobasset,
3292 845 3358 886 eo
3387 830 3532 899 quod

1942 912 2210 970 habitaret
2237 915 2290 969 in
2324 931 2390 970 eo
2422 933 2545 972 vera
2589 929 2643 973 et
2671 929 2780 974 tota
2824 921 3160 990 simplicitas,
3191 920 3360 990 gratia
3404 937 3531 976 eum

1932 1003 2157 1074 juvante
2205 1007 2406 1074 divina,
2454 1024 2614 1062 unam
2646 1011 2693 1064 ei
2742 1011 2994 1067 cellulam
3026 1012 3202 1066 fecita
3244 1014 3407 1067 tertio
3445 1012 3531 1069 vel

1938 1105 2129 1164 quarto
2155 1097 2363 1167 lapide;
2392 1098 2632 1168 dixitque
2653 1101 2702 1154 ei
2730 1119 2742 1153 :
2790 1101 2927 1157 Ecce
2954 1103 3076 1170 quia
3095 1101 3204 1172 jam
3230 1104 3527 1160 monachus

1938 1187 2157 1243 effectus
2183 1204 2264 1253 es,
2286 1192 2436 1245 solus
2463 1207 2639 1257 mane,
2671 1205 2726 1246 tit
2752 1194 2924 1262 possis
2947 1197 3108 1249 etiam
3134 1195 3407 1258 dannones
3435 1211 3530 1252 ex-

1944 1279 2126 1346 periri.
2178 1281 2316 1334 intra
2368 1299 2532 1338 unum
2577 1285 2737 1353 igitur
2784 1302 2981 1340 annum
3027 1288 3138 1342 illic
3179 1303 3529 1346 commaticus

1939 1371 2162 1440 Paulus,
2195 1375 2429 1429 divinam
2461 1378 2686 1446 gratiam
2720 1380 2914 1432 meruit
2959 1391 3141 1434 contra
3183 1382 3528 1448 :egritudines

1938 1463 2213 1518 hominum
2241 1474 2291 1520 et
2320 1476 2506 1520 contra
2535 1467 2834 1523 daemonum
2869 1479 3209 1538 potestatem.

2013 1557 2127 1612 Una
2156 1558 2314 1625 igitur
2341 1559 2545 1612 dierum
2574 1574 2695 1614 cum
2726 1560 2792 1614 ad
2815 1571 3060 1616 sanctum
3092 1562 3382 1618 Antonium
3410 1565 3527 1632 qui~

1937 1646 2057 1700 dam
2091 1647 2279 1702 fuisset
2307 1648 2597 1713 exhibitus,
2629 1665 2786 1718 quem
2811 1652 3074 1707 scelestus
3115 1653 3383 1710 dirissime
3410 1654 3525 1709 dat-.-

1939 1755 2061 1794 mon
2088 1742 2330 1811 urgebat,
2365 1753 2550 1800 tenens
2579 1746 2717 1802 inter
2757 1756 2983 1804 caeteros
3029 1748 3271 1818 impuros
3299 1752 3522 1820 spiritus

230 1844 290 1890 et
320 1850 581 1892 revocare
630 1838 698 1892 ad
729 1837 952 1893 formam
1001 1839 1256 1908 priorem;
1307 1849 1360 1894 et
1389 1840 1468 1894 sic
1513 1841 1708 1894 iterum
1755 1839 1825 1894 int

1943 1833 2317 1901 principatum,
2348 1835 2516 1902 quiet
2564 1846 2749 1892 contra
2799 1837 2972 1907 ipsum
3019 1841 3278 1913 sacrilega
3326 1845 3524 1900 calum

231 1937 431 1983 texere
455 1929 612 1983 aliter
639 1939 947 1997 cogeretur.

308 2019 516 2074 Videas
545 2018 704 2088 igitur
732 2020 995 2078 Antonius
1036 2025 1176 2092 quod
1206 2037 1324 2093 etus
1356 2023 1453 2076 ista
1485 2032 1750 2091 praecepta
1779 2031 1836 2078 et

229 2109 476 2165 libenter
505 2126 668 2166 senex
694 2119 748 2166 et
779 2114 1044 2182 patienter
1071 2114 1330 2180 audisset,
1371 2128 1546 2184 neque
1572 2129 1715 2182 aegre
1736 2114 1837 2168 ite-

228 2214 417 2261 ratum
448 2205 771 2275 suscepisset
801 2207 1061 2271 laborent,
1104 2208 1274 2262 autin
1305 2208 1484 2277 aliquo
1521 2207 1713 2262 saltem
1761 2207 1829 2261 ad

231 2305 574 2351 momentum
645 2297 852 2354 tristem
918 2299 1121 2354 vultum
1188 2314 1372 2353 secum
1445 2299 1834 2354 murmurando

242 2397 630 2458 monstrasset,
661 2399 973 2460 compuncta
1004 2407 1155 2446 mens
1184 2391 1302 2462 ejus
1328 2399 1434 2459 est,
1479 2402 1535 2448 et
1560 2392 1834 2449 occidente

233 2482 355 2554 jam
389 2483 542 2550 sole,
574 2483 652 2539 sic
685 2484 876 2539 atl'atur
909 2501 1092 2541 senem
1118 2505 1130 2540 :
1160 2487 1277 2551 Dic,
1301 2503 1489 2554 senex,
1523 2488 1602 2542 vis
1624 2488 1831 2543 edimus

230 2584 451 2645 partem
483 2576 678 2652 panis!
721 2577 916 2633 Paulus
946 2579 1023 2632 ait
1048 2596 1061 2632 :
1091 2576 1163 2633 Ut
1194 2580 1367 2648 placet
1395 2580 1511 2644 tibi,
1538 2579 1695 2635 abba.
1724 2580 1829 2634 Ta-

228 2668 300 2724 lis
325 2679 514 2726 autem
539 2686 727 2727 rursus
767 2683 822 2728 et
846 2674 947 2729 ista
992 2675 1271 2742 responsio
1313 2676 1461 2731 flexit
1509 2677 1825 2739 Antonium,

227 2759 384 2828 quod
411 2759 479 2816 ad
503 2777 698 2818 nomen
724 2764 830 2818 cibi
862 2779 970 2820 non
997 2768 1244 2835 protinus
1267 2768 1520 2835 accurrit,
1553 2767 1647 2823 sed
1675 2768 1820 2837 quod

226 2851 501 2907 omniain
534 2852 699 2922 ipsius
743 2854 833 2923 qui
863 2854 1086 2924 iubebat
1136 2857 1311 2924 posuit
1361 2868 1642 2927 potestate.
1679 2857 1828 2914 Pone

228 2957 366 3013 ergo
390 2957 650 3012 mensam,
677 2943 848 3013 inquit
872 2948 1156 3013 Antonius,
1182 2958 1238 3004 et
1269 2964 1432 3017 panes
1482 2950 1634 3005 aï¬‚'er.
1667 2951 1817 3016 Quod

227 3048 358 3088 cum
387 3033 699 3090 obedienter
729 3035 963 3103 fecisset,
1000 3040 1175 3107 posuit
1203 3040 1378 3095 eidem
1409 3051 1628 3096 sanctus
1658 3041 1825 3095 Anto-

227 3126 356 3180 nius
385 3140 480 3181 eos
519 3141 653 3195 quos
698 3127 938 3199 Egyptii
980 3130 1275 3198 paximates
1316 3141 1530 3194 vocant,
1565 3132 1822 3186 habentes

1941 1924 2099 1978 verba
2124 1924 2390 1994 jaciebat;
2425 1927 2538 1981 viso
2565 1942 2630 1982 eo
2653 1937 2872 1982 sanctus
2897 1932 3180 1998 Antonius,
3207 1931 3311 1988 hoc
3334 1935 3401 1990 iis
3431 1935 3526 2005 qui

1941 2033 2063 2071 eum
2097 2019 2486 2087 perduxerant,
2517 2021 2686 2076 dixit:
2719 2023 2835 2078 Non
2863 2035 2946 2079 est
2977 2026 3116 2080 istud
3147 2042 3281 2097 opus
3309 2042 3526 2098 meum;

1938 2109 2170 2164 necdum
2197 2112 2337 2164 enim
2369 2112 2604 2168 divinam
2628 2115 2851 2184 gratiam
2880 2128 3064 2171 contra
3093 2119 3384 2189 principem
3411 2121 3526 2176 dia-

1937 2200 2125 2256 bolica:
2155 2202 2378 2272 legionis
2401 2207 2611 2275 accepi:
2646 2216 2729 2262 est
2767 2207 2870 2263 hoc
2910 2211 3051 2279 quod
3081 2213 3339 2277 quaeritur
3377 2213 3524 2269 Sim-

1938 2293 2090 2362 plicis
2140 2294 2312 2349 Pauli.
2360 2295 2510 2352 Tunc
2559 2299 2673 2366 ipse
2724 2300 2884 2368 igitur
2914 2301 3227 2358 benedictus
3255 2304 3524 2362 Antonius

1935 2386 2004 2440 ad
2031 2399 2382 2443 memoratum
2407 2391 2628 2446 Paulum
2662 2407 2782 2447 cum
2813 2394 2893 2448 eis
2923 2398 3013 2464 qui
3048 2397 3376 2455 advenerant
3401 2407 3525 2470 perâ€˜

1934 2476 2030 2546 git;
2058 2478 2294 2548 dicitque
2321 2481 2405 2534 ei:
2457 2481 2607 2536 Abba
2660 2483 2841 2550 Paule,
2877 2486 3014 2554 pelle
3046 2487 3186 2542 hunc
3223 2490 3524 2548 daemonem

1933 2569 2002 2621 ab
2033 2568 2264 2624 hominis
2291 2571 2444 2626 istius
2473 2571 2672 2632 anima.
2704 2583 2760 2628 ut
2785 2573 3067 2631 incolumis
3096 2579 3162 2632 ad
3194 2582 3408 2650 propria
3437 2598 3526 2639 re-

1933 2669 2191 2726 vertatur,
2235 2673 2290 2717 et
2319 2664 2598 2719 Dominum
2627 2665 2930 2722 bcnedicat.
2974 2669 3270 2738 Respondit
3310 2672 3379 2727 ad
3421 2673 3524 2731 hoc

1932 2751 2160 2808 Paulus:
2218 2753 2296 2808 'lâ€˜u
2343 2755 2484 2810 enim
2541 2757 2705 2824 quid?
2753 2757 2891 2813 Dicit
2920 2760 3216 2815 Antonius:
3251 2762 3379 2818 Mihi
3411 2779 3522 2820 non

1930 2857 2103 2912 vacat,
2131 2846 2269 2900 aliud
2293 2863 2428 2916 opus
2446 2864 2695 2909 exerceo.
2742 2851 3054 2923 Itelictoque
3075 2869 3141 2908 eo
3167 2867 3384 2910 sanctus
3411 2857 3522 2912 An-

1933 2935 2110 2989 tonius
2143 2951 2331 2990 rursus
2360 2939 2426 2991 ad
2477 2941 2749 3008 pr0priam
2793 2943 3081 2998 revertitur
3126 2945 3336 3000 cellam.
3368 2947 3520 3002 Tunc

1928 3025 2089 3095 igitur
2112 3041 2403 3098 assurgens
2437 3044 2623 3096 senex,
2651 3041 2705 3086 et
2725 3033 3020 3089 orationem
3053 3033 3411 3091 intentissima
3436 3037 3521 3092 fa-

1928 3131 2095 3182 etens,
2117 3117 2229 3172 hrec
2253 3119 2319 3172 ad
2345 3134 2467 3174 eum
2496 3121 2704 3177 locutus
2726 3132 2808 3178 est
2825 3124 2914 3192 qui
2937 3125 3184 3181 dzemone
3211 3126 3482 3182 laborabat
3499 3145 3519 3184 Îµ

227 3229 398 3272 genas
427 3217 636 3282 uncias,
666 3227 722 3274 ÎµÎ¹
748 3233 897 3274 suam
919 3221 1134 3290 quidem
1165 3232 1369 3290 partem
1400 3222 1632 3292 ÏÎµÏ„á½·Ï…á½±á½·Î¹
1660 3239 1816 3293 aqua,
1849 3220 1894 3284 Ï
1925 3209 2103 3264 Abbas
2141 3209 2404 3266 Antonius
2431 3213 2564 3268 dixit
2598 3222 2655 3268 ut
2682 3213 2751 3268 de
2781 3215 2995 3271 homine
3028 3218 3128 3273 isto
3170 3220 3410 3286 recedas,
3465 3229 3522 3276 et

230 3311 371 3364 sicci
399 3311 544 3364 enim
590 3310 689 3380 ipsi
745 3313 1038 3382 paximates
1077 3323 1265 3379 erant;
1313 3324 1437 3369 ante
1467 3315 1613 3369 illum
1644 3324 1821 3371 autem

229 3409 350 3455 tres
375 3401 552 3469 posuit
600 3402 892 3468 portiones.
924 3405 990 3458 Et
1020 3405 1280 3473 psalmum
1313 3414 1529 3459 sanctus
1561 3407 1824 3460 Antonius

228 3507 399 3562 quem
430 3503 785 3548 consueverat
811 3494 1020 3561 dicens,
1045 3496 1317 3551 orationes
1362 3495 1713 3566 quadraginta
1743 3496 1822 3552 fe-

227 3586 327 3651 cit,
380 3593 517 3640 utet
541 3586 622 3641 sic
648 3586 871 3642 Paulum
915 3588 1203 3658 probaret:
1231 3590 1320 3659 qui
1351 3603 1541 3644 rursus
1587 3606 1708 3645 cum
1757 3606 1822 3645 eo

229 3679 504 3748 patienter
533 3693 596 3733 ac
626 3679 855 3735 libenter
898 3682 1091 3735 oravit.
1141 3681 1381 3750 Eligebat
1406 3681 1638 3750 enim,ut
1681 3681 1824 3736 arbi-

230 3779 371 3837 tror,
398 3785 521 3824 cum
560 3771 932 3840 scorpionibus
961 3787 1082 3827 esse
1111 3773 1288 3842 potius
1312 3788 1470 3842 quam
1501 3787 1624 3826 cum
1668 3771 1819 3826 adul-

228 3873 350 3918 tera
396 3863 658 3919 victitare.
704 3865 832 3919 Post
878 3880 1008 3920 vero
1046 3865 1329 3920 duodecim
1373 3867 1664 3930 orationes,
1695 3879 1825 3934 pro-

227 3954 396 4010 funda
421 3957 505 4010 vix
560 3956 774 4011 tandem
796 3956 863 4012 ad
892 3957 1310 4013 'manducadum
1341 3965 1500 4011 nocte
1546 3956 1818 4011 sederunt.

227 4049 464 4117 Sumpto
496 4049 656 4119 igitur
685 4065 792 4104 uno
840 4050 1126 4119 paximate,
1169 4059 1388 4104 sanctus
1418 4047 1685 4103 Antonius
1714 4063 1821 4104 non

228 4144 461 4211 contigit
485 4143 672 4197 alium.
722 4141 902 4198 Senex
931 4157 1062 4196 vero
1110 4141 1312 4196 tardius
1359 4141 1667 4202 comedens,
1700 4155 1822 4196 cum

229 4234 412 4288 adhuc
434 4235 653 4289 haberet
677 4249 741 4291 ex
764 4235 1159 4303 uno"paximate
1179 4233 1566 4302 aliquantulam
1590 4243 1819 4304 partem,

227 4334 575 4394 exspectatus
616 4325 684 4381 ab
713 4327 945 4381 Antonio
983 4336 1087 4391 est,
1115 4326 1240 4380 dum
1265 4335 1433 4381 totum
1463 4327 1604 4397 quod
1631 4327 1825 4383 edebat

228 4419 561 4473 absumeret.
601 4418 699 4473 Cui
720 4434 906 4473 rursus
939 4420 1040 4474 hoc
1066 4420 1196 4473 dixit
1227 4419 1490 4474 Antonius
1517 4436 1530 4474 :
1565 4420 1822 4476 Manduca

227 4524 396 4564 senex
421 4518 477 4564 et
500 4509 726 4565 alterum
754 4510 1098 4580 paximatem.
1132 4509 1430 4579 Respondit
1468 4511 1534 4565 ad
1562 4513 1665 4566 hoc
1691 4513 1824 4565 Pau-

1927 3301 2187 3370 gloriiicet
2220 3303 2523 3358 Dominum.
2547 3305 2764 3360 Dxmun
2796 3318 2975 3363 autem
3009 3309 3060 3364 iu
3094 3310 3342 3379 injuriant
3369 3312 3523 3366 divi-

1928 3393 2110 3449 nitatis
2137 3397 2518 3464 proclamando
2547 3400 2710 3454 multa
2741 3401 2983 3456 dicebat:
3010 3402 3124 3458 Non
3161 3417 3318 3470 exeo,
3340 3406 3520 3460 detes-

1929 3484 2106 3540 tabdis
2135 3500 2324 3542 senex.
2355 3488 2586 3557 Arrepta
2613 3504 2743 3560 ergo
2773 3493 2933 3560 pelle,
2965 3509 3067 3562 qua
3100 3494 3352 3548 humeros
3390 3510 3520 3550 suos

1928 3575 2162 3644 tegebat,
2201 3576 2521 3633 verberabat
2565 3594 2710 3646 eum,
2745 3593 2994 3648 repetens
3043 3598 3105 3636 ac
3148 3585 3360 3640 dicens:
3394 3585 3520 3650 Exi.

1926 3667 2050 3735 quia
2081 3669 2184 3721 hoc
2218 3669 2384 3723 abbas
2411 3670 2675 3726 Antonius
2701 3670 2850 3726 dixit.
2891 3673 3149 3740 lnjuriosa
3175 3686 3352 3729 autem
3378 3685 3433 3729 et
3463 3677 3519 3734 in

1931 3767 2178 3811 sanctum
2211 3759 2501 3814 Antonium
2529 3760 2738 3815 daemon
2772 3763 2991 3829 protulit
3022 3765 3202 3830 verba,
3233 3766 3526 3822 vehemen-

1927 3846 2200 3917 tioresque
2249 3849 2414 3903 Paulo
2467 3854 2816 3907 contumelias
2865 3855 3152 3922 irrogabat,
3197 3857 3295 3910 huc
3333 3857 3519 3912 clami-

1927 3945 2073 3991 tans:
2103 3938 2408 3993 Detestaudi
2434 3954 2612 4010 senes,
2644 3942 2784 4010 quod
2805 3943 3006 3997 oblivio
3024 3953 3202 3998 nostra
3225 3949 3516 4014 prtcteriit;

1926 4029 2283 4096 insatiabiles,
2320 4033 2411 4103 qui
2442 4034 2672 4102 propriis
2694 4035 2932 4090 contenti
2960 4053 3064 4092 non
3095 4039 3220 4092 estis
3240 4055 3254 4106 ;
3277 4040 3401 4109 quid
3421 4056 3520 4095 no-
3555 4036 3565 4041 â€™

1931 4128 2136 4182 hiscum
2168 4129 2319 4183 vobis
2367 4144 2652 4185 commune
2681 4131 2802 4185 est?
2840 4133 2968 4202 quid
3009 4133 3060 4187 in
3109 4149 3207 4190 nos
3255 4137 3518 4192 exercetis

1927 4234 2161 4279 vestram
2187 4224 2558 4295 tyrannidem?
2586 4225 2668 4279 Ad
2709 4235 3042 4294 postremum
3071 4230 3151 4284 sic
3179 4227 3244 4282 ad
3273 4245 3396 4284 enm
3428 4230 3520 4284 lo-

1928 4323 2085 4371 cutus
2132 4324 2214 4369 est
2241 4315 2470 4370 Paulus:
2505 4316 2810 4386 Egredieris
2839 4319 2907 4398 ab
2959 4320 3083 4386 isto,
3117 4331 3210 4374 aut
3256 4320 3415 4386 vado,
3461 4331 3518 4377 et

1928 4405 2030 4460 hoc
2057 4421 2084 4459 a
2108 4421 2193 4460 me
2220 4407 2402 4461 audiet
2425 4405 2692 4463 Christus.
2725 4407 2826 4463 Per
2854 4407 3055 4472 Jesum,
3079 4409 3270 4478 inquit,
3292 4411 3338 4466 si
3366 4412 3518 4467 exire

1935 4498 2194 4565 nolueris,
2220 4497 2333 4567 jam
2380 4514 2520 4555 nunc
2552 4500 2639 4553 ibo
2667 4509 2722 4554 et
2749 4500 2850 4554 hoc
2880 4500 3090 4556 Christo
3122 4500 3328 4570 loquar,
3357 4512 3412 4556 et
3435 4517 3520 4557 vat

230 4600 347 4653 lus:
383 4600 718 4655 Alanducabo
759 4611 816 4655 et
859 4599 1001 4655 hunc
1028 4601 1278 4670 alterum,
1304 4602 1349 4655 si
1399 4600 1538 4656 idem
1571 4601 1747 4657 facere
1767 4610 1821 4656 te

1933 4589 2023 4642 libi
2053 4589 2173 4644 erit.
2205 4590 2398 4644 lterum
2448 4601 2624 4646 autem
2655 4592 2867 4647 daemon
2899 4593 3128 4647 ferocior
3157 4603 3342 4648 contra
3374 4594 3518 4650 Divi-

230 4691 458 4757 videro;
489 4701 541 4746 te
578 4708 684 4748 non
709 4693 926 4759 edente,
950 4709 1056 4748 non
1084 4693 1262 4748 edam.
1294 4693 1374 4748 Ad
1419 4693 1519 4749 hoc
1547 4693 1680 4748 dicit
1709 4697 1822 4749 An-

231 4785 446 4838 tonius:
495 4783 621 4839 Alibi
657 4785 760 4839 hoc
809 4785 939 4839 satis
983 4794 1098 4850 est;
1145 4786 1442 4841 monachus
1494 4786 1637 4840 enim
1676 4801 1816 4840 sum.

231 4872 529 4943 lleSpondit
554 4875 619 4930 ad
649 4875 749 4930 hoc
775 4874 1008 4932 Paulus:
1037 4877 1164 4931 Mihi
1193 4891 1405 4947 quoque
1433 4877 1668 4942 sufficit;
1696 4892 1817 4931 nam

233 4977 286 5020 et
314 4981 416 5036 ego
457 4969 752 5025 monachus
780 4984 902 5025 esse
945 4963 1215 5026 desidero.
1246 4969 1376 5024 Post
1417 4984 1539 5040 quae
1585 4971 1823 5026 surrexit

213 5058 526 5135 LAntonins,
555 5068 613 5115 et
660 5062 816 5117 dictis
869 5062 1148 5117 duodecim
1196 5063 1436 5132 psalmis,
1488 5062 1820 5132 totidemque

213 5140 568 5206 'orationibus
597 5151 774 5219 factis,
807 5153 1076 5222 pauliSper
1104 5154 1158 5208 in
1186 5151 1446 5223 principio
1469 5153 1638 5207 noctis
1664 5168 1816 5222 qute-

215 5243 332 5318 â€˜vit.
358 5242 669 5313 Rursusque
713 5260 1043 5316 consurgens
1067 5261 1099 5300 a
1143 5245 1320 5300 medio
1346 5245 1517 5299 noctis
1545 5259 1715 5316 usque
1765 5245 1821 5300 itt

234 5328 402 5387 lucem
435 5333 712 5403 psalleudo
738 5345 794 5390 et
819 5336 1028 5390 orando
1058 5335 1319 5405 vigilavit.
1353 5334 1614 5390 Similiter
1638 5344 1816 5390 autem

233 5433 285 5477 et
314 5423 509 5480 Paulus
537 5427 686 5481 fecit.
717 5425 922 5482 Videtis
969 5441 1099 5497 ergo
1146 5435 1365 5481 sanctus
1415 5425 1679 5481 Antonius
1709 5434 1815 5482 tam

233 5526 469 5583 paratum
498 5519 566 5573 ad
609 5520 788 5575 omnia
821 5535 1028 5586 senem,
1057 5521 1132 5574 ait
1177 5519 1286 5574 illi:
1323 5520 1481 5583 Ecce,
1531 5520 1718 5583 frater,
1767 5519 1814 5573 si

230 5605 531 5674 huiusmodi
559 5610 798 5678 quotidie
825 5625 986 5680 agere
1021 5611 1185 5666 vitam
1232 5622 1405 5679 potes,
1438 5625 1644 5666 mecum
1694 5626 1812 5664 nta-

231 5699 404 5754 nebis.
434 5699 530 5756 Cui
559 5701 751 5759 Paulus
775 5702 877 5757 hoc
901 5704 1070 5758 dixit:
1103 5703 1160 5759 Si
1190 5702 1328 5756 forte
1359 5701 1556 5772 aliquid
1579 5703 1811 5771 amplius

230 5790 426 5858 iubeas.
448 5793 672 5865 ignoro;
716 5809 837 5851 nam
863 5795 960 5851 ista
990 5810 1109 5866 quzc
1141 5793 1245 5850 vidi
1273 5791 1428 5851 facile
1451 5808 1537 5850 me
1567 5793 1816 5864 impletu-

1924 4684 2146 4738 nitatem
2194 4684 2477 4739 vociferari
2524 4685 2709 4756 cepit,
2750 4695 2805 4742 et
2835 4687 3054 4742 dicere:
3086 4687 3200 4741 Non
3245 4687 3519 4757 egredior.

1922 4777 2091 4832 Iratus
2121 4777 2301 4847 itaque
2325 4787 2450 4833 tunc
2478 4778 2673 4834 Paulus
2699 4789 2888 4834 contra
2913 4779 3210 4833 daemonem
3241 4780 3521 4834 reluctan-

1923 4879 2052 4935 tem,
2082 4871 2354 4938 egreditur
2381 4872 2570 4926 cellam
2611 4887 2762 4927 suam
2793 4873 2842 4925 in
2875 4871 3005 4941 ipsis
3043 4869 3234 4924 mediis
3282 4872 3519 4927 flammis

1926 4963 2062 5018 diei:
2098 4964 2234 5019 tales
2263 4973 2438 5020 autem
2468 4975 2593 5019 sunt
2637 4975 2799 5019 aestus
2829 4961 3226 5033 Aâ€˜igyptiorum,
3259 4973 3315 5018 Î¹Î¹Î¹
3345 4963 3523 5034 Baby-

1927 5055 2087 5111 lonia:
2126 5056 2353 5112 fornacis
2384 5057 2665 5112 ardoribus
2697 5071 2929 5124 praeesse
2966 5055 3274 5112 credantur.
3311 5055 3368 5110 ln
3398 5057 3528 5126 ipso

1927 5150 2085 5219 igitur
2111 5152 2332 5219 scopulo
2362 5154 2581 5217 montis,
2616 5153 2761 5207 velut
2805 5151 3052 5205 columna
3101 5149 3343 5206 cmlestis
3369 5149 3524 5204 stetit

1929 5240 2124 5297 Paulus
2146 5241 2458 5310 immobilis,
2487 5252 2543 5298 et
2571 5243 2652 5299 his
2681 5243 2732 5297 in
2775 5244 3018 5298 oratione
3061 5259 3159 5298 sua
3187 5243 3394 5297 locutus
3433 5252 3523 5296 est

1928 5333 2139 5388 verbis:
2170 5333 2251 5388 Tu
2281 5334 2452 5401 vides,
2483 5335 2610 5391 Jesu
2636 5335 2871 5401 Christe,
2905 5335 2992 5403 qui
3024 5335 3124 5389 sub
3154 5333 3343 5389 Pontio
3374 5332 3520 5388 Pila-

1933 5432 1990 5479 to
2018 5425 2311 5480 crucifixus
2337 5441 2418 5494 es,
2442 5427 2581 5496 quod
2613 5443 2722 5481 non
2745 5436 2868 5482 ante
2889 5442 2989 5498 ego
3019 5442 3083 5481 ex
3110 5429 3208 5482 hac
3237 5440 3370 5495 rupe
3391 5425 3516 5480 des-

1922 5517 2169 5581 cendam,
2187 5533 2290 5571 non
2309 5519 2486 5573 cibum
2506 5527 2629 5573 ante
2649 5534 2880 5586 suntam,
2903 5534 3006 5574 non
3030 5528 3232 5588 potum,
3252 5519 3330 5572 sic
3345 5517 3521 5586 profe'a

1927 5619 2019 5664 cto
2040 5607 2350 5674 moriturus,
2372 5625 2529 5678 quam
2551 5627 2614 5666 ex
2639 5613 2736 5666 hoc
2760 5612 2975 5666 homine
2998 5610 3330 5666 immundum
3358 5607 3522 5676 spiriv

1924 5711 2037 5755 tum
2061 5701 2254 5769 pellas,
2285 5701 2622 5769 liberumque
2645 5721 2765 5760 eunt
2795 5720 2826 5758 a
2849 5703 2942 5759 tali
2972 5712 3146 5759 morte
3167 5699 3406 5772 digneris
3435 5697 3516 5752 ef-

1927 5792 2104 5848 ficere.
2152 5792 2267 5859 Quo
2298 5791 2396 5848 ista
2429 5795 2670 5862 dicente,
2724 5807 3009 5866 antequam
3065 5796 3177 5864 ipsa
3210 5793 3324 5848 haec
3352 5790 3526 5847 verba
