3982 6354
497 306 603 367 287

1596 313 1938 377 ᾹΡΡΕΝΒΙΧ
1979 325 2069 379 AD
2111 319 2316 386 VITAS
2353 328 2659 390 PATRUM.

3669 347 3780 404 288

492 421 575 478 sui
605 422 716 477 oris
759 421 1106 493 complesset,
1158 424 1387 481 maxima
1434 428 1641 485 daemon
1685 448 1813 489 voce
1865 436 2073 506 procla-
2105 441 2156 500 Α
2186 450 2353 498 tarem
2401 445 2662 501 daemonis
2706 448 2901 505 virtute
2953 455 3217 524 superari.
3267 458 3423 515 Malui
3471 471 3652 517 tamen
3702 479 3776 518 eo

493 531 670 578 mans.
711 519 810 574 ista
852 517 1099 576 dicebat:
1134 521 1295 588 Vade,
1333 525 1492 591 vade;
1525 543 1682 593 exeo,
1731 533 1834 584 vim
1867 536 2074 603 patior:

490 625 620 665 ecce
647 611 867 667 discedo
903 613 971 667 ab
1013 615 1252 682 homine,
1287 633 1385 673 nec
1423 622 1618 676 accedo
1651 625 1889 681 ulterius.
1939 629 2076 683 Sim-

491 702 704 770 plicitas
733 720 818 759 me
851 706 998 761 Pauli
1052 722 1199 778 urget
1229 726 1291 767 ac
1322 719 1678 784 prosequitur,
1725 730 1784 775 et
1812 738 1916 791 quo
1959 740 2076 779 eam

493 795 701 849 nescio.
736 795 962 866 Moxque
993 800 1297 856 immundus
1325 805 1542 870 spiritus
1581 823 1829 876 egressus
1867 827 1932 866 ex
1983 816 2077 868 ho-

491 886 655 949 mine,
691 896 850 957 atque
893 889 943 942 in
973 892 1255 947 immanem
1285 894 1568 951 draconem
1617 901 1921 956 cubitorum
1955 920 2077 974 scp-

491 979 725 1047 tuaginta
759 997 1066 1048 conversus,
1098 984 1147 1039 in
1181 986 1416 1041 Rubrum
1463 1006 1609 1046 mare
1639 996 1879 1060 protinus
1909 995 2074 1050 devo-

488 1069 633 1126 lutus
679 1083 785 1141 est,
831 1083 887 1128 ut
917 1075 1225 1144 impleretur
1265 1081 1405 1149 quod
1441 1082 1641 1138 dictum
1673 1096 1754 1140 est
1788 1101 1879 1150 rer
1908 1088 2075 1153 Spiri-

489 1173 600 1218 tum
650 1178 924 1237 sanctum,
987 1170 1415 1227 Demonstratam
1474 1178 1628 1231 fidem
1683 1177 1858 1247 justus
1911 1181 2074 1236 refert

487 1253 668 1338 (Prov.
701 1258 815 1328 xu).
853 1260 917 1313 Et
965 1277 1149 1316 rursus
1178 1265 1229 1318 in
1261 1266 1364 1320 alio
1397 1268 1533 1332 loco,
1565 1269 1734 1338 Supra
1772 1287 1929 1339 quem
1982 1289 2068 1327 re-

485 1330 714 1414 quiescit
742 1347 959 1416 spiritus
1001 1367 1152 1407 meus
1174 1395 1188 1417 ,
1221 1353 1324 1408 nisi
1354 1370 1513 1425 super
1544 1357 1798 1412 humilem
1831 1368 1886 1415 et
1911 1362 2064 1430 quie-

489 1445 623 1502 tum,
649 1446 703 1491 et
736 1443 1051 1496 trementem
1085 1444 1242 1497 verba
1275 1461 1391 1500 mea
1425 1446 1603 1515 (Iaaivn
1650 1450 1792 1519 var)
1837 1452 1859 1504 ἳ
1887 1453 2072 1507 Solent

481 1528 627 1582 enim
656 1530 942 1586 miserrimi
970 1546 1033 1588 ac
1077 1533 1320 1589 vilissimi
1352 1538 1650 1592 daemonum
1683 1555 1711 1592 a
1765 1543 1972 1612 magnis
1995 1546 2070 1597 vi-

482 1618 560 1671 ris
612 1619 727 1673 solo
757 1619 878 1675 fidei
927 1622 1137 1684 robore,
1186 1625 1349 1697 959
1381 1629 1556 1697 magni
1590 1640 1763 1685 autem
1797 1632 2068 1690 daemones

482 1723 512 1762 θ
547 1709 880 1778 simplicibus
911 1714 991 1766 vel
1040 1713 1332 1770 humilibus
1363 1717 1551 1787 fugari.

2185 541 2427 602 tempore
2453 537 2800 594 irrationabili
2833 543 3059 611 quadam
3094 559 3266 604 morte
3305 553 3562 616 deficere,
3605 569 3772 622 quam

2183 624 2272 677 tali
2316 631 2559 696 corporis
2600 632 2789 687 morbo
2825 649 2944 688 cum
2992 647 3098 692 tam
3138 641 3391 697 obscaena
3421 645 3771 702 deformitate

2180 719 2560 786 succumbere;
2597 738 2826 794 moxque
2872 743 3187 798 progressus
3216 749 3276 786 ac
3307 750 3601 805 peragrans
3634 738 3769 790 soli-

2181 807 2392 863 tudines
2425 819 2584 876 totas,
2628 821 2936 884 speluncam
2971 821 3096 874 fera:
3122 821 3378 895 [Pallad.,
3405 827 3639 898 bymnre]
3671 830 3770 883 ali-

2177 896 2330 965 Cujus
2368 899 2565 967 inveni,
2616 905 2668 958 in
2699 921 2860 975 quam
2888 925 2972 964 me
2995 912 3196 982 projeci
3239 932 3333 984 per
3355 919 3496 972 diem
3539 922 3770 987 nudum,

2183 998 2259 1053 ut,
2285 991 2426 1058 quod
2451 994 2569 1047 sine
2596 995 2758 1050 dubio
2787 998 2899 1053 fore
2931 1003 3238 1069 credebam,
3267 1007 3333 1058 ab
3363 1010 3766 1076 egredientibus

2176 1092 2240 1130 ex
2290 1094 2351 1131 ea
2401 1079 2590 1138 bestiis
2643 1085 2952 1142 devorarer.
3013 1091 3142 1145 Cum
3191 1105 3367 1147 autem
3420 1100 3760 1164 vespertinas

2176 1185 2344 1238 usque
2365 1175 2428 1224 ad
2453 1173 2608 1228 horas
2630 1177 2707 1231 sic
2724 1179 2952 1246 jacendo
2975 1185 3331 1250 pervenissent
3354 1187 3524 1256 (juxta
3549 1189 3600 1241 id
3620 1192 3765 1257 quod

2174 1264 2427 1331 sei-iptum
2460 1277 2560 1334 est,
2590 1286 2608 1338 ε
2640 1270 2730 1325 Sol
2757 1275 3003 1342 cognovit
3031 1290 3279 1331 occasum
3311 1292 3499 1344 suum;
3527 1282 3758 1348 posuisti

2175 1357 2424 1411 tenebras
2445 1400 2460 1425 ,
2487 1369 2542 1413 et
2565 1360 2700 1416 facta
2727 1372 2811 1417 est
2833 1380 2959 1431 nox,
2985 1369 3034 1420 in
3065 1367 3174 1435 ipsa
3210 1372 3616 1436 pertransibunt
3637 1388 3754 1425 om-

2175 1458 2271 1498 nes
2298 1446 2480 1500 bestiaa
2503 1450 2672 1504 silvae.
2699 1451 2871 1505 Catuli
2896 1454 3107 1509 leonutn
3140 1459 3431 1525 rugientes,
3461 1472 3521 1514 ut
3544 1461 3755 1530 rapiant

2171 1547 2222 1590 et
2243 1553 2516 1606 qttaeranta
2536 1543 2642 1597 Deo
2655 1547 2939 1601 escamsibi
2959 1547 3124 1620 [PsaL
3145 1549 3301 1621 cutj);
3319 1573 3336 1604 ι
3353 1565 3616 1610 exeuntes
3636 1559 3758 1611 hes-

2174 1629 2261 1680 lite
2291 1629 2487 1686 femina
2509 1649 2630 1688 cum
2661 1638 2921 1702 rnasculo,
2945 1641 3111 1695 odore
3133 1642 3195 1694 ad
3222 1658 3306 1697 me
3332 1645 3567 1700 ducente
3588 1663 3755 1702 vene-

2173 1730 2326 1786 runt,
2369 1737 2400 1777 a
2427 1726 2603 1792 capite
2635 1743 2803 1796 usque
2834 1729 2899 1782 ad
2935 1732 3076 1799 ipsos
3109 1733 3274 1801 pedes
3298 1734 3477 1804 lingua
3504 1753 3597 1792 me
3615 1739 3742 1793 blan

562 1799 688 1855 Haec
726 1811 852 1856 sunt
896 1803 1152 1859 miracula
1174 1792 1432 1877 simplicis
1462 1820 1623 1880 atque
1655 1815 1869 1869 humilis
1894 1816 2064 1884 Pauli,
2101 1815 2146 1875 B
2173 1810 2352 1867 (“eme
2391 1792 2798 1882 Ιθῐηὺθηῑεείθι
2837 1792 2968 1874 dum-
2997 1838 3081 1876 me
3109 1792 3176 1878 illi
3206 1825 3312 1878 illis
3339 1792 3574 1882 εἷῢίιτοτ
3594 1829 3757 1884 ἀενοο

481 1891 693 1962 aliaque
731 1895 1010 1963 complura
1059 1896 1141 1951 his
1189 1909 1242 1952 et
1289 1901 1489 1970 majora
1536 1903 1759 1975 [Supple
1805 1904 1949 1978 fecit]
1979 1911 2068 1978 qui

481 1984 550 2040 ab
590 1983 895 2041 hominibus
925 1986 1166 2056 Simplex
1196 1999 1279 2044 est
1301 1992 1623 2048 nominatus.

1092 2077 1319 2135 CAPUT
1361 2081 1452 2136 ΧΙ.

706 2164 824 2220 Vita
853 2167 1048 2221 abbatis
1080 2167 1349 2225 Parhomii
1380 2172 1514 2245 [Al.,
1548 2173 1847 2247 Pachonii].

553 2254 875 2314 Pachomius
897 2262 1112 2331 quidam
1141 2266 1355 2320 nomine
1385 2267 1427 2333 ¹,
1462 2271 1914 2337 septuagesimum
1937 2267 2068 2325 aeta-

479 2349 551 2404 tis
582 2366 690 2404 sua:
721 2368 918 2406 annum
954 2367 1135 2422 agens,
1186 2356 1236 2408 in
1267 2371 1326 2408 ea
1358 2373 1474 2427 qnte
1498 2359 1720 2429 Scytbin
1753 2361 1948 2416 dicitur
1977 2378 2065 2417 re-

477 2439 640 2511 gione
671 2442 918 2513 degebat.
951 2444 1187 2515 Contigit
1225 2447 1427 2518 itaque,
1456 2449 1581 2505 dum
1612 2453 1831 2522 grandis
1857 2455 2063 2526 cupidi-

477 2540 560 2586 tas
600 2547 751 2587 actus
797 2534 1012 2590 venerei
1043 2550 1131 2591 me
1159 2539 1414 2607 coepisset
1456 2557 1670 2611 urgere,
1719 2543 2062 2614 graviterque

474 2638 536 2678 ac
562 2626 785 2681 moleste
816 2627 932 2694 plus
962 2627 1182 2696 ferrem,
1209 2630 1474 2687 adversus
1501 2635 1746 2690 sordidas
1776 2639 2059 2707 cogitatio-

472 2730 570 2771 nes
589 2726 643 2772 et
661 2728 848 2773 contra
873 2718 1144 2775 insomnia
1169 2730 1431 2778 nocturna
1453 2727 1772 2796 confligens,
1805 2729 1947 2797 quod
1973 2746 2058 2786 me

469 2811 537 2867 ab
578 2812 661 2870 his
693 2814 781 2869 ubi
813 2830 962 2870 eram
985 2817 1364 2874 solitudinibus
1390 2821 1471 2876 vis
1498 2822 1664 2890 ipsius
1693 2827 2056 2894 compellebat

469 2903 639 2959 exire.
676 2904 876 2960 Vieinis
921 2909 1139 2978 quidem
1185 2913 1321 2967 meis
1369 2913 1500 2968 nihil
1548 2914 1616 2970 de
1665 2919 1970 2986 pestilentia
2002 2929 2056 2976 et

468 2995 559 3051 tali
601 2997 794 3055 ardore
845 3001 1116 3068 dicebam,
1149 3019 1248 3058 nec
1277 3005 1508 3076 Evagrio
1538 3008 1754 3078 quidem
1796 3012 2053 3083 magistro

467 3104 591 3145 meo
627 3091 731 3146 tale
758 3084 954 3162 aliquid
987 3097 1319 3163 confitebar;
1352 3101 1564 3155 occulte
1605 3112 1779 3158 tamen
1812 3105 1877 3158 ad
1911 3107 2050 3160 inte--

2176 1903 2428 1969 randum,
2463 1911 2541 1961 sic
2578 1923 2664 1962 me
2701 1909 2954 1964 intactum
2985 1924 3140 1983 atque
3169 1915 3489 1972 incolumem
3524 1919 3730 1988 relique

2169 2002 2312 2059 runt,
2339 1994 2633 2066 jacensqne
2656 1999 2768 2054 illic
2799 2016 2893 2070 per
2919 2010 3080 2056 totam
3113 2015 3346 2077 noctem,
3381 2008 3510 2061 nihit
3539 2012 3760 2064 omnino

2169 2096 2456 2152 perpessus
2483 2102 2622 2141 sum.

2238 2175 2488 2246 Cogitans
2531 2181 2691 2248 igitur
2718 2190 2773 2237 et
2803 2185 3028 2240 credens
3059 2187 3198 2254 quod
3232 2190 3360 2242 mihi
3395 2206 3617 2260 prorsus
3647 2193 3756 2248 Do-

2172 2265 2354 2321 minus
2386 2272 2736 2339 pepercisset,
2771 2289 2894 2329 tnox
2934 2288 3172 2332 revertor
3201 2280 3264 2333 ad
3298 2283 3513 2336 cellam.
3565 2287 3756 2340 Paucis

2169 2367 2350 2412 autem
2379 2358 2569 2414 diebus
2597 2362 2808 2416 daemon
2840 2365 3064 2430 quievit,
3097 2380 3150 2423 et
3179 2385 3360 2425 rursus
3389 2373 3588 2427 iterum
3618 2375 3744 2427 mihi

2164 2449 2332 2503 multo
2356 2451 2727 2510 vehementius
2757 2473 2918 2527 quam
2958 2461 3165 2516 solebat
3205 2464 3462 2531 incubuit,
3516 2479 3575 2522 ut
3615 2485 3750 2538 pene

2165 2555 2251 2594 me
2278 2555 2501 2610 cogeret
2541 2560 2636 2600 ore
2665 2547 2981 2613 blaspheme
3024 2567 3266 2620 peccare.
3320 2555 3753 2627 Transliguratus

2162 2643 2247 2687 est
2279 2635 2420 2689 enim
2451 2637 2503 2691 in
2534 2640 2820 2707 quamdam
2863 2641 3250 2712 Ethiopissam
3299 2648 3550 2715 puellam,
3593 2667 3753 2721 quam

2161 2738 2263 2792 ego
2307 2728 2656 2783 memineram
2687 2747 2773 2786 me
2805 2733 2856 2786 in
2895 2732 3121 2803 juvenili
3173 2746 3331 2792 aetate
3373 2739 3575 2794 vidisse
3608 2756 3752 2796 mes-

2164 2816 2305 2871 sium
2340 2830 2582 2890 tempore
2602 2824 2836 2878 calamos
2864 2826 3204 2896 colligentem
3232 2846 3245 2883 :
3275 2846 3391 2898 quae
3421 2847 3544 2886 cum
3573 2835 3754 2889 subito

2163 2915 2353 2966 sedere
2398 2929 2557 2982 supra
2597 2932 2768 2985 genua
2799 2933 2915 2972 mea
2944 2921 3221 2990 erupisset,
3254 2938 3419 2992 usque
3459 2927 3601 2980 adeo
3636 2943 3750 2981 om-

2164 3004 2250 3056 nia
2294 3017 2411 3057 mea
2460 3007 2700 3060 membra
2749 3010 3070 3074 commovit,
3121 3021 3178 3064 ut
3224 3027 3344 3066 cum
3386 3029 3448 3068 ea
3493 3031 3582 3070 me
3613 3032 3755 3085 pene

2155 3096 2334 3151 scelus
2360 3098 2694 3154 commisisse
2724 3110 2986 3168 putarem.
3020 3102 3187 3157 Iratus
3211 3105 3370 3174 igitur
3399 3121 3462 3158 ac
3494 3107 3744 3171 saeviens.

468 3183 609 3239 riora
637 3198 700 3236 ac
724 3186 954 3241 vastiora
996 3190 1194 3243 deserti
1227 3191 1464 3258 perrexi,
1500 3194 1587 3248 ubi
1618 3209 1712 3263 per
1741 3197 2045 3264 quindecim

2166 3189 2397 3256 percussi
2437 3205 2554 3244 eam
2586 3190 2807 3246 dextera
2833 3208 2972 3261 mea,
3005 3197 3292 3266 statimque
3319 3198 3404 3266 (ut
3433 3200 3612 3253 visum
3638 3202 3745 3270 εει)

467 3273 589 3329 dies
615 3275 668 3328 in
694 3290 759 3329 eo
783 3278 872 3345 qui
901 3276 1123 3347 Scythin
1149 3280 1347 3335 dicitur
1375 3283 1514 3347 loco,
1547 3287 1880 3342 venerabiles
1909 3289 2049 3342 mni-

469 3371 577 3429 tos,
599 3363 690 3432 qui
719 3364 914 3420 ibidem
942 3380 1340 3424 consenuerant
1369 3372 1556 3429 Patres
1585 3374 1690 3429 vidi
1714 3394 1730 3443 ;
1759 3377 1898 3433 inter
1919 3394 2052 3448 quos

471 3462 704 3518 et,cum
751 3457 1062 3524 supradicto
1114 3459 1404 3516 Pachomio
1448 3464 1596 3533 potui
1641 3467 1840 3523 habere
1889 3472 2052 3526 collo-

467 3545 676 3612 quium.
715 3548 781 3602 Et
809 3550 929 3618 quia
963 3551 1135 3619 reperi
1168 3567 1292 3606 eum
1326 3555 1464 3610 inter
1493 3566 1721 3613 caeteros
1760 3563 2052 3617 monachos

467 3652 636 3709 prope
677 3641 910 3710 palmam
953 3653 1159 3713 tenere,
1186 3645 1414 3702 fidenter
1442 3649 1507 3702 ad
1541 3664 1663 3704 eum
1694 3651 1855 3707 detuli
1887 3655 2049 3710 animi

467 3734 571 3786 mei
603 3734 953 3791 anxietatem.
986 3737 1118 3802 Quia
1152 3740 1219 3792 ita
1254 3739 1461 3796 locutus
1485 3751 1569 3796 est
1595 3742 1724 3798 mihi

537 3826 651 3882 Non
680 3828 750 3883 sit
776 3829 892 3900 tibi,
940 3831 1133 3902 inquit,
1173 3848 1310 3888 nova
1345 3849 1433 3888 res
1467 3834 1588 3901 ista,
1624 3851 1782 3906 quam
1815 3839 2047 3906 pateris;

464 3933 588 3972 nam
609 3921 754 3989 quod
779 3937 883 3976 non
916 3939 981 3978 ex
1013 3925 1335 3997 negligentia
1365 3931 1560 3983 mentis
1586 3939 1746 3999 atque
1769 3930 1968 3985 desidia
1996 3933 2048 3986 in

468 4009 520 4062 id
557 4026 662 4079 quo
693 4012 928 4068 turbaris
959 4015 1278 4085 incurreris,
1323 4020 1658 4076 sufficienter
1687 4021 1776 4076 tibi
1811 4023 2052 4077 testimo-

472 4101 621 4156 nium
666 4104 870 4172 pratbet
912 4115 965 4160 et
999 4107 1235 4162 locorum
1265 4119 1474 4174 natura,
1512 4122 1564 4165 et
1593 4113 1766 4182 inopia
1809 4114 2045 4169 omnium

467 4207 671 4259 rerum,
705 4203 760 4250 et
789 4204 1050 4265 Ipsarum,
1081 4199 1222 4267 quod
1256 4202 1452 4255 nemini
1477 4202 1695 4257 dubium
1725 4215 1829 4272 est,
1859 4206 2048 4260 absen-

465 4285 534 4339 tia
588 4284 942 4354 feminarum;
998 4290 1092 4344 sed
1141 4291 1312 4360 magis
1356 4294 1650 4349 tentatione
1692 4296 1788 4350 ista
1837 4297 2047 4352 laboras

461 4384 686 4444 propter
731 4376 965 4432 studium
1009 4393 1072 4433 ac
1112 4379 1438 4435 desiderium
1487 4385 1767 4440 castitatis.
1828 4387 2044 4456 Triplex

458 4468 602 4522 enim
652 4484 720 4524 ex
773 4469 1141 4526 fornicationis
1192 4474 1406 4528 incursu
1448 4477 1683 4531 nascitur
1727 4495 1944 4550 pugna:
1987 4489 2045 4533 et

2161 3279 2399 3331 evanuit.
2444 3279 2508 3333 Et
2537 3280 2581 3332 si
2613 3280 2743 3334 mihi
2773 3281 2968 3336 dicenti
3000 3284 3196 3348 credis,
3228 3301 3320 3353 per
3351 3287 3629 3342 biennium
3661 3298 3738 3344 to-

2159 3379 2266 3423 tum
2316 3371 2536 3426 fetorem
2582 3375 2696 3442 ejns
2736 3375 2860 3446 (qua
2907 3376 3052 3432 illaut
3111 3381 3512 3452 percusserant)
3551 3399 3743 3441 manus

2160 3460 2303 3515 ferre
2334 3478 2436 3516 non
2464 3474 2723 3530 poteram.

2226 3554 2457 3608 Maxima
2511 3556 2668 3625 igitur
2714 3557 2876 3612 animi
2925 3559 3190 3616 anxietate
3249 3576 3312 3616 ac
3360 3561 3744 3632 desperatione

2159 3649 2499 3714 perterritus,
2532 3649 2598 3702 ad
2631 3650 2815 3704 intima
2847 3661 3008 3721 atque
3055 3653 3356 3708 vastissima
3404 3656 3744 3711 errabundus

2161 3738 2370 3792 deserta
2417 3739 2649 3808 perrexi.
2689 3739 2787 3794 Ubi
2817 3755 2938 3794 eum
2981 3742 3222 3808 aspidem
3265 3743 3536 3798 modicam
3583 3761 3742 3814 repe-

2158 3830 2371 3895 rissem,
2423 3845 2580 3886 manu
2630 3839 2829 3886 tentam
2882 3832 3205 3900 genitalibus
3255 3835 3512 3889 membris
3569 3837 3740 3892 iratus

2153 3922 2403 3990 admovi,
2437 3933 2494 3977 ut
2523 3934 2748 3979 mortem
2777 3925 2905 3980 mihi
2947 3927 3026 3981 vel
3070 3942 3281 3984 morsus
3319 3929 3435 3998 ejus
3473 3930 3740 3987 inferret:

2153 4022 2313 4083 caput
2358 4015 2520 4070 etiam
2566 4019 2830 4085 serpentis
2860 4018 3216 4086 perfricanda,
3248 4029 3534 4075 conterens
3565 4024 3621 4076 in
3649 4039 3743 4079 ve-

2151 4106 2360 4174 rendis,
2390 4106 2541 4174 quasi
2569 4122 2632 4162 ex
2665 4107 2749 4161 his
2780 4108 2908 4163 mihi
2943 4111 3248 4167 tentationis
3278 4127 3439 4167 causa
3470 4117 3740 4182 procede-

2156 4205 2260 4250 ret.
2294 4196 2359 4249 Et
2389 4211 2458 4250 ne
2485 4196 2564 4251 sic
2597 4197 2810 4266 quidem
2841 4214 2928 4254 me
2959 4201 3149 4269 anguis
3179 4202 3491 4269 momordit,
3533 4204 3738 4272 divina,

2152 4286 2290 4341 sicut
2319 4291 2504 4353 credo,
2557 4304 2644 4343 me
2677 4298 2843 4358 gratia
2887 4292 3220 4360 providente,
3246 4303 3302 4348 et
3327 4293 3429 4348 hoc
3459 4304 3588 4350 tunc
3613 4311 3734 4350 cum

2152 4377 2279 4432 mihi
2308 4377 2428 4432 talis
2461 4376 2514 4432 in
2547 4392 2739 4434 sensus
2769 4395 2870 4434 vox
2895 4381 3287 4448 descendisset,
3317 4383 3494 4438 audivi
3521 4402 3536 4440 :
3571 4385 3737 4450 Vade,

2157 4471 2351 4538 inquit,
2384 4471 2657 4538 Pachomi,
2688 4473 2875 4527 insiste
2895 4475 3049 4542 agoni
3077 4485 3189 4528 tuo.
3219 4475 3300 4529 0b
3323 4475 3424 4529 hoc
3451 4478 3596 4530 enim
3627 4494 3741 4546 per-

461 4556 746 4628 aliqu‘altdo
789 4562 1007 4630 quidem
1061 4577 1189 4618 caro
1240 4575 1446 4631 nostra,
1503 4568 1548 4622 si
1596 4569 1647 4622 in
1692 4570 1844 4626 nobis
1889 4571 2043 4627 fuerit
2075 4561 2123 4619 Ι)
2157 4566 2276 4619 misi
2309 4575 2361 4621 te
2389 4565 2649 4621 daemonis
2679 4567 2874 4620 virtute
2898 4566 3164 4634 superari,
3195 4581 3262 4620 ne
3289 4566 3554 4636 inciperes
3581 4573 3730 4637 quasi

461 4649 621 4704 nimis
647 4665 798 4718 sana,
831 4652 1070 4720 lascivit;
1101 4668 1246 4724 saepe
1291 4665 1469 4712 autem
1516 4673 1584 4713 ex
1629 4661 2041 4729 cogitationibus

459 4743 612 4798 vanis
638 4745 856 4800 morbus
888 4747 990 4802 iste
1018 4749 1294 4816 procedit;
1327 4751 1596 4806 interdum
1618 4754 1829 4808 daemon
1853 4765 2037 4810 contra

459 4850 596 4901 nos,
637 4838 763 4892 dum
809 4839 962 4895 nobis
1003 4839 1226 4908 invidet,
1279 4843 1568 4912 praeliatnr.
1605 4845 1718 4914 Ego
1752 4847 1894 4902 enim
1937 4847 2041 4902 fre-

465 4937 690 4996 quenter
711 4933 809 4985 ista
833 4940 1190 5000 pertractans,
1223 4936 1292 4990 ita
1325 4951 1538 5006 semper
1565 4938 1764 4993 inveni.
1799 4939 1952 5009 Nam,
1985 4951 2040 4996 ut

461 5019 578 5088 ipse
605 5021 778 5089 vides,
809 5023 1096 5082 admodum
1144 5043 1307 5084 senex
1350 5044 1444 5098 per
1481 5030 1830 5100 quadraginta
1870 5047 2041 5088 annos

461 5115 516 5169 in
549 5114 648 5168 ista
679 5116 871 5173 cellula
907 5119 1128 5189 degens,
1171 5123 1565 5193 maximamque
1596 5125 1786 5179 salutis
1813 5128 2040 5196 propria:

456 5219 650 5274 gerens
679 5221 885 5272 curam,
914 5211 1075 5264 etiam
1125 5227 1296 5282 usque
1323 5214 1387 5267 ad
1419 5230 1653 5280 praesens
1693 5225 1903 5286 tempus
1946 5217 2039 5272 hu-

453 5294 693 5365 jusmodi
716 5300 1006 5355 tentatione
1027 5301 1306 5358 sollicitor.
1337 5303 1470 5359 Cnm
1493 5319 1830 5363 sacramento
1861 5319 2038 5364 autem

456 5387 598 5444 istud
624 5400 841 5444 sanctus
863 5391 977 5458 ipse
1001 5391 1208 5447 dicebat
1235 5410 1249 5449 :
1277 5394 1380 5450 Per
1402 5397 1681 5452 diiodecim
1715 5414 1885 5452 annos
1917 5409 2037 5468 post

455 5480 982 5552 quinquagesimum,
1015 5499 1118 5537 non
1148 5494 1328 5554 nocte,
1378 5503 1481 5542 non
1513 5489 1601 5543 die
1629 5505 1860 5559 unquam
1895 5490 1977 5546 hic
2006 5507 2034 5547 a

454 5585 542 5628 me
584 5573 805 5629 morbus
854 5574 1140 5645 abscessit,
1192 5591 1361 5648 usque
1401 5580 1536 5634 adeo
1565 5592 1620 5634 ut
1651 5582 1916 5648 privatum
1949 5599 2034 5638 me

456 5665 565 5734 jam
603 5665 699 5723 Dei
735 5667 936 5723 auxilio
974 5669 1301 5740 suspicarer,
1335 5670 1403 5726 ob
1435 5673 1573 5742 quod
1608 5673 1798 5730 merito
1829 5691 1913 5732 me
1943 5693 2034 5747 pn-

531 5781 544 5810 ·
579 5750 738 5849 m,
764 5796 813 5837 c.
837 5784 908 5841 29
933 5783 1125 5840 dicitur
1163 5783 1389 5838 Pachon.

2150 4659 2343 4714 fortior
2399 4661 2724 4730 superbire;
2779 4661 2872 4714 sed
2916 4667 2974 4714 ut
3019 4676 3316 4731 agnoscens
3368 4663 3727 4718 infirmitatem

2155 4759 2301 4805 tuam
2322 4791 2336 4816 ,
2367 4767 2468 4807 nec
2493 4768 2558 4808 ex
2584 4754 2992 4808 conversatione
3031 4754 3154 4808 viue
3185 4762 3288 4808 tua:
3315 4755 3548 4824 aliquam
3591 4761 3726 4810 hilo.

2144 4841 2280 4895 ciam
2318 4857 2537 4912 gerens,
2588 4842 2655 4897 ad
2695 4842 2894 4896 auxilia
2923 4857 3136 4911 semper
3163 4843 3341 4897 divina
3386 4848 3724 4915 confugeres.

2144 4933 2428 5003 Postquam
2470 4933 2635 5003 igitur
2683 4935 2812 4988 mihi
2865 4934 3197 4989 satisfactum
3246 4944 3352 5000 est,
3398 4938 3465 4990 ad
3516 4939 3725 5007 propria

2147 5035 2351 5081 secreta
2391 5027 2644 5091 remeavi,
2678 5025 2744 5082 de
2772 5035 2972 5081 caetero
3017 5040 3138 5081 cum
3185 5026 3373 5080 fiducia
3398 5027 3614 5090 sedens,
3641 5045 3728 5081 ue-

2145 5133 2251 5188 que
2289 5119 2396 5174 ullo
2426 5118 2738 5174 certaminis
2773 5132 2975 5189 angore
3000 5119 3085 5172 vel
3115 5117 3481 5172 sollicitudine
3507 5118 3622 5188 jam
3657 5121 3729 5173 lae

2146 5211 2366 5280 borans,
2394 5212 2489 5266 sed
2516 5211 2755 5280 reliquos
2775 5212 2876 5266 aevi
2895 5210 3010 5266 dies
3033 5209 3236 5280 pacatis
3255 5210 3502 5264 sensibus
3525 5213 3728 5265 vivens.

2148 5303 2238 5358 Ille
2269 5312 2447 5358 autem
2475 5317 2626 5356 meus
2657 5302 2925 5368 inimicus,
2960 5315 3080 5357 cum
3108 5316 3168 5356 se
3195 5301 3264 5354 ita
3295 5318 3323 5356 a
3348 5317 3433 5356 me
3455 5313 3732 5371 contemp—

2145 5403 2255 5450 tum
2297 5411 2416 5451 esse
2455 5395 2679 5463 videret,
2729 5409 2906 5463 neque
2944 5394 3082 5448 ultra
3127 5395 3390 5450 molestus
3437 5396 3569 5449 mihi
3608 5411 3730 5451 esse

2156 5495 2369 5556 posset,
2394 5485 2646 5541 confusus
2665 5485 2943 5539 abscessit.

2216 5580 2312 5635 liis
2361 5581 2541 5649 itaque
2581 5579 2758 5636 verbis
2801 5586 2994 5634 contra
3028 5578 3390 5634 insidiantium
3425 5578 3729 5636 daemonum

2142 5686 2346 5743 pugnas
2392 5680 2610 5728 sanctus
2661 5669 2978 5727 Pacbomius
3032 5684 3120 5727 me
3159 5671 3486 5727 confirmans
3538 5670 3723 5725 fortio-
