3982 6354
189 305 299 365 289

1402 302 1815 361 HEBACLIDIS
1855 304 2259 363 PARADISUS.

3360 313 3466 371 290
3492 292 3497 296 .

192 442 419 497 remque
449 424 675 493 faciens,
700 425 765 480 ad
789 434 1065 481 certamen
1088 425 1373 479 adversum
1398 422 1646 491 spiritum
1671 420 1778 475 [υτ-ο
1807 424 1859 483 Α
1885 421 1991 488 ius,
2041 423 2108 479 de
2153 423 2256 478 hoc
2298 394 2589 494 exprobrat
2634 424 2786 493 vitio,
2818 423 3045 485 dicens:
3081 426 3146 485 Et
3175 441 3269 484 vos
3291 427 3468 486 inﬂati

195 520 504 584 uicationls,
532 520 710 574 divina
738 520 906 589 gratia
938 518 1301 585 tolerandum,
1332 518 1662 574 sufﬁcienter
1692 530 1780 573 me

190 612 537 668 exhortatum
563 612 772 667 remisit
792 610 860 665 ad
890 611 1104 665 cellam.

758 740 986 798 CAPUT
1025 741 1141 796 XII.

642 855 766 911 Vita
796 854 1049 926 Stephani
1070 852 1325 908 monachi.

259 969 570 1040 Stephanus
589 968 802 1039 quidam
844 968 1105 1024 oriundus
1125 984 1190 1023 ex
1216 966 1382 1040 Lybia
1406 965 1596 1037 (Pall.,
1617 981 1664 1019 c.
1684 962 1777 1032 '50)

184 1062 241 1116 in
288 1070 442 1131 parte
483 1074 671 1115 eorum
715 1059 953 1115 locorum
1002 1059 1197 1129 quibus
1226 1054 1555 1112 Marmaricae
1582 1063 1638 1109 et
1664 1055 1775 1109 Ma-

189 1151 420 1206 reotidis
450 1165 648 1206 nomen
673 1160 780 1218 est,
813 1166 910 1220 per
935 1150 1211 1220 sexaginta
1244 1161 1413 1202 annos
1440 1147 1656 1213 sedens,
1683 1159 1776 1200 us-

184 1256 295 1307 que
325 1241 465 1295 adeo
503 1239 771 1310 perfectus
802 1240 973 1294 factus
1001 1248 1085 1294 est
1115 1238 1433 1303 monachus,
1466 1245 1780 1305 tantumque

187 1332 386 1388 habuit
417 1333 471 1388 in
514 1332 865 1388 discernenda
896 1318 1076 1387 rei-um
1107 1331 1455 1401 ambiguitate
1495 1330 1777 1400 judicium,

191 1434 252 1477 ut
293 1423 565 1493 ejusmodi
612 1422 849 1479 divinam
880 1426 1112 1496 gratiam
1156 1422 1623 1480 mereretur:hnc
1671 1433 1775 1491 est,

187 1522 245 1566 ut
278 1515 586 1585 quicunque
622 1515 692 1571 ad
727 1515 927 1586 ipsum,
956 1531 1021 1571 ex
1053 1530 1370 1587 quacunque
1395 1531 1453 1571 re
1485 1515 1655 1570 tristis
1678 1516 1778 1569 ali-

180 1606 403 1674 quando
432 1608 684 1672 venisset,
713 1616 834 1677 post
861 1608 1126 1663 visionem
1156 1606 1274 1677 ejus
1295 1618 1455 1677 atque
1474 1621 1775 1661 sermonem

188 1698 347 1752 lzetus
377 1698 717 1755 abscederet.
765 1698 937 1755 Notus
983 1711 1162 1756 autem
1207 1700 1294 1757 hic
1321 1710 1375 1757 et
1422 1710 1610 1756 sancto
1657 1701 1776 1753 viro

1885 515 2016 571 estis
2043 515 2093 587 (I
2108 515 2229 571 Cor.
2254 514 2352 587 tv).
3426 578 3427 589 χ

1957 607 2053 662 Hic
2078 608 2194 677 ipse
2245 607 2438 664 Valens
2461 618 2760 679 postquam
2806 611 3047 680 pervenit
3088 609 3175 675 ad,
3202 624 3468 676 eremum,

1884 698 1935 752 itt
1980 714 2084 767 qua
2136 714 2230 767 per
2273 700 2534 769 plurimos
2562 716 2734 757 annos
2760 703 2892 757 vixit
2918 700 3219 771 nobiscum,
3269 701 3463 758 difﬁci-

1882 791 2055 862 lisque
2094 792 2217 847 vita:
2250 806 2527 850 assecutus
2557 804 2639 851 est
2666 796 2923 861 studium,
2953 796 3020 850 ad
3049 805 3252 850 tantum
3281 810 3471 866 super~

1884 885 1986 941 δῖε
2027 900 2287 940 cacumen
2332 886 2593 953 ascendit,
2628 895 2687 942 ut
2712 887 2993 942 diabolicis
3038 886 3377 943 irrisionihus
3405 901 3470 942 ac

1883 979 2112 1036 fallaciis
2155 980 2481 1037 vinceretur.
2529 982 2663 1036 Nam
2710 981 2962 1051 paulatim
3007 996 3128 1036 eum
3159 980 3211 1035 in
3241 980 3470 1036 docendi

1882 1071 2121 1127 elatione
2151 1072 2458 1140 deceptum,
2488 1072 2555 1127 ad
2593 1074 2696 1128 hoc
2721 1073 2928 1127 darmon
2961 1072 3275 1133 adduxerat,
3302 1080 3363 1127 ut
3389 1070 3466 1127 ita

1882 1176 1943 1219 se
2004 1163 2187 1218 nescio
2236 1164 2360 1233 quid
2408 1178 2530 1219 esse
2587 1178 2837 1234 magnum
2897 1170 3147 1234 putaret,
3205 1174 3457 1234 tanquam

1880 1254 2117 1325 quotidie
2154 1256 2466 1324 angelorum
2506 1256 2713 1311 visione
2741 1256 3145 1326 ministerioque
3175 1256 3464 1313 frueretur.

1955 1345 2281 1402 Re'erebattt
2328 1347 2489 1416 igitur
2538 1346 2656 1416 ejus
2699 1347 2987 1415 notissimi,
3029 1346 3169 1414 quod
3198 1362 3304 1403 uno
3330 1362 3468 1420 quo-

1880 1438 2002 1493 dam
2029 1438 2139 1505 die,
2170 1438 2295 1493 dum
2327 1439 2379 1492 in
2414 1439 2650 1495 tenebris
2678 1454 2812 1508 Opus
2842 1438 3065 1504 faceret,
3094 1454 3222 1495 acus
3256 1439 3332 1495 illi
3360 1455 3466 1511 qua

1880 1530 2189 1598 sportellant
2236 1529 2549 1594 consuebat,
2596 1529 2882 1584 excidi-set
2909 1544 2940 1584 e
2964 1530 3234 1595 manibus,
3259 1539 3315 1585 et
3343 1545 3467 1589 cum

1880 1634 1999 1676 eam
2044 1636 2149 1674 non
2204 1629 2386 1690 posset
2429 1619 2575 1690 (quia
2605 1621 2657 1674 in
2686 1619 2915 1674 obscuro
2955 1635 3061 1674 non
3091 1619 3357 1691 cerneret)
3387 1620 3469 1674 in-

1879 1717 2081 1783 venire,
2127 1716 2372 1786 lampade
2411 1715 2711 1771 ministerio
2740 1714 3003 1770 daemonis
3028 1716 3078 1769 ei
3108 1728 3357 1783 accensa,
3389 1714 3469 1770 sic

189 1791 424 1843 Antonio
471 1790 591 1857 fuit,
624 1792 866 1861 pervenit
894 1800 1072 1847 autem
1098 1792 1264 1846 etiam
1306 1807 1475 1861 usque
1504 1791 1570 1845 ad
1597 1792 1764 1845 nostri

1890 1821 2030 1860 tcum
2071 1821 2230 1875 quam
2280 1804 2585 1873 perdiderat
2632 1806 2964 1869 invenisset;
3013 1820 3198 1860 rursus
3242 1820 3308 1859 ex
3352 1806 3466 1875 ipsa

186 1883 446 1950 temporis
472 1882 587 1938 dies
612 1898 625 1936 :
656 1898 815 1952 quem
862 1897 963 1953 ego
996 1883 1213 1952 quidem
1252 1881 1438 1938 videre
1468 1897 1573 1936 non
1602 1892 1771 1951 potui,

182 1990 251 2029 eo
272 1976 428 2044 quod
458 1976 779 2045 separabant
814 1992 920 2031 nos
953 1977 1120 2048 longa
1164 1978 1441 2033 intervalla
1491 1986 1772 2032 terrarum.

254 2060 491 2123 Sanctus
537 2078 716 2123 autem
764 2068 1085 2125 Ammonius
1140 2080 1194 2126 et
1250 2071 1537 2141 Evagrius,
1600 2080 1655 2127 et
1684 2070 1775 2140 qui

185 2173 311 2212 cum
340 2161 475 2229 ipsis
504 2171 683 2228 erant,
716 2161 1153 2230 mihi-aliquando
1179 2161 1504 2229 referebant,
1536 2162 1775 2218 dicentes

184 2249 334 2318 quod
383 2252 703 2319 reperissent
748 2266 867 2306 eum
918 2252 1149 2321 quodam
1172 2262 1420 2323 tempore
1446 2254 1538 2308 tali
1562 2256 1778 2324 tegritu-

180 2342 312 2399 dine
358 2342 715 2406 laborantem,
758 2353 828 2398 ut
869 2343 921 2398 in
954 2343 1085 2413 ipsis
1112 2356 1316 2399 naturae
1356 2345 1606 2400 verendis
1646 2361 1778 2415 quo-

177 2433 308 2490 dam
348 2435 532 2490 ulcere
566 2434 729 2505 (quod
768 2435 988 2506 quidam
1034 2437 1151 2507 (t7)
1185 2436 1564 2507 phagedtenam
1594 2438 1777 2508 appel-

178 2527 325 2598 lant)
367 2528 717 2582 cruciaretur.
766 2529 865 2593 Qui
899 2527 1035 2583 dum
1067 2544 1095 2581 a
1122 2528 1350 2599 quodam
1383 2528 1591 2584 medico
1619 2545 1775 2585 cura-

180 2626 360 2684 retur,
394 2614 714 2683 invenimus,
749 2618 1017 2687 inquiunt,
1049 2634 1171 2674 eum
1201 2634 1337 2689 opus
1363 2621 1577 2690 quidem
1606 2621 1779 2676 mani-

182 2709 289 2763 bus
321 2709 607 2764 facientem
630 2710 761 2773 suis,
791 2719 845 2764 et
886 2719 1226 2780 torquentem
1268 2710 1337 2766 de
1364 2710 1564 2781 .palmis
1600 2711 1773 2779 funes,

190 2816 255 2855 ac
285 2800 583 2855 nobiscum
638 2800 1131 2866 sermocinantem;
1182 2809 1403 2856 caeteras
1443 2802 1609 2873 960
1652 2816 1778 2857 vero

181 2889 440 2959 corporis
480 2899 667 2960 partes
718 2891 928 2946 medico
980 2889 1229 2961 ferroque
1264 2891 1645 2962 praebentem,
1688 2894 1776 2963 qui

183 2980 327 3038 adeo
358 2997 455 3054 per
478 2983 703 3052 gratiam
732 2984 1001 3053 patientiae
1023 2984 1236 3041 alienus
1266 2995 1383 3041 erat
1412 2984 1441 3039 :‘t
1467 3000 1628 3043 sensu
1647 3002 1777 3043 eor-

182 3072 364 3143 poris,
398 3081 455 3127 ut
477 3072 697 3128 alterius
724 3073 970 3129 crederet
994 3076 1234 3130 membra
1263 3076 1497 3132 concidi.

1880 1897 2155 1952 inﬂatione
2202 1896 2474 1960 refectus,
2532 1897 2585 1949 in
2636 1902 2840 1951 tantum
2886 1895 3154 1965 superbia:
3200 1903 3464 1950 tumorem

1880 1990 2056 2047 elatus
2084 1999 2189 2056 est,
2221 1999 2277 2043 ut
2304 2003 2581 2043 sacrorum
2619 2004 2830 2059 quoque
2861 1990 3235 2061 mysteriorum
3265 1987 3465 2044 Christi

1877 2089 2249 2136 contemneret
2276 2082 2728 2135 communionem.

1953 2172 2147 2230 Evenit
2178 2183 2355 2229 autem
2399 2182 2457 2228 ut
2495 2173 2712 2243 quidam
2744 2172 2871 2229 illuc
2902 2172 3167 2243 peregrini
3199 2172 3463 2237 venirent,

1884 2267 2136 2335 variaque
2166 2264 2493 2335 leguminum
2523 2279 2743 2334 genera,
2777 2279 2973 2320 nucum
2999 2271 3159 2333 atque
3185 2278 3465 2331 pomorum

1878 2354 1945 2409 ad
1970 2354 2256 2411 ecclesiam
2285 2354 2539 2408 fratribus
2573 2352 2894 2407 exhiberent
2916 2370 2928 2405 :
2953 2368 3074 2422 quae
3115 2367 3235 2407 cum
3274 2366 3464 2408 susce—

1880 2448 2046 2516 pisset
2076 2454 2295 2501 sanctus
2334 2444 2593 2500 Macarius
2633 2444 2910 2516 presbyter
2950 2451 3150 2510 uoster,
3192 2442 3460 2499 misisset—

1880 2550 1985 2605 que
2034 2534 2257 2605 singulis
2301 2545 2555 2605 quantum
2610 2551 2800 2589 manus
2844 2548 3038 2605 capere
3067 2541 3249 2604 posset
3286 2532 3466 2599 unius.

1882 2630 2022 2685 inter
2049 2643 2185 2699 quos
2209 2629 2369 2684 etiam
2398 2642 2521 2683 cum
2573 2627 2779 2683 Valenti
2832 2635 3037 2696 partem
3079 2641 3202 2681 cum
3242 2626 3468 2699 nczeteris

1880 2722 2228 2790 destinasset,
2286 2720 2483 2777 Valens
2526 2735 2647 2775 eum
2690 2720 2779 2790 qui
2824 2718 3135 2775 transmissa
3179 2718 3466 2783 detulerat,

1883 2814 2093 2885 injuriis
2126 2814 2402 2884 plagisque
2440 2813 2705 2879 confecit;
2738 2812 2839 2867 hoc
2868 2812 2916 2866 ei
2942 2811 3126 2867 dicens
3148 2828 3167 2865 :
3194 2808 3366 2875 Vade,
3407 2818 3464 2864 et

1882 2906 1971 2961 dic
2001 2904 2261 2971 Macario,
2291 2904 2432 2974 quod
2458 2918 2561 2957 non
2605 2918 2725 2957 sum
2763 2902 2858 2957 illo
2903 2902 3161 2967 deterior,
3204 2908 3260 2955 ut
3302 2899 3468 2955 bene-
3523 2971 3535 2981 .

1884 2996 2154 3052 dictiones
2181 2995 2249 3049 ad
2280 3008 2365 3048 me
2396 2993 2744 3048 transmittat.
2780 2991 3023 3063 Cumque
3052 2990 3197 3045 hunc
3231 2988 3353 3060 ejus
3388 3004 3468 3044 er-

1889 3102 2066 3142 rorem
2098 3084 2365 3140 Macarius
2391 3091 2613 3139 sanctus
2642 3083 2899 3149 audisset,
2932 3092 3093 3153 atque
3118 3080 3185 3135 ad
3212 3094 3335 3137 etin
3360 3079 3469 3136 alio

255 3166 506 3222 Ahscisis
546 3168 725 3235 itaque
773 3169 1023 3224 verendis
1070 3168 1309 3238 partibus
1356 3172 1587 3238 cunctis,
1638 3170 1772 3226 nihil

1890 3179 1971 3234 dic
2000 3177 2172 3233 solatii
2199 3192 2362 3233 causa
2382 3175 2705 3246 consiliique
2740 3174 2994 3240 venisset,
3025 3173 3339 3243 diceretque
3365 3172 3460 3229 ei:

186 3258 409 3328 penitus
456 3258 741 3315 sentiebat.
797 3260 853 3314 In
897 3269 1102 3314 tantum
1145 3268 1390 3331 separata
1424 3276 1584 3317 mens
1612 3262 1778 3331 ipsius

186 3361 373 3407 erata
393 3351 554 3407 rebus
584 3351 855 3416 humanis,
885 3361 939 3406 et
963 3351 1272 3408 etelestibus
1293 3351 1421 3407 sol-is
1448 3352 1779 3424 cogitationi-

189 3445 301 3501 bus
358 3454 641 3515 occupata.
689 3442 853 3499 Nobis
890 3451 1071 3499 autem
1124 3452 1232 3498 tam
1291 3444 1506 3499 tristitia
1556 3444 1777 3514 repletis

180 3552 355 3608 quam
397 3537 563 3608 ipsius
614 3536 888 3607 languoris
933 3536 1157 3593 horrore
1197 3536 1454 3603 confusis,
1498 3538 1780 3608 cogitanti-

184 3630 406 3700 busque
428 3629 569 3700 quod
600 3628 907 3700 bujusmodi
934 3629 1077 3683 illius
1104 3628 1205 3684 viri
1230 3630 1336 3685 vita
1362 3630 1524 3685 talem
1556 3630 1780 3685 incidis-

186 3731 274 3777 set
299 3722 360 3775 in
390 3721 658 3787 morbum,
690 3730 747 3775 ut
777 3721 857 3776 sic
879 3735 1001 3777 eum
1030 3735 1253 3776 necesse
1280 3728 1425 3776 esset
1449 3721 1652 3788 secari;
1681 3722 1782 3777 hoc

186 3814 286 3869 ille
333 3813 521 3869 beatus
559 3813 657 3869 Dei
687 3828 880 3870 servus
911 3813 1216 3882 Stephanus
1245 3814 1503 3879 sentiens,
1534 3813 1611 3868 sic
1631 3812 1780 3869 dice.

185 3908 287 3963 hat
321 3924 335 3960 :
362 3906 506 3973 Filii,
533 3907 716 3963 videte
745 3921 812 3962 ne
834 3906 999 3961 animi
1029 3906 1194 3962 vestri
1224 3921 1290 3961 ex
1318 3905 1638 3961 valetudinis
1660 3905 1775 3979 (l8)

193 3999 364 4071 hujus
390 3999 839 4069 contemplatione
881 3998 1165 4053 tradantur.
1208 3999 1352 4053 Nihil
1398 3999 1541 4054 enim
1595 4014 1779 4054 eorum

184 4107 321 4163 qua:
347 4091 475 4147 facit
504 4092 646 4147 Deus
667 4106 732 4146 ex
762 4091 937 4161 aliqua
977 4091 1308 4162 malignitate
1347 4091 1646 4158 descendit,
1685 4092 1780 4147 sed

186 4181 374 4237 omnia
420 4181 488 4236 ad
534 4181 735 4236 bonum
776 4181 958 4249 ﬁnem,
1008 4191 1063 4237 et
1107 4183 1340 4237 votivum
1394 4183 1596 4238 exitum
1634 4197 1782 4251 spec-

189 4279 331 4326 tant.
365 4270 634 4327 Fortassis
661 4280 841 4327 autem
892 4279 949 4326 et
991 4271 1102 4341 ipsa
1154 4287 1276 4342 pars
1328 4273 1569 4340 corporis
1594 4274 1784 4329 talibus

189 4362 322 4418 dedi
371 4362 647 4431 suppliciis
696 4362 1026 4430 merebatur,
1074 4364 1369 4432 meliusque
1422 4345 1501 4419 ili
1551 4374 1668 4420 erat
1695 4365 1783 4420 hic

192 4453 449 4522 recipere
492 4454 687 4520 vicem,
733 4471 892 4525 quam
924 4456 990 4510 ad
1016 4465 1214 4511 acterna
1242 4465 1501 4513 tormenta
1534 4465 1654 4529 post
1682 4458 1783 4515 hoc

191 4543 457 4600 saeculum
490 4548 773 4601 reservari.

266 4635 399 4690 Haec
424 4637 602 4707 itaque
650 4653 865 4692 suorum
907 4641 1287 4709 contemplatio
1333 4653 1664 4709 sermonum,
1710 4642 1778 4697 ad

192 4728 481 4795 patientia:
508 4728 739 4782 studium
768 4742 867 4782 nos
885 4729 1177 4785 aediﬁcatus
1215 4731 1668 4802 conlirmatosque
1696 4733 1779 4786 di-

192 4816 368 4873 misit.
400 4817 605 4873 ldcirco
654 4833 783 4872 vero
827 4819 941 4873 haec
980 4819 1156 4883 retuli,
1202 4834 1271 4875 ne
1317 4820 1597 4891 quisquam
1641 4822 1780 4879 forte

190 4911 468 4978 miretur,
536 4911 582 4965 si
628 4910 870 4966 videmus
935 4922 1243 4966 sanctorum
1303 4912 1533 4981 aliquem
1591 4912 1778 4982 hujus-

190 5003 348 5058 tnodi
385 5002 707 5075 egritudine
755 5001 1085 5057 laborantem
1112 5043 1128 5070 ,
1177 5011 1270 5058 aut
1316 5001 1571 5073 deinceps
1620 5004 1775 5059 vide-

194 5096 390 5153 rimus.

779 5165 1007 5222 CAPUT
1046 5162 1180 5220 Xlll.

817 5282 895 5338 De
929 5282 1159 5339 Valente.

274 5394 468 5452 Valens
524 5396 741 5453 nomine
785 5398 977 5453 iterum
1028 5395 1128 5452 fuit
1172 5395 1411 5468 quidam,
1453 5392 1770 5449 Palaestinus

195 5490 412 5558 quidem
460 5490 824 5559 genere,'sed
870 5498 1049 5545 mente
1076 5487 1407 5553 Corinthius,
1452 5487 1574 5543 ideo
1612 5500 1775 5542 sensu

196 5580 414 5635 inﬂatus
456 5579 718 5652 (Pallad.,
751 5598 868 5652 cap.
909 5579 1025 5653 51).
1081 5581 1135 5635 In
1187 5578 1582 5636 Corinthiorum
1630 5581 1773 5633 enim

193 5674 393 5729 animis
419 5688 632 5744 semper
663 5684 838 5730 tumc-r
869 5673 1083 5745 quidam
1111 5683 1168 5729 et
1200 5671 1403 5728 inﬂatio
1445 5671 1639 5726 mentis
1682 5685 1777 5740 ap-

195 5771 379 5835 paret;
429 5764 566 5823 sicut
594 5766 658 5823 ad
689 5781 782 5823 eos
812 5764 1051 5822 scribens
1091 5765 1278 5822 beatus
1311 5761 1599 5821 Apostolus
1630 5760 1770 5816 Pau-

1881 3270 2141 3325 Seductus
2182 3283 2265 3335 es,
2322 3268 2488 3323 frater
2527 3266 2747 3333 Valens,
2790 3268 3005 3338 quiesce
3041 3266 3115 3322 de
3143 3275 3360 3333 caetero,
3401 3278 3469 3322 ac

1888 3361 2173 3417 Dominum
2206 3360 2517 3428 deprecare,
2543 3359 2652 3415 hoc
2692 3360 2743 3415 ei
2782 3358 3106 3429 persuadere
3135 3372 3242 3415 non
3272 3357 3464 3429 potuit.

1891 3454 1956 3509 Et
1998 3468 2119 3507 cum
2166 3452 2378 3522 penitus
2401 3453 2470 3506 ab
2499 3467 2564 3507 eo
2597 3467 2703 3508 non
2734 3452 3029 3521 audiretur,
3065 3452 3235 3508 tristis
3254 3451 3323 3508 de
3352 3451 3470 3523 ejus

1886 3545 2039 3601 ruina
2070 3546 2267 3610 tactus,
2299 3545 2582 3600 abscessit.

1956 3639 2152 3694 Certus
2176 3637 2342 3706 igitur
2367 3637 2532 3707 erepit
2556 3651 2678 3693 esse
2701 3636 2811 3707 jam
2841 3635 3077 3705 dremon,
3114 3634 3258 3707 quod
3294 3634 3366 3691 ita
3409 3643 3469 3690 ut

1883 3730 1997 3800 ipse
2014 3728 2205 3794 vnluit,
2247 3726 2471 3782 fallaciis
2509 3726 2630 3795 ejus
2670 3741 2736 3781 ac
2777 3725 2918 3781 dolis
2963 3725 3181 3782 cederet
3226 3723 3463 3790 Valens;

1884 3835 2116 3891 moxque
2138 3819 2206 3875 de
2230 3817 2350 3889 ejus
2376 3819 2681 3889 perditione
2706 3831 2946 3884 securus,
2974 3816 3075 3872 ista
3106 3816 3463 3872 machinatur.

1884 3912 1941 3967 In
1972 3910 2203 3982 efﬁgiem
2250 3909 2544 3967 Salvatoris
2592 3909 3018 3978 transﬁguratus,
3052 3914 3211 3965 nocte
3244 3906 3311 3961 ad
3341 3922 3466 3963 eum

1886 4004 2036 4061 venit
2076 4019 2199 4060 cum
2222 4002 2392 4059 choro
2413 4001 2647 4073 quodam
2688 4000 2835 4057 mille
2860 4000 2943 4072 (ut
2970 4000 3214 4068 ﬁnxerat)
3249 4000 3467 4069 angelo.

1884 4112 2024 4163 rum,
2054 4094 2327 4167 lampades
2356 4109 2611 4151 accensas
2641 4096 2958 4161 tenentium,
2992 4103 3047 4149 et
3071 4108 3191 4148 cum
3220 4093 3468 4149 ﬂammea

1888 4196 2027 4255 rota,
2066 4188 2122 4243 in
2160 4203 2264 4257 qua
2298 4186 2635 4244 Salvatorem
2661 4184 2851 4241 sedere
2872 4186 3241 4251 simulaverat,
3270 4201 3472 4252 praece-

1886 4279 2049 4335 dente
2101 4293 2211 4334 uno
2271 4294 2337 4334 ex
2389 4278 2541 4349 ipsis,
2592 4278 2751 4348 eique
2805 4277 2907 4333 ista
2958 4277 3225 4334 dicente:
3266 4276 3472 4333 Placuit

1884 4372 2101 4428 Christo
2125 4372 2461 4428 conversatio
2483 4380 2568 4429 tua
2600 4385 2666 4427 ac
2697 4371 2888 4426 ﬁducia
2917 4370 3211 4441 probabilis
3236 4369 3383 4438 vitm,
3415 4378 3471 4426 et

1885 4466 2033 4519 venit
2061 4464 2127 4520 ad
2173 4472 2247 4529 te,
2294 4462 2607 4518 desiderans
2632 4472 2684 4518 te
2713 4463 2932 4529 videre;
2967 4462 3222 4533 egredere
3252 4463 3409 4532 igitur
3436 4478 3470 4519 e

1810 4547 2017 4613 Dcella
2052 4565 2166 4626 tua,
2212 4556 2451 4626 nihilque
2490 4555 2634 4627 aliud
2680 4554 2868 4623 facias,
2920 4556 3021 4611 nisi
3062 4564 3119 4612 ut
3155 4555 3463 4612 venientem

1883 4649 2095 4705 eminus
2122 4663 2376 4719 cernens,
2409 4648 2670 4705 inclinans
2719 4657 2791 4715 te,
2834 4647 3065 4703 adorare
3110 4646 3352 4713 festines,
3391 4648 3470 4703 sic

1891 4740 2145 4810 deinceps
2214 4741 2280 4795 ad
2346 4740 2622 4810 prottrium
2694 4739 3053 4795 habitaculum
3124 4752 3464 4795 reversurus.

1882 4833 2144 4904 Egressus
2190 4831 2353 4902 igitur
2386 4847 2417 4886 e
2445 4832 2578 4887 cella
2627 4845 2745 4898 sua,
2795 4829 3130 4900 credensque
3154 4844 3215 4885 se
3242 4844 3466 4886 cernere

1884 4923 2067 4978 divina
2113 4920 2398 4977 ministerii
2430 4921 2665 4977 caelestis
2693 4920 2893 4985 ofﬁcia,
2924 4927 3220 4989 cunctaque
3261 4918 3468 4990 lampa-

1884 5020 2011 5071 dunt
2045 5014 2252 5084 fulgure
2280 5013 2580 5081 rutilantia,
2629 5021 2685 5068 et
2722 5013 2896 5083 ipsum
2938 5009 3325 5065 Anticltristum
3354 5026 3463 5068 non

1884 5107 2022 5162 ultra
2081 5106 2240 5162 unius
2291 5107 2521 5176 spatium
2573 5103 2732 5159 stadii
2789 5101 3178 5167 constitutum,
3236 5102 3465 5181 procidit

1884 5212 2086 5269 pronus
2115 5197 2168 5253 in
2194 5206 2391 5253 terram
2410 5237 2428 5265 ,
2457 5204 2512 5252 et
2536 5210 2659 5252 eum
2689 5208 2850 5265 quem
2872 5193 3039 5250 Deum
3062 5190 3306 5250 crederet
3333 5192 3465 5248 ado-

1885 5289 2041 5345 ravit.

1961 5401 2016 5457 In
2050 5409 2254 5457 tantum
2297 5399 2459 5472 igitur
2500 5400 2626 5455 ltesa
2668 5413 2821 5454 mens
2859 5397 2982 5470 ejus
3008 5407 3112 5465 est,
3136 5407 3194 5455 ut
3218 5414 3341 5455 cum
3370 5414 3461 5454 se.

1884 5492 2068 5564 quenti
2114 5493 2201 5549 die
2250 5492 2533 5547 ecclesiam
2581 5491 2768 5546 fuisset
2809 5491 3104 5561 ingressus,
3133 5491 3377 5547 collectis
3405 5489 3462 5547 in

1885 5600 2048 5639 unum
2100 5583 2354 5639 fratribus
2384 5582 2589 5638 diceret
2616 5601 2631 5638 :
2664 5581 2773 5653 Ego
2804 5584 2913 5653 jam
2940 5582 3323 5639 communione
3349 5596 3461 5636 non
3522 5646 3529 5655 δ

1883 5675 2349 5746 egeo;Cltristum
2398 5675 2542 5730 enim
2586 5674 2770 5746 jpsum
2816 5674 2924 5730 vidi
2972 5674 3152 5732 hodie.
3190 5672 3340 5728 Tunc
3366 5669 3464 5728 de-

1884 5780 2028 5823 mum
2078 5766 2412 5825 venerabiles
2442 5767 2845 5827 Patrerlerreis
2881 5783 3003 5825 cum
3032 5766 3263 5824 vinculis
3294 5762 3465 5835 illiga-
