3982 6354
530 297 630 358 τοι
1638 293 1979 349 ΑΓΡΕΝΒίΧ
2023 295 2114 350 AD
2160 294 2359 353 VITAS
2404 295 2704 354 PATRUM.
3678 305 3767 360 29%

527 424 660 478 tum,
691 420 787 479 p'er
815 412 1120 468 universum
1157 424 1353 464 annum
1387 409 1618 480 propriis
1647 409 1978 463 orationibus
2010 425 2105 463 cu-
2132 413 2180 471 Α
2283 411 2556 466 Profectus
2595 423 2770 466 autem
2798 411 3132 467 Alexandria:
3173 413 3468 481 civitatem,
3513 427 3666 474 ventu
3693 437 3767 474 or-

523 516 795 561 raverunt.
831 505 955 560 llaec
991 513 1166 559 autem
1196 501 1297 556 fttit
1325 503 1499 558 forma
1525 503 1831 558 medicinae.
1860 502 2102 557 Satcula-
2207 501 2484 559 dinatioue
2513 505 2711 570 divina,
2759 505 2968 559 clavum
3002 507 3172 571 clavo,
3206 520 3256 560 ut
3282 509 3387 563 dici
3417 511 3573 576 solet,
3604 528 3768 567 excus-

527 597 604 652 ris
629 614 752 652 eum
785 597 906 652 vitae
940 597 1330 651 conversationi
1362 596 1644 658 dederunt,
1675 605 1732 648 ut
1760 609 1823 648 ex
1857 609 1922 648 eo
1965 595 2104 664 quod
2209 595 2307 656 sit;
2339 595 2525 648 incidit
2555 595 2695 649 enim
2723 598 2930 665 prepria
2955 601 3223 652 voluutate
3251 601 3302 653 in
3331 615 3424 654 eos
3453 616 3574 654 cum
3596 604 3764 671 quibus

527 681 661 744 niliil
692 688 914 743 haberet
941 702 1225 741 commune
1263 701 1381 740 curn
1425 687 1646 751 sanctis,
1701 684 1902 739 inflatio
1943 685 2106 739 animi
2210 686 2515 743 istiusmodi
2541 704 2690 742 more
2729 690 2968 753 vivebat;
3005 691 3144 745 unde
3174 702 3352 746 tamen
3384 694 3576 747 invitus
3604 706 3760 763 postea

523 782 695 853 ipsius
727 793 1004 849 tumorque
1030 791 1282 845 cessaret,
1308 791 1365 834 ut
1390 782 1526 835 solet
1551 780 1676 849 dici,
1705 783 1999 835 contrarias
2022 797 2107 836 res
2207 777 2509 830 remedium
2561 779 2746 832 salutis
2797 780 3018 834 invenit.
3055 781 3316 835 Intererat
3368 784 3511 838 enim
3568 796 3618 839 et
3653 788 3763 842 circi

527 873 814 927 contrariis
845 871 1042 925 debere
1071 871 1243 924 curari
1273 871 1549 926 remediis.
2209 868 2534 934 spectaculis
2556 879 2610 924 et
2634 871 2849 932 theatri,
2881 881 2934 923 et
2976 874 3025 924 in
3058 873 3292 926 tabernis
3319 874 3506 928 diebus
3542 891 3601 930 ac
3623 879 3767 931 nocti-

605 962 767 1016 Valde
809 970 987 1015 autem
1025 969 1078 1015 et
1109 961 1210 1015 hoc
1255 963 1616 1015 necessarium
1657 961 1840 1024 credo,
1881 961 2107 1030 legenli-
2214 958 2311 1012 bus
2342 960 2669 1014 morabatur.
2692 960 2934 1029 Cumque
2963 963 3012 1014 in
3039 963 3119 1016 his
3139 966 3412 1018 voracitati
3436 978 3596 1035 atque
3613 967 3764 1023 ebrie-

527 1053 740 1123 busque
793 1052 1026 1106 arbitror
1076 1053 1428 1120 profuturum,
1479 1051 1618 1120 quod
1666 1053 1848 1104 talium
1898 1068 2110 1121 quoque
2213 1052 2305 1104 tati
2336 1066 2393 1105 se
2425 1053 2632 1120 penitus
2666 1052 2920 1117 dedisset,
2965 1055 3015 1108 in
3049 1055 3261 1110 feminei
3304 1073 3517 1124 quoque
3547 1058 3766 1113 desiderii

525 1146 664 1200 vitas
687 1144 966 1199 hominum
998 1144 1199 1212 paginis
1225 1144 1384 1198 libelli
1414 1145 1569 1212 hujus
1601 1145 1940 1206 inseruinms,
1974 1146 2110 1199 sicut
2216 1140 2402 1193 iIICitlil
2427 1157 2662 1195 εωηυιη-
2699 1141 3142 1208 Ειάυιηιιθοείιτθ
3174 1145 3764 1211 nledilalllr.culltnlima

524 1242 582 1290 et
610 1236 749 1289 inter
778 1243 992 1288 sanctas
1037 1233 1267 1303 paradisi
1316 1233 1537 1287 arbores
1583 1235 1778 1302 lignum
1829 1234 1981 1298 illud,
2016 1251 2112 1303 per
2212 1235 2440 1300 quadam
2491 1237 2651 1302 cmpit
2683 1235 2847 1302 loqui,
2883 1238 3152 1305 proprium
3181 1239 3228 1292 ei
3260 1239 3453 1292 vulnus
3501 1243 3767 1294 insinuans.

524 1327 668 1395 quod
722 1326 915 1379 bonum
971 1324 1276 1388 malumque
1323 1325 1690 1392 cognoscitur,
1741 1327 1960 1380 insitum
2014 1325 2113 1378 sci-
2216 1327 2428 1384 Postulo
2477 1331 2619 1384 enim
2654 1333 2918 1400 quaedam,
2959 1348 3118 1400 quam
3175 1333 3555 1388 carbunculum
3585 1344 3765 1400 Vocant,

526 1431 645 1472 mus
672 1415 822 1486 (Gen.
849 1415 939 1486 tt);
970 1417 1090 1470 utsi
1113 1415 1325 1483 quando
1351 1415 1403 1468 in
1431 1415 1536 1468 vita
1559 1415 1756 1484 aliquid
1781 1431 1876 1469 sua
1907 1415 2111 1484 grando
2216 1432 2338 1475 nata
2362 1431 2444 1475 est
2473 1422 2520 1474 ei
2548 1424 2598 1474 in
2631 1423 2759 1486 ipsis
2785 1424 3052 1488 verendis,
3083 1439 3144 1476 ac
3172 1432 3318 1478 tanta
3344 1439 3437 1491 per
3469 1439 3560 1476 sex
3583 1439 3763 1478 menses

526 1509 647 1577 quis
672 1505 884 1572 fecerit,
928 1521 1032 1560 non
1083 1520 1151 1559 ex
1204 1520 1269 1558 eo
1314 1513 1567 1574 tanquam
1619 1506 1848 1574 proprias
1898 1508 2112 1562 virtutis
2214 1514 2526 1580 aegritudine
2557 1515 2852 1582 laborabat,
2913 1525 2972 1570 ut
3012 1515 3275 1570 naturalia
3308 1515 3478 1585 ipsius
3510 1515 3768 1586 putrefacta

523 1600 890 1655 ostentatione
946 1613 1005 1652 se
1055 1597 1242 1665 jactet.
1306 1597 1639 1666 Frequenter
1692 1597 1835 1650 enim
1887 1606 1942 1652 et
1993 1597 2110 1663 ipsa
2216 1606 2469 1660 radicitus
2501 1607 2774 1663 caderent,

525 1706 837 1762 magnarum
873 1691 1044 1758 palma
1078 1689 1337 1741 virtutum
1366 1703 1526 1742 causa
1560 1688 1714 1744 nobis
1744 1689 2023 1758 cujusdam
2057 1698 2112 1744 et
2296 1696 2483 1750 Postea
2533 1713 2659 1751 vero
2712 1713 2832 1752 cum
2888 1697 3190 1764 sanitatem,
3251 1707 3478 1768 excepta
3533 1698 3617 1752 illa
3645 1708 3770 1767 parte

526 1785 742 1840 occasio
797 1785 852 1836 fit
877 1783 1065 1843 rItiua',
1123 1781 1221 1834 nisi
1257 1782 1320 1833 atl
1372 1782 1598 1850 gloriam
1653 1783 1916 1852 propositi
1963 1793 2113 1838 recto
2146 1778 2192 1838 Β
2221 1789 2578 1842 membrorum
2605 1804 2762 1858 quam
2797 1790 3120 1859 perdiderat,
3150 1790 3462 1862 recepisset,
3480 1789 3544 1846 ad
3564 1790 3766 1844 divinam

528 1877 721 1931 itinere
763 1875 946 1928 venire
979 1889 1342 1942 properemus.
1374 1876 1644 1944 Scriptum
1667 1887 1747 1930 est
1777 1878 1919 1931 enim
1947 1895 1959 1930 :
1991 1877 2109 1934 Vidi
2215 1881 2532 1948 sapientiam
2568 1882 2744 1946 rediit,
2777 1887 2974 1936 sanctis
3007 1882 3250 1936 Patrihus
3277 1899 3395 1951 quae
3425 1885 3474 1935 ei
3499 1883 3769 1936 acciderant

525 1966 728 2038 justum
754 1967 804 2020 in
832 1980 926 2019 sua
959 1965 1132 2033 perire
1159 1965 1386 2032 justitia,
1436 1974 1488 2019 et
1531 1967 1632 2021 hoc
1673 1966 1856 2038 utique
1901 1968 2110 2024 vanitas
2215 1982 2406 2027 cuncta
2433 1972 2745 2037 confessus;
2780 1973 3148 2042 pmnitentiam
3180 1983 3356 2027 tamen
3391 1972 3546 2026 factis
3577 1973 3767 2041 implere

527 2068 610 2114 est
640 2057 809 2130 (Eccl.
841 2059 954 2125 vn).
1130 2131 1154 2133 __
1177 2130 1185 2133 _
1211 2127 1341 2133 ____
1380 2129 1496 2133 _____
2216 2078 2322 2117 non
2346 2063 2537 2133 potuit,
2563 2064 2683 2133 quia
2714 2073 2833 2133 post
2871 2079 3065 2131 paucos
3095 2065 3208 2118 dies
3239 2063 3419 2119 debito
3450 2062 3553 2118 fine
3578 2063 3767 2132 quievit.

1119 2127 1342 2184 CAPUT
1380 2129 1522 2184 XIV.
1929 2133 1942 2142 ’
2346 2127 2361 2133 ⁷
2580 2127 2594 2133 ’

1929 2133 1942 2142 ’
2346 2127 2361 2133 ⁷
2580 2127 2594 2133 ’
2714 2127 2728 2133 ’
2812 2127 3037 2209 CAPUT
3082 2155 3197 2209 xv.

798 2239 876 2294 De
898 2242 1104 2296 Ilerone
1131 2242 1306 2313 [Apud
1332 2242 1563 2312 Lipom.,
1595 2239 1840 2314 Nerone].
2813 2246 2888 2298 De
2919 2245 3215 2301 Ptolemaeo.

549 2353 556 2356 ·
600 2335 776 2390 Heron
799 2334 1012 2406 quidam
1044 2334 1256 2389 nomine
1285 2333 1479 2405 (Pall.,
1513 2351 1559 2388 ο.
1584 2333 1676 2404 52)
1704 2334 1801 2389 fuit
1827 2335 2106 2390 vicinitate
2289 2337 2441 2391 Alius
2460 2337 2677 2402 iterum,
2700 2336 3016 2390 Ptolemmus
3035 2339 3246 2391 nomine
3271 2335 3534 2407 (Pallad.,
3553 2337 3768 2408 cap.55).

531 2428 808 2500 proximus
855 2429 1007 2492 mihi,
1057 2422 1452 2482 Alexandrinus
1502 2443 1724 2496 genere,
1776 2429 2014 2484 urbanus
2062 2439 2112 2483 et
2217 2445 2283 2486 eo
2310 2445 2461 2484 more
2490 2430 2722 2493 vivebat,
2773 2438 2829 2482 ut
2857 2430 3073 2484 difficile
3107 2431 3272 2498 possit
3300 2430 3510 2496 referri,
3561 2431 3673 2500 quia
3707 2431 3771 2484 in-

532 2517 764 2589 juvenis,
795 2519 993 2572 mentis
1022 2527 1243 2587 argutae,
1275 2532 1422 2585 puras
1465 2527 1520 2572 et
1562 2517 1852 2586 probabilis
1879 2521 2021 2584 vitas,
2063 2528 2118 2574 et
2217 2520 2535 2576 enarrabilis
2564 2521 2797 2574 videtur.
2824 2521 3090 2575 llabitavit
3111 2531 3286 2576 autern
3319 2523 3460 2577 inter
3494 2523 3633 2577 initia
3662 2524 3770 2576 ultra

535 2611 654 2680 ipse
683 2612 1025 2680 postmultos
1056 2610 1288 2676 labores,
1324 2609 1625 2680 nimiosque
1651 2611 1897 2676 sudores,
1929 2611 2118 2666 vitam-
2221 2615 2308 2669 illa
2340 2629 2457 2683 qua:
2503 2613 2722 2684 Scythin
2772 2629 2915 2683 saepe
2965 2615 3192 2669 diximus
3223 2616 3336 2670 loca
3364 2657 3380 2684 ,
3447 2617 3502 2671 in
3550 2632 3607 2671 ea
3651 2625 3772 2684 parte

536 2717 641 2772 que
669 2701 736 2756 ad
766 2715 1035 2756 summum
1081 2703 1294 2772 plenam
1344 2703 1654 2769 virtutibus,
1700 2706 1892 2760 animze
1933 2706 2116 2760 nescio
2220 2721 2379 2776 quam
2409 2703 2575 2759 Clima
2601 2714 2811 2769 vocant,
2845 2707 3033 2775 iniquo
3061 2716 3237 2762 tamen
3265 2707 3382 2762 loco
3409 2708 3584 2764 nullus
3613 2723 3771 2763 mona-

538 2809 646 2862 quo
671 2803 880 2849 tumore
919 2797 997 2850 sic
1020 2794 1249 2859 corruit,
1282 2804 1340 2850 ut
1361 2811 1519 2865 supra
1551 2806 1769 2852 sanctos
1799 2813 1862 2852 ac
1892 2813 2118 2852 venera-
2221 2799 2444 2851 chorum
2496 2797 2709 2850 valebat
2738 2797 3013 2865 habitare,
3064 2815 3130 2854 eo
3170 2799 3313 2869 quod
3362 2810 3553 2854 octavo
3597 2800 3770 2855 decimo

541 2885 674 2940 biles
723 2885 909 2940 Patres
965 2900 1088 2940 esse
1137 2901 1198 2941 se
1249 2886 1536 2950 crederet,
1598 2896 1812 2955 tamque
1860 2872 2118 2958 injuri'osa
2225 2888 2400 2958 lapide
2443 2897 2634 2956 puteus
2665 2904 2817 2958 aqua:
2860 2900 3098 2942 remotus
3127 2907 3247 2945 esse
3279 2891 3571 2947 videretur.

538 2985 723 3031 contra
741 2987 983 3031 sanctum
1017 2977 1298 3046 Evagrium
1325 2977 1587 3052 [Pallad.,
1617 2979 1929 3051 Macarium]
1958 2982 2119 3038 verba
2306 2981 2398 3035 Ille
2423 2980 2584 3048 igitur
2610 2979 2892 3034 cilicenses
2923 2980 3038 3047 (l9)
3071 2982 3195 3036 illuc
3242 2983 3422 3052 plures
3451 2983 3655 3053 lagenas
3675 2996 3772 3050 per-

536 3066 757 3137 jactaret
778 3110 794 3135 ,
823 3079 882 3123 ut
906 3068 1113 3127 diceret
1140 3069 1189 3124 ei
1216 3087 1228 3123 :
1258 3071 1486 3125 Maximo
1515 3087 1698 3127 errore
1736 3073 1990 3128 falluntur
2029 3074 2119 3145 qui
2225 3068 2346 3122 ιιιιὶι
2373 3082 2580 3135 secum,
2607 3083 2742 3137 quas
2764 3068 3040 3122 Decembri
3064 3082 3115 3123 el
3142 3069 3393 3125 Januario
3420 3087 3620 3137 mense,
3645 3085 3773 3140 spon-

541 3159 800 3213 doctrinae
827 3168 931 3213 tum
956 3161 1216 3226 credunt;
1248 3177 1352 3216 non
1383 3163 1526 3217 enim
1557 3171 1774 3233 oportet
1801 3163 1906 3219 alio
1929 3175 2123 3234 pr:etcr
2149 3155 2195 3219 C
2227 3158 2312 3228 gia
2342 3173 2407 3213 ex
2439 3161 2604 3228 petris
2625 3159 2886 3227 colligens
2921 3175 3092 3212 rorem
3145 3161 3389 3231 (multum
3431 3164 3572 3218 enim
3603 3173 3710 3216 tunc
3733 3161 3772 3214 i

540 3249 814 3304 Christum
847 3251 922 3304 uti
953 3251 1228 3321 magistro.
2032 3249 2040 3260 ’
2229 3251 2357 3319 ipsis
2383 3250 2691 3320 regionibus
2719 3250 2864 3303 cadit
2885 3251 3045 3318 roris)
3091 3251 3362 3320 implebat.
3415 3252 3578 3322 idque
3615 3254 3658 3305 ei
3703 3266 3774 3320 per

553 3371 556 3374 λ
625 3341 961 3395 Abutebatur
982 3352 1161 3396 autem
1194 3351 1247 3397 et
1281 3344 1587 3399 testimonio
1625 3353 1810 3400 sancto
1838 3345 1904 3400 ad
1934 3361 2128 3418 prope-
2227 3339 2532 3410 quindecim
2556 3340 2667 3395 illic
2691 3341 2949 3395 habitanti
2983 3344 3573 3406 annos,sufficiebatad
3601 3353 3768 3413 potum,

545 3433 714 3487 situm
767 3433 1010 3487 stultitiae
1062 3434 1292 3503 propriae
1342 3435 1752 3501 roborandam;
1811 3436 2127 3507 dicebatque
2229 3433 2320 3503 qui
2364 3434 2574 3502 penitus
2603 3446 2925 3503 separatusa
2955 3435 3192 3490 doctrina
3223 3436 3773 3506 spirituali,colloquio—

559 3525 700 3594 quod
733 3524 979 3580 Salvator
1019 3526 1133 3595 ipse
1167 3526 1391 3581 dixisset
1419 3545 1438 3580 τ
1459 3527 1669 3582 Nullum
1701 3529 1753 3583 in
1783 3529 1940 3584 terris
1968 3545 2127 3600 voce-
2229 3541 2332 3594 qne
2362 3535 2669 3581 sanctorum
2698 3527 2960 3594 virorum,
3015 3545 3238 3597 quttruin
3272 3531 3320 3584 ei
3350 3545 3530 3585 sermo
3560 3530 3773 3601 prodesse

549 3618 618 3674 tis
645 3618 955 3687 magistrum
999 3617 1215 3690 (Matth.
1247 3619 1395 3689 xxv).
1438 3619 1537 3687 Qui
1571 3628 1626 3675 et
1664 3623 1777 3691 ipse
1824 3622 1877 3676 in
1925 3630 2125 3676 tantam
2231 3629 2464 3687 poterat,
2499 3630 2554 3674 et
2582 3635 2611 3673 a
2642 3621 2903 3689 frequenti
2939 3627 3314 3691 mysteriorum
3342 3622 3543 3680 Christi
3572 3637 3772 3680 commu-

548 3711 740 3768 cordis
778 3711 951 3766 obtusi
1006 3712 1193 3766 incidit
1240 3714 1537 3767 caecitatem
1563 3751 1579 3777 ,
1639 3724 1696 3767 ut
1743 3727 1865 3767 eum
1917 3730 2129 3784 quoque
2232 3710 2421 3773 nione,
2450 3710 2629 3764 subito
2655 3713 2803 3780 quasi
2835 3713 3042 3767 alienus
3069 3713 3306 3777 efiectus.
3353 3715 3405 3770 in
3438 3726 3633 3770 tantum
3659 3730 3683 3767 a
3708 3730 3773 3767 re-

551 3811 735 3871 postea
781 3811 924 3858 esset
970 3817 1192 3857 netesse
1236 3803 1441 3858 catenis
1490 3802 1744 3872 ferroque
1794 3804 2020 3870 vinciri,
2062 3822 2128 3860 eo
2231 3802 2526 3858 ctoitinere
2553 3803 2789 3859 deviavit
2816 3815 2870 3858 ut
2900 3806 3103 3861 diceret
3129 3809 3328 3862 nullam
3359 3824 3486 3866 esse
3529 3807 3775 3879 provideti-

540 3896 698 3966 quod-
730 3895 840 3964 jam
892 3912 989 3950 nec
1031 3895 1096 3949 ad
1147 3905 1330 3950 sancta
1377 3898 1632 3968 mysteria
1664 3897 1825 3954 vellet
1852 3899 2126 3954 accedere.
2230 3896 2356 3950 tiam
2385 3912 2588 3962 rerum,
2637 3897 2732 3953 sed
2785 3900 2961 3953 omnia
2997 3903 3106 3953 suis
3136 3902 3533 3970 quodammodo
3579 3902 3773 3958 motibus

545 3983 615 4041 Ut
655 3995 833 4039 autem
863 4001 922 4040 se
955 3987 1030 4041 rei
1053 3989 1254 4042 veritas
1287 3989 1468 4054 habet,
1511 3991 1787 4044 immensae
1817 3991 2032 4046 virtutis
2062 4008 2126 4047 ac
2231 3989 2374 4044 ferri.
2421 4006 2428 4013 ·

543 4077 668 4130 vita:
709 4077 804 4130 fuit
825 4086 984 4145 atque
1011 4079 1253 4146 subtilis,
1295 4081 1365 4134 ita
1407 4093 1463 4136 ut
1497 4082 1651 4137 multi
1696 4086 1783 4153 qui
1815 4101 1935 4139 cum
1966 4087 2124 4158 961
2306 4077 2581 4134 Persuasit
2607 4079 2768 4151 igitur
2796 4082 2843 4136 ei
2870 4083 2992 4136 vitae
3017 4082 3183 4138 hostis
3200 4085 3468 4150 humanae,
3495 4085 3549 4139 in
3565 4083 3672 4152 ejus
3687 4082 3774 4134 ani-

545 4167 673 4238 ipso
719 4168 992 4232 vixerunt,
1045 4172 1326 4237 referrent,
1373 4182 1495 4241 post
1538 4185 1645 4229 tres
1673 4191 1885 4231 menses
1913 4194 2033 4232 eum
2057 4181 2126 4232 ci-
2234 4187 2374 4226 mam
2409 4188 2625 4240 prorsus
2654 4173 2981 4240 ingrediens,
3025 4187 3183 4242 atque
3213 4176 3439 4230 dicens:
3493 4176 3584 4230 llis
3630 4177 3690 4228 ita
3732 4185 3774 4223 se

543 4259 677 4319 bum
726 4263 1033 4332 frequenter
1073 4265 1336 4333 accipere,
1365 4267 1478 4321 sola
1505 4281 1811 4325 sanctorum
1840 4276 2129 4344 mysterio-
2237 4263 2574 4330 habentibus.
2642 4265 2767 4333 quid
2842 4267 3037 4320 "ll-“r3
3102 4267 3456 4330 Cunsllmeris.
3505 4267 3773 4333 Ρῑοιεπιπε,

545 4369 668 4410 rum
693 4355 1072 4410 communione
1093 4366 1425 4425 contentum,
1453 4354 1740 4429 herbisque
1758 4363 2122 4431 silvestribus,
2243 4373 2333 4416 aut
2363 4377 2463 4432 qua
2496 4362 2754 4417 mercedis
2783 4364 3134 4417 retributione
3165 4365 3397 4432 laboras,
3429 4381 3550 4420 cum
3574 4364 3702 4418 nulla
3721 4361 3775 4414 sit

544 4445 592 4501 si
619 4460 753 4515 quas
777 4446 1018 4501 invenire
1049 4449 1324 4516 potuisset.
2235 4457 2596 4511 remuneratio
2627 4457 2974 4511 meritorum?
3023 4459 3161 4526 quod
3193 4459 3237 4513 si
3267 4470 3414 4514 esset
3463 4463 3618 4514 etiam
3645 4454 3774 4512 retri-

617 4534 731 4605 Ego
760 4550 972 4605 quoque
991 4553 1112 4592 eum
1144 4537 1330 4593 videor
1356 4553 1608 4609 expertus
1629 4557 1693 4596 eo
1723 4552 1984 4615 tempore,
2013 4563 2120 4617 quo
2153 4543 2202 4598 D
2228 4546 2397 4613 butio,
2419 4562 2536 4616 qua:
2557 4561 2762 4601 merces
2785 4563 2877 4613 pro
2906 4548 3066 4601 tantis
3095 4549 3370 4604 laboribus
3394 4549 3487 4605 tibi
3511 4545 3774 4604 sufficeret?

545 4625 703 4682 simul
731 4642 852 4682 cum
885 4627 1040 4683 beato
1069 4629 1276 4685 Albano
1305 4630 1565 4705 [Pallad.,
1607 4635 1818 4708 Albino]
1851 4653 2123 4708 pergerent
2232 4640 2387 4708 quale
2419 4656 2544 4694 vero
2593 4638 2855 4708 judicium
2904 4643 3183 4708 scriptura)
3215 4641 3506 4707 minantur,
3551 4641 3636 4696 ubi
3683 4638 3774 4692 sine

543 4719 792 4792 Scythia,
813 4719 1050 4774 distabat
1072 4731 1246 4776 autem
1286 4725 1398 4793 ipsa
1428 4725 1640 4798 Scythis
1665 4745 1692 4780 a
1723 4731 1873 4784 nobis
1902 4734 2126 4800 quadra-
2232 4730 2563 4799 providentia
2592 4739 2784 4783 cuncta
2806 4729 3094 4784 labuntur?
3125 4731 3216 4784 llis
3237 4729 3517 4786 diabolicis
3537 4729 3775 4800 cogitatio-

543 4813 753 4879 gesimo
779 4810 972 4880 lapide.
1025 4812 1082 4865 ltt
1126 4815 1320 4882 quibus
1345 4815 1426 4870 bis
1455 4819 1911 4887 manducavimus,
1961 4830 2018 4878 et
2045 4835 2126 4878 ter
2238 4811 2393 4876 nibus
2425 4822 2758 4877 miserrimus
2787 4822 3102 4876 Ptolemaeus
3131 4823 3422 4891 infractus,
3464 4823 3626 4878 fertur
3660 4821 3773 4875 insa-

550 4915 742 4969 aquam
776 4902 1034 4968 bibimus;
1084 4905 1173 4960 ille
1199 4922 1328 4961 vero
1360 4909 1488 4962 nihil
1516 4911 1725 4978 penitus
1754 4915 1856 4968 cibi
1887 4930 2122 4980 sumens,
2240 4916 2391 4968 niens
2414 4923 2467 4966 et
2489 4930 2517 4967 a
2539 4914 2761 4967 naturali
2785 4911 3066 4968 discedens
3085 4915 3362 4982 prudentia
3381 4913 3539 4971 etiam
3558 4927 3705 4982 usque
3724 4908 3774 4960 ad

547 4992 641 5046 sed
698 4991 831 5060 pede
884 4996 982 5048 iter
1020 4995 1242 5067 faciens,
1295 5000 1595 5068 quindecim
1638 5002 1865 5069 primum
1895 5007 2126 5061 reddidit
2233 5022 2468 5074 praesens
2497 5007 2769 5075 tempusiu
2799 5005 3029 5077 AEg'ypto
3051 5022 3168 5060 cum
3192 5006 3456 5076 ejusmodi
3479 5021 3654 5074 errore
3681 5019 3774 5057 ver-

551 5084 806 5154 psaltnos.
841 5086 990 5143 Tunc
1018 5099 1069 5144 et
1108 5090 1281 5160 illum,
1334 5093 1424 5161 qui
1475 5102 1557 5147 est
1607 5099 1889 5162 maximus,
1948 5098 2122 5165 dixit;
2231 5100 2653 5162 sari,voracitati
2679 5109 2880 5172 tantum
2905 5100 3256 5171 ebrietatique
3279 5102 3505 5168 deditus,
3529 5113 3580 5154 ut
3603 5098 3772 5154 nullum

551 5177 889 5245 postmodum
917 5179 1057 5233 illam
1083 5197 1203 5250 qua:
1231 5192 1310 5237 est
1338 5184 1404 5237 ad
1446 5183 1700 5239 llebrmos
1728 5188 2039 5257 Epistolam,
2072 5203 2125 5244 et
2232 5206 2448 5258 prorsus
2473 5207 2592 5245 cum
2615 5192 2795 5260 aliquo
2822 5193 3018 5247 bonum
3048 5192 3219 5248 soleat
3244 5193 3441 5250 habere
3463 5204 3769 5248 sermonem.

553 5267 765 5336 Isaiam,
785 5280 1095 5340 partemque
1115 5272 1384 5342 Jeremizn,
1413 5284 1464 5329 et
1493 5275 1685 5332 Lucam
1710 5279 2120 5350 Evangelistam,
2229 5283 2322 5335 sed
2353 5283 2495 5338 velut
2523 5298 2704 5339 tenens
2724 5283 2841 5354 (20)
2875 5294 3148 5338 revertens
3179 5284 3245 5339 de
3276 5285 3505 5354 publico,
3546 5283 3771 5338 miseran-

544 5358 851 5417 Sslomouis
880 5361 1168 5418 Proverbia
1213 5365 1285 5419 ita
1311 5368 1624 5423 memoriter
1669 5371 1950 5427 ambulans
1975 5374 2120 5445 legit,
2229 5374 2356 5428 dum
2386 5375 2744 5446 lacryntisque
2776 5375 2989 5444 plenum
3033 5378 3394 5445 spectaculum
3445 5376 3607 5431 oculis
3647 5368 3770 5427 Citri-

546 5459 605 5508 nt
626 5466 748 5506 eum
794 5453 1125 5523 gradientem
1155 5458 1365 5526 assequi
1397 5474 1502 5512 non
1535 5475 1811 5529 possemus
1831 5463 1993 5518 nimia
2032 5481 2125 5521 ve-
2227 5469 2519 5522 stianorum
2551 5468 2857 5536 expositus;
2890 5468 3064 5522 irrisio
3091 5483 3219 5522 vero
3236 5481 3395 5537 atque
3408 5467 3639 5537 deceptio
3658 5477 3768 5519 cun-

547 5545 769 5601 incitato
798 5557 1193 5616 preperantem.
1231 5547 1325 5602 llic
1367 5551 1527 5618 igitur
1553 5552 1619 5606 ad
1653 5565 1979 5623 postremum
2011 5573 2125 5613 nta-
2231 5561 2333 5616 etis
2355 5560 2447 5630 qui
2471 5560 2695 5630 gratiam
2730 5569 2926 5612 nostra:
2956 5561 3376 5614 conversationis
3406 5562 3654 5630 ignorant.

546 5639 675 5710 ligni
704 5637 965 5695 daemonis
985 5639 1168 5695 fraude
1185 5643 1334 5711 quasi
1358 5646 1586 5714 quodam
1615 5650 1914 5720 exagitatus
1942 5649 2112 5708 inceu-
2243 5667 2252 5674 '
2308 5652 2364 5707 lu
2398 5653 2535 5707 hanc
2555 5661 2732 5707 autem
2752 5651 3070 5706 Ptolemaeus
3093 5661 3172 5705 est
3200 5651 3435 5721 dilapsus
3460 5649 3700 5706 insaniam
3717 5656 3767 5698 ex

539 5731 726 5800 dio,iu
754 5733 945 5790 cellam
964 5732 1182 5804 quidem
1203 5749 1354 5790 suam
1385 5751 1490 5792 non
1509 5738 1684 5794 rediit.
2235 5744 2524 5801 irrationali
2545 5742 2773 5812 quadam
2806 5744 3246 5813 praesumptione,
3277 5743 3403 5797 dum
3432 5749 3591 5814 putat,
3609 5737 3767 5796 illusus
