3982 6354
222 267 329 331 293

1425 251 1841 313 llERACLlDlS
1881 251 2280 311 PARADISUS.

218 386 290 439 ab
317 389 529 435 auclore
573 375 892 442 facinorum,
939 372 1081 443 quod
1122 384 1308 426 omnes
1358 379 1570 425 sanctos
1616 365 1800 421 Patres
1831 366 1875 424 Δ
1908 366 2150 442 hortulos
2179 379 2391 436 quoque
2419 373 2474 421 et
2503 365 2854 424 instrumenta
2878 368 3105 426 diversa:
3130 373 3486 444 supellectili.

219 471 458 530 scientiae
478 469 669 522 virtute
701 464 994 535 praecellat,
1025 478 1121 533 per
1143 476 1299 532 quam
1321 474 1449 514 suns
1476 458 1648 513 hostis
1672 456 1800 512 effe-

218 573 357 630 ctus,
385 563 521 617 hanc
544 562 753 614 foveam
780 557 1091 627 perditionis
1111 554 1361 621 incurrit,
1385 567 1654 621 nunquam
1681 563 1802 604 cum

219 656 416 712 talibus
447 653 576 708 viris
623 651 712 722 qni
765 649 1141 720 gubernaculis
1197 647 1471 716 sapientia:
1508 642 1803 713 spiritualis

222 751 303 804 usi
322 757 468 814 sunt,
496 746 634 814 loqni
653 745 921 814 dignatus.
949 741 1099 797 Unde
1122 741 1392 810 neglectus
1415 753 1478 792 ac
1505 736 1799 807 negligens,

221 843 286 896 ad
311 839 501 895 mortis
525 836 780 908 profunda
807 835 1046 904 dilapsus
1068 843 1169 899 est,
1202 833 1339 888 sicut
1365 832 1527 886 arbor
1556 830 1802 884 foliorum

218 929 542 992 exuberans,
585 935 802 994 repente
850 926 1007 980 unius
1063 924 1318 979 momenti
1377 932 1616 990 tempore
1664 919 1804 974 nuda

222 1023 479 1092 aridaque
507 1027 853 1083 monstratur,
884 1017 1174 1072 secundum
1215 1014 1358 1085 quod
1380 1014 1637 1084 scriptum
1670 1020 1754 1066 est
1784 1026 1798 1064 :

219 1117 322 1182 Qui
373 1129 477 1169 non
529 1115 726 1170 habent
778 1111 1134 1172 gubernacula
1170 1149 1186 1176 ,
1241 1109 1442 1164 cadunt
1493 1108 1630 1162 sicut
1680 1106 1801 1160 folia

219 1210 408 1282 (Prov.
443 1208 544 1278 xt).

817 1296 1045 1354 CAPUT
1075 1291 1216 1352 XVI.

633 1413 711 1469 De
738 1413 933 1485 virgine
951 1411 1405 1483 Jerosolymitana.

291 1528 559 1582 Noveram
589 1526 848 1595 virginem
879 1523 1159 1595 quamdam
1191 1523 1258 1578 de
1286 1521 1614 1593 Jerosolyma
1649 1521 1802 1593 (Pal-

221 1623 358 1688 lad.,
412 1639 526 1693 cap.
577 1620 692 1690 54),
748 1621 923 1675 cilicio
979 1620 1246 1682 vestitam,
1281 1626 1332 1672 et
1379 1633 1474 1685 per
1511 1632 1604 1671 sex
1634 1631 1802 1672 annos

218 1729 442 1784 semper
472 1713 747 1775 inclusam,
781 1710 1020 1779 nihilque
1037 1709 1152 1777 ejus
1181 1707 1323 1777 quod
1350 1709 1672 1777 voluptatem
1704 1709 1803 1762 ali-

215 1821 380 1876 quam
411 1811 591 1873 posset
627 1801 886 1857 exhibere
924 1808 1258 1869 gustantern;
1291 1813 1446 1866 quam
1493 1799 1558 1852 ad
1591 1809 1799 1868 postre—

216 1909 368 1950 mum
395 1894 578 1949 divino
604 1891 802 1946 auxilio
826 1891 1155 1956 destitutam,
1185 1899 1290 1943 tam
1321 1891 1596 1944 immensae
1612 1905 1803 1958 snper-

216 1990 324 2044 biae
349 1987 571 2042 morbus
595 1987 808 2046 invasit,
830 1994 886 2039 ut
905 1985 1064 2039 talem
1090 1985 1300 2038 ruinam
1321 1984 1531 2054 qualern
1553 1983 1800 2050 dicimus,

214 2079 534 2137 sustineret.

289 2178 519 2244 Aperuit
547 2173 687 2227 enim
712 2170 890 2226 subito
921 2169 1207 2225 fenestram
1230 2167 1436 2223 cellulae
1461 2183 1590 2232 sure,
1618 2182 1802 2221 susce-

215 2271 406 2340 pitque
435 2283 553 2323 eum
602 2266 690 2336 qui
741 2273 1098 2319 consueverat
1122 2263 1172 2318 ei
1209 2263 1330 2316 vita:
1378 2261 1678 2316 necessaria
1707 2259 1805 2315 mi-

219 2363 479 2426 nistrare,
525 2373 645 2413 cum
689 2373 753 2412 eo
781 2356 1164 2412 concumbens.
1215 2354 1328 2409 Hoc
1379 2362 1556 2408 autem
1607 2355 1803 2407 malum

219 2452 349 2508 inde
371 2451 667 2516 descendit,
691 2451 830 2520 quod
858 2465 964 2502 non
989 2448 1280 2504 secundum
1308 2449 1586 2516 Spirituale
1614 2461 1807 2516 propo-

215 2545 410 2609 situm,
447 2557 545 2597 nec
596 2551 813 2611 propter
834 2540 1179 2594 dilectionem
1229 2539 1321 2593 Dei
1344 2540 1410 2593 ad
1440 2539 1806 2592 monachicam

217 2643 450 2690 venerat
478 2634 638 2688 vitam
665 2651 680 2696 ;
708 2633 799 2687 sed
834 2634 1079 2686 humana:
1103 2632 1350 2685 vanitatis
1382 2631 1657 2694 illecebra,
1689 2644 1809 2700 quas

221 2741 287 2781 ex
307 2724 487 2778 inanis
508 2724 690 2793 glorias
715 2723 1003 2792 cupiditate
1027 2729 1332 2790 generatur,
1356 2729 1409 2774 et
1424 2735 1516 2790 per
1542 2719 1806 2774 infirmam

221 2826 390 2886 atque
412 2814 715 2869 instabilem
757 2815 921 2868 animi
954 2813 1301 2867 voluntatem.
1335 2813 1468 2867 Dum
1489 2812 1631 2866 enim
1663 2812 1809 2881 cogi-

222 2910 460 2963 tationes
481 2923 605 2961 suas
635 2921 823 2960 omnes
844 2906 1031 2960 aliena:
1055 2906 1176 2959 vita:
1207 2904 1481 2958 maledicis
1518 2906 1810 2974 reprehen-

221 2999 470 3055 sionibus
497 3007 807 3066 occuparet,
862 2997 1170 3051 discedente
1207 2997 1273 3049 ab
1295 3011 1358 3050 ea
1386 2996 1574 3065 angelo
1613 2994 1812 3048 sancti-

222 3090 380 3156 tatis,
409 3088 612 3143 nullum
659 3087 879 3140 omnino
928 3086 1207 3141 custodem
1257 3089 1488 3155 propriae
1527 3086 1811 3156 reliquerat

219 3183 517 3240 castitatis.

296 3277 512 3332 Idcirco
534 3282 710 3328 autem
761 3279 1042 3340 utramque
1087 3270 1251 3324 vitam
1291 3269 1814 3340 religiosissimorum

232 3365 542 3429 hominum,
571 3371 628 3419 et
655 3377 838 3417 eorum
873 3361 962 3431 qui
994 3376 1087 3429 per
1115 3363 1412 3431 neglectum
1460 3368 1582 3430 post
1607 3361 1816 3415 labores

228 3457 575 3525 immodicos,
626 3466 680 3510 et
727 3466 1022 3524 temporum
1051 3457 1216 3523 spatia
1246 3456 1312 3509 de
1357 3471 1565 3510 summo
1611 3457 1819 3527 fastigio

225 3549 548 3606 ceciderunt
576 3547 932 3602 describimus
953 3588 968 3612 ,
1005 3556 1062 3600 nt
1083 3547 1445 3615 unusquisque
1476 3563 1539 3602 ex
1567 3562 1663 3602 sua
1690 3564 1819 3602 con-

227 3641 541 3698 versatione
567 3639 786 3695 insidias
816 3640 1017 3695 inimici
1045 3641 1412 3705 considerans,
1440 3643 1677 3696 occultos
1701 3643 1820 3712 ejus

227 3734 462 3801 laqueos
483 3731 649 3800 possit
669 3732 914 3786 evadere.
940 3731 1042 3785 Sed
1065 3747 1185 3787 cum
1209 3733 1314 3786 sint
1334 3749 1644 3801 magnorum
1676 3735 1820 3788 viro-

228 3838 360 3880 rum
384 3822 802 3892 feminarumque
819 3823 1218 3892 quamplurirni,
1233 3827 1320 3894 qui
1343 3825 1822 3880 abrenuntiationis

230 3931 354 3972 suae
380 3913 636 3984 principia
683 3914 881 3968 virtute
910 3902 1251 3984 peregerunt,
1300 3916 1497 3970 deinde
1547 3916 1614 3971 ab
1669 3917 1823 3972 hoste

232 4017 560 4068 Cunctorum
589 4005 861 4062 hominum
909 4005 1212 4073 suntelisi;
1266 4005 1386 4061 ideo
1437 4021 1502 4060 ex
1561 3994 1821 4075 pluribus,

231 4112 472 4168 quorum
503 4096 664 4152 etiam
694 4097 816 4150 vitae
843 4098 1024 4151 socius
1064 4096 1268 4162 exstiti,
1323 4111 1518 4165 paucos
1543 4113 1822 4162 enumero,

233 4189 370 4259 quia
397 4201 569 4257 neque
591 4187 709 4241 illos
734 4187 799 4240 ad
825 4186 977 4242 fortia
1003 4188 1114 4254 jam
1149 4202 1400 4242 revocare
1428 4188 1653 4242 ulterius
1676 4231 1691 4255 ,
1728 4206 1824 4245 nec

234 4277 379 4334 mihi
407 4277 663 4347 prodesse
689 4277 977 4347 praevaleo,
1006 4293 1224 4348 magnos
1241 4278 1436 4335 Christi
1460 4281 1686 4336 athletas
1714 4283 1827 4337 lau-

234 4371 399 4438 dans,
428 4384 528 4425 nec
556 4369 796 4424 imitans.

821 4482 1046 4539 CAPUT
1075 4483 1235 4540 XVII.

613 4593 730 4646 Vita
759 4593 953 4646 abbatis
984 4592 1174 4647 Eliteet
1204 4592 1468 4648 Dorothei.

318 4687 469 4742 Elias
497 4684 710 4755 quidam
739 4685 976 4749 nomine,
1010 4686 1301 4741 monachus
1324 4687 1555 4757 optimus
1579 4702 1823 4757 magnam

240 4779 440 4835 habuit
486 4777 913 4832 consideratione
942 4791 1099 4831 sexus
1131 4776 1327 4832 infirmi
1377 4780 1685 4833 devotarurn
1719 4779 1829 4833 Deo

241 4872 516 4942 virginum
540 4885 723 4926 curam
780 4867 1045 4936 (Pallad.,
1072 4885 1189 4937 cap.
1213 4867 1327 4938 55).
1372 4868 1506 4923 Sunt
1526 4869 1666 4922 enim
1700 4870 1830 4925 tales

244 4964 603 5036 quorumdam
629 4969 845 5028 animae,
883 4977 1107 5031 quarum
1134 4959 1460 5031 propositum
1501 4961 1667 5014 ultimi
1710 4961 1830 5016 finis

245 5056 561 5131 testimonio
590 5057 983 5127 comprobatur.
1001 5054 1101 5122 Qui
1126 5069 1306 5108 amore
1325 5054 1532 5108 virtutis
1552 5069 1831 5123 accensus,

244 5162 304 5208 et
334 5152 551 5209 feminei
586 5166 745 5208 sexus
768 5152 1130 5217 miseratione,
1159 5151 1212 5205 in
1245 5165 1306 5205 ea
1335 5150 1496 5222 962
1522 5165 1642 5219 quae
1693 5149 1836 5205 Atri-

249 5245 340 5300 vis
388 5243 654 5317 [Pallad.,
685 5241 929 5299 Athribe1
971 5242 1190 5299 civitate
1235 5243 1451 5312 dicitur,
1501 5258 1566 5297 ex
1597 5243 1836 5312 pecuniis

246 5333 373 5408 qua:
396 5338 495 5406 ipsi
523 5333 952 5406 suppeditabant,
1015 5336 1395 5392 monasterium
1444 5335 1677 5391 immane
1705 5352 1836 5391 con-

246 5427 471 5482 struxit.
501 5427 582 5481 Ad
611 5442 768 5497 quem
799 5427 973 5482 locum
1004 5427 1256 5496 plurimas
1289 5427 1428 5498 (quae
1455 5429 1634 5496 vagari
1659 5436 1716 5484 et
1743 5444 1835 5483 er-

249 5531 377 5574 rare
403 5517 809 5590 consueverant)
831 5518 1055 5573 feminas
1079 5519 1442 5590 congregavit,
1466 5519 1836 5590 omniumque,

250 5617 415 5682 prout
434 5610 730 5666 necessitas
756 5612 1098 5681 postulasset,
1145 5626 1328 5666 curam
1357 5610 1618 5681 gerebat:
1643 5613 1834 5682 quibus

249 5714 447 5760 cuncta
473 5703 798 5774 praestiterat
818 5720 937 5776 qua:
962 5704 1028 5759 ad
1051 5705 1172 5761 vita:
1202 5705 1448 5762 solatium
1475 5706 1831 5778 pertinebant,

1909 458 2233 522 necessaria,
2275 467 2332 513 et
2379 459 2580 529 reliqua
2615 476 2735 531 qua:
2785 461 3003 520 humani
3048 477 3174 520 usus
3221 467 3360 524 ratio
3384 467 3489 526 det

1905 549 2097 620 poscit.

1979 643 2099 697 Istae
2125 659 2190 697 ex
2238 640 2516 698 dissimilis
2543 643 2665 698 vita:
2691 659 2888 714 genere
2915 646 3050 702 intra
3091 648 3251 706 unius
3275 646 3488 706 habita-

1904 732 2010 786 culi
2033 734 2262 788 claustra
2277 732 2537 800 collectae,
2571 734 2936 804 frequentibus
2960 751 3020 791 se
3047 736 3276 794 invicem
3295 739 3490 811 iurgiis.

1906 825 2270 895 inquietabaut
2303 840 2320 878 :
2351 825 2493 881 unde
2519 825 2784 881 interdum
2837 829 3127 885 necessitas
3154 831 3400 900 exigebat
3426 841 3490 888 ut

1907 915 2046 971 inter
2071 930 2162 970 eas
2183 913 2513 970 simultatum
2537 917 2721 970 talium
2761 931 2950 972 causas
2976 918 3090 987 ipse
3109 930 3486 990 cognosceret,

1905 1022 2197 1077 pacemque
2218 1017 2512 1079 repararet.
2563 1007 2869 1077 Collegerat
2894 1011 3036 1064 enim
3064 1010 3193 1067 illuc
3222 1028 3390 1081 usque
3415 1013 3485 1068 ad

1909 1110 2266 1157 trecentarum
2294 1117 2571 1156 numerum
2587 1102 2921 1167 feminarum,
2947 1119 3043 1158 nec
3063 1105 3180 1160 sine
3195 1106 3492 1162 mediatorc

1907 1195 2044 1263 ipso,
2076 1194 2416 1249 conversatio
2443 1211 2626 1250 earum
2659 1197 3130 1263 poteratordinari.
3189 1199 3342 1266 Quod
3365 1215 3487 1254 cum

1906 1284 2013 1354 jam
2039 1302 2133 1354 per
2161 1285 2433 1340 biennium
2467 1287 2683 1352 faceret,
2717 1297 2771 1340 et
2795 1288 2970 1342 adhuc
3013 1303 3148 1356 pene
3177 1290 3289 1358 ipse
3326 1289 3489 1358 juve-

1907 1378 1990 1431 nis
2018 1378 2288 1432 videretur
2340 1378 2577 1450 (triginta
2625 1379 2764 1432 enim
2799 1381 2882 1434 vel
2937 1381 3284 1450 quadraginta
3313 1396 3487 1438 annos

1910 1469 2187 1540 habebat),
2222 1479 2453 1525 tentatus
2480 1479 2563 1528 est
2585 1472 2758 1525 subito
2779 1473 3035 1540 corporali
3059 1473 3321 1528 desiderio
3342 1475 3494 1529 volu-

1907 1561 2090 1630 ptatis.
2124 1562 2329 1616 Relicto
2357 1563 2532 1629 itaque
2550 1563 3018 1617 monasterindum
3053 1580 3146 1632 per
3174 1564 3491 1621 solitudines

1912 1661 2050 1707 totas
2084 1653 2376 1722 biduojugi
2419 1653 2635 1722 jejunus
2661 1664 2886 1721 erraret,
2941 1655 3244 1724 hujusmodi
3274 1672 3488 1725 precem

1829 1744 1877 1803 B
1907 1741 2039 1796 fudit
2067 1743 2130 1797 ad
2162 1743 2442 1798 Dominum
2474 1760 2488 1797 :
2521 1744 2765 1809 Domine,
2812 1743 3010 1813 inquit,
3051 1756 3142 1800 aut
3168 1745 3352 1801 occide
3381 1761 3491 1812 me,

1913 1849 1978 1888 ne
2005 1835 2208 1888 videam
2232 1835 2348 1889 illas
2379 1835 2593 1888 tristitia
2623 1834 2946 1900 laborantes,
2967 1844 3058 1888 aut
3083 1850 3113 1889 a
3139 1851 3227 1891 me
3243 1836 3492 1891 tentatio-

1909 1941 2030 1980 nem
2062 1925 2217 1994 hujus
2244 1926 2546 1994 cupiditatis
2571 1927 2814 1995 exclude,
2840 1935 2900 1982 ut
2921 1942 3108 1983 earum
3131 1943 3312 1984 curam
3342 1931 3416 1984 ita
3432 1936 3492 1984 ut

1909 2026 2118 2084 oportet
2143 2026 2233 2070 aut
2259 2017 2512 2071 convenit
2541 2031 2753 2085 geram.

1984 2106 2312 2175 Vespertinis
2357 2108 2538 2176 itaque
2581 2106 2728 2160 horis
2751 2106 2926 2161 subito
2955 2121 3076 2162 eum
3122 2107 3174 2162 in
3222 2106 3491 2162 desiderio

1910 2214 2135 2254 somnus
2159 2199 2453 2270 Oppressit,
2486 2210 2539 2253 et
2571 2208 2680 2254 tres
2711 2214 2934 2253 numero
2962 2200 3179 2269 angelos
3206 2200 3272 2254 ad
3299 2215 3358 2255 se
3398 2214 3488 2256 ve-

1918 2292 2064 2348 nisse
2089 2292 2392 2361 conspexit,
2426 2301 2481 2344 ut
2502 2293 2617 2362 ipse
2646 2293 2933 2346 referebat.
2983 2292 3294 2347 Tenuerunt
3333 2293 3494 2362 igitur

1912 2399 2059 2450 eum,
2083 2383 2324 2438 dicentes
2349 2400 2362 2434 :
2391 2381 2499 2437 Cur
2521 2399 2767 2452 egressus
2790 2399 2849 2439 es
2869 2384 2938 2439 de
2965 2386 3291 2440 monasterio
3332 2383 3495 2440 femi.

1913 2476 2135 2531 narum?
2159 2476 2363 2543 Quibus
2390 2492 2510 2530 cum
2535 2476 3123 2546 illetransmigrationis
3139 2493 3252 2533 suae
3277 2493 3492 2534 causam

1911 2568 2158 2630 referret,
2183 2575 2235 2620 et
2262 2567 2502 2620 timuisse
2525 2581 2585 2620 se
2612 2566 2844 2634 diceret,
2886 2583 2952 2622 ne
2995 2578 3088 2622 aut
3115 2568 3219 2622 sibi
3247 2578 3341 2623 aut
3383 2569 3494 2626 illis

1912 2669 2164 2724 noceret;
2191 2657 2290 2712 hoc
2320 2658 2394 2712 illi
2419 2658 2483 2712 ad
2509 2658 2607 2712 ista
2636 2660 2959 2728 respondent
2983 2676 2996 2713 :
3029 2661 3084 2715 Si
3113 2661 3270 2729 igitur
3298 2660 3365 2714 ab
3388 2661 3493 2714 hu-

1909 2750 2148 2820 jusmodi
2179 2752 2476 2806 tentatione
2511 2766 2604 2820 per
2634 2766 2730 2806 nos
2759 2748 2927 2805 fueris
2950 2752 3226 2820 liberatus,
3246 2753 3414 2816 vadis,
3442 2760 3497 2807 et

1914 2855 2100 2893 rursus
2125 2841 2357 2907 ipsarum
2383 2840 2607 2909 suscipis
2634 2841 2855 2894 curam?
2881 2842 2960 2895 Ad
2974 2843 3111 2910 quod
3132 2857 3253 2894 cum
3273 2842 3498 2896 libenter

1915 2931 2006 2985 ille
2034 2934 2414 3001 acquievisset,
2451 2931 2822 3000 jusjurandum
2852 2932 2919 2986 ab
2947 2948 3013 2986 eo
3064 2932 3391 3001 hujusmodi,
3424 2933 3497 2988 si-

1915 3032 2009 3078 cut
2038 3021 2152 3091 ipse
2174 3021 2468 3089 referebat,
2499 3025 2715 3092 exigere
2743 3030 3053 3090 coeperunt:
3084 3021 3234 3090 Jura,
3259 3023 3499 3092 inquien-

1841 3118 1890 3183 C
1923 3129 2022 3184 tes,
2049 3120 2132 3174 his
2157 3119 2356 3184 verbis,
2379 3120 2478 3174 Per
2492 3134 2613 3175 eum
2634 3120 2719 3189 qui
2743 3119 2903 3174 habet
2924 3134 3105 3174 curam
3129 3122 3255 3184 mei,
3287 3122 3498 3176 illarum

1921 3224 2102 3263 curam
2133 3209 2435 3264 habiturum
2457 3225 2579 3264 esse
2608 3225 2694 3264 me
2711 3209 2853 3278 juro.
2874 3211 3006 3265 Cum
3029 3227 3156 3283 ergo
3179 3211 3232 3266 in
3265 3211 3379 3266 lttec
3401 3211 3504 3266 illis

1923 3285 2082 3356 verba
2108 3301 2364 3371 jurasset,
2399 3311 2524 3355 tunc
2547 3318 2679 3356 unus
2696 3316 2760 3356 ex
2794 3302 2921 3370 ip‘sis
2942 3317 3130 3356 manus
3149 3303 3285 3358 illius
3313 3303 3504 3367 tenuit,

1924 3404 1979 3448 et
2005 3394 2140 3448 alter
2169 3393 2351 3462 pedes,
2393 3393 2580 3447 tertius
2601 3404 2778 3447 autem
2831 3403 3044 3463 arrepta
3075 3394 3333 3449 novacula
3353 3394 3500 3448 illum

1925 3485 2258 3540 emasculare
2285 3484 2433 3539 visus
2464 3495 2582 3552 est;
2612 3502 2717 3540 non
2749 3486 2890 3556 quod
2949 3503 3044 3554 pro
3077 3501 3204 3541 vero
3231 3486 3335 3541 hoc
3364 3486 3507 3541 face-

1925 3585 2028 3643 ret,
2061 3578 2153 3631 sed
2183 3576 2326 3646 quod
2351 3574 2528 3631 facere
2552 3576 2841 3631 videretur.
2875 3578 3004 3630 Nam
3055 3577 3106 3630 in
3135 3578 3368 3647 quodam
3395 3584 3482 3631 stu

1928 3685 2057 3740 pore
2087 3669 2247 3722 animi
2272 3683 2337 3722 eo
2364 3677 2603 3738 tempore
2635 3684 2694 3722 se
2731 3683 2850 3723 esse
2881 3668 3154 3728 credebat.
3201 3679 3361 3738 atque
3409 3669 3522 3745 hac]

1928 3761 2192 3815 sentiebat
2221 3774 2282 3814 se
2305 3759 2514 3814 ratione
2539 3769 2801 3813 curatum.
2831 3758 2980 3812 Tunc
3010 3759 3169 3827 igitur
3208 3758 3382 3828 angeli
3413 3758 3509 3813 in-

1930 3861 2201 3922 terrogant
2230 3868 2373 3918 eum,
2401 3867 2467 3904 an
2491 3851 2687 3919 aliquid
2706 3851 2807 3906 sibi
2839 3853 3030 3906 factum
3060 3867 3214 3906 suum
3238 3854 3505 3920 profuisse

1929 3945 2205 3999 sensisset.
2243 3943 2334 3997 llle
2369 3944 2668 4011 respondit,
2700 3944 3072 4010 Vehementer,
3099 3946 3363 4016 inquiens,
3413 3946 3499 4001 in-

1935 4037 2138 4104 telligo,
2162 4051 2299 4089 onus
2321 4035 2585 4105 quoddam
2627 4037 2756 4092 mihi
2797 4052 2918 4092 esse
2945 4039 3252 4105 sublatum;
3302 4051 3355 4094 et
3383 4043 3512 4095 satis

1931 4129 2092 4180 credo
2131 4126 2276 4180 nmni
2316 4141 2472 4194 quam
2532 4127 2879 4182 formidabam
2913 4144 2997 4183 me
3044 4130 3284 4186 molestia
3315 4131 3478 4186 libera

1935 4227 2066 4274 tum.
2103 4217 2290 4273 Dicunt
2313 4219 2411 4274 ei:
2467 4219 2607 4289 Ergo
2653 4235 2793 4274 nunc
2836 4222 2969 4276 vade
3014 4222 3080 4275 ad
3130 4222 3510 4278 monasterium

1937 4321 2106 4364 tuum.

2013 4402 2110 4467 Qui
2138 4408 2254 4467 post
2281 4400 2514 4469 quinque
2559 4415 2834 4470 regressus
2860 4400 2995 4466 dies,
3025 4402 3400 4471 ingressusque
3431 4389 3530 4456 Ιιιο⁴

1860 4511 1915 4574 D
1941 4494 2176 4562 gentium
2208 4493 2591 4547 monasterium
2623 4491 2966 4559 fetuinarum,
3011 4493 3062 4546 in
3092 4493 3278 4547 eodem
3322 4494 3515 4548 exinde

1941 4585 2056 4638 locti
2088 4586 2283 4637 tnansit
2305 4586 2356 4637 in
2387 4584 2515 4638 cella
2539 4600 2611 4638 ex
2644 4584 2862 4653 obliquo
2899 4584 3185 4638 habitaculi
3214 4584 3352 4638 illius
3372 4586 3513 4654 posi-

1942 4685 2012 4740 ta,
2047 4674 2100 4729 in
2127 4679 2227 4743 qua
2261 4689 2381 4728 eum
2415 4675 2581 4743 magis
2618 4676 2746 4744 ipsis
2773 4676 3045 4746 proximus
3090 4675 3380 4741 videretur,
3412 4676 3517 4731 fie-

1939 4768 2224 4838 quentibus
2248 4783 2341 4822 eas
2369 4779 2622 4837 quantum
2653 4768 2703 4822 in
2729 4771 2844 4838 ipso
2873 4778 3019 4833 erat,
3051 4770 3517 4834 emendationibus

1942 4861 2263 4930 corrigebat.
2323 4860 2464 4914 Vixit
2515 4873 2691 4915 autem
2742 4863 2874 4916 alios
2917 4862 3266 4932 quadraginta
3323 4877 3515 4927 annos,

1942 4957 2144 5006 sanctis
2171 4952 2416 5006 Patribns
2458 4967 2773 5008 asseverans
2815 4953 2956 5022 quod
2989 4970 3256 5021 nunquam
3285 4956 3422 5008 ultra
3465 4954 3527 5022 in,

1941 5060 2034 5099 cor
2065 5045 2228 5115 ipsius
2257 5047 2510 5114 cogitatio
2548 5047 2668 5099 talis
2689 5045 3010 5100 ascenderit.
3065 5047 3210 5100 llanc
3239 5062 3368 5118 ergo
3395 5048 3520 5102 bea-

1945 5143 2031 5189 tus
2063 5135 2154 5190 ille
2185 5135 2330 5190 Elias
2351 5136 2444 5191 Dei
2475 5140 2698 5206 gratiam
2732 5136 2939 5203 meruit,
2970 5146 3029 5192 ut
3057 5139 3134 5193 sic
3159 5141 3368 5210 propria
3394 5156 3520 5197 cura

1942 5228 2201 5286 muliebre
2223 5232 2606 5286 monasterium
2629 5231 2973 5301 gubernaret.

2015 5342 2152 5397 Huic
2196 5342 2437 5398 succedit
2487 5343 2784 5397 Dorntheus
2815 5343 2892 5398 vir
2942 5344 3302 5411 beatissimus,
3349 5347 3522 5413 quiin

1946 5434 2191 5490 moribus
2247 5434 2528 5489 laudabilis
2567 5435 2686 5490 vitae
2734 5437 3034 5501 consenuit,
3073 5454 3177 5491 non
3221 5437 3434 5507 quidem
3468 5439 3522 5492 in

1945 5525 2270 5582 monasterio
2299 5528 2416 5596 ipso
2438 5528 2507 5582 ita
2530 5530 2838 5584 conversari
2871 5531 3166 5600 praevalens
3190 5541 3245 5584 ut
3273 5532 3436 5596 prior,
3471 5531 3523 5586 in

1946 5619 2222 5687 superiore
2251 5627 2429 5675 tamen
2453 5635 2513 5675 se
2532 5620 2773 5677 condidit
2793 5622 2946 5687 cella,
2980 5623 3068 5678 ubi
3103 5638 3258 5678 unam
3291 5622 3419 5676 fecit
3447 5620 3524 5675 fe-

1950 5718 2182 5763 nestram
2216 5725 2278 5764 ex
2312 5725 2414 5779 qua
2449 5712 2799 5782 contemplari
2838 5711 3066 5770 feminas
3101 5716 3152 5768 in
3201 5711 3540 5779 monasterio.
