3982 6354
485 293 593 374 2‘35
1603 321 1944 378 arrenmx
1989 320 2079 377 AD
2125 321 2325 378 VITAS
2369 323 2676 382 mnum.
3657 325 3764 387 eas

488 453 585 492 suo
608 445 806 507 posset.
849 435 1018 503 Quam
1074 435 1361 491 fenestram
1416 443 1471 490 et
1498 433 1748 490 claudere
1777 446 1830 490 et
1858 451 2068 504 aperire
2098 439 2144 498 Α

486 539 864 594 consueverat,
909 531 994 583 cui
1023 527 1293 598 etjugiter
1317 526 1605 593 assidebat,
1657 526 1721 580 ad
1749 528 2069 580 unanimita-

486 633 594 678 tem
627 637 919 692 pacemque
947 635 1165 676 sorores
1191 619 1461 674 erudiens.
1492 617 1675 687 Itaque
1710 619 1763 670 in
1789 619 2070 687 superiore

485 712 576 766 illa
607 710 916 767 m0nasterii
949 719 1100 779 parte
1128 710 1430 778 consenuit,
1476 724 1594 763 cum
1618 725 1791 778 neque
1817 710 2070 765 mulieres

490 805 556 860 ad
587 804 761 876 ipsum
793 805 1102 872 ascendere,
1158 820 1331 874 neque
1371 807 1483 873 ipse
1512 807 1841 860 descendere
1890 815 2070 873 posset

490 896 557 951 ad
585 911 698 962 eas,
757 898 882 967 quia
933 912 1031 952 nec
1059 899 1216 951 scalae
1250 897 1358 950 illic
1389 911 1619 966 unquam
1649 897 1834 965 posita:
1887 904 2066 962 erant,

487 1006 583 1058 per
604 1007 735 1059 quas
765 990 1068 1060 hnjusmodi
1090 992 1333 1060 cuiquam
1387 1001 1591 1058 pateret
1619 1005 1888 1046 accessus.
1943 990 2067 1045 llarc

487 1092 571 1137 est
598 1085 736 1139 beati
761 1085 1013 1140 Dorothei
1044 1087 1096 1140 in
1125 1085 1460 1140 abstinentiae
1489 1084 1683 1139 virtute
1709 1083 1986 1151 perfectio,
2014 1093 2070 1138 et

487 1175 606 1230 linis
633 1177 956 1247 lmjusmodi.

1048 1268 1276 1324 CAPUT
1308 1267 1492 1323 XVIII.

955 1361 1066 1414 Vita
1090 1360 1353 1414 Piumonis
1381 1360 1611 1430 virginis.

553 1450 772 1506 Piamon
833 1453 1051 1506 nomine
1101 1452 1251 1522 virgo
1298 1452 1545 1521 qumdam
1587 1451 1684 1505 fuit
1731 1466 1849 1520 qua:
1879 1464 2068 1504 omnes

482 1545 654 1598 aetatis
681 1558 790 1598 sua:
820 1559 989 1598 annos
1017 1559 1138 1598 cum
1173 1552 1344 1598 matre
1409 1557 1500 1596 sua
1539 1543 1698 1608 vixit,
1763 1541 1964 1612 jugiter
1991 1549 2070 1595 ta-

489 1633 636 1687 ciens
657 1648 789 1704 opus
812 1633 928 1699 lini,
973 1645 1024 1688 et
1057 1641 1177 1701 post
1222 1633 1446 1687 alterum
1475 1647 1686 1700 semper
1733 1632 1875 1686 diem
1928 1633 2069 1685 circa

486 1740 766 1794 vesperam
807 1726 982 1779 cibum
1031 1739 1250 1780 sumens
1298 1724 1557 1791 (Pallad.,
1614 1742 1729 1794 cap.
1777 1726 1892 1794 57).
1944 1725 2069 1780 llaec

2767 433 2994 490 CAPUT
3029 433 3164 490 XIX.

2651 526 2768 581 Vita
2797 527 2990 580 abbatis
3023 525 3309 580 Pacltomii.

2247 616 2614 672 'l‘abennensis
2639 619 2879 680 nomine,
2907 618 2958 671 in
2981 617 3257 672 Thebaide
3274 618 3550 687 provincia
3572 618 3767 678 dicitur

2176 710 2348 775 locus,
2385 712 2435 763 iu
2463 725 2568 778 quo
2602 710 2922 765 Pacltomius
2945 711 3158 779 quidam
3189 710 3282 763 fuit
3329 709 3598 781 (Pallad.,
3646 729 3762 781 cap.

2173 805 2269 870 58)
2302 844 2317 868 ,
2378 805 2459 857 vir
2487 803 2662 873 justus
2723 804 2772 858 in
2817 813 3056 868 tantum,
3120 814 3176 858 ut
3223 821 3320 874 per
3375 806 3610 861 divinam
3650 823 3768 876 gra-

2177 895 2302 947 tiam
2327 895 2486 964 963
2521 905 2703 949 nosset
2734 894 2932 960 futura,
2979 904 3034 948 et
3077 895 3315 963 angelica
3356 897 3518 950 etiam
3553 898 3762 952 visione

2173 981 2459 1039 frueretur.
2497 985 2591 1039 llic
2622 986 2685 1039 ad
2736 987 3030 1055 perfectum
3063 988 3367 1042 misericors
3405 997 3460 1042 et
3491 990 3756 1043 humanus

2175 1075 2292 1141 fuit,
2326 1087 2377 1131 et
2408 1077 2752 1132 inestimabili
2792 1077 2983 1132 fratres
3005 1092 3186 1132 amore
3216 1079 3422 1132 dilexit.
3481 1079 3560 1133 Ad
3606 1095 3760 1146 quem

2176 1168 2226 1222 in
2255 1169 2511 1236 spelunca
2553 1169 2828 1224 sedentem
2859 1172 3079 1238 angelus
3121 1170 3329 1223 Domini
3357 1171 3524 1235 venit,
3578 1172 3764 1225 dicens

2179 1258 2227 1312 ei
2256 1276 2267 1310 :
2304 1259 2404 1312 Per
2433 1259 2611 1312 omnia
2659 1276 2778 1328 qua:
2833 1262 2896 1312 ad
2932 1260 3260 1328 propositum
3291 1271 3440 1315 tuum
3475 1263 3761 1329 pertinent,

2178 1350 2315 1402 scias
2343 1360 2392 1403 te
2417 1365 2537 1405 esse
2562 1352 2862 1418 perfectum
2885 1368 2899 1417 ;
2923 1352 3064 1406 unde
3087 1351 3195 1419 jam
3229 1354 3280 1406 in
3307 1353 3564 1422 spelunca
3580 1370 3766 1423 super-

2177 1441 2284 1494 fluo
2326 1441 2482 1496 sedes
2505 1484 2518 1506 ,
2551 1441 2672 1496 veni
2704 1443 2891 1512 igitur,
2945 1452 3000 1497 et
3049 1444 3233 1498 relicto
3283 1443 3384 1497 hoc
3414 1444 3553 1508 loco,
3576 1443 3767 1514 collige

2174 1549 2361 1589 omnes
2405 1534 2700 1589 monachos
2729 1535 2994 1603 juniores,
3045 1544 3100 1589 et
3128 1551 3247 1589 cum
3297 1534 3428 1601 ipsis
3475 1535 3681 1603 habita,
3716 1544 3766 1590 et

2175 1642 2267 1680 eos
2302 1627 2454 1694 juxta
2481 1628 2715 1697 regulam
2748 1628 2894 1692 vitae,
2936 1643 3095 1696 quam
3126 1643 3155 1682 a
3188 1644 3274 1684 me
3297 1630 3491 1695 disces,
3525 1631 3765 1686 institue.

2177 1719 2409 1772 Tabulas
2431 1728 2608 1773 autem
2641 1721 2712 1774 illi
2740 1737 2916 1774 aeneas
2952 1719 3120 1786 dedit,
3167 1721 3219 1774 in
3270 1722 3466 1790 quibus
3499 1721 3760 1792 scriptum

486 1832 514 1868 a
549 1816 656 1871 Deo
681 1817 1139 1885 meruitaccipere
1160 1817 1436 1871 scientiam
1460 1817 2064 1870 futurorum.Nameum
2106 1829 2146 1887 Β
2176 1810 2327 1866 erat:
2390 1811 2678 1866 Permities
2701 1813 2986 1880 unicuique
3035 1822 3093 1867 ut
3141 1825 3342 1867 tantum
3385 1824 3644 1883 quantum
3676 1828 3766 1882 po—

483 1917 620 1984 apud
666 1913 954 1985 Egyptum
986 1914 1254 1983 quondam
1312 1914 1364 1968 in
1412 1928 1639 1968 ascensu
1682 1914 1915 1967 fluminis
1963 1913 2065 1967 Nili

487 2016 670 2058 contra
701 2005 802 2059 vici
853 2004 1010 2058 unius
1037 2003 1303 2058 excidium
1330 2007 1476 2057 vicus
1500 2004 1634 2056 alter
1665 2003 1873 2056 veniret
1923 2009 2065 2073 (cum

479 2095 667 2163 grandi
701 2093 841 2148 enim
872 2095 1163 2150 certamine
1193 2095 1492 2164 partiuntur
1521 2093 1850 2162 irrigationis
1899 2094 2064 2159 vices,

481 2204 651 2257 usque
689 2191 823 2242 adeo
848 2197 905 2242 ut
947 2197 1000 2241 et
1035 2187 1100 2240 ad
1127 2187 1340 2241 vulnera
1373 2201 1469 2240 sua
1510 2195 1814 2255 mortesque
1840 2185 2068 2238 descen-

481 2280 653 2348 dant).
706 2280 838 2334 Cum
872 2280 1034 2349 igitur
1081 2276 1266 2333 fortior
1299 2278 1523 2346 populus
1563 2277 1628 2330 ad
1659 2276 1928 2331 inferioris
1961 2276 2062 2330 vici

482 2373 748 2434 homines,
781 2371 832 2424 in
855 2386 960 2441 quo
988 2379 1103 2425 erat
1134 2371 1256 2434 ista,
1281 2371 1541 2431 venisset,
1586 2383 1917 2437 numeroque
1955 2383 2066 2421 sua:

481 2464 845 2520 multitudinis
876 2465 1067 2530 ﬁdens,
1087 2472 1141 2518 et
1168 2471 1272 2516 tam
1302 2462 1621 2516 militaribus
1661 2476 1818 2528 quam
1851 2460 2066 2514 rusticis

481 2557 645 2612 armis
677 2557 990 2620 instructus,
1021 2557 1086 2610 ad
1119 2555 1452 2612 eversionem
1503 2553 1822 2622 supradicta:
1853 2567 2065 2621 posscs-

480 2651 646 2705 sionis
674 2650 974 2715 accederet,
1029 2649 1200 2702 asaitit
1247 2651 1300 2702 ei
1325 2646 1547 2716 angelus
1572 2645 1858 2699 adventum
1889 2645 2068 2698 inimi-

480 2760 662 2800 corum
691 2744 962 2808 nuntians,
995 2757 1152 2812 quem
1183 2742 1360 2795 nullus
1404 2740 1512 2794 illic
1540 2747 1748 2808 poterat
1776 2735 2063 2806 suspicari.

480 2837 629 2892 Tunc
676 2836 824 2905 virgo
854 2844 1144 2889 memorata
1177 2834 1278 2887 vici
1335 2831 1682 2903 presbyteros
1727 2831 2064 2894 convocavit,

479 2929 582 2985 hoc
609 2929 794 2983 dicens
824 2944 837 2981 :
869 2927 1030 2982 Exite
1057 2935 1112 2980 et
1137 2925 1404 2980 occurrite
1431 2926 1494 2980 iis
1524 2924 1615 2994 qui
1640 2924 1708 2980 de
1733 2923 1852 2979 vico
1881 2922 1970 2978 illo
1999 2924 2065 2978 ad

479 3022 895 3076 internecionem
927 3029 1157 3074 vestram
1189 3020 1372 3073 venire
1405 3017 1675 3082 festinant,
1706 3032 1772 3072 ac
1795 3032 1861 3072 ne
1883 3031 1988 3072 una
2011 3024 2068 3071 et

480 3113 579 3180 ipsi
601 3129 720 3166 cum
751 3111 958 3167 cellulis
980 3111 1176 3165 vestris
1219 3110 1368 3164 crede
1396 3109 1652 3178 pereatis,
1701 3106 2064 3177 deprecamini

483 3218 595 3268 eos,
621 3213 678 3257 ut
699 3205 766 3257 ab
791 3211 1045 3273 apparatu
1077 3202 1385 3256 certaminis
1422 3201 1580 3270 hujus
1609 3201 1883 3256 recedant.

553 3296 792 3364 Cumque
819 3292 1110 3365 presbyteri
1148 3293 1435 3347 admodum
1460 3293 1525 3346 ad
1551 3293 1665 3346 hree
1689 3292 1825 3347 dicta
1858 3291 2068 3346 timuis-

485 3399 626 3455 sent,
663 3390 813 3456 proni
863 3389 929 3442 ad
975 3387 1140 3456 pedes
1169 3386 1385 3448 eadunt.
1418 3395 1669 3455 rogantes
1716 3400 1857 3455 eam,
1908 3394 2069 3454 atque

484 3483 760 3536 dicentes:
813 3481 944 3546 Quia
1005 3494 1102 3534 nos
1152 3494 1256 3533 non
1301 3478 1560 3534 audemus
1609 3479 1689 3534 eis
1752 3493 2065 3543 occurrere;

489 3574 691 3629 scimus
718 3576 858 3629 enim
899 3583 954 3628 et
1005 3573 1293 3627 ebrietates
1322 3587 1530 3635 eorum,
1575 3580 1630 3625 et
1657 3569 1935 3624 audaciam
1963 3585 2067 3623 non

485 3665 778 3720 'erendam.
812 3664 916 3721 Sed
962 3665 1097 3719 adde
1154 3663 1257 3718 hoc
1306 3662 2070 3736 quoqueninquiunt,miseri-

484 3759 682 3814 cordia:
713 3769 838 3824 tum,
866 3774 1024 3825 supra
1052 3772 1264 3811 omnem
1297 3756 1437 3810 hunc
1467 3755 1554 3825 qui
1583 3757 1760 3810 tremit
1791 3755 1983 3821 vicum,
2019 3764 2072 3810 ct

481 3867 644 3919 super
693 3851 848 3905 istam
893 3865 1106 3921 quoque
1165 3848 1542 3903 domunculam
1599 3857 1764 3914 tuam,
1821 3856 1873 3902 et
1900 3848 2069 3916 magis

483 3944 595 4010 ipsa
631 3942 950 4009 progredere
971 3956 1129 4012 atque
1153 3956 1375 3996 occurre
1399 3939 1753 4006 venientibus,
1787 3940 2071 4008 locumque

486 4033 647 4087 istum
678 4033 839 4086 redde
867 4042 1132 4099 pacatum.
1193 4035 1263 4087 At
1317 4033 1408 4086 illa
1438 4033 1537 4086 hoc
1568 4031 1782 4101 quidem
1813 4046 1870 4086 se
1899 4032 2073 4086 factu-

494 4141 608 4178 ram
643 4126 884 4194 negavit;
918 4125 1160 4178 ascendit
1189 4133 1363 4178 tamen
1397 4124 1635 4192 protinus
1658 4123 1934 4192 superiora
1977 4125 2073 4176 do-

488 4231 608 4272 mus
632 4217 884 4286 ιποιιτίιιδ,
932 4227 986 4271 et
1008 4226 1116 4270 tota
1149 4217 1255 4269 illic
1278 4225 1433 4269 nocte
1463 4215 1515 4268 in
1548 4216 1799 4270 continua
1827 4214 2071 4269 oratione

491 4309 809 4379 permansit,
853 4323 920 4361 ne
948 4322 1118 4378 genua
1148 4307 1364 4376 quidem
1392 4305 1636 4372 flectens,
1659 4315 1819 4376 atque
1843 4309 1937 4361 has
1964 4307 2070 4359 Do-

489 4401 639 4455 mino
669 4414 860 4468 preces
886 4399 1073 4454 ell'udit
1106 4417 1120 4452 :
1156 4399 1380 4454 Domine
1407 4397 1623 4468 (inquit)
1650 4397 1812 4462 Deus,
1845 4399 1935 4466 qui
1956 4413 2071 4452 om-

490 4507 611 4546 nem
627 4491 832 4560 judicas
856 4501 1072 4557 terram,
1097 4490 1181 4546 cui
1207 4489 1335 4544 nihil
1354 4503 1586 4559 unquam
1605 4489 1776 4559 placet
1793 4491 2068 4560 injustum,

2173 1905 2274 1958 scit
2313 1913 2368 1958 et
2387 1905 2494 1960 cibi
2519 1914 2697 1959 sumat
2721 1916 2776 1960 et
2797 1913 2956 1974 putus
2982 1946 2996 1970 ,
3045 1915 3098 1962 et
3126 1906 3278 1974 juxta
3328 1907 3765 1961 manducantium

2175 2006 2227 2050 et
2250 1997 2546 2050 bibentium
2564 1997 2702 2052 vires
2722 1997 2936 2066 paribus
2956 2013 3167 2068 quoque
3187 1997 3441 2065 operibus
3463 2013 3558 2054 eos
3581 1999 3766 2066 subju-

2167 2087 2339 2156 gabis,
2374 2097 2428 2142 et
2459 2104 2634 2158 neque
2677 2105 2993 2159 quemquam
3030 2089 3291 2159 jejunare,
3327 2104 3505 2159 neque
3537 2090 3766 2144 mandu-

2169 2194 2294 2234 care
2325 2179 2631 2247 prohibebis
2665 2197 2678 2235 :
2717 2182 2784 2234 ita
2817 2191 3018 2244 tamen,
3049 2189 3107 2234 ut
3155 2179 3465 2235 fortioribus
3516 2190 3570 2235 et
3599 2181 3765 2250 magis

2177 2271 2456 2326 edentibus
2486 2287 2700 2339 seinter
2722 2288 2856 2342 opus
2881 2277 3096 2342 gravius
3126 2272 3406 2341 injungas;
3441 2270 3765 2325 infirmiau-

2178 2375 2286 2416 tem
2313 2372 2368 2418 et
2395 2381 2518 2418 vere
2541 2364 2787 2418 monachi
2811 2363 2875 2418 ad
2901 2364 3228 2433 operandam
3253 2363 3427 2417 levius
3452 2373 3764 2432 urgeantur.

2174 2457 2424 2510 Diversas
2445 2465 2621 2509 autem
2646 2458 2787 2510 intra
2815 2459 3007 2509 atrium
3031 2455 3222 2509 domus
3243 2454 3466 2509 cellulas
3485 2455 3677 2522 facies,
3709 2464 3762 2509 et

2171 2555 2360 2601 ternos
2393 2563 2489 2617 per
2519 2546 2755 2620 singulas
2785 2563 3004 2602 manere
3035 2547 3335 2617 praecipies.
3370 2546 3425 2601 In
3451 2563 3559 2601 uno
3586 2555 3764 2600 tamen

2172 2637 2290 2693 Ioco
2318 2639 2468 2693 cibus
2485 2640 2728 2693 omnium
2762 2640 2873 2694 fiat.
2927 2641 3186 2694 SOIlllllIIll
3214 2653 3344 2694 vero
3386 2640 3604 2706 capiant
3657 2655 3764 2694 non

2170 2732 2435 2801 iacentes,
2473 2731 2566 2787 sed
2609 2748 2773 2802 super
2806 2734 3094 2789 instructas
3124 2742 3179 2788 et
3218 2733 3492 2802 paululum
3525 2732 3761 2788 reclines

2177 2824 2486 2892 cathedras,
2524 2833 2579 2878 et
2608 2825 2813 2880 velatas
2848 2827 3024 2896 palliis
3053 2825 3166 2880 suis
3196 2826 3444 2880 sedentes
3463 2825 3763 2894 quiescant.

2177 2918 2406 2974 Utantur
2426 2927 2604 2974 autem
2636 2920 2883 2976 noctibus
2913 2920 3070 2976 line's
3101 2923 3341 2976 vestibus
3390 2922 3547 2990 (quas
3572 2922 3765 2976 levite-

2173 3029 2268 3069 nas
2295 3015 2513 3084 Vocant)
2541 3015 2728 3080 cincti,
2757 3027 2810 3070 et
2842 3017 3037 3086 smguli
3068 3019 3266 3087 quique
3311 3033 3498 3072 eotum
3530 3018 3764 3087 pellibus

2173 3104 2408 3175 caprinis
2427 3106 2564 3160 bene
2599 3105 2860 3161 confectis
2912 3117 3177 3176 tegantur.
3229 3108 3377 3176 Quas
3422 3110 3615 3177 pelles,
3667 3124 3766 3164 nec

2096 3205 2138 3266 ρ
2172 3207 2297 3253 tunc
2317 3212 2532 3268 quoque
2567 3213 2686 3252 cum
2719 3199 2983 3253 voluerint
3031 3200 3209 3254 cibum
3241 3214 3435 3270 capere
3464 3201 3550 3256 vel
3604 3216 3754 3256 som-

2171 3303 2325 3354 num,
2383 3289 2680 3356 deponant.
2733 3290 2957 3356 Quando
3002 3301 3181 3346 autem
3213 3291 3280 3345 ad
3327 3293 3764 3348 communionem

2183 3380 2404 3435 Sabhati
2429 3380 2515 3435 vel
2551 3381 2813 3437 Dominici
2843 3381 2948 3437 diei
2969 3383 3362 3452 ingrediuntur,
3400 3385 3768 3456 unusquisque

2174 3485 2328 3525 suum
2360 3471 2630 3540 cingulum
2659 3472 2853 3538 solvat,
2909 3474 3214 3543 pellemque
3243 3475 3499 3544 deponat.
3532 3487 3589 3530 et
3643 3491 3765 3530 cum

2172 3563 2385 3617 cucullo
2410 3572 2613 3618 tantum
2635 3563 2984 3633 ingrediatur.
3008 3563 3256 3619 Cucullos
3273 3573 3449 3619 autem
3480 3565 3628 3634 ipsos
3654 3565 3700 3619 si
3739 3580 3768 3620 θ

2172 3656 2301 3710 villo
2323 3657 2574 3723 parvulos
2594 3657 2729 3720 fieri,
2763 3665 2818 3710 ut
2849 3656 3139 3711 infantibus
3157 3657 3456 3724 ordinavit;
3491 3658 3545 3712 in
3571 3659 3766 3728 quibus

2173 3765 2228 3809 et
2257 3754 2500 3824 quaedam
2532 3754 2682 3824 signa
2725 3754 2792 3808 de
2823 3769 3052 3823 purpura
3099 3755 3224 3809 fecit
3256 3757 3442 3809 intexi.
3486 3754 3658 3809 Jussit
3686 3754 3765 3808 vi-

2174 3846 2306 3914 ginti
2330 3855 2559 3915 quatuor
2591 3860 2713 3900 esse
2743 3846 2962 3901 ordines
2984 3849 3226 3908 fratrum,
3250 3849 3398 3915 juxta
3431 3848 3620 3918 viginti
3645 3862 3765 3918 qua-

2177 3951 2295 3993 tuor
2322 3953 2604 3992 numerum
2631 3938 2961 4002 lttterarum;
2995 3950 3048 3993 et
3067 3940 3359 4009 unicuique
3377 3941 3554 3994 ordini
3579 3955 3768 4010 super-

2185 4030 2362 4099 posuit
2396 4030 2624 4085 litteram
2655 4028 2896 4085 Grzecam
2921 4031 2988 4084 ab
3022 4032 3216 4100 Alpha,
3250 4041 3304 4086 et
3328 4032 3479 4099 Beta,
3518 4031 3766 4101 Gamma,

2179 4124 2358 4191 Delta,
2382 4135 2437 4180 et
2465 4125 2677 4179 catteris
2706 4140 2873 4194 usque
2900 4126 3122 4196 Omega.

2249 4217 2383 4270 Dum
2430 4217 2592 4284 igitur
2646 4216 3004 4285 interrogaret
3045 4228 3260 4273 sanctus
3307 4218 3656 4287 Pachomitts,
3713 4230 3765 4274 et

2176 4306 2229 4360 in
2275 4317 2422 4362 tanta
2475 4307 2818 4364 multitudine
2867 4310 3199 4379 singulorum
3251 4313 3548 4380 requireret
3579 4312 3765 4378 vitam,

2176 4399 2394 4454 dicebat
2441 4400 2680 4455 secundo
2731 4402 2804 4454 illi
2850 4402 2939 4471 qui
2981 4410 3098 4456 erat
3132 4403 3184 4456 in
3231 4419 3330 4458 suo
3377 4403 3570 4459 ordine
3601 4406 3765 4474 prior,

2179 4491 2633 4560 quemadmodum
2665 4508 2724 4547 se
2756 4493 2920 4546 habet
2964 4495 3170 4563 Alpha,
3201 4497 3282 4548 vel
3313 4497 3584 4563 quomodo
3613 4496 3769 4549 habet

489 4582 745 4638 ascendat
777 4583 840 4637 ad
873 4594 924 4639 te
944 4584 1114 4638 oratio
1140 4597 1281 4645 mea,
1333 4590 1386 4637 et
1437 4582 1688 4636 adveniat
1734 4584 1908 4636 virtus
1957 4593 2065 4646 tua,
2102 4588 2147 4646 Ι)
2179 4583 2338 4638 Beta?
2382 4585 2446 4638 Et
2478 4585 2669 4638 iterum
2705 4601 2717 4637 :
2752 4585 2934 4640 Saluta
2969 4586 3133 4640 Zetha
3169 4587 3252 4642 vel
3294 4588 3471 4657 Lapda
3507 4606 3523 4642 τ
3569 4605 3763 4644 unum-

489 4692 605 4744 qua:
636 4675 687 4729 in
710 4675 975 4730 excidium
1009 4684 1248 4730 nostrum
1272 4682 1486 4727 ruentes
1510 4673 1561 4727 in
1593 4688 1659 4728 eo
1683 4673 1816 4743 ipso,
1882 4674 1938 4727 in
1962 4690 2069 4744 quo

501 4766 606 4824 illis
640 4768 938 4822 occurrerit
962 4767 1102 4832 loco,
1131 4765 1295 4820 veluti
1326 4765 1597 4820 clavorum
1625 4764 1876 4822 affixione
1904 4767 2072 4821 conli-

489 4877 585 4916 χοε
606 4865 894 4916 contineat.

565 4953 675 5006 lloe
699 4969 826 5022 ergo
850 4967 1118 5015 sermone,
1154 4959 1208 5005 et
1240 4950 1336 5004 hac
1366 4950 1612 5005 oratione
1635 4951 1924 5019 completa,
1974 4951 2075 5004 ho-

493 5057 602 5102 stes
624 5062 807 5100 eorum
838 5047 891 5099 in
927 5047 1082 5100 tertio
1107 5045 1219 5112 jam
1252 5045 1353 5098 vici
1385 5043 1565 5112 lapide
1595 5044 1889 5105 constituti,
1931 5044 2071 5098 circi

491 5155 717 5211 primam
749 5142 932 5192 horam
956 5139 1060 5193 diei
1091 5141 1159 5192 ita
1190 5141 1242 5192 in
1274 5148 1577 5192 memorato
1624 5139 1897 5192 haeserunt
1937 5139 2073 5202 loco,

495 5242 553 5286 ut
585 5245 799 5300 prorsus
829 5232 1030 5285 moveri
1055 5230 1177 5284 inde
1210 5246 1313 5285 non
1346 5240 1587 5301 possent.
1645 5231 1756 5285 Iloc
1791 5239 1969 5284 autem
2026 5242 2079 5285 et

495 5325 628 5394 ipsis
650 5322 975 5378 revelatione
1005 5324 1325 5392 patefactum
1358 5333 1460 5388 est,
1493 5322 1634 5394 quod
1659 5323 1961 5378 molitiones
1985 5339 2076 5378 eo-

493 5429 610 5468 rum
647 5415 918 5468 orationes
965 5425 1273 5470 memorata:
1297 5416 1515 5486 virginis
1550 5415 1920 5485 impedissent.
1951 5416 2071 5470 Mox

491 5510 672 5576 itaque
713 5507 1030 5577 quibusdam
1084 5509 1151 5564 de
1188 5509 1304 5564 suis
1352 5510 1417 5563 ad
1445 5510 1621 5563 vicum
1665 5509 1833 5579 ipsius
1862 5509 2062 5575 missis,

490 5599 758 5668 postulant
780 5612 987 5669 pacem,
1011 5600 1110 5654 ista
1143 5600 1498 5656 mandantes:
1531 5599 1742 5656 Gratias
1773 5602 1883 5656 Deo
1909 5601 2071 5671 agite,

490 5693 576 5762 qui
617 5708 711 5747 Vos
741 5692 1073 5748 orationibus
1104 5694 1374 5751 Piamonis
1402 5695 1622 5767 virginis
1651 5697 1718 5755 ab
1749 5696 1961 5754 excidio
1985 5713 2073 5754 ve-

491 5797 613 5844 strae
642 5789 998 5859 p..~ssessionis
1021 5790 1231 5847 ηνετιὶι.

2178 4694 2446 4748 quemque
2470 4688 2650 4734 autem
2685 4697 2750 4735 ex
2782 4683 2999 4751 proprio
3025 4683 3179 4751 signo
3208 4694 3262 4737 et
3287 4685 3548 4740 vocabulo
3577 4684 3765 4739 litterae

2182 4773 2508 4842 requirebat.
2565 4774 2630 4827 Et
2670 4774 3090 4842 simplicioribus
3145 4775 3362 4844 quidem
3411 4777 3764 4846 perfectisque

2180 4866 2678 4936 monachis,inquit
2724 4867 2968 4936 angelus,
3015 4868 3140 4922 Iota:
3174 4869 3363 4921 littera:
3409 4885 3641 4933 nomen,
3669 4870 3765 4922 du-

2188 4957 2419 5012 rioribus
2475 4969 2652 5012 autem
2711 4972 2772 5010 ac
2818 4957 3214 5013 difficilioribus
3246 4958 3313 5013 Xi
3343 4959 3535 5014 littera:
3575 4973 3764 5014 nomen

2184 5047 2452 5115 impones.
2507 5048 2689 5117 Itaque
2741 5049 3023 5116 unicuique
3071 5050 3246 5103 ordini
3295 5049 3428 5104 tales
3466 5049 3763 5104 vocabulo-

2176 5153 2295 5192 rum
2339 5139 2612 5208 imprimes
2643 5154 2830 5205 noras,
2864 5147 2922 5193 ut
2944 5155 3122 5195 mores
3152 5156 3249 5210 per
3283 5156 3378 5196 eas
3401 5140 3757 5210 significentur

2176 5231 2500 5286 animorum.
2531 5231 2642 5286 Soli
2676 5240 2852 5287 tamen
2882 5234 3153 5301 sjtiritales
3184 5242 3446 5288 noverant
3476 5234 3600 5298 viri,
3637 5249 3760 5301 qua-

2183 5324 2287 5377 lem
2317 5323 2595 5393 supposita
2623 5324 2890 5379 elementa
2923 5324 3082 5379 vitam
3104 5327 3186 5380 sui
3209 5325 3415 5380 ordinis
3439 5324 3677 5380 indicare
3691 5324 3759 5378 vi-

2179 5416 2431 5471 deantur.

2250 5507 2522 5580 Scriptum
2555 5521 2734 5564 autem
2770 5511 2872 5565 hoc
2901 5512 2951 5566 in
2982 5512 3178 5566 tabulis
3209 5512 3339 5580 ipsis
3362 5520 3512 5566 erat:
3542 5511 3598 5566 Si
3628 5511 3760 5578 quis,

2181 5601 2370 5671 inquit,
2389 5603 2454 5657 de
2472 5603 2577 5657 alio
2598 5605 2926 5659 monasterio
2951 5606 3262 5674 peregrinus
3289 5604 3585 5667 advenerit,
3610 5605 3762 5656 aliam

2180 5693 2416 5760 regulam
2468 5707 2720 5762 sequens,
2754 5710 2852 5750 nec
2885 5688 3174 5752 manducet
3238 5711 3358 5750 cum
3386 5695 3492 5751 illis
3519 5695 3641 5759 iste,
3670 5705 3762 5747 nec

2183 5803 2362 5864 petet,
2417 5811 2588 5865 neque
2643 5797 2692 5850 in
2748 5797 3083 5853 mansionem
3136 5811 3321 5854 eorum
3378 5793 3759 5857 introducunt.
