  <div class='ocr_page' id='page_1' title='image "/cluster/home/n/w/nwhite01/storage/ocr_20150623/74/hvd.32044015469372/158.png"; bbox 0 0 3982 6354; ppageno 0'>
   <div class='ocr_carea' id='block_1_1' title="bbox 249 302 359 366">
    <p class='ocr_par' dir='ltr' id='par_1_1' title="bbox 249 302 359 366">
     <span class='ocr_line' id='line_1_1' title="bbox 249 302 359 366; baseline -0.009 0"><span class='ocrx_word' id='word_1_1' title='bbox 249 302 359 366; x_wconf 68' lang='lat'><strong>291</strong></span> 
     </span>
    </p>
   </div>
   <div class='ocr_carea' id='block_1_2' title="bbox 1454 300 2315 368">
    <p class='ocr_par' dir='ltr' id='par_1_2' title="bbox 1454 300 2315 368">
     <span class='ocr_line' id='line_1_2' title="bbox 1454 300 2315 368; baseline 0.003 -3"><span class='ocrx_word' id='word_1_2' title='bbox 1454 300 1868 368; x_wconf 67' lang='lat' dir='ltr'><strong>HERACLIDIS</strong></span> <span class='ocrx_word' id='word_1_3' title='bbox 1906 311 2315 368; x_wconf 79' lang='lat' dir='ltr'><strong>PARADISUS.</strong></span> 
     </span>
    </p>
   </div>
   <div class='ocr_carea' id='block_1_3' title="bbox 3409 306 3519 376">
    <p class='ocr_par' dir='ltr' id='par_1_3' title="bbox 3409 306 3519 376">
     <span class='ocr_line' id='line_1_3' title="bbox 3409 306 3519 376; baseline 0.027 -3"><span class='ocrx_word' id='word_1_4' title='bbox 3409 306 3519 376; x_wconf 70' lang='lat' dir='ltr'><strong>sati</strong></span> 
     </span>
    </p>
   </div>
   <div class='ocr_carea' id='block_1_4' title="bbox 248 402 3512 498">
    <p class='ocr_par' dir='ltr' id='par_1_4' title="bbox 248 402 3512 498">
     <span class='ocr_line' id='line_1_4' title="bbox 248 402 3512 498; baseline 0.003 -20"><span class='ocrx_word' id='word_1_5' title='bbox 248 402 357 479; x_wconf 80' lang='lat' dir='ltr'><strong>nisi</strong></span> <span class='ocrx_word' id='word_1_6' title='bbox 405 406 544 478; x_wconf 80' lang='lat' dir='ltr'><strong>forte</strong></span> <span class='ocrx_word' id='word_1_7' title='bbox 599 422 652 477; x_wconf 92' lang='lat' dir='ltr'><strong>in</strong></span> <span class='ocrx_word' id='word_1_8' title='bbox 693 418 883 477; x_wconf 78' lang='lat' dir='ltr'><strong>itinere</strong></span> <span class='ocrx_word' id='word_1_9' title='bbox 926 422 1127 478; x_wconf 81' lang='lat' dir='ltr'><strong>eisdem</strong></span> <span class='ocrx_word' id='word_1_10' title='bbox 1163 421 1320 477; x_wconf 88' lang='lat' dir='ltr'><strong>fuerit</strong></span> <span class='ocrx_word' id='word_1_11' title='bbox 1363 423 1670 493; x_wconf 75' lang='lat' dir='ltr'><strong>adjunctus.</strong></span> <span class='ocrx_word' id='word_1_12' title='bbox 1714 424 1841 490; x_wconf 83' lang='lat' dir='ltr'><strong>Qui-</strong></span> <span class='ocrx_word' id='word_1_13' title='bbox 1865 427 1916 485; x_wconf 75' lang='grc' dir='ltr'>Α</span> <span class='ocrx_word' id='word_1_14' title='bbox 1943 426 2264 493; x_wconf 68' lang='lat' dir='ltr'><strong>praebentes,</strong></span> <span class='ocrx_word' id='word_1_15' title='bbox 2295 425 2476 497; x_wconf 87' lang='lat' dir='ltr'><strong>[etqui</strong></span> <span class='ocrx_word' id='word_1_16' title='bbox 2510 441 2633 482; x_wconf 72' lang='lat' dir='ltr'><strong>suos</strong></span> <span class='ocrx_word' id='word_1_17' title='bbox 2662 428 2821 483; x_wconf 86' lang='lat' dir='ltr'><strong>etiam</strong></span> <span class='ocrx_word' id='word_1_18' title='bbox 2866 429 3173 496; x_wconf 62' lang='lat' dir='ltr'><strong>pascebant.</strong></span> <span class='ocrx_word' id='word_1_19' title='bbox 3209 431 3359 498; x_wconf 87' lang='lat' dir='ltr'><strong>Quod</strong></span> <span class='ocrx_word' id='word_1_20' title='bbox 3389 449 3512 489; x_wconf 85' lang='lat' dir='ltr'><strong>cum</strong></span> 
     </span>
    </p>
   </div>
   <div class='ocr_carea' id='block_1_5' title="bbox 245 512 1835 589">
    <p class='ocr_par' dir='ltr' id='par_1_5' title="bbox 245 512 1835 589">
     <span class='ocr_line' id='line_1_5' title="bbox 245 512 1835 589; baseline -0.003 -14"><span class='ocrx_word' id='word_1_21' title='bbox 245 514 469 589; x_wconf 86' lang='lat' dir='ltr'><strong>cunque</strong></span> <span class='ocrx_word' id='word_1_22' title='bbox 496 532 626 572; x_wconf 89' lang='lat' dir='ltr'><strong>vero</strong></span> <span class='ocrx_word' id='word_1_23' title='bbox 650 512 848 572; x_wconf 72' lang='lat' dir='ltr'><strong>idtii‘CO</strong></span> <span class='ocrx_word' id='word_1_24' title='bbox 874 516 939 571; x_wconf 88' lang='lat' dir='ltr'><strong>ad</strong></span> <span class='ocrx_word' id='word_1_25' title='bbox 973 531 1067 570; x_wconf 83' lang='lat' dir='ltr'><strong>ros</strong></span> <span class='ocrx_word' id='word_1_26' title='bbox 1095 514 1252 569; x_wconf 87' lang='lat' dir='ltr'><strong>fuerit</strong></span> <span class='ocrx_word' id='word_1_27' title='bbox 1290 516 1584 586; x_wconf 85' lang='lat' dir='ltr'><strong>ingressus,</strong></span> <span class='ocrx_word' id='word_1_28' title='bbox 1618 523 1673 571; x_wconf 91' lang='lat' dir='ltr'><strong>ut</strong></span> <span class='ocrx_word' id='word_1_29' title='bbox 1714 530 1835 570; x_wconf 92' lang='lat' dir='ltr'><strong>cum</strong></span> 
     </span>
    </p>
   </div>
   <div class='ocr_carea' id='block_1_6' title="bbox 247 606 1836 681">
    <p class='ocr_par' dir='ltr' id='par_1_6' title="bbox 247 606 1836 681">
     <span class='ocr_line' id='line_1_6' title="bbox 247 606 1836 681; baseline -0.001 -16"><span class='ocrx_word' id='word_1_30' title='bbox 247 613 384 680; x_wconf 86' lang='lat' dir='ltr'><strong>ipsis</strong></span> <span class='ocrx_word' id='word_1_31' title='bbox 420 621 751 681; x_wconf 88' lang='lat' dir='ltr'><strong>permaneat,</strong></span> <span class='ocrx_word' id='word_1_32' title='bbox 784 626 888 665; x_wconf 88' lang='lat' dir='ltr'><strong>nou</strong></span> <span class='ocrx_word' id='word_1_33' title='bbox 918 606 1069 664; x_wconf 91' lang='lat' dir='ltr'><strong>illum</strong></span> <span class='ocrx_word' id='word_1_34' title='bbox 1102 609 1205 664; x_wconf 90' lang='lat' dir='ltr'><strong>nisi</strong></span> <span class='ocrx_word' id='word_1_35' title='bbox 1245 608 1459 662; x_wconf 89' lang='lat' dir='ltr'><strong>triennii</strong></span> <span class='ocrx_word' id='word_1_36' title='bbox 1488 618 1696 678; x_wconf 79' lang='lat' dir='ltr'><strong>tempus</strong></span> <span class='ocrx_word' id='word_1_37' title='bbox 1737 610 1836 663; x_wconf 92' lang='lat' dir='ltr'><strong>im-</strong></span> 
     </span>
    </p>
   </div>
   <div class='ocr_carea' id='block_1_7' title="bbox 248 698 1836 777">
    <p class='ocr_par' dir='ltr' id='par_1_7' title="bbox 248 698 1836 777">
     <span class='ocr_line' id='line_1_7' title="bbox 248 698 1836 777; baseline 0.001 -22"><span class='ocrx_word' id='word_1_38' title='bbox 248 699 501 777; x_wconf 86' lang='lat' dir='ltr'><strong>pleverit,</strong></span> <span class='ocrx_word' id='word_1_39' title='bbox 551 698 605 758; x_wconf 83' lang='lat' dir='ltr'><strong>in</strong></span> <span class='ocrx_word' id='word_1_40' title='bbox 646 703 759 757; x_wconf 75' lang='lat' dir='ltr'><strong>loCa</strong></span> <span class='ocrx_word' id='word_1_41' title='bbox 792 704 1105 757; x_wconf 83' lang='lat' dir='ltr'><strong>monasterii</strong></span> <span class='ocrx_word' id='word_1_42' title='bbox 1136 707 1424 759; x_wconf 82' lang='lat' dir='ltr'><strong>secretiora</strong></span> <span class='ocrx_word' id='word_1_43' title='bbox 1453 706 1698 774; x_wconf 86' lang='lat' dir='ltr'><strong>recipies.</strong></span> <span class='ocrx_word' id='word_1_44' title='bbox 1730 702 1836 759; x_wconf 89' lang='lat' dir='ltr'><strong>Sed</strong></span> 
     </span>
    </p>
   </div>
   <div class='ocr_carea' id='block_1_8' title="bbox 242 788 1831 864">
    <p class='ocr_par' dir='ltr' id='par_1_8' title="bbox 242 788 1831 864">
     <span class='ocr_line' id='line_1_8' title="bbox 242 788 1831 864; baseline -0.001 -15"><span class='ocrx_word' id='word_1_45' title='bbox 242 809 373 849; x_wconf 87' lang='lat' dir='ltr'><strong>cum</strong></span> <span class='ocrx_word' id='word_1_46' title='bbox 399 788 549 864; x_wconf 88' lang='lat' dir='ltr'><strong>prius</strong></span> <span class='ocrx_word' id='word_1_47' title='bbox 578 808 672 863; x_wconf 90' lang='lat' dir='ltr'><strong>per</strong></span> <span class='ocrx_word' id='word_1_48' title='bbox 698 788 989 848; x_wconf 85' lang='lat' dir='ltr'><strong>triennium</strong></span> <span class='ocrx_word' id='word_1_49' title='bbox 1024 803 1190 847; x_wconf 92' lang='lat' dir='ltr'><strong>totum</strong></span> <span class='ocrx_word' id='word_1_50' title='bbox 1219 795 1539 850; x_wconf 89' lang='lat' dir='ltr'><strong>laboriosius</strong></span> <span class='ocrx_word' id='word_1_51' title='bbox 1569 811 1703 863; x_wconf 81' lang='lat' dir='ltr'><strong>Opus</strong></span> <span class='ocrx_word' id='word_1_52' title='bbox 1732 794 1831 848; x_wconf 88' lang='lat' dir='ltr'><strong>du-</strong></span> 
     </span>
    </p>
   </div>
   <div class='ocr_carea' id='block_1_9' title="bbox 245 880 1836 956">
    <p class='ocr_par' dir='ltr' id='par_1_9' title="bbox 245 880 1836 956">
     <span class='ocr_line' id='line_1_9' title="bbox 245 880 1836 956; baseline 0 -16"><span class='ocrx_word' id='word_1_53' title='bbox 245 886 474 956; x_wconf 84' lang='lat' dir='ltr'><strong>riusque</strong></span> <span class='ocrx_word' id='word_1_54' title='bbox 511 884 813 955; x_wconf 88' lang='lat' dir='ltr'><strong>perfecerit,</strong></span> <span class='ocrx_word' id='word_1_55' title='bbox 846 892 972 939; x_wconf 89' lang='lat' dir='ltr'><strong>tunc</strong></span> <span class='ocrx_word' id='word_1_56' title='bbox 1020 893 1295 955; x_wconf 87' lang='lat' dir='ltr'><strong>receptum</strong></span> <span class='ocrx_word' id='word_1_57' title='bbox 1344 880 1668 942; x_wconf 84' lang='lat' dir='ltr'><strong>intrinsecus</strong></span> <span class='ocrx_word' id='word_1_58' title='bbox 1713 882 1836 942; x_wconf 83' lang='lat' dir='ltr'><strong>eum</strong></span> 
     </span>
    </p>
   </div>
   <div class='ocr_carea' id='block_1_10' title="bbox 241 975 1565 1055">
    <p class='ocr_par' dir='ltr' id='par_1_10' title="bbox 241 975 1565 1055">
     <span class='ocr_line' id='line_1_10' title="bbox 241 975 1565 1055; baseline -0.004 -24"><span class='ocrx_word' id='word_1_59' title='bbox 241 975 358 1049; x_wconf 88' lang='lat' dir='ltr'><strong>jam</strong></span> <span class='ocrx_word' id='word_1_60' title='bbox 390 991 514 1035; x_wconf 87' lang='lat' dir='ltr'><strong>esse</strong></span> <span class='ocrx_word' id='word_1_61' title='bbox 543 975 843 1054; x_wconf 76' lang='lat' dir='ltr'><strong>permittes.</strong></span> <span class='ocrx_word' id='word_1_62' title='bbox 1562 1052 1565 1055; x_wconf 12' lang='grc' dir='ltr'>ν</span> 
     </span>
    </p>
   </div>
   <div class='ocr_carea' id='block_1_11' title="bbox 325 1062 1843 1139">
    <p class='ocr_par' dir='ltr' id='par_1_11' title="bbox 325 1062 1843 1139">
     <span class='ocr_line' id='line_1_11' title="bbox 325 1062 1843 1139; baseline -0.001 -15"><span class='ocrx_word' id='word_1_63' title='bbox 325 1064 559 1125; x_wconf 84' lang='lat' dir='ltr'><strong>Edentes</strong></span> <span class='ocrx_word' id='word_1_64' title='bbox 606 1062 831 1125; x_wconf 78' lang='lat' dir='ltr'><strong>cucullis</strong></span> <span class='ocrx_word' id='word_1_65' title='bbox 858 1067 1040 1139; x_wconf 82' lang='lat' dir='ltr'><strong>capita</strong></span> <span class='ocrx_word' id='word_1_66' title='bbox 1068 1078 1161 1123; x_wconf 89' lang='lat' dir='ltr'><strong>sua</strong></span> <span class='ocrx_word' id='word_1_67' title='bbox 1194 1068 1392 1137; x_wconf 79' lang='lat' dir='ltr'><strong>velent,</strong></span> <span class='ocrx_word' id='word_1_68' title='bbox 1426 1083 1493 1123; x_wconf 88' lang='lat' dir='ltr'><strong>ne</strong></span> <span class='ocrx_word' id='word_1_69' title='bbox 1520 1068 1655 1124; x_wconf 92' lang='lat' dir='ltr'><strong>alter</strong></span> <span class='ocrx_word' id='word_1_70' title='bbox 1687 1083 1843 1123; x_wconf 57' lang='lat' dir='ltr'><strong>mana-</strong></span> 
     </span>
    </p>
   </div>
   <div class='ocr_carea' id='block_1_12' title="bbox 241 1150 1844 1237">
    <p class='ocr_par' dir='ltr' id='par_1_12' title="bbox 241 1150 1844 1237">
     <span class='ocr_line' id='line_1_12' title="bbox 241 1150 1844 1237; baseline -0.004 -12"><span class='ocrx_word' id='word_1_71' title='bbox 241 1167 539 1225; x_wconf 84' lang='lat' dir='ltr'><strong>ducantem</strong></span> <span class='ocrx_word' id='word_1_72' title='bbox 570 1156 796 1222; x_wconf 89' lang='lat' dir='ltr'><strong>alterum</strong></span> <span class='ocrx_word' id='word_1_73' title='bbox 836 1165 1053 1220; x_wconf 86' lang='lat' dir='ltr'><strong>fratrem</strong></span> <span class='ocrx_word' id='word_1_74' title='bbox 1104 1165 1348 1235; x_wconf 81' lang='lat' dir='ltr'><strong>aspiciat.</strong></span> <span class='ocrx_word' id='word_1_75' title='bbox 1397 1165 1507 1221; x_wconf 84' lang='lat' dir='ltr'><strong>Nec</strong></span> <span class='ocrx_word' id='word_1_76' title='bbox 1555 1167 1697 1237; x_wconf 84' lang='lat' dir='ltr'><strong>loqui</strong></span> <span class='ocrx_word' id='word_1_77' title='bbox 1729 1150 1844 1220; x_wconf 88' lang='lat' dir='ltr'><strong>cui-</strong></span> 
     </span>
    </p>
   </div>
   <div class='ocr_carea' id='block_1_13' title="bbox 242 1254 1838 1330">
    <p class='ocr_par' dir='ltr' id='par_1_13' title="bbox 242 1254 1838 1330">
     <span class='ocr_line' id='line_1_13' title="bbox 242 1254 1838 1330; baseline -0.002 -19"><span class='ocrx_word' id='word_1_78' title='bbox 242 1272 413 1330; x_wconf 85' lang='lat' dir='ltr'><strong>quam</strong></span> <span class='ocrx_word' id='word_1_79' title='bbox 444 1256 571 1313; x_wconf 88' lang='lat' dir='ltr'><strong>dum</strong></span> <span class='ocrx_word' id='word_1_80' title='bbox 602 1256 712 1312; x_wconf 84' lang='lat' dir='ltr'><strong>edit</strong></span> <span class='ocrx_word' id='word_1_81' title='bbox 739 1254 917 1321; x_wconf 86' lang='lat' dir='ltr'><strong>liceat,</strong></span> <span class='ocrx_word' id='word_1_82' title='bbox 950 1270 1049 1311; x_wconf 86' lang='lat' dir='ltr'><strong>nec</strong></span> <span class='ocrx_word' id='word_1_83' title='bbox 1075 1256 1315 1324; x_wconf 80' lang='lat' dir='ltr'><strong>aSpicere</strong></span> <span class='ocrx_word' id='word_1_84' title='bbox 1339 1254 1406 1310; x_wconf 92' lang='lat' dir='ltr'><strong>ad</strong></span> <span class='ocrx_word' id='word_1_85' title='bbox 1431 1256 1590 1309; x_wconf 88' lang='lat' dir='ltr'><strong>ullam</strong></span> <span class='ocrx_word' id='word_1_86' title='bbox 1617 1257 1838 1311; x_wconf 87' lang='lat' dir='ltr'><strong>alteram</strong></span> 
     </span>
    </p>
   </div>
   <div class='ocr_carea' id='block_1_14' title="bbox 243 1343 1842 1419">
    <p class='ocr_par' dir='ltr' id='par_1_14' title="bbox 243 1343 1842 1419">
     <span class='ocr_line' id='line_1_14' title="bbox 243 1343 1842 1419; baseline -0.004 -14"><span class='ocrx_word' id='word_1_87' title='bbox 243 1361 484 1419; x_wconf 88' lang='lat' dir='ltr'><strong>partem,</strong></span> <span class='ocrx_word' id='word_1_88' title='bbox 519 1348 619 1403; x_wconf 87' lang='lat' dir='ltr'><strong>nisi</strong></span> <span class='ocrx_word' id='word_1_89' title='bbox 649 1348 715 1403; x_wconf 89' lang='lat' dir='ltr'><strong>ad</strong></span> <span class='ocrx_word' id='word_1_90' title='bbox 747 1344 920 1403; x_wconf 84' lang='lat' dir='ltr'><strong>solum</strong></span> <span class='ocrx_word' id='word_1_91' title='bbox 951 1343 1207 1412; x_wconf 82' lang='lat' dir='ltr'><strong>catinum,</strong></span> <span class='ocrx_word' id='word_1_92' title='bbox 1241 1356 1292 1401; x_wconf 92' lang='lat' dir='ltr'><strong>et</strong></span> <span class='ocrx_word' id='word_1_93' title='bbox 1320 1346 1386 1401; x_wconf 89' lang='lat' dir='ltr'><strong>ad</strong></span> <span class='ocrx_word' id='word_1_94' title='bbox 1434 1346 1603 1400; x_wconf 89' lang='lat' dir='ltr'><strong>solam</strong></span> <span class='ocrx_word' id='word_1_95' title='bbox 1634 1347 1722 1401; x_wconf 91' lang='lat' dir='ltr'><strong>cui</strong></span> <span class='ocrx_word' id='word_1_96' title='bbox 1752 1362 1842 1401; x_wconf 81' lang='lat' dir='ltr'><strong>su-</strong></span> 
     </span>
    </p>
   </div>
   <div class='ocr_carea' id='block_1_15' title="bbox 244 1438 1840 1514">
    <p class='ocr_par' dir='ltr' id='par_1_15' title="bbox 244 1438 1840 1514">
     <span class='ocr_line' id='line_1_15' title="bbox 244 1438 1840 1514; baseline -0.001 -15"><span class='ocrx_word' id='word_1_97' title='bbox 244 1443 573 1514; x_wconf 89' lang='lat' dir='ltr'><strong>perponitur</strong></span> <span class='ocrx_word' id='word_1_98' title='bbox 603 1456 864 1497; x_wconf 88' lang='lat' dir='ltr'><strong>mensam.</strong></span> <span class='ocrx_word' id='word_1_99' title='bbox 898 1441 1005 1495; x_wconf 91' lang='lat' dir='ltr'><strong>Hoc</strong></span> <span class='ocrx_word' id='word_1_100' title='bbox 1047 1438 1205 1494; x_wconf 89' lang='lat' dir='ltr'><strong>etiam</strong></span> <span class='ocrx_word' id='word_1_101' title='bbox 1235 1439 1507 1494; x_wconf 84' lang='lat' dir='ltr'><strong>ordinavit</strong></span> <span class='ocrx_word' id='word_1_102' title='bbox 1558 1451 1613 1495; x_wconf 92' lang='lat' dir='ltr'><strong>et</strong></span> <span class='ocrx_word' id='word_1_103' title='bbox 1658 1439 1840 1511; x_wconf 85' lang='lat' dir='ltr'><strong>juss&#39;t,</strong></span> 
     </span>
    </p>
   </div>
   <div class='ocr_carea' id='block_1_16' title="bbox 244 1529 1840 1601">
    <p class='ocr_par' dir='ltr' id='par_1_16' title="bbox 244 1529 1840 1601">
     <span class='ocr_line' id='line_1_16' title="bbox 244 1529 1840 1601; baseline -0.001 -11"><span class='ocrx_word' id='word_1_104' title='bbox 244 1543 310 1590; x_wconf 86' lang='lat' dir='ltr'><strong>ut</strong></span> <span class='ocrx_word' id='word_1_105' title='bbox 336 1535 621 1589; x_wconf 88' lang='lat' dir='ltr'><strong>orationes</strong></span> <span class='ocrx_word' id='word_1_106' title='bbox 670 1533 952 1588; x_wconf 88' lang='lat' dir='ltr'><strong>duodecim</strong></span> <span class='ocrx_word' id='word_1_107' title='bbox 986 1529 1211 1586; x_wconf 77' lang='lat' dir='ltr'><strong>numero</strong></span> <span class='ocrx_word' id='word_1_108' title='bbox 1253 1546 1350 1601; x_wconf 90' lang='lat' dir='ltr'><strong>per</strong></span> <span class='ocrx_word' id='word_1_109' title='bbox 1386 1530 1559 1586; x_wconf 76' lang='lat' dir='ltr'><strong>totum</strong></span> <span class='ocrx_word' id='word_1_110' title='bbox 1588 1532 1727 1587; x_wconf 89' lang='lat' dir='ltr'><strong>diem</strong></span> <span class='ocrx_word' id='word_1_111' title='bbox 1760 1533 1840 1588; x_wconf 88' lang='lat' dir='ltr'><strong>fa-</strong></span> 
     </span>
    </p>
   </div>
   <div class='ocr_carea' id='block_1_17' title="bbox 243 1626 1844 1694">
    <p class='ocr_par' dir='ltr' id='par_1_17' title="bbox 243 1626 1844 1694">
     <span class='ocr_line' id='line_1_17' title="bbox 243 1626 1844 1694; baseline -0.001 -11"><span class='ocrx_word' id='word_1_112' title='bbox 243 1636 463 1694; x_wconf 87' lang='lat' dir='ltr'><strong>cerent,</strong></span> <span class='ocrx_word' id='word_1_113' title='bbox 506 1636 561 1683; x_wconf 89' lang='lat' dir='ltr'><strong>et</strong></span> <span class='ocrx_word' id='word_1_114' title='bbox 600 1642 784 1682; x_wconf 86' lang='lat' dir='ltr'><strong>rursus</strong></span> <span class='ocrx_word' id='word_1_115' title='bbox 834 1626 1114 1680; x_wconf 80' lang='lat' dir='ltr'><strong>duodecim</strong></span> <span class='ocrx_word' id='word_1_116' title='bbox 1155 1629 1327 1693; x_wconf 89' lang='lat' dir='ltr'><strong>alias,</strong></span> <span class='ocrx_word' id='word_1_117' title='bbox 1379 1627 1591 1692; x_wconf 78' lang='lat' dir='ltr'><strong>quando</strong></span> <span class='ocrx_word' id='word_1_118' title='bbox 1631 1627 1697 1681; x_wconf 90' lang='lat' dir='ltr'><strong>ad</strong></span> <span class='ocrx_word' id='word_1_119' title='bbox 1752 1642 1844 1682; x_wconf 81' lang='lat' dir='ltr'><strong>ve-</strong></span> 
     </span>
    </p>
   </div>
   <div class='ocr_carea' id='block_1_18' title="bbox 246 1714 1841 1788">
    <p class='ocr_par' dir='ltr' id='par_1_18' title="bbox 246 1714 1841 1788">
     <span class='ocr_line' id='line_1_18' title="bbox 246 1714 1841 1788; baseline -0.002 -14"><span class='ocrx_word' id='word_1_120' title='bbox 246 1720 556 1787; x_wconf 83' lang='lat' dir='ltr'><strong>spertinum</strong></span> <span class='ocrx_word' id='word_1_121' title='bbox 589 1717 769 1773; x_wconf 89' lang='lat' dir='ltr'><strong>lumen</strong></span> <span class='ocrx_word' id='word_1_122' title='bbox 798 1732 883 1772; x_wconf 79' lang='lat' dir='ltr'><strong>vei</strong></span> <span class='ocrx_word' id='word_1_123' title='bbox 907 1715 1044 1772; x_wconf 86' lang='lat' dir='ltr'><strong>irent</strong></span> <span class='ocrx_word' id='word_1_124' title='bbox 1081 1735 1093 1770; x_wconf 87' lang='lat'><strong>:</strong></span> <span class='ocrx_word' id='word_1_125' title='bbox 1127 1719 1178 1772; x_wconf 90' lang='lat' dir='ltr'><strong>&#39;n</strong></span> <span class='ocrx_word' id='word_1_126' title='bbox 1217 1714 1491 1772; x_wconf 77' lang='lat' dir='ltr'><strong>nocturnis</strong></span> <span class='ocrx_word' id='word_1_127' title='bbox 1520 1733 1732 1788; x_wconf 88' lang='lat' dir='ltr'><strong>quoque</strong></span> <span class='ocrx_word' id='word_1_128' title='bbox 1763 1719 1841 1771; x_wconf 84' lang='lat' dir='ltr'><strong>vi-</strong></span> 
     </span>
    </p>
   </div>
   <div class='ocr_carea' id='block_1_19' title="bbox 1941 518 3516 594">
    <p class='ocr_par' dir='ltr' id='par_1_19' title="bbox 1941 518 3516 594">
     <span class='ocr_line' id='line_1_19' title="bbox 1941 518 3516 594; baseline 0.008 -22"><span class='ocrx_word' id='word_1_129' title='bbox 1941 532 2041 584; x_wconf 83' lang='lat' dir='ltr'><strong>ego</strong></span> <span class='ocrx_word' id='word_1_130' title='bbox 2073 518 2573 587; x_wconf 88' lang='lat' dir='ltr'><strong>reprehendendum</strong></span> <span class='ocrx_word' id='word_1_131' title='bbox 2606 533 2867 589; x_wconf 89' lang='lat' dir='ltr'><strong>putarem,</strong></span> <span class='ocrx_word' id='word_1_132' title='bbox 2895 538 2993 577; x_wconf 78' lang='lat' dir='ltr'><strong>nec</strong></span> <span class='ocrx_word' id='word_1_133' title='bbox 3016 540 3227 594; x_wconf 81' lang='lat' dir='ltr'><strong>quoque</strong></span> <span class='ocrx_word' id='word_1_134' title='bbox 3250 543 3312 581; x_wconf 81' lang='lat' dir='ltr'><strong>ex</strong></span> <span class='ocrx_word' id='word_1_135' title='bbox 3347 529 3516 584; x_wconf 84' lang='lat' dir='ltr'><strong>tradi-</strong></span> 
     </span>
    </p>
   </div>
   <div class='ocr_carea' id='block_1_20' title="bbox 1942 612 3511 688">
    <p class='ocr_par' dir='ltr' id='par_1_20' title="bbox 1942 612 3511 688">
     <span class='ocr_line' id='line_1_20' title="bbox 1942 612 3511 688; baseline 0.007 -24"><span class='ocrx_word' id='word_1_136' title='bbox 1942 612 2085 667; x_wconf 88' lang='lat' dir='ltr'><strong>tione</strong></span> <span class='ocrx_word' id='word_1_137' title='bbox 2111 612 2369 681; x_wconf 84' lang='lat' dir='ltr'><strong>majorum</strong></span> <span class='ocrx_word' id='word_1_138' title='bbox 2416 630 2474 669; x_wconf 88' lang='lat' dir='ltr'><strong>se</strong></span> <span class='ocrx_word' id='word_1_139' title='bbox 2503 617 2803 684; x_wconf 67' lang='lat' dir='ltr'><strong>suscepi~se</strong></span> <span class='ocrx_word' id='word_1_140' title='bbox 2847 617 3115 685; x_wconf 81' lang='lat' dir='ltr'><strong>dicebant,</strong></span> <span class='ocrx_word' id='word_1_141' title='bbox 3148 620 3267 688; x_wconf 84' lang='lat' dir='ltr'><strong>quia</strong></span> <span class='ocrx_word' id='word_1_142' title='bbox 3314 621 3511 677; x_wconf 86' lang='lat' dir='ltr'><strong>idcirco</strong></span> 
     </span>
    </p>
   </div>
   <div class='ocr_carea' id='block_1_21' title="bbox 1941 703 3513 776">
    <p class='ocr_par' dir='ltr' id='par_1_21' title="bbox 1941 703 3513 776">
     <span class='ocr_line' id='line_1_21' title="bbox 1941 703 3513 776; baseline 0.004 -19"><span class='ocrx_word' id='word_1_143' title='bbox 1941 703 1994 758; x_wconf 90' lang='lat' dir='ltr'><strong>in</strong></span> <span class='ocrx_word' id='word_1_144' title='bbox 2024 706 2362 760; x_wconf 88' lang='lat' dir='ltr'><strong>monasteriis</strong></span> <span class='ocrx_word' id='word_1_145' title='bbox 2380 721 2498 761; x_wconf 89' lang='lat' dir='ltr'><strong>esse</strong></span> <span class='ocrx_word' id='word_1_146' title='bbox 2527 716 2800 776; x_wconf 82' lang='lat' dir='ltr'><strong>Oporteret</strong></span> <span class='ocrx_word' id='word_1_147' title='bbox 2830 722 2972 771; x_wconf 85' lang='lat' dir='ltr'><strong>sues,</strong></span> <span class='ocrx_word' id='word_1_148' title='bbox 2992 725 3057 762; x_wconf 89' lang='lat' dir='ltr'><strong>ne</strong></span> <span class='ocrx_word' id='word_1_149' title='bbox 3084 719 3136 764; x_wconf 91' lang='lat' dir='ltr'><strong>et</strong></span> <span class='ocrx_word' id='word_1_150' title='bbox 3164 711 3513 766; x_wconf 87' lang='lat' dir='ltr'><strong>cribratarum</strong></span> 
     </span>
    </p>
   </div>
   <div class='ocr_carea' id='block_1_22' title="bbox 1942 796 3515 871">
    <p class='ocr_par' dir='ltr' id='par_1_22' title="bbox 1942 796 3515 871">
     <span class='ocr_line' id='line_1_22' title="bbox 1942 796 3515 871; baseline 0.005 -21"><span class='ocrx_word' id='word_1_151' title='bbox 1942 808 2285 853; x_wconf 84' lang='lat' dir='ltr'><strong>excrementa</strong></span> <span class='ocrx_word' id='word_1_152' title='bbox 2334 796 2547 868; x_wconf 81' lang='lat' dir='ltr'><strong>frugum</strong></span> <span class='ocrx_word' id='word_1_153' title='bbox 2597 802 2865 868; x_wconf 87' lang='lat' dir='ltr'><strong>perirent,</strong></span> <span class='ocrx_word' id='word_1_154' title='bbox 2899 810 2953 854; x_wconf 88' lang='lat' dir='ltr'><strong>et</strong></span> <span class='ocrx_word' id='word_1_155' title='bbox 2997 811 3340 871; x_wconf 78' lang='lat' dir='ltr'><strong>purgatorum</strong></span> <span class='ocrx_word' id='word_1_156' title='bbox 3389 803 3515 858; x_wconf 88' lang='lat' dir='ltr'><strong>folia</strong></span> 
     </span>
    </p>
   </div>
   <div class='ocr_carea' id='block_1_23' title="bbox 1940 876 3516 961">
    <p class='ocr_par' dir='ltr' id='par_1_23' title="bbox 1940 876 3516 961">
     <span class='ocr_line' id='line_1_23' title="bbox 1940 876 3516 961; baseline 0.004 -21"><span class='ocrx_word' id='word_1_157' title='bbox 1940 886 2169 954; x_wconf 74' lang='lat' dir='ltr'><strong>olerum,</strong></span> <span class='ocrx_word' id='word_1_158' title='bbox 2194 895 2248 943; x_wconf 90' lang='lat' dir='ltr'><strong>et</strong></span> <span class='ocrx_word' id='word_1_159' title='bbox 2268 876 2462 944; x_wconf 71' lang='lat' dir='ltr'><strong>cmtera</strong></span> <span class='ocrx_word' id='word_1_160' title='bbox 2488 904 2607 958; x_wconf 72' lang='lat' dir='ltr'><strong>qua:</strong></span> <span class='ocrx_word' id='word_1_161' title='bbox 2633 889 2883 944; x_wconf 86' lang='lat' dir='ltr'><strong>damnum</strong></span> <span class='ocrx_word' id='word_1_162' title='bbox 2906 890 2974 961; x_wconf 59' lang='grc' dir='ltr'><strong>(εἰ</strong></span> <span class='ocrx_word' id='word_1_163' title='bbox 3003 891 3412 961; x_wconf 81' lang='lat' dir='ltr'><strong>projicerentur)</strong></span> <span class='ocrx_word' id='word_1_164' title='bbox 3445 894 3516 948; x_wconf 89' lang='lat' dir='ltr'><strong>in-</strong></span> 
     </span>
    </p>
   </div>
   <div class='ocr_carea' id='block_1_24' title="bbox 1940 977 3509 1053">
    <p class='ocr_par' dir='ltr' id='par_1_24' title="bbox 1940 977 3509 1053">
     <span class='ocr_line' id='line_1_24' title="bbox 1940 977 3509 1053; baseline 0.004 -20"><span class='ocrx_word' id='word_1_165' title='bbox 1940 977 2163 1035; x_wconf 87' lang='lat' dir='ltr'><strong>ferrcnt.</strong></span> <span class='ocrx_word' id='word_1_166' title='bbox 2192 981 2378 1037; x_wconf 90' lang='lat' dir='ltr'><strong>Occidi</strong></span> <span class='ocrx_word' id='word_1_167' title='bbox 2409 982 2568 1051; x_wconf 84' lang='lat' dir='ltr'><strong>igitur</strong></span> <span class='ocrx_word' id='word_1_168' title='bbox 2593 997 2716 1037; x_wconf 90' lang='lat' dir='ltr'><strong>sues</strong></span> <span class='ocrx_word' id='word_1_169' title='bbox 2746 983 2892 1048; x_wconf 58' lang='lat' dir='ltr'><strong>ipsos</strong></span> <span class='ocrx_word' id='word_1_170' title='bbox 2926 984 3208 1053; x_wconf 89' lang='lat' dir='ltr'><strong>jnbebant,</strong></span> <span class='ocrx_word' id='word_1_171' title='bbox 3237 994 3291 1040; x_wconf 92' lang='lat' dir='ltr'><strong>et</strong></span> <span class='ocrx_word' id='word_1_172' title='bbox 3318 1000 3509 1040; x_wconf 89' lang='lat' dir='ltr'><strong>carnes</strong></span> 
     </span>
    </p>
   </div>
   <div class='ocr_carea' id='block_1_25' title="bbox 1939 1058 3521 1144">
    <p class='ocr_par' dir='ltr' id='par_1_25' title="bbox 1939 1058 3521 1144">
     <span class='ocr_line' id='line_1_25' title="bbox 1939 1058 3521 1144; baseline 0.006 -22"><span class='ocrx_word' id='word_1_173' title='bbox 1939 1071 2156 1141; x_wconf 83' lang='lat' dir='ltr'><strong>quidem</strong></span> <span class='ocrx_word' id='word_1_174' title='bbox 2204 1072 2348 1142; x_wconf 89' lang='lat' dir='ltr'><strong>ipsas</strong></span> <span class='ocrx_word' id='word_1_175' title='bbox 2397 1072 2700 1128; x_wconf 87' lang='lat' dir='ltr'><strong>ementibus</strong></span> <span class='ocrx_word' id='word_1_176' title='bbox 2752 1058 2930 1138; x_wconf 84' lang='lat' dir='ltr'><strong>vendi,</strong></span> <span class='ocrx_word' id='word_1_177' title='bbox 2959 1074 3178 1144; x_wconf 87' lang='lat' dir='ltr'><strong>ungulas</strong></span> <span class='ocrx_word' id='word_1_178' title='bbox 3232 1084 3407 1130; x_wconf 86' lang='lat' dir='ltr'><strong>tamen</strong></span> <span class='ocrx_word' id='word_1_179' title='bbox 3456 1092 3521 1132; x_wconf 89' lang='lat' dir='ltr'><strong>ac</strong></span> 
     </span>
    </p>
   </div>
   <div class='ocr_carea' id='block_1_26' title="bbox 1942 1160 3518 1237">
    <p class='ocr_par' dir='ltr' id='par_1_26' title="bbox 1942 1160 3518 1237">
     <span class='ocr_line' id='line_1_26' title="bbox 1942 1160 3518 1237; baseline 0.004 -21"><span class='ocrx_word' id='word_1_180' title='bbox 1942 1160 2189 1217; x_wconf 89' lang='lat' dir='ltr'><strong>minimas</strong></span> <span class='ocrx_word' id='word_1_181' title='bbox 2218 1175 2396 1232; x_wconf 90' lang='lat' dir='ltr'><strong>partes</strong></span> <span class='ocrx_word' id='word_1_182' title='bbox 2427 1180 2635 1228; x_wconf 88' lang='lat' dir='ltr'><strong>eorum,</strong></span> <span class='ocrx_word' id='word_1_183' title='bbox 2687 1165 2738 1219; x_wconf 89' lang='lat' dir='ltr'><strong>in</strong></span> <span class='ocrx_word' id='word_1_184' title='bbox 2767 1180 3027 1230; x_wconf 71' lang='lat' dir='ltr'><strong>aegrorum</strong></span> <span class='ocrx_word' id='word_1_185' title='bbox 3074 1181 3137 1221; x_wconf 92' lang='lat' dir='ltr'><strong>ac</strong></span> <span class='ocrx_word' id='word_1_186' title='bbox 3167 1182 3355 1222; x_wconf 88' lang='lat' dir='ltr'><strong>senum</strong></span> <span class='ocrx_word' id='word_1_187' title='bbox 3387 1172 3518 1237; x_wconf 86' lang='lat' dir='ltr'><strong>epu-</strong></span> 
     </span>
    </p>
   </div>
   <div class='ocr_carea' id='block_1_27' title="bbox 1943 1254 3519 1328">
    <p class='ocr_par' dir='ltr' id='par_1_27' title="bbox 1943 1254 3519 1328">
     <span class='ocr_line' id='line_1_27' title="bbox 1943 1254 3519 1328; baseline 0.004 -19"><span class='ocrx_word' id='word_1_188' title='bbox 1943 1254 2020 1309; x_wconf 89' lang='lat' dir='ltr'><strong>las</strong></span> <span class='ocrx_word' id='word_1_189' title='bbox 2049 1254 2322 1325; x_wconf 80' lang='lat' dir='ltr'><strong>deputari,</strong></span> <span class='ocrx_word' id='word_1_190' title='bbox 2367 1271 2430 1310; x_wconf 87' lang='lat' dir='ltr'><strong>eo</strong></span> <span class='ocrx_word' id='word_1_191' title='bbox 2467 1258 2606 1325; x_wconf 85' lang='lat' dir='ltr'><strong>quod</strong></span> <span class='ocrx_word' id='word_1_192' title='bbox 2652 1256 2705 1310; x_wconf 90' lang='lat' dir='ltr'><strong>in</strong></span> <span class='ocrx_word' id='word_1_193' title='bbox 2755 1259 2971 1328; x_wconf 82' lang='lat' dir='ltr'><strong>regione</strong></span> <span class='ocrx_word' id='word_1_194' title='bbox 3000 1259 3088 1312; x_wconf 90' lang='lat' dir='ltr'><strong>illa</strong></span> <span class='ocrx_word' id='word_1_195' title='bbox 3136 1260 3351 1328; x_wconf 75' lang='lat' dir='ltr'><strong>grandis</strong></span> <span class='ocrx_word' id='word_1_196' title='bbox 3398 1276 3519 1316; x_wconf 88' lang='lat' dir='ltr'><strong>esse</strong></span> 
     </span>
    </p>
   </div>
   <div class='ocr_carea' id='block_1_28' title="bbox 1943 1344 3519 1415">
    <p class='ocr_par' dir='ltr' id='par_1_28' title="bbox 1943 1344 3519 1415">
     <span class='ocr_line' id='line_1_28' title="bbox 1943 1344 3519 1415; baseline 0.004 -18"><span class='ocrx_word' id='word_1_197' title='bbox 1943 1344 2119 1414; x_wconf 86' lang='lat' dir='ltr'><strong>inopia</strong></span> <span class='ocrx_word' id='word_1_198' title='bbox 2183 1360 2361 1401; x_wconf 88' lang='lat' dir='ltr'><strong>rerum</strong></span> <span class='ocrx_word' id='word_1_199' title='bbox 2404 1354 2461 1400; x_wconf 92' lang='lat' dir='ltr'><strong>et</strong></span> <span class='ocrx_word' id='word_1_200' title='bbox 2527 1346 2821 1415; x_wconf 77' lang='lat' dir='ltr'><strong>frequentia</strong></span> <span class='ocrx_word' id='word_1_201' title='bbox 2898 1348 3172 1402; x_wconf 84' lang='lat' dir='ltr'><strong>hominum</strong></span> <span class='ocrx_word' id='word_1_202' title='bbox 3225 1349 3519 1405; x_wconf 79' lang='lat' dir='ltr'><strong>videretur.</strong></span> 
     </span>
    </p>
   </div>
   <div class='ocr_carea' id='block_1_29' title="bbox 1942 1426 3355 1512">
    <p class='ocr_par' dir='ltr' id='par_1_29' title="bbox 1942 1426 3355 1512">
     <span class='ocr_line' id='line_1_29' title="bbox 1942 1426 3355 1512; baseline 0.002 -21"><span class='ocrx_word' id='word_1_203' title='bbox 1942 1426 2247 1509; x_wconf 84' lang='lat' dir='ltr'><strong>Blemmyos</strong></span> <span class='ocrx_word' id='word_1_204' title='bbox 2275 1447 2455 1493; x_wconf 86' lang='lat' dir='ltr'><strong>autem</strong></span> <span class='ocrx_word' id='word_1_205' title='bbox 2480 1437 2689 1493; x_wconf 84' lang='lat' dir='ltr'><strong>vicinos</strong></span> <span class='ocrx_word' id='word_1_206' title='bbox 2713 1439 2821 1492; x_wconf 84' lang='lat' dir='ltr'><strong>suis</strong></span> <span class='ocrx_word' id='word_1_207' title='bbox 2857 1439 3049 1494; x_wconf 84' lang='lat' dir='ltr'><strong>finibus</strong></span> <span class='ocrx_word' id='word_1_208' title='bbox 3074 1428 3313 1512; x_wconf 83' lang='lat' dir='ltr'><strong>habent.]</strong></span> <span class='ocrx_word' id='word_1_209' title='bbox 3340 1442 3355 1472; x_wconf 75' lang='grc'>⁸</span> 
     </span>
    </p>
   </div>
   <div class='ocr_carea' id='block_1_30' title="bbox 2012 1528 3515 1601">
    <p class='ocr_par' dir='ltr' id='par_1_30' title="bbox 2012 1528 3515 1601">
     <span class='ocr_line' id='line_1_30' title="bbox 2012 1528 3515 1601; baseline 0.003 -19"><span class='ocrx_word' id='word_1_210' title='bbox 2012 1529 2357 1584; x_wconf 75' lang='lat' dir='ltr'><strong>Autelucanis</strong></span> <span class='ocrx_word' id='word_1_211' title='bbox 2388 1529 2546 1599; x_wconf 79' lang='lat' dir='ltr'><strong>igitur</strong></span> <span class='ocrx_word' id='word_1_212' title='bbox 2576 1528 2721 1584; x_wconf 87' lang='lat' dir='ltr'><strong>horis</strong></span> <span class='ocrx_word' id='word_1_213' title='bbox 2748 1542 3050 1600; x_wconf 69' lang='lat' dir='ltr'><strong>surgentes,</strong></span> <span class='ocrx_word' id='word_1_214' title='bbox 3070 1531 3161 1601; x_wconf 90' lang='lat' dir='ltr'><strong>qui</strong></span> <span class='ocrx_word' id='word_1_215' title='bbox 3185 1547 3279 1600; x_wconf 78' lang='lat' dir='ltr'><strong>per</strong></span> <span class='ocrx_word' id='word_1_216' title='bbox 3309 1533 3515 1586; x_wconf 89' lang='lat' dir='ltr'><strong>dierum</strong></span> 
     </span>
    </p>
   </div>
   <div class='ocr_carea' id='block_1_31' title="bbox 1941 1622 3517 1693">
    <p class='ocr_par' dir='ltr' id='par_1_31' title="bbox 1941 1622 3517 1693">
     <span class='ocr_line' id='line_1_31' title="bbox 1941 1622 3517 1693; baseline 0.002 -18"><span class='ocrx_word' id='word_1_217' title='bbox 1941 1622 2085 1677; x_wconf 80' lang='lat' dir='ltr'><strong>vices</strong></span> <span class='ocrx_word' id='word_1_218' title='bbox 2131 1622 2351 1692; x_wconf 86' lang='lat' dir='ltr'><strong>reliquis</strong></span> <span class='ocrx_word' id='word_1_219' title='bbox 2374 1623 2700 1689; x_wconf 85' lang='lat' dir='ltr'><strong>serviebant,</strong></span> <span class='ocrx_word' id='word_1_220' title='bbox 2733 1623 2819 1677; x_wconf 90' lang='lat' dir='ltr'><strong>alii</strong></span> <span class='ocrx_word' id='word_1_221' title='bbox 2874 1624 3168 1693; x_wconf 80' lang='lat' dir='ltr'><strong>coquebant</strong></span> <span class='ocrx_word' id='word_1_222' title='bbox 3222 1625 3391 1689; x_wconf 84' lang='lat' dir='ltr'><strong>cibos,</strong></span> <span class='ocrx_word' id='word_1_223' title='bbox 3428 1626 3517 1678; x_wconf 88' lang='lat' dir='ltr'><strong>alii</strong></span> 
     </span>
    </p>
   </div>
   <div class='ocr_carea' id='block_1_32' title="bbox 1943 1714 3519 1783">
    <p class='ocr_par' dir='ltr' id='par_1_32' title="bbox 1943 1714 3519 1783">
     <span class='ocr_line' id='line_1_32' title="bbox 1943 1714 3519 1783; baseline 0.002 -17"><span class='ocrx_word' id='word_1_224' title='bbox 1943 1728 2157 1768; x_wconf 87' lang='lat' dir='ltr'><strong>mensas</strong></span> <span class='ocrx_word' id='word_1_225' title='bbox 2211 1714 2491 1783; x_wconf 87' lang='lat' dir='ltr'><strong>parabant.</strong></span> <span class='ocrx_word' id='word_1_226' title='bbox 2527 1715 2668 1781; x_wconf 88' lang='lat' dir='ltr'><strong>Quas</strong></span> <span class='ocrx_word' id='word_1_227' title='bbox 2718 1714 2859 1768; x_wconf 88' lang='lat' dir='ltr'><strong>circa</strong></span> <span class='ocrx_word' id='word_1_228' title='bbox 2921 1715 3128 1769; x_wconf 78' lang='lat' dir='ltr'><strong>tertiam</strong></span> <span class='ocrx_word' id='word_1_229' title='bbox 3175 1716 3280 1770; x_wconf 88' lang='lat' dir='ltr'><strong>dici</strong></span> <span class='ocrx_word' id='word_1_230' title='bbox 3333 1717 3519 1769; x_wconf 88' lang='lat' dir='ltr'><strong>horam</strong></span> 
     </span>
    </p>
   </div>
   <div class='ocr_carea' id='block_1_33' title="bbox 243 1796 3523 1882">
    <p class='ocr_par' dir='ltr' id='par_1_33' title="bbox 243 1796 3523 1882">
     <span class='ocr_line' id='line_1_33' title="bbox 243 1796 3523 1882; baseline -0 -19"><span class='ocrx_word' id='word_1_231' title='bbox 243 1811 397 1882; x_wconf 84' lang='lat' dir='ltr'><strong>giliis</strong></span> <span class='ocrx_word' id='word_1_232' title='bbox 438 1810 663 1865; x_wconf 86' lang='lat' dir='ltr'><strong>totidem</strong></span> <span class='ocrx_word' id='word_1_233' title='bbox 711 1824 902 1879; x_wconf 88' lang='lat' dir='ltr'><strong>preces</strong></span> <span class='ocrx_word' id='word_1_234' title='bbox 939 1805 1306 1875; x_wconf 70' lang='lat' dir='ltr'><strong>effunderent;</strong></span> <span class='ocrx_word' id='word_1_235' title='bbox 1368 1818 1474 1864; x_wconf 83' lang='lat' dir='ltr'><strong>tres</strong></span> <span class='ocrx_word' id='word_1_236' title='bbox 1528 1820 1707 1865; x_wconf 90' lang='lat' dir='ltr'><strong>autem</strong></span> <span class='ocrx_word' id='word_1_237' title='bbox 1747 1826 1837 1866; x_wconf 83' lang='lat' dir='ltr'><strong>so-</strong></span> <span class='ocrx_word' id='word_1_238' title='bbox 1870 1796 1919 1858; x_wconf 83' lang='lat' dir='ltr'><strong>B</strong></span> <span class='ocrx_word' id='word_1_239' title='bbox 1948 1820 2146 1874; x_wconf 90' lang='lat' dir='ltr'><strong>ponere</strong></span> <span class='ocrx_word' id='word_1_240' title='bbox 2176 1805 2356 1872; x_wconf 75' lang='lat' dir='ltr'><strong>soiiti,</strong></span> <span class='ocrx_word' id='word_1_241' title='bbox 2393 1806 2631 1873; x_wconf 88' lang='lat' dir='ltr'><strong>perfecto</strong></span> <span class='ocrx_word' id='word_1_242' title='bbox 2666 1807 2809 1861; x_wconf 89' lang='lat' dir='ltr'><strong>omni</strong></span> <span class='ocrx_word' id='word_1_243' title='bbox 2858 1822 3020 1877; x_wconf 91' lang='lat' dir='ltr'><strong>opere</strong></span> <span class='ocrx_word' id='word_1_244' title='bbox 3058 1820 3157 1861; x_wconf 88' lang='lat' dir='ltr'><strong>suo</strong></span> <span class='ocrx_word' id='word_1_245' title='bbox 3195 1824 3523 1876; x_wconf 83' lang='lat' dir='ltr'><strong>superpone-</strong></span> 
     </span>
    </p>
   </div>
   <div class='ocr_carea' id='block_1_34' title="bbox 245 1900 1841 1968">
    <p class='ocr_par' dir='ltr' id='par_1_34' title="bbox 245 1900 1841 1968">
     <span class='ocr_line' id='line_1_34' title="bbox 245 1900 1841 1968; baseline 0 -11"><span class='ocrx_word' id='word_1_246' title='bbox 245 1902 331 1957; x_wconf 83' lang='lat' dir='ltr'><strong>las</strong></span> <span class='ocrx_word' id='word_1_247' title='bbox 364 1902 436 1956; x_wconf 85' lang='lat' dir='ltr'><strong>ad</strong></span> <span class='ocrx_word' id='word_1_248' title='bbox 482 1900 670 1957; x_wconf 85' lang='lat' dir='ltr'><strong>horam</strong></span> <span class='ocrx_word' id='word_1_249' title='bbox 718 1916 915 1955; x_wconf 89' lang='lat' dir='ltr'><strong>nonam</strong></span> <span class='ocrx_word' id='word_1_250' title='bbox 970 1902 1096 1956; x_wconf 87' lang='lat' dir='ltr'><strong>diei.</strong></span> <span class='ocrx_word' id='word_1_251' title='bbox 1151 1900 1377 1968; x_wconf 88' lang='lat' dir='ltr'><strong>Quando</strong></span> <span class='ocrx_word' id='word_1_252' title='bbox 1415 1916 1544 1956; x_wconf 91' lang='lat' dir='ltr'><strong>vero</strong></span> <span class='ocrx_word' id='word_1_253' title='bbox 1593 1902 1841 1957; x_wconf 87' lang='lat' dir='ltr'><strong>universa</strong></span> 
     </span>
    </p>
   </div>
   <div class='ocr_carea' id='block_1_35' title="bbox 247 1990 1845 2062">
    <p class='ocr_par' dir='ltr' id='par_1_35' title="bbox 247 1990 1845 2062">
     <span class='ocr_line' id='line_1_35' title="bbox 247 1990 1845 2062; baseline -0.001 -15"><span class='ocrx_word' id='word_1_254' title='bbox 247 1990 547 2048; x_wconf 81' lang='lat' dir='ltr'><strong>multitudo</strong></span> <span class='ocrx_word' id='word_1_255' title='bbox 570 1991 921 2046; x_wconf 83' lang='lat' dir='ltr'><strong>conveniebat</strong></span> <span class='ocrx_word' id='word_1_256' title='bbox 949 1993 1017 2045; x_wconf 89' lang='lat' dir='ltr'><strong>ad</strong></span> <span class='ocrx_word' id='word_1_257' title='bbox 1049 1992 1475 2045; x_wconf 88' lang='lat' dir='ltr'><strong>manducandum</strong></span> <span class='ocrx_word' id='word_1_258' title='bbox 1494 2034 1508 2054; x_wconf 90' lang='lat'><strong>,</strong></span> <span class='ocrx_word' id='word_1_259' title='bbox 1559 1992 1845 2062; x_wconf 88' lang='lat' dir='ltr'><strong>unicuique</strong></span> 
     </span>
    </p>
   </div>
   <div class='ocr_carea' id='block_1_36' title="bbox 239 2063 1843 2154">
    <p class='ocr_par' dir='ltr' id='par_1_36' title="bbox 239 2063 1843 2154">
     <span class='ocr_line' id='line_1_36' title="bbox 239 2063 1843 2154; baseline 0.001 -16"><span class='ocrx_word' id='word_1_260' title='bbox 239 2083 427 2138; x_wconf 89' lang='lat' dir='ltr'><strong>ordini</strong></span> <span class='ocrx_word' id='word_1_261' title='bbox 459 2082 515 2138; x_wconf 88' lang='lat' dir='ltr'><strong>in</strong></span> <span class='ocrx_word' id='word_1_262' title='bbox 555 2081 777 2154; x_wconf 74' lang='lat' dir='ltr'><strong>singulis</strong></span> <span class='ocrx_word' id='word_1_263' title='bbox 803 2063 1138 2138; x_wconf 80' lang='lat' dir='ltr'><strong>orationibus</strong></span> <span class='ocrx_word' id='word_1_264' title='bbox 1175 2083 1361 2138; x_wconf 89' lang='lat' dir='ltr'><strong>statuit</strong></span> <span class='ocrx_word' id='word_1_265' title='bbox 1400 2084 1659 2153; x_wconf 86' lang='lat' dir='ltr'><strong>psalmum</strong></span> <span class='ocrx_word' id='word_1_266' title='bbox 1705 2092 1843 2154; x_wconf 55' lang='lat' dir='ltr'><strong>pras-</strong></span> 
     </span>
    </p>
   </div>
   <div class='ocr_carea' id='block_1_37' title="bbox 249 2175 462 2231">
    <p class='ocr_par' dir='ltr' id='par_1_37' title="bbox 249 2175 462 2231">
     <span class='ocr_line' id='line_1_37' title="bbox 249 2175 462 2231; baseline -0.005 -1"><span class='ocrx_word' id='word_1_267' title='bbox 249 2175 462 2231; x_wconf 88' lang='lat' dir='ltr'><strong>cinere.</strong></span> 
     </span>
    </p>
   </div>
   <div class='ocr_carea' id='block_1_38' title="bbox 317 2266 1845 2341">
    <p class='ocr_par' dir='ltr' id='par_1_38' title="bbox 317 2266 1845 2341">
     <span class='ocr_line' id='line_1_38' title="bbox 317 2266 1845 2341; baseline 0.001 -18"><span class='ocrx_word' id='word_1_268' title='bbox 317 2268 481 2323; x_wconf 83' lang='lat' dir='ltr'><strong>Tunc</strong></span> <span class='ocrx_word' id='word_1_269' title='bbox 500 2276 719 2323; x_wconf 88' lang='lat' dir='ltr'><strong>sanctus</strong></span> <span class='ocrx_word' id='word_1_270' title='bbox 742 2266 1064 2322; x_wconf 81' lang='lat' dir='ltr'><strong>Pachomius</strong></span> <span class='ocrx_word' id='word_1_271' title='bbox 1091 2267 1242 2337; x_wconf 91' lang='lat' dir='ltr'><strong>quasi</strong></span> <span class='ocrx_word' id='word_1_272' title='bbox 1266 2268 1637 2324; x_wconf 82' lang='lat' dir='ltr'><strong>contradicere</strong></span> <span class='ocrx_word' id='word_1_273' title='bbox 1655 2270 1845 2341; x_wconf 82' lang='lat' dir='ltr'><strong>angelo</strong></span> 
     </span>
    </p>
   </div>
   <div class='ocr_carea' id='block_1_39' title="bbox 245 2357 1845 2425">
    <p class='ocr_par' dir='ltr' id='par_1_39' title="bbox 245 2357 1845 2425">
     <span class='ocr_line' id='line_1_39' title="bbox 245 2357 1845 2425; baseline 0.005 -16"><span class='ocrx_word' id='word_1_274' title='bbox 245 2358 449 2425; x_wconf 88' lang='lat' dir='ltr'><strong>voluit,</strong></span> <span class='ocrx_word' id='word_1_275' title='bbox 478 2357 582 2413; x_wconf 89' lang='lat' dir='ltr'><strong>hoc</strong></span> <span class='ocrx_word' id='word_1_276' title='bbox 618 2357 805 2414; x_wconf 82' lang='lat' dir='ltr'><strong>dicens</strong></span> <span class='ocrx_word' id='word_1_277' title='bbox 837 2376 850 2411; x_wconf 93' lang='lat'>:</span> <span class='ocrx_word' id='word_1_278' title='bbox 884 2359 1075 2413; x_wconf 73' lang='lat' dir='ltr'><strong>Paucae</strong></span> <span class='ocrx_word' id='word_1_279' title='bbox 1104 2368 1230 2413; x_wconf 89' lang='lat' dir='ltr'><strong>sunt</strong></span> <span class='ocrx_word' id='word_1_280' title='bbox 1275 2361 1392 2414; x_wconf 73' lang='lat' dir='ltr'><strong>ista:</strong></span> <span class='ocrx_word' id='word_1_281' title='bbox 1422 2362 1710 2417; x_wconf 83' lang='lat' dir='ltr'><strong>orationes.</strong></span> <span class='ocrx_word' id='word_1_282' title='bbox 1747 2363 1845 2418; x_wconf 85' lang='lat' dir='ltr'><strong>Cui</strong></span> 
     </span>
    </p>
   </div>
   <div class='ocr_carea' id='block_1_40' title="bbox 242 2448 1842 2521">
    <p class='ocr_par' dir='ltr' id='par_1_40' title="bbox 242 2448 1842 2521">
     <span class='ocr_line' id='line_1_40' title="bbox 242 2448 1842 2521; baseline 0.003 -18"><span class='ocrx_word' id='word_1_283' title='bbox 242 2450 539 2518; x_wconf 84' lang='lat' dir='ltr'><strong>respondit</strong></span> <span class='ocrx_word' id='word_1_284' title='bbox 586 2448 689 2505; x_wconf 89' lang='lat' dir='ltr'><strong>hoc</strong></span> <span class='ocrx_word' id='word_1_285' title='bbox 714 2450 980 2521; x_wconf 85' lang='lat' dir='ltr'><strong>angelus:</strong></span> <span class='ocrx_word' id='word_1_286' title='bbox 1012 2449 1119 2505; x_wconf 83' lang='lat' dir='ltr'><strong>Has</strong></span> <span class='ocrx_word' id='word_1_287' title='bbox 1149 2450 1421 2506; x_wconf 90' lang='lat' dir='ltr'><strong>orationes</strong></span> <span class='ocrx_word' id='word_1_288' title='bbox 1477 2452 1595 2508; x_wconf 81' lang='lat' dir='ltr'><strong>ﬁeri</strong></span> <span class='ocrx_word' id='word_1_289' title='bbox 1640 2452 1842 2507; x_wconf 90' lang='lat' dir='ltr'><strong>idcirco</strong></span> 
     </span>
    </p>
   </div>
   <div class='ocr_carea' id='block_1_41' title="bbox 244 2538 1843 2613">
    <p class='ocr_par' dir='ltr' id='par_1_41' title="bbox 244 2538 1843 2613">
     <span class='ocr_line' id='line_1_41' title="bbox 244 2538 1843 2613; baseline 0.005 -21"><span class='ocrx_word' id='word_1_290' title='bbox 244 2538 515 2608; x_wconf 67' lang='lat' dir='ltr'><strong>praecepi,</strong></span> <span class='ocrx_word' id='word_1_291' title='bbox 548 2548 605 2593; x_wconf 89' lang='lat' dir='ltr'><strong>ut</strong></span> <span class='ocrx_word' id='word_1_292' title='bbox 635 2550 690 2595; x_wconf 90' lang='lat' dir='ltr'><strong>et</strong></span> <span class='ocrx_word' id='word_1_293' title='bbox 719 2541 957 2596; x_wconf 88' lang='lat' dir='ltr'><strong>minores</strong></span> <span class='ocrx_word' id='word_1_294' title='bbox 994 2541 1117 2597; x_wconf 84' lang='lat' dir='ltr'><strong>sine</strong></span> <span class='ocrx_word' id='word_1_295' title='bbox 1167 2540 1344 2613; x_wconf 89' lang='lat' dir='ltr'><strong>aliqua</strong></span> <span class='ocrx_word' id='word_1_296' title='bbox 1377 2542 1601 2612; x_wconf 91' lang='lat' dir='ltr'><strong>implere</strong></span> <span class='ocrx_word' id='word_1_297' title='bbox 1632 2542 1843 2600; x_wconf 84' lang='lat' dir='ltr'><strong>tristitia</strong></span> 
     </span>
    </p>
   </div>
   <div class='ocr_carea' id='block_1_42' title="bbox 242 2630 1846 2705">
    <p class='ocr_par' dir='ltr' id='par_1_42' title="bbox 242 2630 1846 2705">
     <span class='ocr_line' id='line_1_42' title="bbox 242 2630 1846 2705; baseline 0.002 -20"><span class='ocrx_word' id='word_1_298' title='bbox 242 2630 559 2701; x_wconf 85' lang='lat' dir='ltr'><strong>impositam</strong></span> <span class='ocrx_word' id='word_1_299' title='bbox 582 2632 685 2686; x_wconf 86' lang='lat' dir='ltr'><strong>sibi</strong></span> <span class='ocrx_word' id='word_1_300' title='bbox 707 2632 919 2688; x_wconf 71' lang='lat' dir='ltr'><strong>Viventii</strong></span> <span class='ocrx_word' id='word_1_301' title='bbox 944 2634 1178 2705; x_wconf 87' lang='lat' dir='ltr'><strong>regulam</strong></span> <span class='ocrx_word' id='word_1_302' title='bbox 1201 2633 1434 2705; x_wconf 88' lang='lat' dir='ltr'><strong>possint.</strong></span> <span class='ocrx_word' id='word_1_303' title='bbox 1463 2634 1563 2702; x_wconf 90' lang='lat' dir='ltr'><strong>Qui</strong></span> <span class='ocrx_word' id='word_1_304' title='bbox 1596 2650 1723 2689; x_wconf 81' lang='lat' dir='ltr'><strong>vero</strong></span> <span class='ocrx_word' id='word_1_305' title='bbox 1756 2636 1846 2689; x_wconf 86' lang='lat' dir='ltr'><strong>fir-</strong></span> 
     </span>
    </p>
   </div>
   <div class='ocr_carea' id='block_1_43' title="bbox 246 2722 1841 2795">
    <p class='ocr_par' dir='ltr' id='par_1_43' title="bbox 246 2722 1841 2795">
     <span class='ocr_line' id='line_1_43' title="bbox 246 2722 1841 2795; baseline 0.003 -18"><span class='ocrx_word' id='word_1_306' title='bbox 246 2722 517 2777; x_wconf 83' lang='lat' dir='ltr'><strong>mioribus</strong></span> <span class='ocrx_word' id='word_1_307' title='bbox 544 2725 1194 2795; x_wconf 88' lang='lat' dir='ltr'><strong>consummatioribusque</strong></span> <span class='ocrx_word' id='word_1_308' title='bbox 1224 2726 1472 2781; x_wconf 86' lang='lat' dir='ltr'><strong>sensibus</strong></span> <span class='ocrx_word' id='word_1_309' title='bbox 1503 2727 1706 2790; x_wconf 85' lang='lat' dir='ltr'><strong>vivunt,</strong></span> <span class='ocrx_word' id='word_1_310' title='bbox 1734 2744 1841 2783; x_wconf 90' lang='lat' dir='ltr'><strong>non</strong></span> 
     </span>
    </p>
   </div>
   <div class='ocr_carea' id='block_1_44' title="bbox 242 2813 1847 2890">
    <p class='ocr_par' dir='ltr' id='par_1_44' title="bbox 242 2813 1847 2890">
     <span class='ocr_line' id='line_1_44' title="bbox 242 2813 1847 2890; baseline 0.005 -23"><span class='ocrx_word' id='word_1_311' title='bbox 242 2824 335 2868; x_wconf 79' lang='lat' dir='ltr'><strong>est</strong></span> <span class='ocrx_word' id='word_1_312' title='bbox 363 2813 474 2869; x_wconf 86' lang='lat' dir='ltr'><strong>illis</strong></span> <span class='ocrx_word' id='word_1_313' title='bbox 503 2830 728 2871; x_wconf 87' lang='lat' dir='ltr'><strong>necesse</strong></span> <span class='ocrx_word' id='word_1_314' title='bbox 756 2817 925 2872; x_wconf 89' lang='lat' dir='ltr'><strong>aliena</strong></span> <span class='ocrx_word' id='word_1_315' title='bbox 956 2819 1074 2888; x_wconf 85' lang='lat' dir='ltr'><strong>lege</strong></span> <span class='ocrx_word' id='word_1_316' title='bbox 1100 2819 1391 2890; x_wconf 85' lang='lat' dir='ltr'><strong>constringi</strong></span> <span class='ocrx_word' id='word_1_317' title='bbox 1417 2837 1430 2887; x_wconf 93' lang='lat'><strong>;</strong></span> <span class='ocrx_word' id='word_1_318' title='bbox 1456 2820 1555 2888; x_wconf 90' lang='lat' dir='ltr'><strong>ipsi</strong></span> <span class='ocrx_word' id='word_1_319' title='bbox 1586 2822 1725 2874; x_wconf 86' lang='lat' dir='ltr'><strong>enim</strong></span> <span class='ocrx_word' id='word_1_320' title='bbox 1762 2836 1847 2875; x_wconf 57' lang='lat' dir='ltr'><strong>se-</strong></span> 
     </span>
    </p>
   </div>
   <div class='ocr_carea' id='block_1_45' title="bbox 244 2906 1844 2982">
    <p class='ocr_par' dir='ltr' id='par_1_45' title="bbox 244 2906 1844 2982">
     <span class='ocr_line' id='line_1_45' title="bbox 244 2906 1844 2982; baseline 0.005 -22"><span class='ocrx_word' id='word_1_321' title='bbox 244 2906 516 2973; x_wconf 85' lang='lat' dir='ltr'><strong>metipsos</strong></span> <span class='ocrx_word' id='word_1_322' title='bbox 546 2909 683 2963; x_wconf 86' lang='lat' dir='ltr'><strong>intra</strong></span> <span class='ocrx_word' id='word_1_323' title='bbox 730 2910 895 2964; x_wconf 88' lang='lat' dir='ltr'><strong>cellas</strong></span> <span class='ocrx_word' id='word_1_324' title='bbox 925 2913 1342 2982; x_wconf 87' lang='lat' dir='ltr'><strong>universamque</strong></span> <span class='ocrx_word' id='word_1_325' title='bbox 1385 2912 1547 2966; x_wconf 79' lang='lat' dir='ltr'><strong>vitam</strong></span> <span class='ocrx_word' id='word_1_326' title='bbox 1579 2927 1728 2967; x_wconf 88' lang='lat' dir='ltr'><strong>suam</strong></span> <span class='ocrx_word' id='word_1_327' title='bbox 1760 2913 1844 2968; x_wconf 85' lang='lat' dir='ltr'><strong>vi-</strong></span> 
     </span>
    </p>
   </div>
   <div class='ocr_carea' id='block_1_46' title="bbox 248 2997 1842 3072">
    <p class='ocr_par' dir='ltr' id='par_1_46' title="bbox 248 2997 1842 3072">
     <span class='ocr_line' id='line_1_46' title="bbox 248 2997 1842 3072; baseline 0.002 -22"><span class='ocrx_word' id='word_1_328' title='bbox 248 2997 399 3051; x_wconf 82' lang='lat' dir='ltr'><strong>sioni</strong></span> <span class='ocrx_word' id='word_1_329' title='bbox 422 3004 478 3051; x_wconf 90' lang='lat' dir='ltr'><strong>et</strong></span> <span class='ocrx_word' id='word_1_330' title='bbox 506 2997 670 3053; x_wconf 82' lang='lat' dir='ltr'><strong>cultui</strong></span> <span class='ocrx_word' id='word_1_331' title='bbox 694 2998 785 3054; x_wconf 88' lang='lat' dir='ltr'><strong>Dei</strong></span> <span class='ocrx_word' id='word_1_332' title='bbox 812 2999 1024 3069; x_wconf 83' lang='lat' dir='ltr'><strong>penitus</strong></span> <span class='ocrx_word' id='word_1_333' title='bbox 1043 3000 1323 3056; x_wconf 90' lang='lat' dir='ltr'><strong>dederunt.</strong></span> <span class='ocrx_word' id='word_1_334' title='bbox 1349 3000 1446 3057; x_wconf 83' lang='lat' dir='ltr'><strong>His</strong></span> <span class='ocrx_word' id='word_1_335' title='bbox 1472 3016 1621 3072; x_wconf 87' lang='lat' dir='ltr'><strong>ergo,</strong></span> <span class='ocrx_word' id='word_1_336' title='bbox 1649 3004 1842 3071; x_wconf 86' lang='lat' dir='ltr'><strong>inquit,</strong></span> 
     </span>
    </p>
   </div>
   <div class='ocr_carea' id='block_1_47' title="bbox 249 3090 1845 3165">
    <p class='ocr_par' dir='ltr' id='par_1_47' title="bbox 249 3090 1845 3165">
     <span class='ocr_line' id='line_1_47' title="bbox 249 3090 1845 3165; baseline 0.004 -21"><span class='ocrx_word' id='word_1_337' title='bbox 249 3090 366 3145; x_wconf 76' lang='lat' dir='ltr'><strong>ista</strong></span> <span class='ocrx_word' id='word_1_338' title='bbox 395 3091 646 3161; x_wconf 69' lang='lat' dir='ltr'><strong>praecepi,</strong></span> <span class='ocrx_word' id='word_1_339' title='bbox 677 3093 765 3162; x_wconf 89' lang='lat' dir='ltr'><strong>qui</strong></span> <span class='ocrx_word' id='word_1_340' title='bbox 818 3107 918 3148; x_wconf 88' lang='lat' dir='ltr'><strong>nec</strong></span> <span class='ocrx_word' id='word_1_341' title='bbox 958 3094 1198 3149; x_wconf 72' lang='lat' dir='ltr'><strong>inirenire</strong></span> <span class='ocrx_word' id='word_1_342' title='bbox 1246 3105 1469 3165; x_wconf 89' lang='lat' dir='ltr'><strong>possunt</strong></span> <span class='ocrx_word' id='word_1_343' title='bbox 1490 3095 1575 3150; x_wconf 86' lang='lat' dir='ltr'><strong>vel</strong></span> <span class='ocrx_word' id='word_1_344' title='bbox 1620 3095 1845 3165; x_wconf 83' lang='lat' dir='ltr'><strong>implere</strong></span> 
     </span>
    </p>
   </div>
   <div class='ocr_carea' id='block_1_48' title="bbox 1947 1895 3525 1968">
    <p class='ocr_par' dir='ltr' id='par_1_48' title="bbox 1947 1895 3525 1968">
     <span class='ocr_line' id='line_1_48' title="bbox 1947 1895 3525 1968; baseline 0.002 -19"><span class='ocrx_word' id='word_1_345' title='bbox 1947 1896 2072 1949; x_wconf 92' lang='lat' dir='ltr'><strong>bant</strong></span> <span class='ocrx_word' id='word_1_346' title='bbox 2114 1895 2315 1951; x_wconf 86' lang='lat' dir='ltr'><strong>eisdem</strong></span> <span class='ocrx_word' id='word_1_347' title='bbox 2347 1913 2532 1968; x_wconf 87' lang='lat' dir='ltr'><strong>panes,</strong></span> <span class='ocrx_word' id='word_1_348' title='bbox 2563 1909 2618 1953; x_wconf 85' lang='lat' dir='ltr'><strong>et</strong></span> <span class='ocrx_word' id='word_1_349' title='bbox 2658 1898 2903 1953; x_wconf 86' lang='lat' dir='ltr'><strong>herbulas</strong></span> <span class='ocrx_word' id='word_1_350' title='bbox 2939 1899 3195 1966; x_wconf 84' lang='lat' dir='ltr'><strong>quasdam</strong></span> <span class='ocrx_word' id='word_1_351' title='bbox 3228 1914 3325 1952; x_wconf 92' lang='lat' dir='ltr'><strong>suo</strong></span> <span class='ocrx_word' id='word_1_352' title='bbox 3376 1914 3525 1953; x_wconf 78' lang='lat' dir='ltr'><strong>more</strong></span> 
     </span>
    </p>
   </div>
   <div class='ocr_carea' id='block_1_49' title="bbox 1944 1987 3527 2062">
    <p class='ocr_par' dir='ltr' id='par_1_49' title="bbox 1944 1987 3527 2062">
     <span class='ocr_line' id='line_1_49' title="bbox 1944 1987 3527 2062; baseline -0.001 -19"><span class='ocrx_word' id='word_1_353' title='bbox 1944 1987 2209 2053; x_wconf 89' lang='lat' dir='ltr'><strong>conditas,</strong></span> <span class='ocrx_word' id='word_1_354' title='bbox 2261 2003 2393 2057; x_wconf 89' lang='lat' dir='ltr'><strong>quas</strong></span> <span class='ocrx_word' id='word_1_355' title='bbox 2424 1989 2673 2058; x_wconf 85' lang='lat' dir='ltr'><strong>lapsanas</strong></span> <span class='ocrx_word' id='word_1_356' title='bbox 2720 1988 2835 2061; x_wconf 69' lang='lat'><strong>(2!)</strong></span> <span class='ocrx_word' id='word_1_357' title='bbox 2867 2002 3081 2045; x_wconf 88' lang='lat' dir='ltr'><strong>vocant.</strong></span> <span class='ocrx_word' id='word_1_358' title='bbox 3130 1992 3310 2046; x_wconf 87' lang='lat' dir='ltr'><strong>Olivas</strong></span> <span class='ocrx_word' id='word_1_359' title='bbox 3362 1990 3527 2062; x_wconf 67' lang='grc'><strong>964</strong></span> 
     </span>
    </p>
   </div>
   <div class='ocr_carea' id='block_1_50' title="bbox 1944 2068 3520 2150">
    <p class='ocr_par' dir='ltr' id='par_1_50' title="bbox 1944 2068 3520 2150">
     <span class='ocr_line' id='line_1_50' title="bbox 1944 2068 3520 2150; baseline 0.002 -18"><span class='ocrx_word' id='word_1_360' title='bbox 1944 2093 2178 2149; x_wconf 89' lang='lat' dir='ltr'><strong>quoque,</strong></span> <span class='ocrx_word' id='word_1_361' title='bbox 2211 2089 2264 2134; x_wconf 90' lang='lat' dir='ltr'><strong>et</strong></span> <span class='ocrx_word' id='word_1_362' title='bbox 2293 2095 2509 2135; x_wconf 90' lang='lat' dir='ltr'><strong>caseum</strong></span> <span class='ocrx_word' id='word_1_363' title='bbox 2536 2090 2734 2150; x_wconf 61' lang='lat' dir='ltr'><strong>praeter</strong></span> <span class='ocrx_word' id='word_1_364' title='bbox 2762 2096 2970 2148; x_wconf 81' lang='lat' dir='ltr'><strong>carnes,</strong></span> <span class='ocrx_word' id='word_1_365' title='bbox 3008 2081 3331 2135; x_wconf 80' lang='lat' dir='ltr'><strong>comminuta</strong></span> <span class='ocrx_word' id='word_1_366' title='bbox 3360 2068 3520 2135; x_wconf 83' lang='lat' dir='ltr'><strong>etiam</strong></span> 
     </span>
    </p>
   </div>
   <div class='ocr_carea' id='block_1_51' title="bbox 1945 2173 3525 2243">
    <p class='ocr_par' dir='ltr' id='par_1_51' title="bbox 1945 2173 3525 2243">
     <span class='ocr_line' id='line_1_51' title="bbox 1945 2173 3525 2243; baseline -0.001 -15"><span class='ocrx_word' id='word_1_367' title='bbox 1945 2173 2143 2228; x_wconf 88' lang='lat' dir='ltr'><strong>diversi</strong></span> <span class='ocrx_word' id='word_1_368' title='bbox 2174 2174 2387 2243; x_wconf 81' lang='lat' dir='ltr'><strong>generis</strong></span> <span class='ocrx_word' id='word_1_369' title='bbox 2414 2173 2579 2229; x_wconf 85' lang='lat' dir='ltr'><strong>olera.</strong></span> <span class='ocrx_word' id='word_1_370' title='bbox 2613 2173 2815 2242; x_wconf 84' lang='lat' dir='ltr'><strong>Quibus</strong></span> <span class='ocrx_word' id='word_1_371' title='bbox 2842 2175 2894 2228; x_wconf 91' lang='lat' dir='ltr'><strong>in</strong></span> <span class='ocrx_word' id='word_1_372' title='bbox 2932 2174 3071 2228; x_wconf 90' lang='lat' dir='ltr'><strong>hunc</strong></span> <span class='ocrx_word' id='word_1_373' title='bbox 3117 2173 3378 2228; x_wconf 70' lang='lat' dir='ltr'><strong>ordinatis</strong></span> <span class='ocrx_word' id='word_1_374' title='bbox 3410 2192 3525 2228; x_wconf 83' lang='lat' dir='ltr'><strong>mo-</strong></span> 
     </span>
    </p>
   </div>
   <div class='ocr_carea' id='block_1_52' title="bbox 1948 2264 3528 2337">
    <p class='ocr_par' dir='ltr' id='par_1_52' title="bbox 1948 2264 3528 2337">
     <span class='ocr_line' id='line_1_52' title="bbox 1948 2264 3528 2337; baseline 0.001 -18"><span class='ocrx_word' id='word_1_375' title='bbox 1948 2264 2100 2331; x_wconf 90' lang='lat' dir='ltr'><strong>dum,</strong></span> <span class='ocrx_word' id='word_1_376' title='bbox 2131 2266 2218 2319; x_wconf 90' lang='lat' dir='ltr'><strong>alii</strong></span> <span class='ocrx_word' id='word_1_377' title='bbox 2264 2274 2417 2321; x_wconf 85' lang='lat' dir='ltr'><strong>sexta</strong></span> <span class='ocrx_word' id='word_1_378' title='bbox 2466 2266 2573 2320; x_wconf 85' lang='lat' dir='ltr'><strong>diei</strong></span> <span class='ocrx_word' id='word_1_379' title='bbox 2614 2266 2741 2321; x_wconf 91' lang='lat' dir='ltr'><strong>hora</strong></span> <span class='ocrx_word' id='word_1_380' title='bbox 2798 2265 3193 2337; x_wconf 83' lang='lat' dir='ltr'><strong>ingredientes,</strong></span> <span class='ocrx_word' id='word_1_381' title='bbox 3245 2266 3528 2323; x_wconf 71' lang='lat' dir='ltr'><strong>sumebant</strong></span> 
     </span>
    </p>
   </div>
   <div class='ocr_carea' id='block_1_53' title="bbox 1946 2356 3523 2427">
    <p class='ocr_par' dir='ltr' id='par_1_53' title="bbox 1946 2356 3523 2427">
     <span class='ocr_line' id='line_1_53' title="bbox 1946 2356 3523 2427; baseline 0.001 -16"><span class='ocrx_word' id='word_1_382' title='bbox 1946 2356 2145 2425; x_wconf 91' lang='lat' dir='ltr'><strong>cibum,</strong></span> <span class='ocrx_word' id='word_1_383' title='bbox 2171 2357 2259 2416; x_wconf 77' lang='lat' dir='ltr'><strong>alii</strong></span> <span class='ocrx_word' id='word_1_384' title='bbox 2303 2358 2551 2427; x_wconf 92' lang='lat' dir='ltr'><strong>septima,</strong></span> <span class='ocrx_word' id='word_1_385' title='bbox 2606 2358 2693 2412; x_wconf 89' lang='lat' dir='ltr'><strong>alii</strong></span> <span class='ocrx_word' id='word_1_386' title='bbox 2741 2368 2950 2425; x_wconf 88' lang='lat' dir='ltr'><strong>octava,</strong></span> <span class='ocrx_word' id='word_1_387' title='bbox 2986 2359 3073 2413; x_wconf 88' lang='lat' dir='ltr'><strong>alii</strong></span> <span class='ocrx_word' id='word_1_388' title='bbox 3110 2374 3271 2425; x_wconf 87' lang='lat' dir='ltr'><strong>nona,</strong></span> <span class='ocrx_word' id='word_1_389' title='bbox 3305 2360 3393 2414; x_wconf 87' lang='lat' dir='ltr'><strong>alii</strong></span> <span class='ocrx_word' id='word_1_390' title='bbox 3423 2360 3523 2413; x_wconf 87' lang='lat' dir='ltr'><strong>de-</strong></span> 
     </span>
    </p>
   </div>
   <div class='ocr_carea' id='block_1_54' title="bbox 1946 2436 3521 2520">
    <p class='ocr_par' dir='ltr' id='par_1_54' title="bbox 1946 2436 3521 2520">
     <span class='ocr_line' id='line_1_54' title="bbox 1946 2436 3521 2520; baseline 0.002 -18"><span class='ocrx_word' id='word_1_391' title='bbox 1946 2448 2104 2513; x_wconf 88' lang='lat' dir='ltr'><strong>cima,</strong></span> <span class='ocrx_word' id='word_1_392' title='bbox 2135 2448 2227 2503; x_wconf 85' lang='lat' dir='ltr'><strong>alii</strong></span> <span class='ocrx_word' id='word_1_393' title='bbox 2266 2449 2568 2515; x_wconf 84' lang='lat' dir='ltr'><strong>undecima,</strong></span> <span class='ocrx_word' id='word_1_394' title='bbox 2598 2448 2685 2502; x_wconf 90' lang='lat' dir='ltr'><strong>alii</strong></span> <span class='ocrx_word' id='word_1_395' title='bbox 2732 2449 2988 2519; x_wconf 83' lang='lat' dir='ltr'><strong>profunda</strong></span> <span class='ocrx_word' id='word_1_396' title='bbox 3018 2436 3128 2520; x_wconf 82' lang='lat' dir='ltr'><strong>jam</strong></span> <span class='ocrx_word' id='word_1_397' title='bbox 3175 2462 3332 2507; x_wconf 88' lang='lat' dir='ltr'><strong>nocte</strong></span> <span class='ocrx_word' id='word_1_398' title='bbox 3377 2452 3521 2506; x_wconf 83' lang='lat' dir='ltr'><strong>vesci</strong></span> 
     </span>
    </p>
   </div>
   <div class='ocr_carea' id='block_1_55' title="bbox 1945 2541 3519 2611">
    <p class='ocr_par' dir='ltr' id='par_1_55' title="bbox 1945 2541 3519 2611">
     <span class='ocr_line' id='line_1_55' title="bbox 1945 2541 3519 2611; baseline 0.003 -18"><span class='ocrx_word' id='word_1_399' title='bbox 1945 2550 2373 2608; x_wconf 87' lang='lat' dir='ltr'><strong>consueverant;</strong></span> <span class='ocrx_word' id='word_1_400' title='bbox 2431 2541 2647 2611; x_wconf 88' lang='lat' dir='ltr'><strong>quidam</strong></span> <span class='ocrx_word' id='word_1_401' title='bbox 2694 2551 2870 2596; x_wconf 91' lang='lat' dir='ltr'><strong>autem</strong></span> <span class='ocrx_word' id='word_1_402' title='bbox 2920 2551 3039 2610; x_wconf 86' lang='lat' dir='ltr'><strong>post</strong></span> <span class='ocrx_word' id='word_1_403' title='bbox 3093 2542 3308 2597; x_wconf 87' lang='lat' dir='ltr'><strong>biduum</strong></span> <span class='ocrx_word' id='word_1_404' title='bbox 3357 2545 3519 2599; x_wconf 88' lang='lat' dir='ltr'><strong>etiam</strong></span> 
     </span>
    </p>
   </div>
   <div class='ocr_carea' id='block_1_56' title="bbox 1947 2632 3529 2705">
    <p class='ocr_par' dir='ltr' id='par_1_56' title="bbox 1947 2632 3529 2705">
     <span class='ocr_line' id='line_1_56' title="bbox 1947 2632 3529 2705; baseline 0.003 -20"><span class='ocrx_word' id='word_1_405' title='bbox 1947 2632 2230 2701; x_wconf 87' lang='lat' dir='ltr'><strong>capiebant</strong></span> <span class='ocrx_word' id='word_1_406' title='bbox 2259 2633 2462 2688; x_wconf 88' lang='lat' dir='ltr'><strong>cibum.</strong></span> <span class='ocrx_word' id='word_1_407' title='bbox 2496 2634 2576 2688; x_wconf 80' lang='lat' dir='ltr'><strong>Ex</strong></span> <span class='ocrx_word' id='word_1_408' title='bbox 2607 2634 2822 2703; x_wconf 87' lang='lat' dir='ltr'><strong>propria</strong></span> <span class='ocrx_word' id='word_1_409' title='bbox 2868 2644 3043 2689; x_wconf 90' lang='lat' dir='ltr'><strong>tamen</strong></span> <span class='ocrx_word' id='word_1_410' title='bbox 3094 2636 3267 2690; x_wconf 88' lang='lat' dir='ltr'><strong>littera</strong></span> <span class='ocrx_word' id='word_1_411' title='bbox 3324 2638 3529 2705; x_wconf 79' lang='lat' dir='ltr'><strong>poterat</strong></span> 
     </span>
    </p>
   </div>
   <div class='ocr_carea' id='block_1_57' title="bbox 1949 2722 3524 2798">
    <p class='ocr_par' dir='ltr' id='par_1_57' title="bbox 1949 2722 3524 2798">
     <span class='ocr_line' id='line_1_57' title="bbox 1949 2722 3524 2798; baseline 0.004 -22"><span class='ocrx_word' id='word_1_412' title='bbox 1949 2722 2083 2776; x_wconf 89' lang='lat' dir='ltr'><strong>hora</strong></span> <span class='ocrx_word' id='word_1_413' title='bbox 2116 2725 2534 2794; x_wconf 87' lang='lat' dir='ltr'><strong>uniuscujusque</strong></span> <span class='ocrx_word' id='word_1_414' title='bbox 2571 2727 2844 2793; x_wconf 82' lang='lat' dir='ltr'><strong>cognosci.</strong></span> <span class='ocrx_word' id='word_1_415' title='bbox 2893 2726 3152 2781; x_wconf 88' lang='lat' dir='ltr'><strong>Similiter</strong></span> <span class='ocrx_word' id='word_1_416' title='bbox 3198 2729 3358 2781; x_wconf 88' lang='lat' dir='ltr'><strong>etiam</strong></span> <span class='ocrx_word' id='word_1_417' title='bbox 3396 2730 3524 2798; x_wconf 87' lang='lat' dir='ltr'><strong>ipsis</strong></span> 
     </span>
    </p>
   </div>
   <div class='ocr_carea' id='block_1_58' title="bbox 1949 2814 3532 2886">
    <p class='ocr_par' dir='ltr' id='par_1_58' title="bbox 1949 2814 3532 2886">
     <span class='ocr_line' id='line_1_58' title="bbox 1949 2814 3532 2886; baseline 0.005 -20"><span class='ocrx_word' id='word_1_418' title='bbox 1949 2822 2182 2869; x_wconf 88' lang='lat' dir='ltr'><strong>erantet</strong></span> <span class='ocrx_word' id='word_1_419' title='bbox 2211 2829 2371 2883; x_wconf 88' lang='lat' dir='ltr'><strong>opera</strong></span> <span class='ocrx_word' id='word_1_420' title='bbox 2401 2814 2603 2879; x_wconf 86' lang='lat' dir='ltr'><strong>divisa;</strong></span> <span class='ocrx_word' id='word_1_421' title='bbox 2643 2816 2732 2869; x_wconf 88' lang='lat' dir='ltr'><strong>alii</strong></span> <span class='ocrx_word' id='word_1_422' title='bbox 2783 2815 2927 2869; x_wconf 90' lang='lat' dir='ltr'><strong>enim</strong></span> <span class='ocrx_word' id='word_1_423' title='bbox 2973 2816 3310 2886; x_wconf 73' lang='lat' dir='ltr'><strong>agricultura:</strong></span> <span class='ocrx_word' id='word_1_424' title='bbox 3358 2818 3532 2874; x_wconf 86' lang='lat' dir='ltr'><strong>inser-</strong></span> 
     </span>
    </p>
   </div>
   <div class='ocr_carea' id='block_1_59' title="bbox 1948 2901 3531 2970">
    <p class='ocr_par' dir='ltr' id='par_1_59' title="bbox 1948 2901 3531 2970">
     <span class='ocr_line' id='line_1_59' title="bbox 1948 2901 3531 2970; baseline 0.003 -11"><span class='ocrx_word' id='word_1_425' title='bbox 1948 2904 2196 2969; x_wconf 85' lang='lat' dir='ltr'><strong>viebant,</strong></span> <span class='ocrx_word' id='word_1_426' title='bbox 2228 2905 2364 2959; x_wconf 88' lang='lat' dir='ltr'><strong>alter</strong></span> <span class='ocrx_word' id='word_1_427' title='bbox 2392 2901 2610 2960; x_wconf 86' lang='lat' dir='ltr'><strong>hortum</strong></span> <span class='ocrx_word' id='word_1_428' title='bbox 2655 2905 2885 2970; x_wconf 86' lang='lat' dir='ltr'><strong>colebat,</strong></span> <span class='ocrx_word' id='word_1_429' title='bbox 2917 2902 3008 2961; x_wconf 90' lang='lat' dir='ltr'><strong>ille</strong></span> <span class='ocrx_word' id='word_1_430' title='bbox 3038 2906 3266 2961; x_wconf 74' lang='lat' dir='ltr'><strong>ofticina:</strong></span> <span class='ocrx_word' id='word_1_431' title='bbox 3314 2907 3531 2963; x_wconf 68' lang='lat' dir='ltr'><strong>fabricae</strong></span> 
     </span>
    </p>
   </div>
   <div class='ocr_carea' id='block_1_60' title="bbox 1952 3003 3529 3073">
    <p class='ocr_par' dir='ltr' id='par_1_60' title="bbox 1952 3003 3529 3073">
     <span class='ocr_line' id='line_1_60' title="bbox 1952 3003 3529 3073; baseline 0 -16"><span class='ocrx_word' id='word_1_432' title='bbox 1952 3005 2193 3070; x_wconf 78' lang='lat' dir='ltr'><strong>vacabat,</strong></span> <span class='ocrx_word' id='word_1_433' title='bbox 2229 3003 2315 3057; x_wconf 93' lang='lat' dir='ltr'><strong>ille</strong></span> <span class='ocrx_word' id='word_1_434' title='bbox 2366 3004 2603 3073; x_wconf 87' lang='lat' dir='ltr'><strong>pistoris,</strong></span> <span class='ocrx_word' id='word_1_435' title='bbox 2653 3003 2788 3058; x_wconf 91' lang='lat' dir='ltr'><strong>alter</strong></span> <span class='ocrx_word' id='word_1_436' title='bbox 2832 3004 3171 3070; x_wconf 87' lang='lat' dir='ltr'><strong>carpentarii,</strong></span> <span class='ocrx_word' id='word_1_437' title='bbox 3219 3004 3353 3058; x_wconf 88' lang='lat' dir='ltr'><strong>alter</strong></span> <span class='ocrx_word' id='word_1_438' title='bbox 3400 3014 3529 3059; x_wconf 88' lang='lat' dir='ltr'><strong>vero</strong></span> 
     </span>
    </p>
   </div>
   <div class='ocr_carea' id='block_1_61' title="bbox 1952 3095 3525 3167">
    <p class='ocr_par' dir='ltr' id='par_1_61' title="bbox 1952 3095 3525 3167">
     <span class='ocr_line' id='line_1_61' title="bbox 1952 3095 3525 3167; baseline 0 -16"><span class='ocrx_word' id='word_1_439' title='bbox 1952 3095 2169 3152; x_wconf 80' lang='lat' dir='ltr'><strong>fullonis</strong></span> <span class='ocrx_word' id='word_1_440' title='bbox 2198 3106 2313 3152; x_wconf 88' lang='lat' dir='ltr'><strong>arte</strong></span> <span class='ocrx_word' id='word_1_441' title='bbox 2342 3096 2601 3167; x_wconf 79' lang='lat' dir='ltr'><strong>(larebat,</strong></span> <span class='ocrx_word' id='word_1_442' title='bbox 2633 3096 2772 3152; x_wconf 89' lang='lat' dir='ltr'><strong>alter</strong></span> <span class='ocrx_word' id='word_1_443' title='bbox 2801 3097 3038 3165; x_wconf 90' lang='lat' dir='ltr'><strong>pellium,</strong></span> <span class='ocrx_word' id='word_1_444' title='bbox 3083 3097 3220 3152; x_wconf 66' lang='lat' dir='ltr'><strong>al:er</strong></span> <span class='ocrx_word' id='word_1_445' title='bbox 3257 3098 3525 3152; x_wconf 83' lang='lat' dir='ltr'><strong>coriorum</strong></span> 
     </span>
    </p>
   </div>
   <div class='ocr_carea' id='block_1_62' title="bbox 252 3166 3530 3260">
    <p class='ocr_par' dir='ltr' id='par_1_62' title="bbox 252 3166 3530 3260">
     <span class='ocr_line' id='line_1_62' title="bbox 252 3166 3530 3260; baseline 0.004 -24"><span class='ocrx_word' id='word_1_446' title='bbox 252 3196 385 3251; x_wconf 74' lang='lat' dir='ltr'><strong>qua:</strong></span> <span class='ocrx_word' id='word_1_447' title='bbox 436 3183 680 3251; x_wconf 89' lang='lat' dir='ltr'><strong>prosint,</strong></span> <span class='ocrx_word' id='word_1_448' title='bbox 737 3192 794 3237; x_wconf 91' lang='lat' dir='ltr'><strong>ut</strong></span> <span class='ocrx_word' id='word_1_449' title='bbox 844 3199 964 3238; x_wconf 89' lang='lat' dir='ltr'><strong>cum</strong></span> <span class='ocrx_word' id='word_1_450' title='bbox 1015 3184 1193 3240; x_wconf 89' lang='lat' dir='ltr'><strong>servili</strong></span> <span class='ocrx_word' id='word_1_451' title='bbox 1245 3185 1472 3255; x_wconf 89' lang='lat' dir='ltr'><strong>quadam</strong></span> <span class='ocrx_word' id='word_1_452' title='bbox 1527 3166 1917 3242; x_wconf 72' lang='lat' dir='ltr'><strong>necessitatec</strong></span> <span class='ocrx_word' id='word_1_453' title='bbox 1955 3183 2298 3247; x_wconf 80' lang='lat' dir='ltr'><strong>confectione</strong></span> <span class='ocrx_word' id='word_1_454' title='bbox 2350 3190 2616 3260; x_wconf 88' lang='lat' dir='ltr'><strong>sudabat,</strong></span> <span class='ocrx_word' id='word_1_455' title='bbox 2668 3191 2808 3246; x_wconf 83' lang='lat' dir='ltr'><strong>alius</strong></span> <span class='ocrx_word' id='word_1_456' title='bbox 2850 3191 3107 3247; x_wconf 87' lang='lat' dir='ltr'><strong>Codicum</strong></span> <span class='ocrx_word' id='word_1_457' title='bbox 3164 3193 3389 3249; x_wconf 88' lang='lat' dir='ltr'><strong>lectione</strong></span> <span class='ocrx_word' id='word_1_458' title='bbox 3448 3189 3530 3249; x_wconf 82' lang='lat' dir='ltr'><strong>vel</strong></span> 
     </span>
    </p>
   </div>
   <div class='ocr_carea' id='block_1_63' title="bbox 245 3275 1842 3348">
    <p class='ocr_par' dir='ltr' id='par_1_63' title="bbox 245 3275 1842 3348">
     <span class='ocr_line' id='line_1_63' title="bbox 245 3275 1842 3348; baseline 0.003 -19"><span class='ocrx_word' id='word_1_459' title='bbox 245 3276 541 3344; x_wconf 88' lang='lat' dir='ltr'><strong>compulsi,</strong></span> <span class='ocrx_word' id='word_1_460' title='bbox 588 3275 925 3331; x_wconf 70' lang='lat' dir='ltr'><strong>Ostendcrint</strong></span> <span class='ocrx_word' id='word_1_461' title='bbox 976 3276 1190 3348; x_wconf 82' lang='lat' dir='ltr'><strong>dignam</strong></span> <span class='ocrx_word' id='word_1_462' title='bbox 1242 3277 1295 3332; x_wconf 92' lang='lat' dir='ltr'><strong>in</strong></span> <span class='ocrx_word' id='word_1_463' title='bbox 1327 3291 1388 3332; x_wconf 90' lang='lat' dir='ltr'><strong>se</strong></span> <span class='ocrx_word' id='word_1_464' title='bbox 1427 3279 1528 3333; x_wconf 89' lang='lat' dir='ltr'><strong>sub</strong></span> <span class='ocrx_word' id='word_1_465' title='bbox 1570 3281 1842 3348; x_wconf 90' lang='lat' dir='ltr'><strong>proposito</strong></span> 
     </span>
    </p>
   </div>
   <div class='ocr_carea' id='block_1_64' title="bbox 244 3365 1844 3435">
    <p class='ocr_par' dir='ltr' id='par_1_64' title="bbox 244 3365 1844 3435">
     <span class='ocr_line' id='line_1_64' title="bbox 244 3365 1844 3435; baseline 0.002 -15"><span class='ocrx_word' id='word_1_466' title='bbox 244 3365 631 3435; x_wconf 82' lang='lat' dir='ltr'><strong>disciplinam,</strong></span> <span class='ocrx_word' id='word_1_467' title='bbox 672 3377 798 3424; x_wconf 92' lang='lat' dir='ltr'><strong>tunc</strong></span> <span class='ocrx_word' id='word_1_468' title='bbox 828 3368 1042 3423; x_wconf 89' lang='lat' dir='ltr'><strong>demum</strong></span> <span class='ocrx_word' id='word_1_469' title='bbox 1090 3369 1156 3423; x_wconf 90' lang='lat' dir='ltr'><strong>ad</strong></span> <span class='ocrx_word' id='word_1_470' title='bbox 1211 3368 1459 3425; x_wconf 89' lang='lat' dir='ltr'><strong>fiduciam</strong></span> <span class='ocrx_word' id='word_1_471' title='bbox 1511 3370 1721 3425; x_wconf 87' lang='lat' dir='ltr'><strong>valeant</strong></span> <span class='ocrx_word' id='word_1_472' title='bbox 1763 3369 1844 3423; x_wconf 81' lang='lat' dir='ltr'><strong>di-</strong></span> 
     </span>
    </p>
   </div>
   <div class='ocr_carea' id='block_1_65' title="bbox 244 3457 1842 3535">
    <p class='ocr_par' dir='ltr' id='par_1_65' title="bbox 244 3457 1842 3535">
     <span class='ocr_line' id='line_1_65' title="bbox 244 3457 1842 3535; baseline 0.003 -21"><span class='ocrx_word' id='word_1_473' title='bbox 244 3462 393 3515; x_wconf 78' lang='lat' dir='ltr'><strong>vinae</strong></span> <span class='ocrx_word' id='word_1_474' title='bbox 438 3462 639 3516; x_wconf 65' lang='lat' dir='ltr'><strong>notitia:</strong></span> <span class='ocrx_word' id='word_1_475' title='bbox 668 3463 971 3532; x_wconf 87' lang='lat' dir='ltr'><strong>pervenire.</strong></span> <span class='ocrx_word' id='word_1_476' title='bbox 1013 3457 1109 3519; x_wconf 87' lang='lat' dir='ltr'><strong>llis</strong></span> <span class='ocrx_word' id='word_1_477' title='bbox 1151 3464 1331 3535; x_wconf 87' lang='lat' dir='ltr'><strong>itaque</strong></span> <span class='ocrx_word' id='word_1_478' title='bbox 1371 3464 1678 3535; x_wconf 86' lang='lat' dir='ltr'><strong>dispositis,</strong></span> <span class='ocrx_word' id='word_1_479' title='bbox 1739 3466 1842 3520; x_wconf 84' lang='lat' dir='ltr'><strong>im-</strong></span> 
     </span>
    </p>
   </div>
   <div class='ocr_carea' id='block_1_66' title="bbox 247 3554 1847 3628">
    <p class='ocr_par' dir='ltr' id='par_1_66' title="bbox 247 3554 1847 3628">
     <span class='ocr_line' id='line_1_66' title="bbox 247 3554 1847 3628; baseline 0.004 -20"><span class='ocrx_word' id='word_1_480' title='bbox 247 3554 510 3624; x_wconf 85' lang='lat' dir='ltr'><strong>pletoque</strong></span> <span class='ocrx_word' id='word_1_481' title='bbox 549 3554 868 3626; x_wconf 89' lang='lat' dir='ltr'><strong>ministerio,</strong></span> <span class='ocrx_word' id='word_1_482' title='bbox 897 3558 1120 3628; x_wconf 88' lang='lat' dir='ltr'><strong>angelus</strong></span> <span class='ocrx_word' id='word_1_483' title='bbox 1158 3558 1404 3615; x_wconf 81' lang='lat' dir='ltr'><strong>discessit</strong></span> <span class='ocrx_word' id='word_1_484' title='bbox 1432 3574 1461 3612; x_wconf 87' lang='lat' dir='ltr'><strong>a</strong></span> <span class='ocrx_word' id='word_1_485' title='bbox 1507 3567 1695 3615; x_wconf 90' lang='lat' dir='ltr'><strong>sancto</strong></span> <span class='ocrx_word' id='word_1_486' title='bbox 1747 3561 1847 3614; x_wconf 86' lang='lat' dir='ltr'><strong>Pa-</strong></span> 
     </span>
    </p>
   </div>
   <div class='ocr_carea' id='block_1_67' title="bbox 245 3646 493 3702">
    <p class='ocr_par' dir='ltr' id='par_1_67' title="bbox 245 3646 493 3702">
     <span class='ocr_line' id='line_1_67' title="bbox 245 3646 493 3702; baseline -0.012 0"><span class='ocrx_word' id='word_1_487' title='bbox 245 3646 493 3702; x_wconf 81' lang='lat' dir='ltr'><strong>cbomio.</strong></span> 
     </span>
    </p>
   </div>
   <div class='ocr_carea' id='block_1_68' title="bbox 334 3737 1846 3815">
    <p class='ocr_par' dir='ltr' id='par_1_68' title="bbox 334 3737 1846 3815">
     <span class='ocr_line' id='line_1_68' title="bbox 334 3737 1846 3815; baseline 0.007 -24"><span class='ocrx_word' id='word_1_488' title='bbox 334 3737 573 3793; x_wconf 84' lang='lat' dir='ltr'><strong>Plurima</strong></span> <span class='ocrx_word' id='word_1_489' title='bbox 614 3739 775 3810; x_wconf 79' lang='lat' dir='ltr'><strong>igitur</strong></span> <span class='ocrx_word' id='word_1_490' title='bbox 799 3748 926 3796; x_wconf 89' lang='lat' dir='ltr'><strong>sunt</strong></span> <span class='ocrx_word' id='word_1_491' title='bbox 954 3744 1304 3810; x_wconf 88' lang='lat' dir='ltr'><strong>monasteria,</strong></span> <span class='ocrx_word' id='word_1_492' title='bbox 1340 3743 1393 3798; x_wconf 91' lang='lat' dir='ltr'><strong>in</strong></span> <span class='ocrx_word' id='word_1_493' title='bbox 1437 3743 1631 3813; x_wconf 89' lang='lat' dir='ltr'><strong>quibus</strong></span> <span class='ocrx_word' id='word_1_494' title='bbox 1678 3760 1846 3815; x_wconf 89' lang='lat' dir='ltr'><strong>usque</strong></span> 
     </span>
    </p>
   </div>
   <div class='ocr_carea' id='block_1_69' title="bbox 250 3831 1849 3906">
    <p class='ocr_par' dir='ltr' id='par_1_69' title="bbox 250 3831 1849 3906">
     <span class='ocr_line' id='line_1_69' title="bbox 250 3831 1849 3906; baseline 0.003 -19"><span class='ocrx_word' id='word_1_495' title='bbox 250 3831 325 3888; x_wconf 85' lang='lat' dir='ltr'><strong>ad</strong></span> <span class='ocrx_word' id='word_1_496' title='bbox 357 3841 567 3898; x_wconf 84' lang='lat' dir='ltr'><strong>septem</strong></span> <span class='ocrx_word' id='word_1_497' title='bbox 601 3833 767 3888; x_wconf 86' lang='lat' dir='ltr'><strong>millia</strong></span> <span class='ocrx_word' id='word_1_498' title='bbox 788 3846 911 3889; x_wconf 88' lang='lat' dir='ltr'><strong>sunt</strong></span> <span class='ocrx_word' id='word_1_499' title='bbox 932 3834 1189 3899; x_wconf 84' lang='lat' dir='ltr'><strong>virorum,</strong></span> <span class='ocrx_word' id='word_1_500' title='bbox 1213 3851 1335 3906; x_wconf 73' lang='lat' dir='ltr'><strong>quae</strong></span> <span class='ocrx_word' id='word_1_501' title='bbox 1364 3835 1669 3906; x_wconf 85' lang='lat' dir='ltr'><strong>hujusmndi</strong></span> <span class='ocrx_word' id='word_1_502' title='bbox 1699 3838 1849 3892; x_wconf 89' lang='lat' dir='ltr'><strong>iusti-</strong></span> 
     </span>
    </p>
   </div>
   <div class='ocr_carea' id='block_1_70' title="bbox 246 3926 1843 4001">
    <p class='ocr_par' dir='ltr' id='par_1_70' title="bbox 246 3926 1843 4001">
     <span class='ocr_line' id='line_1_70' title="bbox 246 3926 1843 4001; baseline 0.004 -22"><span class='ocrx_word' id='word_1_503' title='bbox 246 3932 367 3980; x_wconf 81' lang='lat' dir='ltr'><strong>tuta</strong></span> <span class='ocrx_word' id='word_1_504' title='bbox 393 3926 851 3983; x_wconf 63' lang='lat' dir='ltr'><strong>custodiuntiSed</strong></span> <span class='ocrx_word' id='word_1_505' title='bbox 870 3929 1166 3983; x_wconf 79' lang='lat' dir='ltr'><strong>maximum</strong></span> <span class='ocrx_word' id='word_1_506' title='bbox 1197 3929 1247 3985; x_wconf 90' lang='lat' dir='ltr'><strong>id</strong></span> <span class='ocrx_word' id='word_1_507' title='bbox 1277 3927 1505 3984; x_wconf 89' lang='lat' dir='ltr'><strong>habetur</strong></span> <span class='ocrx_word' id='word_1_508' title='bbox 1520 3930 1843 4001; x_wconf 75' lang='lat' dir='ltr'><strong>etprimnm,</strong></span> 
     </span>
    </p>
   </div>
   <div class='ocr_carea' id='block_1_71' title="bbox 264 4018 1850 4091">
    <p class='ocr_par' dir='ltr' id='par_1_71' title="bbox 264 4018 1850 4091">
     <span class='ocr_line' id='line_1_71' title="bbox 264 4018 1850 4091; baseline 0.003 -19"><span class='ocrx_word' id='word_1_509' title='bbox 264 4018 325 4072; x_wconf 86' lang='lat' dir='ltr'><strong>in</strong></span> <span class='ocrx_word' id='word_1_510' title='bbox 379 4034 487 4088; x_wconf 88' lang='lat' dir='ltr'><strong>quo</strong></span> <span class='ocrx_word' id='word_1_511' title='bbox 535 4019 855 4075; x_wconf 85' lang='lat' dir='ltr'><strong>Pachumius</strong></span> <span class='ocrx_word' id='word_1_512' title='bbox 882 4021 998 4090; x_wconf 83' lang='lat' dir='ltr'><strong>ipse</strong></span> <span class='ocrx_word' id='word_1_513' title='bbox 1041 4021 1297 4091; x_wconf 87' lang='lat' dir='ltr'><strong>degebat,</strong></span> <span class='ocrx_word' id='word_1_514' title='bbox 1346 4037 1412 4076; x_wconf 81' lang='lat' dir='ltr'><strong>ex</strong></span> <span class='ocrx_word' id='word_1_515' title='bbox 1446 4038 1553 4091; x_wconf 90' lang='lat' dir='ltr'><strong>quo</strong></span> <span class='ocrx_word' id='word_1_516' title='bbox 1602 4023 1850 4077; x_wconf 88' lang='lat' dir='ltr'><strong>videntur</strong></span> 
     </span>
    </p>
   </div>
   <div class='ocr_carea' id='block_1_72' title="bbox 257 4113 1849 4182">
    <p class='ocr_par' dir='ltr' id='par_1_72' title="bbox 257 4113 1849 4182">
     <span class='ocr_line' id='line_1_72' title="bbox 257 4113 1849 4182; baseline 0.002 -15"><span class='ocrx_word' id='word_1_517' title='bbox 257 4118 323 4167; x_wconf 87' lang='lat' dir='ltr'><strong>et</strong></span> <span class='ocrx_word' id='word_1_518' title='bbox 378 4115 573 4165; x_wconf 69' lang='lat' dir='ltr'><strong>caetera</strong></span> <span class='ocrx_word' id='word_1_519' title='bbox 630 4114 954 4166; x_wconf 89' lang='lat' dir='ltr'><strong>monasteria</strong></span> <span class='ocrx_word' id='word_1_520' title='bbox 1003 4113 1355 4180; x_wconf 86' lang='lat' dir='ltr'><strong>processisse,</strong></span> <span class='ocrx_word' id='word_1_521' title='bbox 1403 4129 1521 4182; x_wconf 72' lang='lat' dir='ltr'><strong>qua:</strong></span> <span class='ocrx_word' id='word_1_522' title='bbox 1564 4113 1632 4169; x_wconf 91' lang='lat' dir='ltr'><strong>ad</strong></span> <span class='ocrx_word' id='word_1_523' title='bbox 1699 4115 1849 4172; x_wconf 90' lang='lat' dir='ltr'><strong>mille</strong></span> 
     </span>
    </p>
   </div>
   <div class='ocr_carea' id='block_1_73' title="bbox 248 4200 1456 4273">
    <p class='ocr_par' dir='ltr' id='par_1_73' title="bbox 248 4200 1456 4273">
     <span class='ocr_line' id='line_1_73' title="bbox 248 4200 1456 4273; baseline 0.001 -17"><span class='ocrx_word' id='word_1_524' title='bbox 248 4200 686 4273; x_wconf 77' lang='lat' dir='ltr'><strong>quadringentos</strong></span> <span class='ocrx_word' id='word_1_525' title='bbox 711 4202 905 4257; x_wconf 85' lang='lat' dir='ltr'><strong>fratres</strong></span> <span class='ocrx_word' id='word_1_526' title='bbox 936 4202 1136 4258; x_wconf 89' lang='lat' dir='ltr'><strong>habere</strong></span> <span class='ocrx_word' id='word_1_527' title='bbox 1162 4213 1456 4258; x_wconf 91' lang='lat' dir='ltr'><strong>noscuntur</strong></span> 
     </span>
    </p>
   </div>
   <div class='ocr_carea' id='block_1_74' title="bbox 346 4292 1851 4367">
    <p class='ocr_par' dir='ltr' id='par_1_74' title="bbox 346 4292 1851 4367">
     <span class='ocr_line' id='line_1_74' title="bbox 346 4292 1851 4367; baseline 0.004 -21"><span class='ocrx_word' id='word_1_528' title='bbox 346 4292 491 4348; x_wconf 87' lang='lat' dir='ltr'><strong>inter</strong></span> <span class='ocrx_word' id='word_1_529' title='bbox 518 4308 654 4362; x_wconf 89' lang='lat' dir='ltr'><strong>quos</strong></span> <span class='ocrx_word' id='word_1_530' title='bbox 682 4293 843 4349; x_wconf 91' lang='lat' dir='ltr'><strong>etiam</strong></span> <span class='ocrx_word' id='word_1_531' title='bbox 868 4303 952 4350; x_wconf 87' lang='lat' dir='ltr'><strong>est</strong></span> <span class='ocrx_word' id='word_1_532' title='bbox 972 4295 1185 4365; x_wconf 87' lang='lat' dir='ltr'><strong>quidam</strong></span> <span class='ocrx_word' id='word_1_533' title='bbox 1212 4294 1442 4350; x_wconf 88' lang='lat' dir='ltr'><strong>famulus</strong></span> <span class='ocrx_word' id='word_1_534' title='bbox 1467 4296 1583 4363; x_wconf 88' lang='lat' dir='ltr'><strong>Det,</strong></span> <span class='ocrx_word' id='word_1_535' title='bbox 1607 4296 1851 4367; x_wconf 84' lang='lat' dir='ltr'><strong>Aphtho-</strong></span> 
     </span>
    </p>
   </div>
   <div class='ocr_carea' id='block_1_75' title="bbox 257 4385 1851 4458">
    <p class='ocr_par' dir='ltr' id='par_1_75' title="bbox 257 4385 1851 4458">
     <span class='ocr_line' id='line_1_75' title="bbox 257 4385 1851 4458; baseline 0.004 -19"><span class='ocrx_word' id='word_1_536' title='bbox 257 4386 393 4439; x_wconf 88' lang='lat' dir='ltr'><strong>nius</strong></span> <span class='ocrx_word' id='word_1_537' title='bbox 423 4385 663 4453; x_wconf 88' lang='lat' dir='ltr'><strong>nomine,</strong></span> <span class='ocrx_word' id='word_1_538' title='bbox 697 4386 984 4441; x_wconf 85' lang='lat' dir='ltr'><strong>admodum</strong></span> <span class='ocrx_word' id='word_1_539' title='bbox 1024 4385 1151 4441; x_wconf 85' lang='lat' dir='ltr'><strong>milti</strong></span> <span class='ocrx_word' id='word_1_540' title='bbox 1183 4387 1537 4444; x_wconf 88' lang='lat' dir='ltr'><strong>amicitiarum</strong></span> <span class='ocrx_word' id='word_1_541' title='bbox 1575 4388 1695 4458; x_wconf 89' lang='lat' dir='ltr'><strong>juro</strong></span> <span class='ocrx_word' id='word_1_542' title='bbox 1725 4405 1851 4445; x_wconf 90' lang='lat' dir='ltr'><strong>con-</strong></span> 
     </span>
    </p>
   </div>
   <div class='ocr_carea' id='block_1_76' title="bbox 248 4476 1848 4548">
    <p class='ocr_par' dir='ltr' id='par_1_76' title="bbox 248 4476 1848 4548">
     <span class='ocr_line' id='line_1_76' title="bbox 248 4476 1848 4548; baseline 0.003 -18"><span class='ocrx_word' id='word_1_543' title='bbox 248 4478 501 4547; x_wconf 88' lang='lat' dir='ltr'><strong>junctus,</strong></span> <span class='ocrx_word' id='word_1_544' title='bbox 515 4476 604 4548; x_wconf 92' lang='lat' dir='ltr'><strong>qui</strong></span> <span class='ocrx_word' id='word_1_545' title='bbox 622 4477 915 4532; x_wconf 89' lang='lat' dir='ltr'><strong>secundum</strong></span> <span class='ocrx_word' id='word_1_546' title='bbox 934 4477 987 4532; x_wconf 92' lang='lat' dir='ltr'><strong>in</strong></span> <span class='ocrx_word' id='word_1_547' title='bbox 1011 4477 1105 4533; x_wconf 94' lang='lat' dir='ltr'><strong>illo</strong></span> <span class='ocrx_word' id='word_1_548' title='bbox 1119 4480 1444 4535; x_wconf 87' lang='lat' dir='ltr'><strong>monasterio</strong></span> <span class='ocrx_word' id='word_1_549' title='bbox 1453 4481 1662 4536; x_wconf 89' lang='lat' dir='ltr'><strong>obtinet</strong></span> <span class='ocrx_word' id='word_1_550' title='bbox 1676 4481 1848 4536; x_wconf 92' lang='lat' dir='ltr'><strong>locum</strong></span> 
     </span>
    </p>
   </div>
   <div class='ocr_carea' id='block_1_77' title="bbox 1947 3280 3527 3354">
    <p class='ocr_par' dir='ltr' id='par_1_77' title="bbox 1947 3280 3527 3354">
     <span class='ocr_line' id='line_1_77' title="bbox 1947 3280 3527 3354; baseline 0.002 -18"><span class='ocrx_word' id='word_1_551' title='bbox 1947 3282 2345 3352; x_wconf 89' lang='lat' dir='ltr'><strong>conscriptione</strong></span> <span class='ocrx_word' id='word_1_552' title='bbox 2403 3280 2708 3351; x_wconf 82' lang='lat' dir='ltr'><strong>gaudebat,</strong></span> <span class='ocrx_word' id='word_1_553' title='bbox 2763 3282 2897 3337; x_wconf 89' lang='lat' dir='ltr'><strong>alter</strong></span> <span class='ocrx_word' id='word_1_554' title='bbox 2951 3283 3234 3353; x_wconf 85' lang='lat' dir='ltr'><strong>sportellas</strong></span> <span class='ocrx_word' id='word_1_555' title='bbox 3298 3287 3527 3354; x_wconf 82' lang='lat' dir='ltr'><strong>grandes</strong></span> 
     </span>
    </p>
   </div>
   <div class='ocr_carea' id='block_1_78' title="bbox 1948 3374 3523 3443">
    <p class='ocr_par' dir='ltr' id='par_1_78' title="bbox 1948 3374 3523 3443">
     <span class='ocr_line' id='line_1_78' title="bbox 1948 3374 3523 3443; baseline 0.004 -14"><span class='ocrx_word' id='word_1_556' title='bbox 1948 3374 2187 3431; x_wconf 82' lang='lat' dir='ltr'><strong>intexere</strong></span> <span class='ocrx_word' id='word_1_557' title='bbox 2231 3376 2419 3431; x_wconf 89' lang='lat' dir='ltr'><strong>solitus</strong></span> <span class='ocrx_word' id='word_1_558' title='bbox 2472 3383 2608 3440; x_wconf 91' lang='lat' dir='ltr'><strong>erat,</strong></span> <span class='ocrx_word' id='word_1_559' title='bbox 2654 3375 2792 3431; x_wconf 91' lang='lat' dir='ltr'><strong>alter</strong></span> <span class='ocrx_word' id='word_1_560' title='bbox 2821 3376 3083 3443; x_wconf 86' lang='lat' dir='ltr'><strong>minores;</strong></span> <span class='ocrx_word' id='word_1_561' title='bbox 3116 3393 3301 3435; x_wconf 90' lang='lat' dir='ltr'><strong>omnes</strong></span> <span class='ocrx_word' id='word_1_562' title='bbox 3346 3389 3523 3436; x_wconf 88' lang='lat' dir='ltr'><strong>tamen</strong></span> 
     </span>
    </p>
   </div>
   <div class='ocr_carea' id='block_1_79' title="bbox 1948 3463 3408 3537">
    <p class='ocr_par' dir='ltr' id='par_1_79' title="bbox 1948 3463 3408 3537">
     <span class='ocr_line' id='line_1_79' title="bbox 1948 3463 3408 3537; baseline 0.003 -17"><span class='ocrx_word' id='word_1_563' title='bbox 1948 3465 2107 3521; x_wconf 90' lang='lat' dir='ltr'><strong>simul</strong></span> <span class='ocrx_word' id='word_1_564' title='bbox 2159 3467 2470 3523; x_wconf 88' lang='lat' dir='ltr'><strong>memoriter</strong></span> <span class='ocrx_word' id='word_1_565' title='bbox 2519 3465 2822 3537; x_wconf 89' lang='lat' dir='ltr'><strong>spirituales</strong></span> <span class='ocrx_word' id='word_1_566' title='bbox 2860 3467 3025 3524; x_wconf 86' lang='lat' dir='ltr'><strong>libros</strong></span> <span class='ocrx_word' id='word_1_567' title='bbox 3050 3469 3320 3525; x_wconf 87' lang='lat' dir='ltr'><strong>tenebant.</strong></span> <span class='ocrx_word' id='word_1_568' title='bbox 3406 3463 3408 3466; x_wconf 65' lang='grc'><em>’</em></span> 
     </span>
    </p>
   </div>
   <div class='ocr_carea' id='block_1_80' title="bbox 2537 3579 2918 3638">
    <p class='ocr_par' dir='ltr' id='par_1_80' title="bbox 2537 3579 2918 3638">
     <span class='ocr_line' id='line_1_80' title="bbox 2537 3579 2918 3638; baseline 0 -2"><span class='ocrx_word' id='word_1_569' title='bbox 2537 3579 2764 3638; x_wconf 82' lang='lat' dir='ltr'><strong>CAPUT</strong></span> <span class='ocrx_word' id='word_1_570' title='bbox 2798 3580 2918 3637; x_wconf 73' lang='lat' dir='ltr'><strong>XX.</strong></span> 
     </span>
    </p>
   </div>
   <div class='ocr_carea' id='block_1_81' title="bbox 1957 3668 3535 3746">
    <p class='ocr_par' dir='ltr' id='par_1_81' title="bbox 1957 3668 3535 3746">
     <span class='ocr_line' id='line_1_81' title="bbox 1957 3668 3535 3746; baseline 0 -18"><span class='ocrx_word' id='word_1_571' title='bbox 1957 3674 2077 3728; x_wconf 70' lang='lat' dir='ltr'><strong>Vita</strong></span> <span class='ocrx_word' id='word_1_572' title='bbox 2128 3673 2644 3729; x_wconf 75' lang='lat' dir='ltr'><strong>Tabeunensiotarum</strong></span> <span class='ocrx_word' id='word_1_573' title='bbox 2675 3674 3003 3746; x_wconf 77' lang='lat' dir='ltr'><strong>feminarum,</strong></span> <span class='ocrx_word' id='word_1_574' title='bbox 3032 3681 3078 3727; x_wconf 76' lang='lat' dir='ltr'><strong>et</strong></span> <span class='ocrx_word' id='word_1_575' title='bbox 3120 3670 3181 3727; x_wconf 83' lang='lat' dir='ltr'><strong>de</strong></span> <span class='ocrx_word' id='word_1_576' title='bbox 3214 3672 3445 3746; x_wconf 79' lang='lat' dir='ltr'><strong>Virgine,</strong></span> <span class='ocrx_word' id='word_1_577' title='bbox 3470 3668 3535 3728; x_wconf 73' lang='lat' dir='ltr'><strong>de</strong></span> 
     </span>
    </p>
   </div>
   <div class='ocr_carea' id='block_1_82' title="bbox 2174 3744 3318 3815">
    <p class='ocr_par' dir='ltr' id='par_1_82' title="bbox 2174 3744 3318 3815">
     <span class='ocr_line' id='line_1_82' title="bbox 2174 3744 3318 3815; baseline -0.002 -16"><span class='ocrx_word' id='word_1_578' title='bbox 2174 3762 2278 3814; x_wconf 88' lang='lat' dir='ltr'><strong>qua</strong></span> <span class='ocrx_word' id='word_1_579' title='bbox 2307 3746 2504 3799; x_wconf 72' lang='lat' dir='ltr'><strong>diuum</strong></span> <span class='ocrx_word' id='word_1_580' title='bbox 2531 3746 2700 3815; x_wconf 77' lang='lat' dir='ltr'><strong>fuerat</strong></span> <span class='ocrx_word' id='word_1_581' title='bbox 2731 3744 2920 3813; x_wconf 73' lang='lat' dir='ltr'><strong>falsum</strong></span> <span class='ocrx_word' id='word_1_582' title='bbox 2955 3744 3318 3797; x_wconf 74' lang='lat' dir='ltr'><strong>testimonium.</strong></span> 
     </span>
    </p>
   </div>
   <div class='ocr_carea' id='block_1_83' title="bbox 2026 3834 3523 3905">
    <p class='ocr_par' dir='ltr' id='par_1_83' title="bbox 2026 3834 3523 3905">
     <span class='ocr_line' id='line_1_83' title="bbox 2026 3834 3523 3905; baseline 0 -15"><span class='ocrx_word' id='word_1_583' title='bbox 2026 3837 2119 3890; x_wconf 87' lang='lat' dir='ltr'><strong>Est</strong></span> <span class='ocrx_word' id='word_1_584' title='bbox 2144 3846 2320 3893; x_wconf 90' lang='lat' dir='ltr'><strong>autem</strong></span> <span class='ocrx_word' id='word_1_585' title='bbox 2349 3835 2491 3899; x_wconf 84' lang='lat' dir='ltr'><strong>apud</strong></span> <span class='ocrx_word' id='word_1_586' title='bbox 2521 3837 2671 3903; x_wconf 89' lang='lat' dir='ltr'><strong>istos,</strong></span> <span class='ocrx_word' id='word_1_587' title='bbox 2688 3834 3005 3890; x_wconf 88' lang='lat' dir='ltr'><strong>feminarum</strong></span> <span class='ocrx_word' id='word_1_588' title='bbox 3018 3835 3523 3905; x_wconf 78' lang='lat' dir='ltr'><strong>quadringentorum</strong></span> 
     </span>
    </p>
   </div>
   <div class='ocr_carea' id='block_1_84' title="bbox 1956 3925 3530 3995">
    <p class='ocr_par' dir='ltr' id='par_1_84' title="bbox 1956 3925 3530 3995">
     <span class='ocr_line' id='line_1_84' title="bbox 1956 3925 3530 3995; baseline 0.003 -15"><span class='ocrx_word' id='word_1_589' title='bbox 1956 3940 2180 3980; x_wconf 91' lang='lat' dir='ltr'><strong>numero</strong></span> <span class='ocrx_word' id='word_1_590' title='bbox 2208 3925 2613 3990; x_wconf 72' lang='lat' dir='ltr'><strong>manasmrium,</strong></span> <span class='ocrx_word' id='word_1_591' title='bbox 2647 3925 2836 3980; x_wconf 82' lang='lat' dir='ltr'><strong>iisdem</strong></span> <span class='ocrx_word' id='word_1_592' title='bbox 2879 3925 3117 3980; x_wconf 90' lang='lat' dir='ltr'><strong>moribus</strong></span> <span class='ocrx_word' id='word_1_593' title='bbox 3145 3934 3305 3995; x_wconf 88' lang='lat' dir='ltr'><strong>atque</strong></span> <span class='ocrx_word' id='word_1_594' title='bbox 3340 3928 3530 3984; x_wconf 88' lang='lat' dir='ltr'><strong>eadem</strong></span> 
     </span>
    </p>
   </div>
   <div class='ocr_carea' id='block_1_85' title="bbox 1954 4012 3527 4094">
    <p class='ocr_par' dir='ltr' id='par_1_85' title="bbox 1954 4012 3527 4094">
     <span class='ocr_line' id='line_1_85' title="bbox 1954 4012 3527 4094; baseline 0.003 -22"><span class='ocrx_word' id='word_1_595' title='bbox 1954 4019 2291 4074; x_wconf 82' lang='lat' dir='ltr'><strong>ordinatiOne</strong></span> <span class='ocrx_word' id='word_1_596' title='bbox 2344 4021 2661 4086; x_wconf 86' lang='lat' dir='ltr'><strong>viventium,</strong></span> <span class='ocrx_word' id='word_1_597' title='bbox 2694 4031 2918 4089; x_wconf 81' lang='lat' dir='ltr'><strong>excepto</strong></span> <span class='ocrx_word' id='word_1_598' title='bbox 2956 4022 3259 4077; x_wconf 89' lang='lat' dir='ltr'><strong>velamento</strong></span> <span class='ocrx_word' id='word_1_599' title='bbox 3313 4012 3527 4094; x_wconf 89' lang='lat' dir='ltr'><strong>pellium</strong></span> 
     </span>
    </p>
   </div>
   <div class='ocr_carea' id='block_1_86' title="bbox 1954 4102 3529 4183">
    <p class='ocr_par' dir='ltr' id='par_1_86' title="bbox 1954 4102 3529 4183">
     <span class='ocr_line' id='line_1_86' title="bbox 1954 4102 3529 4183; baseline 0.005 -21"><span class='ocrx_word' id='word_1_600' title='bbox 1954 4109 2073 4163; x_wconf 92' lang='lat' dir='ltr'><strong>solo</strong></span> <span class='ocrx_word' id='word_1_601' title='bbox 2105 4108 2364 4181; x_wconf 83' lang='lat' dir='ltr'><strong>(Pallad.,</strong></span> <span class='ocrx_word' id='word_1_602' title='bbox 2397 4128 2511 4183; x_wconf 80' lang='lat' dir='ltr'><strong>rap.</strong></span> <span class='ocrx_word' id='word_1_603' title='bbox 2544 4108 2661 4183; x_wconf 56' lang='lat' dir='ltr'><strong>3i).</strong></span> <span class='ocrx_word' id='word_1_604' title='bbox 2712 4113 2774 4166; x_wconf 86' lang='lat' dir='ltr'><strong>Et</strong></span> <span class='ocrx_word' id='word_1_605' title='bbox 2820 4115 3071 4168; x_wconf 79' lang='lat' dir='ltr'><strong>mulieres</strong></span> <span class='ocrx_word' id='word_1_606' title='bbox 3118 4102 3331 4180; x_wconf 86' lang='lat' dir='ltr'><strong>quidem</strong></span> <span class='ocrx_word' id='word_1_607' title='bbox 3383 4125 3529 4170; x_wconf 87' lang='lat' dir='ltr'><strong>trans</strong></span> 
     </span>
    </p>
   </div>
   <div class='ocr_carea' id='block_1_87' title="bbox 1953 4200 3532 4278">
    <p class='ocr_par' dir='ltr' id='par_1_87' title="bbox 1953 4200 3532 4278">
     <span class='ocr_line' id='line_1_87' title="bbox 1953 4200 3532 4278; baseline 0.004 -22"><span class='ocrx_word' id='word_1_608' title='bbox 1953 4200 2171 4256; x_wconf 85' lang='lat' dir='ltr'><strong>ﬂuvium</strong></span> <span class='ocrx_word' id='word_1_609' title='bbox 2205 4201 2465 4265; x_wconf 87' lang='lat' dir='ltr'><strong>habitant,</strong></span> <span class='ocrx_word' id='word_1_610' title='bbox 2497 4204 2634 4258; x_wconf 89' lang='lat' dir='ltr'><strong>intra</strong></span> <span class='ocrx_word' id='word_1_611' title='bbox 2666 4204 2880 4259; x_wconf 85' lang='lat' dir='ltr'><strong>fluvium</strong></span> <span class='ocrx_word' id='word_1_612' title='bbox 2928 4215 3104 4261; x_wconf 86' lang='lat' dir='ltr'><strong>autem</strong></span> <span class='ocrx_word' id='word_1_613' title='bbox 3144 4207 3261 4261; x_wconf 83' lang='lat' dir='ltr'><strong>viri.</strong></span> <span class='ocrx_word' id='word_1_614' title='bbox 3291 4208 3532 4278; x_wconf 78' lang='lat' dir='ltr'><strong>Cumque</strong></span> 
     </span>
    </p>
   </div>
   <div class='ocr_carea' id='block_1_88' title="bbox 1952 4284 3526 4365">
    <p class='ocr_par' dir='ltr' id='par_1_88' title="bbox 1952 4284 3526 4365">
     <span class='ocr_line' id='line_1_88' title="bbox 1952 4284 3526 4365; baseline 0.006 -20"><span class='ocrx_word' id='word_1_615' title='bbox 1952 4284 2199 4348; x_wconf 87' lang='lat' dir='ltr'><strong>defuncta</strong></span> <span class='ocrx_word' id='word_1_616' title='bbox 2224 4309 2325 4349; x_wconf 89' lang='lat' dir='ltr'><strong>una</strong></span> <span class='ocrx_word' id='word_1_617' title='bbox 2348 4296 2609 4365; x_wconf 83' lang='lat' dir='ltr'><strong>virginum</strong></span> <span class='ocrx_word' id='word_1_618' title='bbox 2643 4294 2817 4360; x_wconf 85' lang='lat' dir='ltr'><strong>fuerit,</strong></span> <span class='ocrx_word' id='word_1_619' title='bbox 2848 4298 3098 4352; x_wconf 82' lang='lat' dir='ltr'><strong>vestitam</strong></span> <span class='ocrx_word' id='word_1_620' title='bbox 3129 4312 3247 4352; x_wconf 91' lang='lat' dir='ltr'><strong>eam</strong></span> <span class='ocrx_word' id='word_1_621' title='bbox 3282 4305 3339 4350; x_wconf 91' lang='lat' dir='ltr'><strong>ut</strong></span> <span class='ocrx_word' id='word_1_622' title='bbox 3367 4312 3526 4353; x_wconf 44' lang='lat' dir='ltr'><strong>assos</strong></span> 
     </span>
    </p>
   </div>
   <div class='ocr_carea' id='block_1_89' title="bbox 1954 4376 3520 4457">
    <p class='ocr_par' dir='ltr' id='par_1_89' title="bbox 1954 4376 3520 4457">
     <span class='ocr_line' id='line_1_89' title="bbox 1954 4376 3520 4457; baseline 0.003 -19"><span class='ocrx_word' id='word_1_623' title='bbox 1954 4376 2031 4439; x_wconf 90' lang='lat' dir='ltr'><strong>let</strong></span> <span class='ocrx_word' id='word_1_624' title='bbox 2058 4386 2304 4440; x_wconf 89' lang='lat' dir='ltr'><strong>deferunt</strong></span> <span class='ocrx_word' id='word_1_625' title='bbox 2344 4387 2492 4450; x_wconf 69' lang='lat' dir='ltr'><strong>aliae,</strong></span> <span class='ocrx_word' id='word_1_626' title='bbox 2522 4395 2576 4439; x_wconf 83' lang='lat' dir='ltr'><strong>ct</strong></span> <span class='ocrx_word' id='word_1_627' title='bbox 2607 4402 2766 4455; x_wconf 84' lang='lat' dir='ltr'><strong>supra</strong></span> <span class='ocrx_word' id='word_1_628' title='bbox 2811 4386 2981 4457; x_wconf 88' lang='lat' dir='ltr'><strong>ripam</strong></span> <span class='ocrx_word' id='word_1_629' title='bbox 3014 4378 3159 4442; x_wconf 88' lang='lat' dir='ltr'><strong>fluvii</strong></span> <span class='ocrx_word' id='word_1_630' title='bbox 3194 4397 3394 4454; x_wconf 75' lang='lat' dir='ltr'><strong>ponunt</strong></span> <span class='ocrx_word' id='word_1_631' title='bbox 3440 4403 3520 4442; x_wconf 86' lang='lat' dir='ltr'><strong>so-</strong></span> 
     </span>
    </p>
   </div>
   <div class='ocr_carea' id='block_1_90' title="bbox 1954 4478 3527 4548">
    <p class='ocr_par' dir='ltr' id='par_1_90' title="bbox 1954 4478 3527 4548">
     <span class='ocr_line' id='line_1_90' title="bbox 1954 4478 3527 4548; baseline 0.003 -17"><span class='ocrx_word' id='word_1_632' title='bbox 1954 4490 2125 4533; x_wconf 90' lang='lat' dir='ltr'><strong>rores.</strong></span> <span class='ocrx_word' id='word_1_633' title='bbox 2180 4480 2349 4544; x_wconf 88' lang='lat' dir='ltr'><strong>Quam</strong></span> <span class='ocrx_word' id='word_1_634' title='bbox 2410 4478 2532 4531; x_wconf 81' lang='lat' dir='ltr'><strong>inde</strong></span> <span class='ocrx_word' id='word_1_635' title='bbox 2587 4494 2706 4533; x_wconf 91' lang='lat' dir='ltr'><strong>cum</strong></span> <span class='ocrx_word' id='word_1_636' title='bbox 2756 4479 2992 4535; x_wconf 86' lang='lat' dir='ltr'><strong>olearum</strong></span> <span class='ocrx_word' id='word_1_637' title='bbox 3046 4480 3367 4535; x_wconf 86' lang='lat' dir='ltr'><strong>ramusculis</strong></span> <span class='ocrx_word' id='word_1_638' title='bbox 3410 4482 3527 4548; x_wconf 86' lang='lat' dir='ltr'><strong>pal-</strong></span> 
     </span>
    </p>
   </div>
   <div class='ocr_carea' id='block_1_91' title="bbox 255 4563 3531 4643">
    <p class='ocr_par' dir='ltr' id='par_1_91' title="bbox 255 4563 3531 4643">
     <span class='ocr_line' id='line_1_91' title="bbox 255 4563 3531 4643; baseline 0.002 -22"><span class='ocrx_word' id='word_1_639' title='bbox 255 4568 529 4634; x_wconf 79' lang='lat' dir='ltr'><strong>(l&#39;atlad.,</strong></span> <span class='ocrx_word' id='word_1_640' title='bbox 565 4583 680 4639; x_wconf 85' lang='lat' dir='ltr'><strong>cap.</strong></span> <span class='ocrx_word' id='word_1_641' title='bbox 712 4569 827 4638; x_wconf 81' lang='lat'><strong>59).</strong></span> <span class='ocrx_word' id='word_1_642' title='bbox 856 4570 1025 4634; x_wconf 89' lang='lat' dir='ltr'><strong>Quem</strong></span> <span class='ocrx_word' id='word_1_643' title='bbox 1066 4569 1132 4624; x_wconf 88' lang='lat' dir='ltr'><strong>de</strong></span> <span class='ocrx_word' id='word_1_644' title='bbox 1156 4570 1260 4625; x_wconf 87' lang='lat' dir='ltr'><strong>vita</strong></span> <span class='ocrx_word' id='word_1_645' title='bbox 1284 4571 1450 4640; x_wconf 84' lang='lat' dir='ltr'><strong>ipsius</strong></span> <span class='ocrx_word' id='word_1_646' title='bbox 1478 4580 1532 4625; x_wconf 90' lang='lat' dir='ltr'><strong>et</strong></span> <span class='ocrx_word' id='word_1_647' title='bbox 1560 4586 1849 4626; x_wconf 89' lang='lat' dir='ltr'><strong>conversa-</strong></span> <span class='ocrx_word' id='word_1_648' title='bbox 1881 4563 1933 4623; x_wconf 81' lang='grc' dir='ltr'><strong>Ι)</strong></span> <span class='ocrx_word' id='word_1_649' title='bbox 1959 4572 2321 4640; x_wconf 87' lang='lat' dir='ltr'><strong>musculisque</strong></span> <span class='ocrx_word' id='word_1_650' title='bbox 2363 4572 2601 4627; x_wconf 89' lang='lat' dir='ltr'><strong>navicula</strong></span> <span class='ocrx_word' id='word_1_651' title='bbox 2630 4571 3039 4628; x_wconf 90' lang='lat' dir='ltr'><strong>transfretantes</strong></span> <span class='ocrx_word' id='word_1_652' title='bbox 3066 4573 3186 4636; x_wconf 81' lang='lat' dir='ltr'><strong>viri,</strong></span> <span class='ocrx_word' id='word_1_653' title='bbox 3216 4582 3269 4627; x_wconf 91' lang='lat' dir='ltr'><strong>et</strong></span> <span class='ocrx_word' id='word_1_654' title='bbox 3296 4573 3531 4643; x_wconf 83' lang='lat' dir='ltr'><strong>psalmos</strong></span> 
     </span>
    </p>
   </div>
   <div class='ocr_carea' id='block_1_92' title="bbox 255 4662 1847 4730">
    <p class='ocr_par' dir='ltr' id='par_1_92' title="bbox 255 4662 1847 4730">
     <span class='ocr_line' id='line_1_92' title="bbox 255 4662 1847 4730; baseline 0.001 -15"><span class='ocrx_word' id='word_1_655' title='bbox 255 4662 409 4717; x_wconf 84' lang='lat' dir='ltr'><strong>tione</strong></span> <span class='ocrx_word' id='word_1_656' title='bbox 430 4662 625 4723; x_wconf 83' lang='lat' dir='ltr'><strong>securi,</strong></span> <span class='ocrx_word' id='word_1_657' title='bbox 658 4662 1035 4717; x_wconf 79' lang='lat' dir='ltr'><strong>Alexandriam</strong></span> <span class='ocrx_word' id='word_1_658' title='bbox 1059 4664 1609 4730; x_wconf 66' lang='lat' dir='ltr'><strong>smpetransmittunt,</strong></span> <span class='ocrx_word' id='word_1_659' title='bbox 1643 4673 1701 4718; x_wconf 90' lang='lat' dir='ltr'><strong>ut</strong></span> <span class='ocrx_word' id='word_1_660' title='bbox 1737 4663 1847 4718; x_wconf 90' lang='lat' dir='ltr'><strong>illic</strong></span> 
     </span>
    </p>
   </div>
   <div class='ocr_carea' id='block_1_93' title="bbox 259 4753 1846 4823">
    <p class='ocr_par' dir='ltr' id='par_1_93' title="bbox 259 4753 1846 4823">
     <span class='ocr_line' id='line_1_93' title="bbox 259 4753 1846 4823; baseline 0.003 -16"><span class='ocrx_word' id='word_1_661' title='bbox 259 4764 330 4804; x_wconf 78' lang='lat' dir='ltr'><strong>ea</strong></span> <span class='ocrx_word' id='word_1_662' title='bbox 356 4754 573 4817; x_wconf 86' lang='lat' dir='ltr'><strong>quidem</strong></span> <span class='ocrx_word' id='word_1_663' title='bbox 602 4770 721 4823; x_wconf 69' lang='lat' dir='ltr'><strong>quae</strong></span> <span class='ocrx_word' id='word_1_664' title='bbox 768 4753 823 4808; x_wconf 92' lang='lat' dir='ltr'><strong>in</strong></span> <span class='ocrx_word' id='word_1_665' title='bbox 875 4756 1199 4809; x_wconf 78' lang='lat' dir='ltr'><strong>monasterio</strong></span> <span class='ocrx_word' id='word_1_666' title='bbox 1229 4754 1473 4820; x_wconf 86' lang='lat' dir='ltr'><strong>fecerint,</strong></span> <span class='ocrx_word' id='word_1_667' title='bbox 1519 4756 1751 4822; x_wconf 80' lang='lat' dir='ltr'><strong>vendat;</strong></span> <span class='ocrx_word' id='word_1_668' title='bbox 1783 4771 1846 4811; x_wconf 86' lang='lat' dir='ltr'><strong>ea</strong></span> 
     </span>
    </p>
   </div>
   <div class='ocr_carea' id='block_1_94' title="bbox 256 4847 1844 4915">
    <p class='ocr_par' dir='ltr' id='par_1_94' title="bbox 256 4847 1844 4915">
     <span class='ocr_line' id='line_1_94' title="bbox 256 4847 1844 4915; baseline 0.006 -20"><span class='ocrx_word' id='word_1_669' title='bbox 256 4850 443 4895; x_wconf 87' lang='lat' dir='ltr'><strong>autem</strong></span> <span class='ocrx_word' id='word_1_670' title='bbox 472 4856 591 4911; x_wconf 69' lang='lat' dir='ltr'><strong>qua:</strong></span> <span class='ocrx_word' id='word_1_671' title='bbox 618 4849 722 4896; x_wconf 79' lang='lat' dir='ltr'><strong>scit</strong></span> <span class='ocrx_word' id='word_1_672' title='bbox 745 4848 1042 4902; x_wconf 86' lang='lat' dir='ltr'><strong>necessaria</strong></span> <span class='ocrx_word' id='word_1_673' title='bbox 1060 4888 1076 4913; x_wconf 88' lang='lat'><strong>,</strong></span> <span class='ocrx_word' id='word_1_674' title='bbox 1105 4856 1249 4901; x_wconf 89' lang='lat' dir='ltr'><strong>emat</strong></span> <span class='ocrx_word' id='word_1_675' title='bbox 1288 4862 1503 4915; x_wconf 89' lang='lat' dir='ltr'><strong>semper</strong></span> <span class='ocrx_word' id='word_1_676' title='bbox 1528 4863 1592 4903; x_wconf 90' lang='lat' dir='ltr'><strong>ac</strong></span> <span class='ocrx_word' id='word_1_677' title='bbox 1618 4847 1844 4904; x_wconf 86' lang='lat' dir='ltr'><strong>referat.</strong></span> 
     </span>
    </p>
   </div>
   <div class='ocr_carea' id='block_1_95' title="bbox 258 4933 1843 4996">
    <p class='ocr_par' dir='ltr' id='par_1_95' title="bbox 258 4933 1843 4996">
     <span class='ocr_line' id='line_1_95' title="bbox 258 4933 1843 4996; baseline 0.003 -5"><span class='ocrx_word' id='word_1_678' title='bbox 258 4933 404 4991; x_wconf 87' lang='lat' dir='ltr'><strong>Sunt</strong></span> <span class='ocrx_word' id='word_1_679' title='bbox 425 4933 593 4988; x_wconf 85' lang='lat' dir='ltr'><strong>etalia</strong></span> <span class='ocrx_word' id='word_1_680' title='bbox 614 4938 940 4989; x_wconf 87' lang='lat' dir='ltr'><strong>monasteria</strong></span> <span class='ocrx_word' id='word_1_681' title='bbox 980 4938 1312 4994; x_wconf 80' lang='lat' dir='ltr'><strong>ducentenos</strong></span> <span class='ocrx_word' id='word_1_682' title='bbox 1344 4940 1536 4994; x_wconf 83' lang='lat' dir='ltr'><strong>fratres</strong></span> <span class='ocrx_word' id='word_1_683' title='bbox 1554 4950 1610 4995; x_wconf 89' lang='lat' dir='ltr'><strong>et</strong></span> <span class='ocrx_word' id='word_1_684' title='bbox 1631 4950 1843 4996; x_wconf 87' lang='lat' dir='ltr'><strong>trecen-</strong></span> 
     </span>
    </p>
   </div>
   <div class='ocr_carea' id='block_1_96' title="bbox 260 5025 1843 5097">
    <p class='ocr_par' dir='ltr' id='par_1_96' title="bbox 260 5025 1843 5097">
     <span class='ocr_line' id='line_1_96' title="bbox 260 5025 1843 5097; baseline 0.004 -16"><span class='ocrx_word' id='word_1_685' title='bbox 260 5036 420 5082; x_wconf 86' lang='lat' dir='ltr'><strong>tenos</strong></span> <span class='ocrx_word' id='word_1_686' title='bbox 447 5025 724 5091; x_wconf 81' lang='lat' dir='ltr'><strong>habentia,</strong></span> <span class='ocrx_word' id='word_1_687' title='bbox 757 5027 811 5080; x_wconf 92' lang='lat' dir='ltr'><strong>in</strong></span> <span class='ocrx_word' id='word_1_688' title='bbox 855 5042 916 5081; x_wconf 87' lang='lat' dir='ltr'><strong>ea</strong></span> <span class='ocrx_word' id='word_1_689' title='bbox 948 5044 1105 5097; x_wconf 89' lang='lat' dir='ltr'><strong>quam</strong></span> <span class='ocrx_word' id='word_1_690' title='bbox 1142 5029 1315 5084; x_wconf 84' lang='lat' dir='ltr'><strong>Panos</strong></span> <span class='ocrx_word' id='word_1_691' title='bbox 1364 5030 1584 5086; x_wconf 89' lang='lat' dir='ltr'><strong>civitate</strong></span> <span class='ocrx_word' id='word_1_692' title='bbox 1610 5040 1843 5088; x_wconf 84' lang='lat' dir='ltr'><strong>vocant:</strong></span> 
     </span>
    </p>
   </div>
   <div class='ocr_carea' id='block_1_97' title="bbox 260 5116 1847 5192">
    <p class='ocr_par' dir='ltr' id='par_1_97' title="bbox 260 5116 1847 5192">
     <span class='ocr_line' id='line_1_97' title="bbox 260 5116 1847 5192; baseline 0.004 -19"><span class='ocrx_word' id='word_1_693' title='bbox 260 5130 427 5186; x_wconf 79' lang='lat' dir='ltr'><strong>quem</strong></span> <span class='ocrx_word' id='word_1_694' title='bbox 473 5130 576 5187; x_wconf 86' lang='lat' dir='ltr'><strong>ego</strong></span> <span class='ocrx_word' id='word_1_695' title='bbox 602 5116 1026 5186; x_wconf 78' lang='lat' dir='ltr'><strong>quadringentos</strong></span> <span class='ocrx_word' id='word_1_696' title='bbox 1067 5120 1349 5176; x_wconf 75' lang='lat' dir='ltr'><strong>habentem</strong></span> <span class='ocrx_word' id='word_1_697' title='bbox 1386 5121 1533 5176; x_wconf 88' lang='lat' dir='ltr'><strong>viros</strong></span> <span class='ocrx_word' id='word_1_698' title='bbox 1578 5122 1847 5192; x_wconf 83' lang='lat' dir='ltr'><strong>ingressus</strong></span> 
     </span>
    </p>
   </div>
   <div class='ocr_carea' id='block_1_98' title="bbox 262 5207 1845 5287">
    <p class='ocr_par' dir='ltr' id='par_1_98' title="bbox 262 5207 1845 5287">
     <span class='ocr_line' id='line_1_98' title="bbox 262 5207 1845 5287; baseline 0.004 -24"><span class='ocrx_word' id='word_1_699' title='bbox 262 5207 469 5263; x_wconf 86' lang='lat' dir='ltr'><strong>inveni.</strong></span> <span class='ocrx_word' id='word_1_700' title='bbox 498 5209 645 5265; x_wconf 83' lang='lat' dir='ltr'><strong>inter</strong></span> <span class='ocrx_word' id='word_1_701' title='bbox 697 5224 834 5281; x_wconf 83' lang='lat' dir='ltr'><strong>quos</strong></span> <span class='ocrx_word' id='word_1_702' title='bbox 894 5212 1253 5268; x_wconf 86' lang='lat' dir='ltr'><strong>sarcinatores</strong></span> <span class='ocrx_word' id='word_1_703' title='bbox 1293 5214 1594 5282; x_wconf 86' lang='lat' dir='ltr'><strong>quindecim</strong></span> <span class='ocrx_word' id='word_1_704' title='bbox 1647 5217 1845 5287; x_wconf 83' lang='lat' dir='ltr'><strong>reperi,</strong></span> 
     </span>
    </p>
   </div>
   <div class='ocr_carea' id='block_1_99' title="bbox 264 5297 1849 5375">
    <p class='ocr_par' dir='ltr' id='par_1_99' title="bbox 264 5297 1849 5375">
     <span class='ocr_line' id='line_1_99' title="bbox 264 5297 1849 5375; baseline 0.007 -23"><span class='ocrx_word' id='word_1_705' title='bbox 264 5297 451 5354; x_wconf 88' lang='lat' dir='ltr'><strong>fabros</strong></span> <span class='ocrx_word' id='word_1_706' title='bbox 478 5298 733 5356; x_wconf 86' lang='lat' dir='ltr'><strong>ferrarios</strong></span> <span class='ocrx_word' id='word_1_707' title='bbox 762 5310 991 5370; x_wconf 84' lang='lat' dir='ltr'><strong>septem,</strong></span> <span class='ocrx_word' id='word_1_708' title='bbox 1042 5308 1412 5371; x_wconf 83' lang='lat' dir='ltr'><strong>carpentarios</strong></span> <span class='ocrx_word' id='word_1_709' title='bbox 1462 5316 1708 5375; x_wconf 83' lang='lat' dir='ltr'><strong>quatuor,</strong></span> <span class='ocrx_word' id='word_1_710' title='bbox 1756 5323 1849 5364; x_wconf 82' lang='lat' dir='ltr'><strong>ca-</strong></span> 
     </span>
    </p>
   </div>
   <div class='ocr_carea' id='block_1_100' title="bbox 267 5391 1851 5468">
    <p class='ocr_par' dir='ltr' id='par_1_100' title="bbox 267 5391 1851 5468">
     <span class='ocr_line' id='line_1_100' title="bbox 267 5391 1851 5468; baseline 0.008 -22"><span class='ocrx_word' id='word_1_711' title='bbox 267 5391 518 5448; x_wconf 87' lang='lat' dir='ltr'><strong>melarios</strong></span> <span class='ocrx_word' id='word_1_712' title='bbox 539 5394 843 5461; x_wconf 86' lang='lat' dir='ltr'><strong>duodecim,</strong></span> <span class='ocrx_word' id='word_1_713' title='bbox 873 5396 1099 5451; x_wconf 85' lang='lat' dir='ltr'><strong>fullones</strong></span> <span class='ocrx_word' id='word_1_714' title='bbox 1126 5400 1431 5468; x_wconf 82' lang='lat' dir='ltr'><strong>quindecim</strong></span> <span class='ocrx_word' id='word_1_715' title='bbox 1458 5417 1706 5468; x_wconf 91' lang='lat' dir='ltr'><strong>numero,</strong></span> <span class='ocrx_word' id='word_1_716' title='bbox 1738 5404 1851 5457; x_wconf 88' lang='lat' dir='ltr'><strong>siu-</strong></span> 
     </span>
    </p>
   </div>
   <div class='ocr_carea' id='block_1_101' title="bbox 270 5479 1851 5566">
    <p class='ocr_par' dir='ltr' id='par_1_101' title="bbox 270 5479 1851 5566">
     <span class='ocr_line' id='line_1_101' title="bbox 270 5479 1851 5566; baseline 0.009 -31"><span class='ocrx_word' id='word_1_717' title='bbox 270 5479 429 5550; x_wconf 87' lang='lat' dir='ltr'><strong>gulos</strong></span> <span class='ocrx_word' id='word_1_718' title='bbox 456 5484 508 5536; x_wconf 90' lang='lat' dir='ltr'><strong>in</strong></span> <span class='ocrx_word' id='word_1_719' title='bbox 537 5493 653 5541; x_wconf 90' lang='lat' dir='ltr'><strong>arte</strong></span> <span class='ocrx_word' id='word_1_720' title='bbox 677 5488 890 5557; x_wconf 83' lang='lat' dir='ltr'><strong>propria</strong></span> <span class='ocrx_word' id='word_1_721' title='bbox 922 5489 1250 5547; x_wconf 87' lang='lat' dir='ltr'><strong>laborantes.</strong></span> <span class='ocrx_word' id='word_1_722' title='bbox 1278 5492 1347 5547; x_wconf 85' lang='lat' dir='ltr'><strong>Et</strong></span> <span class='ocrx_word' id='word_1_723' title='bbox 1375 5507 1443 5548; x_wconf 78' lang='lat' dir='ltr'><strong>ex</strong></span> <span class='ocrx_word' id='word_1_724' title='bbox 1474 5494 1539 5549; x_wconf 89' lang='lat' dir='ltr'><strong>iis</strong></span> <span class='ocrx_word' id='word_1_725' title='bbox 1566 5510 1685 5564; x_wconf 74' lang='lat' dir='ltr'><strong>quae</strong></span> <span class='ocrx_word' id='word_1_726' title='bbox 1715 5510 1851 5566; x_wconf 86' lang='lat' dir='ltr'><strong>quo-</strong></span> 
     </span>
    </p>
   </div>
   <div class='ocr_carea' id='block_1_102' title="bbox 276 5574 1852 5649">
    <p class='ocr_par' dir='ltr' id='par_1_102' title="bbox 276 5574 1852 5649">
     <span class='ocr_line' id='line_1_102' title="bbox 276 5574 1852 5649; baseline 0.01 -23"><span class='ocrx_word' id='word_1_727' title='bbox 276 5574 481 5629; x_wconf 89' lang='lat' dir='ltr'><strong>tidiano</strong></span> <span class='ocrx_word' id='word_1_728' title='bbox 507 5574 668 5630; x_wconf 86' lang='lat' dir='ltr'><strong>victui</strong></span> <span class='ocrx_word' id='word_1_729' title='bbox 697 5592 983 5646; x_wconf 83' lang='lat' dir='ltr'><strong>superesse</strong></span> <span class='ocrx_word' id='word_1_730' title='bbox 1016 5590 1279 5649; x_wconf 85' lang='lat' dir='ltr'><strong>poterant,</strong></span> <span class='ocrx_word' id='word_1_731' title='bbox 1313 5584 1479 5639; x_wconf 86' lang='lat' dir='ltr'><strong>etiam</strong></span> <span class='ocrx_word' id='word_1_732' title='bbox 1510 5587 1852 5641; x_wconf 89' lang='lat' dir='ltr'><strong>monasteriis</strong></span> 
     </span>
    </p>
   </div>
   <div class='ocr_carea' id='block_1_103' title="bbox 281 5666 1852 5749">
    <p class='ocr_par' dir='ltr' id='par_1_103' title="bbox 281 5666 1852 5749">
     <span class='ocr_line' id='line_1_103' title="bbox 281 5666 1852 5749; baseline 0.01 -29"><span class='ocrx_word' id='word_1_733' title='bbox 281 5666 597 5724; x_wconf 86' lang='lat' dir='ltr'><strong>feminarum</strong></span> <span class='ocrx_word' id='word_1_734' title='bbox 620 5670 1034 5737; x_wconf 86' lang='lat' dir='ltr'><strong>carceribusque</strong></span> <span class='ocrx_word' id='word_1_735' title='bbox 1066 5675 1252 5730; x_wconf 87' lang='lat' dir='ltr'><strong>vicinis</strong></span> <span class='ocrx_word' id='word_1_736' title='bbox 1293 5678 1597 5734; x_wconf 87' lang='lat' dir='ltr'><strong>necessaria</strong></span> <span class='ocrx_word' id='word_1_737' title='bbox 1628 5694 1852 5749; x_wconf 74' lang='lat' dir='ltr'><strong>quaeque</strong></span> 
     </span>
    </p>
   </div>
   <div class='ocr_carea' id='block_1_104' title="bbox 1956 4652 3531 4731">
    <p class='ocr_par' dir='ltr' id='par_1_104' title="bbox 1956 4652 3531 4731">
     <span class='ocr_line' id='line_1_104' title="bbox 1956 4652 3531 4731; baseline 0.001 -16"><span class='ocrx_word' id='word_1_738' title='bbox 1956 4670 2232 4724; x_wconf 68' lang='lat' dir='ltr'><strong>canentes,</strong></span> <span class='ocrx_word' id='word_1_739' title='bbox 2278 4660 2343 4714; x_wconf 90' lang='lat' dir='ltr'><strong>ad</strong></span> <span class='ocrx_word' id='word_1_740' title='bbox 2375 4676 2499 4715; x_wconf 81' lang='lat' dir='ltr'><strong>suas</strong></span> <span class='ocrx_word' id='word_1_741' title='bbox 2533 4662 2859 4717; x_wconf 91' lang='lat' dir='ltr'><strong>transferunt</strong></span> <span class='ocrx_word' id='word_1_742' title='bbox 2910 4673 3105 4729; x_wconf 88' lang='lat' dir='ltr'><strong>partes,</strong></span> <span class='ocrx_word' id='word_1_743' title='bbox 3132 4671 3184 4716; x_wconf 91' lang='lat' dir='ltr'><strong>et</strong></span> <span class='ocrx_word' id='word_1_744' title='bbox 3229 4652 3284 4715; x_wconf 88' lang='lat' dir='ltr'><strong>itt</strong></span> <span class='ocrx_word' id='word_1_745' title='bbox 3318 4652 3531 4731; x_wconf 85' lang='lat' dir='ltr'><strong>proprio</strong></span> 
     </span>
    </p>
   </div>
   <div class='ocr_carea' id='block_1_105' title="bbox 1953 4746 3526 4825">
    <p class='ocr_par' dir='ltr' id='par_1_105' title="bbox 1953 4746 3526 4825">
     <span class='ocr_line' id='line_1_105' title="bbox 1953 4746 3526 4825; baseline -0.001 -15"><span class='ocrx_word' id='word_1_746' title='bbox 1953 4770 2074 4810; x_wconf 88' lang='lat' dir='ltr'><strong>cum</strong></span> <span class='ocrx_word' id='word_1_747' title='bbox 2143 4756 2361 4825; x_wconf 86' lang='lat' dir='ltr'><strong>reliquis</strong></span> <span class='ocrx_word' id='word_1_748' title='bbox 2406 4755 2661 4823; x_wconf 86' lang='lat' dir='ltr'><strong>dcputato</strong></span> <span class='ocrx_word' id='word_1_749' title='bbox 2725 4757 2961 4809; x_wconf 88' lang='lat' dir='ltr'><strong>condunt</strong></span> <span class='ocrx_word' id='word_1_750' title='bbox 3013 4755 3280 4823; x_wconf 90' lang='lat' dir='ltr'><strong>sepulcro.</strong></span> <span class='ocrx_word' id='word_1_751' title='bbox 3342 4746 3526 4809; x_wconf 82' lang='lat' dir='ltr'><strong>Nullus</strong></span> 
     </span>
    </p>
   </div>
   <div class='ocr_carea' id='block_1_106' title="bbox 1957 4845 3532 4917">
    <p class='ocr_par' dir='ltr' id='par_1_106' title="bbox 1957 4845 3532 4917">
     <span class='ocr_line' id='line_1_106' title="bbox 1957 4845 3532 4917; baseline -0.001 -18"><span class='ocrx_word' id='word_1_752' title='bbox 1957 4856 2153 4908; x_wconf 89' lang='lat' dir='ltr'><strong>tamen,</strong></span> <span class='ocrx_word' id='word_1_753' title='bbox 2171 4855 2395 4913; x_wconf 69' lang='lat' dir='ltr'><strong>excepto</strong></span> <span class='ocrx_word' id='word_1_754' title='bbox 2420 4849 2729 4917; x_wconf 77' lang='lat' dir='ltr'><strong>presbytero</strong></span> <span class='ocrx_word' id='word_1_755' title='bbox 2751 4861 2813 4899; x_wconf 90' lang='lat' dir='ltr'><strong>ac</strong></span> <span class='ocrx_word' id='word_1_756' title='bbox 2833 4846 3078 4908; x_wconf 80' lang='lat' dir='ltr'><strong>diacono.</strong></span> <span class='ocrx_word' id='word_1_757' title='bbox 3107 4845 3294 4900; x_wconf 87' lang='lat' dir='ltr'><strong>transit</strong></span> <span class='ocrx_word' id='word_1_758' title='bbox 3319 4846 3385 4899; x_wconf 85' lang='lat' dir='ltr'><strong>ad</strong></span> <span class='ocrx_word' id='word_1_759' title='bbox 3417 4860 3532 4899; x_wconf 84' lang='lat' dir='ltr'><strong>mo-</strong></span> 
     </span>
    </p>
   </div>
   <div class='ocr_carea' id='block_1_107' title="bbox 1956 4932 3529 5005">
    <p class='ocr_par' dir='ltr' id='par_1_107' title="bbox 1956 4932 3529 5005">
     <span class='ocr_line' id='line_1_107' title="bbox 1956 4932 3529 5005; baseline -0.002 -15"><span class='ocrx_word' id='word_1_760' title='bbox 1956 4940 2242 4991; x_wconf 84' lang='lat' dir='ltr'><strong>nasterium</strong></span> <span class='ocrx_word' id='word_1_761' title='bbox 2274 4932 2628 5005; x_wconf 82' lang='lat' dir='ltr'><strong>feminarum;</strong></span> <span class='ocrx_word' id='word_1_762' title='bbox 2668 4946 2721 4991; x_wconf 92' lang='lat' dir='ltr'><strong>et</strong></span> <span class='ocrx_word' id='word_1_763' title='bbox 2751 4936 2850 4991; x_wconf 89' lang='lat' dir='ltr'><strong>hoc</strong></span> <span class='ocrx_word' id='word_1_764' title='bbox 2879 4951 2972 5005; x_wconf 88' lang='lat' dir='ltr'><strong>per</strong></span> <span class='ocrx_word' id='word_1_765' title='bbox 3005 4932 3333 4991; x_wconf 84' lang='lat' dir='ltr'><strong>Dominicum</strong></span> <span class='ocrx_word' id='word_1_766' title='bbox 3387 4932 3529 4990; x_wconf 87' lang='lat' dir='ltr'><strong>dicm</strong></span> 
     </span>
    </p>
   </div>
   <div class='ocr_carea' id='block_1_108' title="bbox 1956 5041 2181 5087">
    <p class='ocr_par' dir='ltr' id='par_1_108' title="bbox 1956 5041 2181 5087">
     <span class='ocr_line' id='line_1_108' title="bbox 1956 5041 2181 5087; baseline -0.009 0"><span class='ocrx_word' id='word_1_767' title='bbox 1956 5041 2181 5087; x_wconf 82' lang='lat' dir='ltr'><strong>tantum.</strong></span> 
     </span>
    </p>
   </div>
   <div class='ocr_carea' id='block_1_109' title="bbox 2029 5109 3528 5193">
    <p class='ocr_par' dir='ltr' id='par_1_109' title="bbox 2029 5109 3528 5193">
     <span class='ocr_line' id='line_1_109' title="bbox 2029 5109 3528 5193; baseline -0.001 -15"><span class='ocrx_word' id='word_1_768' title='bbox 2029 5125 2082 5179; x_wconf 93' lang='lat' dir='ltr'><strong>ln</strong></span> <span class='ocrx_word' id='word_1_769' title='bbox 2117 5114 2216 5178; x_wconf 84' lang='lat' dir='ltr'><strong>hoc</strong></span> <span class='ocrx_word' id='word_1_770' title='bbox 2246 5124 2360 5193; x_wconf 88' lang='lat' dir='ltr'><strong>ipso</strong></span> <span class='ocrx_word' id='word_1_771' title='bbox 2375 5122 2655 5178; x_wconf 89' lang='lat' dir='ltr'><strong>mulierum</strong></span> <span class='ocrx_word' id='word_1_772' title='bbox 2684 5114 3009 5185; x_wconf 86' lang='lat' dir='ltr'><strong>habitacula,</strong></span> <span class='ocrx_word' id='word_1_773' title='bbox 3043 5129 3132 5175; x_wconf 82' lang='lat' dir='ltr'><strong>res</strong></span> <span class='ocrx_word' id='word_1_774' title='bbox 3161 5109 3355 5175; x_wconf 87' lang='lat' dir='ltr'><strong>accidit</strong></span> <span class='ocrx_word' id='word_1_775' title='bbox 3381 5120 3528 5177; x_wconf 81' lang='lat' dir='ltr'><strong>talis.</strong></span> 
     </span>
    </p>
   </div>
   <div class='ocr_carea' id='block_1_110' title="bbox 1960 5213 3536 5285">
    <p class='ocr_par' dir='ltr' id='par_1_110' title="bbox 1960 5213 3536 5285">
     <span class='ocr_line' id='line_1_110' title="bbox 1960 5213 3536 5285; baseline -0.001 -15"><span class='ocrx_word' id='word_1_776' title='bbox 1960 5218 2184 5285; x_wconf 89' lang='lat' dir='ltr'><strong>Quidam</strong></span> <span class='ocrx_word' id='word_1_777' title='bbox 2219 5217 2516 5272; x_wconf 84' lang='lat' dir='ltr'><strong>sarcinator</strong></span> <span class='ocrx_word' id='word_1_778' title='bbox 2562 5216 2791 5270; x_wconf 88' lang='lat' dir='ltr'><strong>vestium</strong></span> <span class='ocrx_word' id='word_1_779' title='bbox 2843 5213 3115 5268; x_wconf 68' lang='lat' dir='ltr'><strong>saecularis</strong></span> <span class='ocrx_word' id='word_1_780' title='bbox 3165 5222 3536 5283; x_wconf 83' lang='lat' dir='ltr'><strong>transgressus</strong></span> 
     </span>
    </p>
   </div>
   <div class='ocr_carea' id='block_1_111' title="bbox 1961 5298 3538 5377">
    <p class='ocr_par' dir='ltr' id='par_1_111' title="bbox 1961 5298 3538 5377">
     <span class='ocr_line' id='line_1_111' title="bbox 1961 5298 3538 5377; baseline -0.005 -12"><span class='ocrx_word' id='word_1_781' title='bbox 1961 5298 2200 5372; x_wconf 86' lang='lat' dir='ltr'><strong>fluvium,</strong></span> <span class='ocrx_word' id='word_1_782' title='bbox 2226 5321 2358 5377; x_wconf 87' lang='lat' dir='ltr'><strong>npus</strong></span> <span class='ocrx_word' id='word_1_783' title='bbox 2378 5310 2446 5361; x_wconf 91' lang='lat' dir='ltr'><strong>ab</strong></span> <span class='ocrx_word' id='word_1_784' title='bbox 2472 5308 2596 5376; x_wconf 83' lang='lat' dir='ltr'><strong>ipsis</strong></span> <span class='ocrx_word' id='word_1_785' title='bbox 2621 5302 2831 5375; x_wconf 72' lang='lat' dir='ltr'><strong>aliduod</strong></span> <span class='ocrx_word' id='word_1_786' title='bbox 2855 5321 2949 5371; x_wconf 89' lang='lat' dir='ltr'><strong>per</strong></span> <span class='ocrx_word' id='word_1_787' title='bbox 2971 5306 3319 5375; x_wconf 80' lang='lat' dir='ltr'><strong>ignorantiam</strong></span> <span class='ocrx_word' id='word_1_788' title='bbox 3355 5317 3538 5376; x_wconf 60' lang='lat' dir='ltr'><strong>postna</strong></span> 
     </span>
    </p>
   </div>
   <div class='ocr_carea' id='block_1_112' title="bbox 1958 5396 3539 5472">
    <p class='ocr_par' dir='ltr' id='par_1_112' title="bbox 1958 5396 3539 5472">
     <span class='ocr_line' id='line_1_112' title="bbox 1958 5396 3539 5472; baseline -0.003 -19"><span class='ocrx_word' id='word_1_789' title='bbox 1958 5402 2103 5455; x_wconf 89' lang='lat' dir='ltr'><strong>labat</strong></span> <span class='ocrx_word' id='word_1_790' title='bbox 2125 5400 2390 5472; x_wconf 85' lang='lat' dir='ltr'><strong>(Pallad.,</strong></span> <span class='ocrx_word' id='word_1_791' title='bbox 2422 5415 2537 5468; x_wconf 82' lang='lat' dir='ltr'><strong>cap.</strong></span> <span class='ocrx_word' id='word_1_792' title='bbox 2569 5397 2683 5469; x_wconf 72' lang='grc'><strong>40).</strong></span> <span class='ocrx_word' id='word_1_793' title='bbox 2718 5396 2959 5467; x_wconf 89' lang='lat' dir='ltr'><strong>Cumque</strong></span> <span class='ocrx_word' id='word_1_794' title='bbox 2986 5412 3088 5451; x_wconf 88' lang='lat' dir='ltr'><strong>una</strong></span> <span class='ocrx_word' id='word_1_795' title='bbox 3117 5398 3184 5452; x_wconf 91' lang='lat' dir='ltr'><strong>de</strong></span> <span class='ocrx_word' id='word_1_796' title='bbox 3211 5396 3425 5453; x_wconf 83' lang='lat' dir='ltr'><strong>feminis</strong></span> <span class='ocrx_word' id='word_1_797' title='bbox 3452 5397 3539 5464; x_wconf 90' lang='lat' dir='ltr'><strong>ju-</strong></span> 
     </span>
    </p>
   </div>
   <div class='ocr_carea' id='block_1_113' title="bbox 1956 5489 3535 5562">
    <p class='ocr_par' dir='ltr' id='par_1_113' title="bbox 1956 5489 3535 5562">
     <span class='ocr_line' id='line_1_113' title="bbox 1956 5489 3535 5562; baseline 0 -15"><span class='ocrx_word' id='word_1_798' title='bbox 1956 5496 2107 5550; x_wconf 85' lang='lat' dir='ltr'><strong>venis</strong></span> <span class='ocrx_word' id='word_1_799' title='bbox 2146 5490 2493 5562; x_wconf 88' lang='lat' dir='ltr'><strong>processisset</strong></span> <span class='ocrx_word' id='word_1_800' title='bbox 2516 5499 2654 5561; x_wconf 70' lang='lat' dir='ltr'><strong>(tuto</strong></span> <span class='ocrx_word' id='word_1_801' title='bbox 2684 5492 2827 5547; x_wconf 92' lang='lat' dir='ltr'><strong>cnim</strong></span> <span class='ocrx_word' id='word_1_802' title='bbox 2883 5491 3160 5547; x_wconf 88' lang='lat' dir='ltr'><strong>videbatur</strong></span> <span class='ocrx_word' id='word_1_803' title='bbox 3203 5490 3303 5545; x_wconf 88' lang='lat' dir='ltr'><strong>hoc</strong></span> <span class='ocrx_word' id='word_1_804' title='bbox 3338 5489 3535 5547; x_wconf 69' lang='lat' dir='ltr'><strong>facere.</strong></span> 
     </span>
    </p>
   </div>
   <div class='ocr_carea' id='block_1_114' title="bbox 1958 5581 3535 5657">
    <p class='ocr_par' dir='ltr' id='par_1_114' title="bbox 1958 5581 3535 5657">
     <span class='ocr_line' id='line_1_114' title="bbox 1958 5581 3535 5657; baseline -0.008 -16"><span class='ocrx_word' id='word_1_805' title='bbox 1958 5593 2172 5657; x_wconf 63' lang='lat' dir='ltr'><strong>projiter</strong></span> <span class='ocrx_word' id='word_1_806' title='bbox 2202 5583 2517 5640; x_wconf 89' lang='lat' dir='ltr'><strong>solitudines</strong></span> <span class='ocrx_word' id='word_1_807' title='bbox 2542 5587 2707 5655; x_wconf 80' lang='lat' dir='ltr'><strong>Ipsius</strong></span> <span class='ocrx_word' id='word_1_808' title='bbox 2727 5600 2791 5641; x_wconf 89' lang='lat' dir='ltr'><strong>ac</strong></span> <span class='ocrx_word' id='word_1_809' title='bbox 2821 5585 3029 5640; x_wconf 86' lang='lat' dir='ltr'><strong>deserta</strong></span> <span class='ocrx_word' id='word_1_810' title='bbox 3063 5582 3319 5655; x_wconf 79' lang='lat' dir='ltr'><strong>regionis)</strong></span> <span class='ocrx_word' id='word_1_811' title='bbox 3354 5581 3535 5634; x_wconf 84' lang='lat' dir='ltr'><strong>subito</strong></span> 
     </span>
    </p>
   </div>
   <div class='ocr_carea' id='block_1_115' title="bbox 1956 5673 3538 5750">
    <p class='ocr_par' dir='ltr' id='par_1_115' title="bbox 1956 5673 3538 5750">
     <span class='ocr_line' id='line_1_115' title="bbox 1956 5673 3538 5750; baseline -0.004 -19"><span class='ocrx_word' id='word_1_812' title='bbox 1956 5692 2075 5731; x_wconf 92' lang='lat' dir='ltr'><strong>eum</strong></span> <span class='ocrx_word' id='word_1_813' title='bbox 2102 5692 2206 5732; x_wconf 91' lang='lat' dir='ltr'><strong>non</strong></span> <span class='ocrx_word' id='word_1_814' title='bbox 2238 5684 2428 5744; x_wconf 87' lang='lat' dir='ltr'><strong>sponte</strong></span> <span class='ocrx_word' id='word_1_815' title='bbox 2454 5680 2752 5750; x_wconf 74' lang='lat' dir='ltr'><strong>conspexit.</strong></span> <span class='ocrx_word' id='word_1_816' title='bbox 2787 5677 3041 5746; x_wconf 86' lang='lat' dir='ltr'><strong>deditque</strong></span> <span class='ocrx_word' id='word_1_817' title='bbox 3087 5675 3161 5729; x_wconf 87' lang='lat' dir='ltr'><strong>ilii</strong></span> <span class='ocrx_word' id='word_1_818' title='bbox 3186 5673 3289 5729; x_wconf 86' lang='lat' dir='ltr'><strong>tale</strong></span> <span class='ocrx_word' id='word_1_819' title='bbox 3313 5686 3538 5738; x_wconf 77' lang='lat' dir='ltr'><strong>respuu-</strong></span> 
     </span>
    </p>
   </div>
   <div class='ocr_carea' id='block_1_116' title="bbox 344 5784 2384 5850">
    <p class='ocr_par' dir='ltr' id='par_1_116' title="bbox 344 5784 2384 5850">
     <span class='ocr_line' id='line_1_116' title="bbox 344 5784 2384 5850; baseline 0.002 -10"><span class='ocrx_word' id='word_1_820' title='bbox 344 5786 361 5816; x_wconf 87' lang='grc'>¹</span> <span class='ocrx_word' id='word_1_821' title='bbox 398 5785 614 5841; x_wconf 80' lang='lat' dir='ltr'><strong>chinis</strong></span> <span class='ocrx_word' id='word_1_822' title='bbox 660 5784 861 5840; x_wconf 81' lang='lat' dir='ltr'><strong>inclusa</strong></span> <span class='ocrx_word' id='word_1_823' title='bbox 914 5788 1105 5844; x_wconf 80' lang='lat' dir='ltr'><strong>desunt</strong></span> <span class='ocrx_word' id='word_1_824' title='bbox 1135 5790 1370 5849; x_wconf 80' lang='lat' dir='ltr'><strong>Palladio</strong></span> <span class='ocrx_word' id='word_1_825' title='bbox 1416 5795 1624 5850; x_wconf 74' lang='lat' dir='ltr'><strong>llcrvcti</strong></span> <span class='ocrx_word' id='word_1_826' title='bbox 1676 5794 1883 5849; x_wconf 66' lang='lat' dir='ltr'><strong>Latino.</strong></span> <span class='ocrx_word' id='word_1_827' title='bbox 1929 5793 2061 5850; x_wconf 87' lang='lat' dir='ltr'><strong>Sunt</strong></span> <span class='ocrx_word' id='word_1_828' title='bbox 2096 5792 2145 5847; x_wconf 91' lang='lat' dir='ltr'><strong>in</strong></span> <span class='ocrx_word' id='word_1_829' title='bbox 2178 5790 2384 5846; x_wconf 65' lang='lat' dir='ltr'><strong>Gratco.</strong></span> 
     </span>
    </p>
   </div>
   <div class='ocr_carea' id='block_1_117' title="bbox 554 5881 1149 5945">
    <p class='ocr_par' dir='ltr' id='par_1_117' title="bbox 554 5881 1149 5945">
     <span class='ocr_line' id='line_1_117' title="bbox 554 5881 1149 5945; baseline 0.003 -5"><span class='ocrx_word' id='word_1_830' title='bbox 554 5884 820 5941; x_wconf 64' lang='lat' dir='ltr'><strong>l‘arnuL.</strong></span> <span class='ocrx_word' id='word_1_831' title='bbox 869 5881 1149 5945; x_wconf 74' lang='lat' dir='ltr'><strong>LXXIV.</strong></span> 
     </span>
    </p>
   </div>
   <div class='ocr_carea' id='block_1_118' title="bbox 3016 5876 3087 5934">
    <p class='ocr_par' dir='ltr' id='par_1_118' title="bbox 3016 5876 3087 5934">
     <span class='ocr_line' id='line_1_118' title="bbox 3016 5876 3087 5934; baseline -0.028 0"><span class='ocrx_word' id='word_1_832' title='bbox 3016 5876 3087 5934; x_wconf 84' lang='grc'><strong>10</strong></span> 
     </span>
    </p>
   </div>
  </div>
