3982 6354
459 357 560 414 299

1571 355 1908 413 API‘ENDIX
1955 355 2045 410 AD
2089 353 2288 411 VITAS
2329 354 2631 413 PATRUM.

3629 334 3734 406 :“oo

455 484 574 524 sum
603 485 615 519 :
646 465 755 522 Nos
784 466 848 520 ad
893 466 1255 522 emendandas
1281 482 1365 523 res
1396 478 1621 531 nostras,
1675 467 1912 521 artifices
1944 482 2041 520 no-
2070 471 2118 528 Α
2149 466 2330 521 verbis
2359 485 2370 519 :
2397 465 2505 522 Cur
2549 467 2774 539 grande,
2806 468 3007 538 inquit,
3042 466 3239 538 aliquil
3291 480 3412 523 esse
3464 474 3516 522 te
3560 466 3736 521 credis

455 569 599 615 siros
629 557 910 615 habemus.
957 558 1076 613 Alia
1107 560 1175 614 de
1207 559 1421 614 feminis
1459 574 1578 615 cum
1609 573 1703 615 eos
1747 559 1796 613 in
1841 560 1939 613 bac
1963 559 2045 612 vi-

456 652 609 706 sione
649 666 808 720 quam
858 650 1023 704 retuli
1056 658 1312 716 notasset,
1348 660 1464 718 post
1494 658 1703 719 tempus
1744 649 2046 716 aliquantu-

458 743 569 797 lum
594 751 715 796 orto
740 744 880 795 inter
900 756 992 795 eas
1008 741 1206 811 jurgio,
1240 755 1301 795 ex
1332 741 1591 795 diabolica
1633 740 1942 809 suspicione
1983 747 2039 792 et

458 835 659 906 preprii
683 833 861 888 cordis
893 834 1243 902 malignitate,
1274 833 1673 903 iracundiaeque
1700 836 1911 887 fervore
1927 847 2042 885 me-

462 936 688 982 morata:
719 925 909 996 virgini
944 926 995 979 in
1029 934 1314 993 conspectu
1346 924 1569 979 aliarum
1601 938 1846 979 sororum
1883 924 2052 992 etrapit

462 1018 802 1081 calumniari,
830 1018 984 1087 eique
1007 1016 1277 1070 nonnullze
1304 1032 1369 1071 ex
1399 1017 1553 1086 ipsis,
1581 1032 1686 1070 non
1718 1025 1895 1070 tamen
1928 1030 2049 1070 cum

462 1110 650 1181 grandi
694 1108 895 1164 malitia
942 1107 1367 1164 consentiebant.
1418 1107 1508 1161 illa
1559 1107 1721 1176 igitur
1762 1107 2050 1161 admodum

463 1203 632 1258 tristis
660 1201 868 1268 effecta,
892 1215 1013 1255 cum
1046 1207 1152 1253 tam
1187 1198 1522 1255 manifestam
1553 1199 1873 1253 calumniam
1906 1199 2051 1254 ferre

465 1313 572 1352 non
615 1302 797 1363 posset
825 1293 1045 1365 (sciebat
1069 1292 1215 1346 enim
1245 1306 1327 1357 se,
1352 1307 1418 1346 ne
1446 1290 1583 1345 intra
1615 1305 1804 1346 sensus
1833 1292 2048 1359 quidem

461 1403 592 1443 suos
622 1387 728 1441 tale
775 1384 980 1455 aliquid
1021 1383 1335 1453 cogitasse),
1378 1383 1589 1439 occulte
1618 1399 1676 1439 se
1698 1384 2053 1453 principitavit

461 1481 514 1533 in
540 1480 780 1543 fluvium,
805 1488 966 1547 atque
994 1476 1096 1530 hoc
1122 1477 1225 1529 tiue
1254 1475 1475 1530 defecit.
1499 1475 1651 1542 Quod
1676 1475 1765 1530 ubi
1800 1491 1920 1547 quze
1961 1492 2053 1530 ca-

464 1571 722 1626 lumniata
762 1569 812 1623 ei
856 1569 1028 1622 fuerat
1059 1567 1282 1629 audivit,
1320 1581 1424 1619 non
1452 1566 1629 1621 ferens
1657 1567 1787 1621 tanti
1835 1566 2054 1622 sceleris

458 1661 819 1729 atrocitatem,
851 1670 905 1716 et
929 1659 1041 1729 ipsa
1075 1669 1201 1713 tunc
1234 1659 1426 1727 laqueo
1449 1660 1637 1713 innexa
1669 1657 1888 1714 defecit.
1920 1659 2054 1712 Alia:

459 1767 641 1814 autem
688 1770 907 1812 sorores
958 1752 1261 1823 lmjusmodi
1307 1754 1524 1817 factum,
1557 1753 1803 1823 ingresso
1849 1753 1915 1807 ad
1961 1767 2053 1806 eas

460 1851 798 1923 presbytero,
847 1847 1165 1903 retulerunt.
1206 1846 1358 1901 Tunc
1405 1847 1496 1901 ille
1552 1848 1806 1916 pra-cepit
1855 1848 2049 1901 nullius
2083 1850 2128 1909 B

466 1942 686 2009 quidem
716 1940 935 1995 nomine
956 1954 1020 1994 ex
1051 1939 1115 1993 iis
1145 1953 1265 2008 qua:
1304 1953 1363 1992 se
1392 1937 1484 1991 tali
1514 1948 1685 1992 morte
1727 1948 2051 1992 necaverunt

461 2033 663 2089 debere
698 2031 1021 2087 oblationem
1057 2030 1164 2083 Deo
1207 2029 1341 2082 fieri.
1392 2029 1735 2096 Quzecunque
1770 2036 1945 2080 autem
1977 2027 2054 2081 vi-

462 2126 721 2180 derentur
748 2138 813 2177 ex
850 2121 992 2176 illius
1018 2121 1144 2175 dicti
1175 2119 1600 2174 insusurratione
1640 2119 1938 2181 discordes,
1964 2133 2053 2173 ve-

467 2216 562 2271 luti
604 2230 723 2285 qua:
753 2214 980 2269 conscim
1010 2212 1213 2282 peccati
1240 2222 1422 2267 essent
1443 2252 1457 2276 ,
1481 2212 1602 2282 quia
1649 2212 1739 2265 tali
1770 2212 2051 2266 calumniae

464 2308 847 2372 credidissent,
876 2307 1037 2377 jussit
1067 2321 1158 2360 eas
1186 2322 1280 2376 per
1310 2316 1517 2376 septem
1546 2321 1714 2362 annos
1745 2317 2051 2361 sanctorum

464 2403 847 2475 mySteriorutn
889 2400 1270 2456 communione
1303 2400 1520 2469 privari.

1036 2514 1268 2571 CAPUT
1312 2513 1451 2569 XXI.

470 2607 594 2665 Vita
640 2618 830 2664 sancta
858 2606 1109 2663 Virainis.
1132 2622 1255 2730 lquor
1282 2607 1416 2661 inter
1445 2606 1564 2659 illas
1592 2606 1866 2661 stultitiam
1892 2608 2053 2661 simu-

1152 2686 1348 2730 averat.

1152 2686 1348 2731 onerat.

537 2770 771 2825 Fuitalia
799 2770 849 2824 in
876 2768 974 2823 boc
997 2769 1321 2824 monasterio
1334 2768 1485 2839 virgo
1512 2768 1909 2841 (f’ullad.,cap.
1937 2771 2048 2842 41),

461 2879 581 2934 qua:
608 2864 824 2919 stultam
852 2876 911 2916 se
935 2876 1059 2917 esse
1100 2870 1315 2931 propter
1343 2859 1637 2927 Christum,
1665 2875 1729 2916 ac
1755 2861 2051 2917 daemonem

466 2972 527 3011 se
567 2956 718 3009 finxit
775 2954 998 3020 habere,
1048 2961 1104 3007 ut
1133 2955 1385 3009 virtutem
1436 2953 1517 3007 sui
1574 2951 1829 3021 propositi
1871 2963 2052 3023 posset

460 3050 703 3122 implere.
736 3049 864 3117 Quae
894 3061 1016 3103 eum
1041 3061 1101 3102 se
1125 3046 1412 3101 admodum
1436 3044 1745 3101 bumiliaret
1775 3053 1936 3115 atque
1964 3045 2053 3100 de—

461 3143 672 3209 iiceret,
695 3158 861 3207 usque
882 3141 1017 3197 adeo
1048 3141 1295 3195 omnibus
1318 3140 1438 3194 aliis
1465 3138 1679 3194 borrori
1720 3148 1856 3207 erat,
1891 3146 1950 3193 ut
1981 3154 2048 3193 ne

463 3235 639 3291 cibum
662 3234 878 3305 quidem
912 3248 1033 3287 cum
1064 3248 1126 3287 ea
1157 3242 1433 3303 caperent.
1466 3231 1647 3286 Talem
1680 3248 1808 3301 ergo
1830 3239 2046 3304 gratan-
2079 3224 2126 3289 C

466 3337 550 3384 ter
576 3328 815 3397 elegerat
846 3327 1097 3389 vitam,et
1132 3341 1159 3377 ιι
1203 3325 1430 3394 Coqttitta
1468 3340 1736 3393 nunquam
1766 3323 2050 3389 recedens,

466 3421 631 3478 totius
656 3419 766 3474 illic
806 3417 1092 3472 ministerii
1135 3425 1385 3487 tanquam
1434 3416 1627 3471 ancilla
1676 3416 1883 3472 cunctis
1932 3416 2056 3473 obe-

466 3512 643 3575 diens,
674 3510 931 3579 implebat
959 3506 1225 3575 officium,
1262 3517 1482 3577 eratque
1510 3507 1806 3562 secundum
1839 3508 2054 3577 vulgare

463 3602 849 3672 proverbium,
920 3600 1185 3655 universa:
1240 3597 1459 3669 Spongia
1508 3598 1723 3653 domus.
1772 3598 2051 3668 lmpletum

466 3709 496 3749 a
543 3709 623 3757 se,
680 3693 847 3748 rebus
896 3690 1125 3761 probans
1155 3732 1169 3753 ,
1214 3689 1355 3759 quod
1402 3690 1453 3743 in
1512 3700 1701 3743 saneto
1758 3690 2053 3759 Evangelio

464 3784 721 3854 scriptum
748 3782 973 3852 legimus
1005 3799 1014 3832 :
1054 3780 1111 3834 Si
1140 3780 1260 3850 quis
1291 3780 1431 3834 inter
1459 3793 1556 3834 vos
1586 3780 1835 3835 vultesse
1860 3784 2049 3848 major,

464 3876 531 3930 sit
570 3874 809 3929 omnium
842 3888 1028 3928 servus
1059 3882 1113 3928 et
1156 3871 1396 3927 omnimn
1430 3871 1674 3926 minister
1708 3871 1926 3943 (Matth.
1981 3889 2050 3939 tt;

468 3965 636 4021 Marc.
663 3968 740 4032 ι).
787 3966 853 4019 Et
882 3964 1070 4019 beatus
1115 3964 1406 4033 Apostolus
1439 3981 1450 4015 :
1487 3962 1545 4019 Si
1573 3965 1712 4030 quis,
1763 3965 1954 4035 inquit,
1986 3981 2050 4019 ex

467 4056 620 4111 vobis
664 4065 812 4126 putat
850 4071 970 4111 esse
999 4057 1292 4125 sapientem
1325 4058 1375 4109 in
1409 4056 1507 4109 lioc
1538 4058 1756 4123 mundo,
1790 4058 1881 4112 fiat
1922 4058 2053 4112 stul-

467 4159 574 4211 tus,
606 4158 664 4201 ut
705 4146 970 4201 efficiatur
998 4145 1213 4215 sapiens
1243 4145 1294 4216 (Ι
1323 4144 1445 4200 Cor.
1483 4145 1564 4214 tu)

543 4241 668 4295 llaec
696 4240 853 4310 igitur
876 4239 1172 4293 involutum
1206 4239 1395 4308 pannis
1426 4237 1655 4293 habebat
1693 4248 1872 4309 caput,
1904 4252 1955 4294 et
1982 4239 2052 4293 ita

465 4332 715 4387 omnibus
761 4330 1058 4397 serviebat;
1109 4339 1320 4386 eceterae
1367 4342 1545 4386 autem
1600 4331 1834 4401 virgines
1884 4340 2054 4386 tonsas

466 4424 694 4480 cucullis
718 4425 1117 4493 cooperiuntur.
1150 4422 1300 4478 Nulla
1327 4424 1462 4478 banc
1487 4424 1661 4494 potuit
1701 4423 1769 4479 de
1796 4424 2054 4494 quadrin-

471 4518 645 4586 gentis
691 4515 874 4571 videre
912 4515 1322 4571 manducantem
1365 4536 1378 4573 :
1433 4532 1701 4583 nunquam
1750 4531 1847 4586 per
1893 4530 2054 4571 omne

474 4628 651 4669 aevum
678 4626 831 4667 suum
858 4610 997 4666 sedit
1020 4611 1085 4665 ad
1118 4626 1380 4678 mensam,
1410 4627 1440 4666 a
1482 4613 1621 4667 nulla
1657 4611 1743 4667 vel
1789 4612 2049 4667 modicam
2079 4616 2133 4676 Ι)

467 4715 676 4773 partem
726 4703 878 4772 panis
911 4703 1149 4772 accepit;
1181 4704 1274 4757 sed
1321 4703 1485 4756 micas
1534 4713 1734 4756 tantum
1769 4702 2051 4772 detergens

468 4799 553 4853 illa
603 4810 906 4851 mensarum
936 4802 994 4850 et
1038 4796 1265 4850 abluens
1293 4795 1447 4862 ollas,
1481 4795 1562 4849 bis
1610 4795 1740 4849 solis
1786 4795 2053 4849 alimoniis

467 4898 718 4946 contenta
763 4889 977 4945 vivebat
1010 4907 1022 4941 :
1081 4905 1351 4959 nunquam
1394 4889 1773 4944 calceament‘s
1812 4898 1895 4945 est
1934 4904 2049 4954 usa,

464 4983 598 5039 nulli
625 4998 855 5053 unquam
906 4983 1030 5037 fecit
1081 4981 1369 5051 injuriam:
1408 4982 1555 5036 nulla
1605 4983 1772 5053 ipsius
1812 4998 2055 5036 murmur

469 5075 695 5143 audivit,
728 5074 857 5129 nulli
887 5084 1065 5128 autem
1092 5090 1301 5145 parum,
1332 5086 1421 5129 aut
1444 5076 1575 5129 satis
1600 5090 1834 5142 unquam
1871 5077 2050 5131 locuta

473 5176 594 5231 est,
652 5174 703 5219 et
760 5175 909 5219 certe
954 5180 1074 5219 eum
1128 5166 1194 5220 ab
1241 5167 1487 5220 omnibus
1542 5165 1883 5231 crederetur,
1932 5180 2052 5219 cum

468 5259 707 5313 omnium
736 5258 941 5312 viveret
970 5258 1113 5327 odio,
1148 5274 1268 5313 cum
1305 5259 1586 5314 maledicta
1617 5259 1855 5314 omnium
1896 5260 2057 5313 susti-

467 5359 638 5404 lteret.

547 5439 623 5493 De
653 5439 751 5494 bac
779 5438 1117 5493 sanctissima
1163 5436 1319 5493 beato
1348 5438 1584 5495 Piterio'
1617 5441 1725 5505 (cui
1773 5439 1873 5493 Itoe
1895 5455 2054 5493 voca-

471 5530 654 5587 bnlmn
688 5528 828 5602 erat)
859 5528 1236 5599 probatissimo
1267 5531 1399 5598 viro,
1431 5547 1749 5602 semperque
1780 5534 1920 5586 inter
1968 5532 2057 5585 de«

468 5635 611 5679 serta
655 5622 893 5687 viventi,
944 5621 1116 5676 astitit
1162 5624 1380 5693 angelus
1435 5626 1701 5694 quondam
1748 5624 1956 5679 sedenti
2000 5626 2052 5679 in

465 5710 789 5785 Porpliyrite
814 5715 905 5785 qui
933 5713 1127 5768 dicitur
1153 5712 1303 5782 loco,
1333 5714 1631 5786 aﬂ‘atusque
1674 5723 1762 5774 est
1812 5732 1937 5773 eum
1969 5717 2051 5771 bis

542 5829 560 5859 ⁸
587 5828 813 5897 l’allad.,
846 5844 967 5902 cap.
992 5829 1085 5898 ὁὶ,
1111 5828 1307 5886 dicitur
1338 5828 1582 5885 Pitirmn.

2150 557 2203 611 in
2237 568 2328 613 tuo
2357 560 2651 629 proposito,
2686 568 2740 613 et
2784 559 2836 614 in
2880 559 3180 630 lmjusmodi
3210 559 3409 630 degens
3437 556 3597 613 loco?
3645 557 3738 613 Via

2148 648 2337 704 videre
2361 649 2641 705 mulierem
2672 658 2723 705 te
2755 651 3113 706 sanctiorem?
3150 651 3293 705 Vade
3313 650 3379 703 ad
3413 649 3735 704 Tabennen-

2156 742 2418 796 siotarum
2453 743 2836 797 monasterium
2869 743 3208 808 feminarum,
3240 751 3294 798 et
3321 756 3481 797 unam
3513 757 3578 797 ex
3608 742 3738 811 ipsis

2152 831 2261 885 illi:
2312 833 2571 897 invenies,
2619 834 2671 889 in
2703 835 2876 902 eapite
2925 833 3210 889 habentem
3241 833 3581 889 conscissum
3614 848 3740 902 pan-

2154 939 2305 991 num,
2337 924 2615 995 ipsamque
2662 934 2712 981 te
2758 941 3024 997 cognosce
3075 942 3195 983 esse
3250 927 3570 992 meliorem;
3620 941 3740 981 nam

2152 1015 2281 1071 dum
2311 1026 2496 1072 contra
2545 1027 2720 1073 tantas
2746 1020 2859 1073 sola
2890 1019 3079 1074 diebus
3125 1033 3189 1073 ac
3239 1020 3487 1074 noctibus
3520 1028 3742 1089 pugnet,

2158 1126 2257 1165 cor
2279 1112 2447 1181 ipsius
2476 1127 2504 1165 a
2535 1112 2643 1168 Deo
2674 1127 2944 1182 nunquam
2974 1114 3233 1180 recessit;
3260 1122 3316 1168 tu
3346 1122 3525 1168 autem
3555 1128 3664 1167 uno
3691 1113 3742 1168 in

2158 1200 2280 1256 loco
2300 1202 2561 1270 residens,
2581 1218 2754 1269 neque
2772 1220 3039 1276 quoquam
3063 1205 3351 1275 aliquando
3368 1204 3740 1276 progrediens,

2157 1311 2251 1366 per
2272 1311 2460 1353 omnes
2486 1298 2663 1351 animo
2678 1306 2727 1353 et
2757 1299 3083 1369 cogitatione
3110 1300 3272 1354 urbes
3300 1298 3743 1369 vagaris.statim

2156 1390 2221 1444 ad
2272 1392 2640 1462 supradictum
2695 1393 3077 1448 monasterium
3131 1394 3299 1458 venit,
3352 1403 3407 1447 et
3456 1392 3746 1463 magistros

2156 1484 2380 1540 fratrum
2412 1485 2619 1557 rogavit
2659 1498 2715 1540 ut
2768 1486 3204 1542 transveheretur
3251 1485 3744 1557 adﬂrliabitaculutn

2156 1579 2499 1635 feminarum.
2531 1581 2699 1649 Quem
2725 1597 2847 1636 tnox
2877 1582 2951 1637 illi
2993 1593 3049 1637 ut
3079 1582 3187 1636 vita
3215 1556 3510 1651 gloriosum
3543 1582 3744 1646 virum,

2157 1680 2212 1724 et
2239 1669 2347 1740 jam
2381 1672 2734 1740 provectioris
2778 1673 2973 1740 anatis,
3003 1688 3126 1729 cum
3160 1674 3352 1728 fiducia
3406 1673 3602 1745 grandi
3648 1673 3745 1727 ﬂu-

2159 1763 2304 1816 vium
2330 1763 2559 1818 transire
2586 1763 2848 1820 fecerunt.

2229 1879 2503 1950 Ingressus
2542 1889 2745 1947 autem,
2777 1889 2897 1949 post
2946 1880 3246 1935 orationem
3289 1886 3477 1934 omnes
3529 1881 3750 1934 sorores

2153 1972 2482 2029 desideravit
2508 1973 2798 2044 inspicere,
2820 1972 2961 2030 inter
2991 1988 3126 2044 quas
3153 1973 3328 2028 solam
3362 1973 3507 2026 illam
3529 1978 3747 2043 propter

2152 2080 2311 2136 quam
2341 2074 2587 2131 venerat,
2620 2081 2725 2120 non
2748 2064 2984 2122 videbat.
3013 2065 3102 2120 Ait
3128 2079 3257 2134 ergo
3283 2063 3349 2117 ad
3374 2073 3744 2133 postremum:

2153 2162 2357 2216 Omnes
2389 2159 2523 2214 mibi
2557 2158 2831 2227 adducite,
2881 2160 3073 2213 deesse
3103 2158 3247 2212 enim
3298 2156 3512 2210 videtur
3545 2154 3746 2226 aliqua.

2157 2248 2439 2304 Dicuntad
2462 2263 2585 2304 eum
2619 2267 2634 2304 ;
2666 2248 2868 2305 Omnes
2899 2247 2986 2302 hic
3029 2261 3238 2303 sumus.
3268 2244 3475 2312 Quibus
3519 2259 3747 2315 respon-

2153 2341 2266 2396 dit:
2295 2340 2408 2397 Uua
2449 2341 2625 2407 deest,
2682 2355 2843 2411 quam
2895 2340 3027 2395 mihi
3059 2340 3283 2409 angelus
3319 2337 3746 2392 demonstravit.

2159 2432 2352 2488 Dicunt
2371 2432 2420 2487 ei
2452 2448 2469 2488 :
2514 2432 2681 2488 Unam
2713 2436 2931 2488 stultam
2961 2431 3224 2505 [l’attad.,
3258 2427 3463 2501 Salem]
3488 2429 3749 2485 habemus

2155 2526 2481 2583 intrinsecus
2513 2528 2564 2582 in
2610 2526 2859 2597 coquiua.
2896 2526 2989 2584 Sic
3016 2526 3159 2582 enim
3190 2542 3310 2581 eam
3340 2541 3461 2596 qua:
3501 2525 3747 2580 dentom

2155 2628 2385 2675 vexatur
2438 2619 2732 2690 appellant.
2761 2620 2854 2675 Ait
2906 2619 3035 2675 illa:
3074 2618 3335 2674 Exbibete
3363 2616 3495 2673 mibi
3534 2630 3749 2687 quoque

2156 2714 2349 2785 ipsam,
2382 2724 2439 2769 ut
2464 2729 2583 2769 eam
2608 2714 2839 2769 videam.
2867 2712 2985 2782 Quo
3026 2713 3235 2780 audito,
3267 2720 3624 2768 memoratam
3655 2723 3749 2764 vo-

2155 2819 2280 2861 care
2321 2812 2633 2875 coeperunt;
2692 2818 2813 2874 qua:
2860 2819 2981 2859 cum
3027 2804 3196 2860 nollet
3237 2804 3465 2869 audire,
3508 2801 3750 2857 sentiens

2153 2894 2319 2952 credo
2345 2895 2570 2966 aliquid,
2601 2905 2695 2950 aut
2743 2896 2986 2952 fortassis
3028 2897 3131 2952 hoc
3158 2896 3338 2950 divina
3384 2893 3497 2965 jam
3530 2895 3745 2949 revela-

2158 2991 2304 3045 tione
2349 3004 2710 3057 rugnoscens,
2754 2989 2942 3045 dicunt
2986 2989 3084 3045 ei:
3127 2987 3355 3044 Sanctus
3404 2988 3641 3043 Piterius
3695 2994 3749 3041 te

2154 3081 2340 3138 videre
2412 3082 2709 3138 desiderat.
2776 3082 2907 3136 Erat
2967 3081 3108 3137 enim
3169 3080 3323 3135 fama:
3383 3094 3447 3135 ac
3512 3079 3749 3135 nominis

2163 3173 2404 3244 grandis.
2436 3173 2599 3244 965
2631 3174 2870 3242 Cumque
2899 3172 2964 3226 ad
2995 3188 3117 3226 eum
3150 3171 3336 3227 fuisset
3379 3171 3640 3237 exhibita,
3669 3172 3747 3225 Vi-

2163 3269 2439 3339 dissetque
2472 3282 2646 3336 panno
2695 3265 2928 3321 frontem
2981 3265 3123 3320 illius
3171 3264 3489 3331 involutam,
3523 3263 3750 3332 projecit

2156 3376 2217 3416 se
2245 3360 2312 3414 ad
2357 3359 2521 3429 pedes
2545 3358 2682 3429 ejus,
2710 3358 2896 3412 dicens
2922 3374 2938 3412 :
2972 3357 3201 3415 Benedic
3232 3370 3340 3421 me,
3369 3356 3583 3411 Amata.
3619 3354 3738 3409 Pro-

2156 3452 2344 3508 cidens
2393 3461 2571 3506 autem
2601 3461 2655 3506 et
2683 3451 2797 3521 ipsa
2829 3452 2893 3506 ad
2940 3450 3102 3521 pedes
3131 3449 3268 3516 ejus,
3311 3449 3450 3505 dixit
3480 3465 3497 3503 :
3528 3448 3613 3503 'l‘u
3661 3462 3750 3504 me

2156 3545 2402 3612 benedic,
2432 3544 2651 3603 dotnine

2225 3660 2423 3716 Omnes
2450 3658 2613 3729 igitur
2640 3673 2853 3714 sorores
2900 3658 3294 3726 obstupuerunt
3315 3694 3331 3719 ,
3360 3655 3520 3710 simul
3552 3655 3747 3711 dicen.

2157 3760 2237 3805 tes
2269 3770 2282 3805 :
2310 3751 2448 3816 Noli,
2475 3752 2632 3816 abba,
2676 3751 2839 3806 talem
2882 3752 3128 3820 injuriam
3170 3751 3460 3813 sustinere,
3494 3748 3636 3802 fatua
3662 3757 3747 3804 est

2155 3843 2298 3898 enim
2345 3844 2446 3897 ista
2488 3858 2645 3912 quam
2686 3844 2886 3899 cernis.
2916 3843 3068 3898 Tunc
3112 3852 3332 3898 sanctus
3380 3840 3617 3897 Piterius
3645 3841 3749 3899 hoc

2157 3932 2286 4000 ipsis
2322 3932 2572 3987 omnibus
2604 3934 2677 3986 ait
2710 3950 2723 3986 :
2757 3932 2865 3987 Vos
2886 3933 3018 3988 estis
3046 3933 3241 3996 fatum;
3275 3947 3396 3985 nam
3425 3933 3541 3987 base
3566 3942 3746 3988 vestra

2156 4032 2213 4077 et
2250 4037 2529 4088 mea,cum
2553 4023 2624 4076 sit
2645 4023 2856 4086 melior,
2883 4024 3171 4078 estAmma
3202 4023 3326 4093 (hoc
3352 4022 3495 4078 enim
3528 4024 3746 4078 nomine

2161 4121 2357 4167 vocant
2402 4112 2478 4167 illi
2509 4113 2812 4181 spirituales
2857 4115 3078 4185 matres)
3119 4123 3173 4167 et
3215 4128 3404 4183 precor
3454 4114 3657 4181 Deum,
3690 4124 3745 4169 ut

2157 4204 2349 4273 dignus
2376 4204 2487 4275 ipsa
2520 4205 2573 4259 in
2595 4204 2683 4260 die
2703 4206 2887 4275 judicii
2917 4221 3125 4260 merear
3158 4205 3406 4260 inveniri.
3433 4205 3553 4272 Quo
3583 4207 3742 4260 audi-

2159 4309 2235 4364 to,
2275 4314 2463 4354 omnes
2488 4299 2647 4353 simul
2676 4299 2741 4354 ad
2780 4298 2945 4369 pedes
2972 4299 3146 4354 sancti
3172 4298 3355 4354 Piterii
3378 4298 3743 4368 prociderunt,

2160 4390 2388 4461 singuia:
2435 4391 2583 4444 varia
2631 4401 2848 4459 peccata
2895 4391 3109 4459 propria
3164 4391 3513 4457 confitentes,
3553 4389 3745 4460 quibus

2165 4482 2311 4536 illam
2339 4483 2730 4537 sanctissimam
2757 4481 3163 4537 contristarunt.
3198 4483 3262 4536 Et
3286 4482 3390 4536 alia
3420 4482 3637 4553 quidem
3665 4480 3745 4535 (11⁴

2158 4576 2314 4629 cebat
2343 4590 2359 4629 :
2392 4575 2506 4643 Ego
2539 4590 2657 4628 eam
2686 4574 2858 4629 delusi
2897 4592 2911 4628 :
2940 4574 3067 4637 alia,
3099 4576 3132 4627 Ρ
3139 4590 3207 4644 go
3239 4573 3477 4630 habitum
3509 4573 3630 4644 ejus
3649 4574 3742 4625 de-

2152 4667 2355 4736 jectum
2378 4666 2576 4731 derisi;
2607 4666 2734 4733 alia,
2764 4666 3035 4734 Egoeam,
3058 4666 3197 4735 quod
3225 4675 3369 4720 esset
3394 4666 3578 4732 tacita,
3612 4665 3744 4733 inju-

2158 4761 2250 4815 riis
2272 4760 2609 4831 afﬂigebam;
2635 4761 2741 4815 alia
2768 4759 2993 4815 abluens
3020 4760 3211 4814 sordes
3241 4757 3431 4825 catini,
3453 4773 3617 4827 super
3630 4765 3741 4810 eam

2158 4868 2219 4907 se
2255 4849 2459 4907 fudisse
2483 4852 2729 4918 dicebat;
2759 4852 2861 4906 alia
2887 4852 3128 4921 colaphis
3156 4866 3272 4905 eam
3320 4865 3351 4901 a
3379 4863 3442 4899 se
3481 4844 3743 4899 verbera-

2159 4959 2265 5003 tam
2281 4963 2425 5016 saepe
2456 4949 2821 5012 memorabat;
2852 4945 2954 4999 alia
2986 4957 3144 4998 nares
3162 4940 3328 5011 ipsius
3350 4937 3524 5007 sinapi
3552 4935 3715 5007 imple

2159 5048 2241 5094 tas
2262 5056 2292 5093 a
2320 5054 2382 5094 se
2401 5053 2523 5093 esse
2552 5038 2815 5101 deflebat;
2849 5047 3059 5090 czeterze
3098 5046 3310 5101 quoque
3333 5027 3576 5084 diversas
3604 5027 3735 5083 refe-

2160 5133 2349 5188 rebant
2375 5147 2435 5186 se
2460 5133 2509 5187 ei
2557 5129 2782 5200 injurias
2822 5129 3110 5197 irrogasse.
3144 5125 3249 5180 Pro
3276 5124 3469 5193 quibus
3498 5120 3740 5177 omnibus

2160 5237 2378 5283 sanctus
2397 5228 2485 5281 ille
2507 5240 2609 5278 una
2631 5241 2751 5279 cum
2776 5231 3129 5279 rememorata
3156 5221 3491 5276 sanctissima
3514 5220 3736 5288 virgine,

2162 5319 2295 5374 fusis
2327 5319 2436 5372 Deo
2467 5318 2736 5387 precibus,
2766 5330 3044 5387 regressus
3072 5321 3174 5368 est.

2168 5490 2184 5512 ι
2237 5435 2363 5487 Post
2394 5445 2593 5503 paucos
2616 5438 2794 5485 autem
2819 5432 2958 5496 dies,
2988 5444 3092 5483 non
3119 5427 3295 5483 ferens
3318 5426 3405 5480 illa
3439 5436 3640 5481 tantam
3666 5422 3737 5476 sui

2157 5526 2405 5597 gloriam,
2438 5534 2695 5594 tantoque
2726 5538 2786 5578 se
2827 5524 3015 5577 nolens
3044 5535 3288 5577 sororum
3321 5520 3525 5575 honore
3554 5531 3735 5571 cumu-

2160 5618 2278 5683 lari,
2318 5616 2635 5686 gravarique
2664 5630 2722 5669 se
2752 5615 2980 5668 credens
3024 5606 3479 5667 satisfactiouibus
3510 5607 3740 5678 singula-

2158 5723 2298 5772 rum,
2340 5721 2554 5777 egressa
2580 5706 2645 5762 de
2668 5705 2992 5762 monasterio
3031 5702 3145 5769 illo,
3189 5714 3291 5764 quo
3331 5698 3474 5766 ierit,
3505 5699 3558 5754 in
3586 5712 3735 5768 quem
