3982 6354
262 348 369 411 ⁸501

1474 352 1880 410 IIERACLIDIS
1921 351 2320 412 l’ARADlSUS.

3424 353 3529 415 303

257 468 542 525 diverterit
588 464 788 532 locum,
832 468 916 523 vel
946 478 1051 538 quo
1087 468 1192 525 fine
1239 467 1515 537 defecerit,
1549 468 1616 524 ad
1646 467 1843 523 nullius
1871 468 1918 525 A
1948 482 2062 522 ram
2086 468 2398 533 secundam,
2433 476 2491 523 ut
2513 467 2878 538 sttpradictum
2901 469 3138 528 viderem
3161 471 3353 528 virum.
3380 473 3533 530 Inve-

260 558 441 631 potuit
468 560 726 615 hactenus
752 558 997 614 notitiam
1036 562 1331 631 pervenire.

828 670 1054 729 CAPUT
1110 670 1273 728 XXII.

266 761 391 820 Vita
411 764 604 821 abbatis
625 764 863 833 Joannis,
887 768 977 837 qui
997 769 1051 819 in
1095 767 1231 839 Lyco
1275 770 1539 833 Itaottavtt,
1564 774 1611 822 et
1641 764 1839 822 Panta-

871 842 971 893 m'c
1007 840 1239 910 virginis.

336 927 459 985 Fuit
481 931 693 1002 quidam
718 932 955 989 Joannes
983 932 1035 986 in
1060 932 1255 1001 oppido
1283 932 1370 987 cui
1402 932 1575 1002 Lycus
1608 933 1843 987 vocabu-

255 1022 371 1078 lum
422 1034 503 1079 est
537 1021 795 1098 (Pallad.,
827 1042 945 1097 cap.
991 1023 1104 1092 45),
1132 1024 1223 1094 qui
1274 1023 1592 1094 carpentarii
1624 1024 1840 1094 quidem

257 1125 457 1183 artem,
486 1115 613 1171 dum
639 1116 815 1173 adhuc
838 1125 983 1173 esset
1003 1131 1155 1187 puer,
1184 1116 1391 1183 didicit,
1418 1116 1635 1172 fratrem
1664 1127 1841 1171 tamen

256 1204 546 1260 tiuctorem
575 1207 758 1262 habuit
799 1222 814 1261 :
843 1208 1043 1277 quique
1074 1208 1412 1277 postmodum
1460 1222 1581 1263 cum
1617 1208 1727 1278 jam
1759 1208 1841 1262 vi—

256 1295 395 1368 ginti
417 1305 472 1352 et
492 1298 726 1368 quinque
754 1309 897 1354 esset
942 1314 1228 1365 annorum,
1279 1300 1402 1354 huic
1430 1301 1630 1355 saculo
1657 1316 1846 1355 renun-

258 1386 439 1442 tiavit.
465 1386 535 1444 Et
579 1403 675 1459 per
707 1390 941 1460 quinque
969 1405 1139 1446 annos
1169 1391 1222 1445 itt
1253 1388 1482 1445 diversis
1501 1394 1843 1449 monasteriis

261 1476 496 1549 degens,
521 1480 589 1535 ad
617 1492 945 1553 postremum
975 1484 1120 1539 solus
1148 1499 1271 1540 sese
1308 1484 1361 1539 itt
1394 1484 1590 1555 Lycum
1619 1487 1847 1542 contulit

253 1580 536 1637 montem;
571 1573 625 1627 iu
661 1575 819 1643 cujus
861 1576 1138 1633 cacumine
1180 1576 1338 1632 trium
1369 1578 1469 1632 sibi
1511 1579 1844 1636 voluminum

254 1657 529 1731 [Pallad.,
561 1661 852 1736 tholorum]
879 1665 1099 1721 cellulas
1145 1665 1270 1722 fecit
1295 1665 1434 1736 (22).
1459 1667 1846 1739 Ingressusque

250 1750 406 1820 illuc,
435 1753 508 1809 ita
555 1755 884 1823 seinclusit,
913 1765 972 1811 ut
1016 1758 1217 1814 aditum
1265 1772 1479 1830 quoque
1525 1762 1699 1831 ipsum
1748 1776 1846 1831 per

1940 563 1994 617 ni
2018 564 2174 632 igitur
2196 579 2318 618 eum
2348 564 2671 619 assidentem
2701 561 2970 633 fenestrae,
2997 581 3063 620 ex
3092 580 3196 636 qua
3236 567 3304 622 ad
3351 581 3413 624 se
3440 569 3549 624 inn

1946 654 2312 723 gredientibus
2332 656 2535 710 solebat
2574 654 2737 725 loqui.
2772 655 2896 711 Post
2924 657 3357 725 primatu'itaqtte
3377 659 3496 714 salu

1948 747 2204 801 tationem
2236 746 2337 801 hoc
2367 746 2497 801 mihi
2539 761 2635 816 per
2663 746 3007 817 interpretem
3057 748 3187 803 dixit
3223 767 3238 805 :
3271 749 3421 806 Unde
3446 764 3527 816 es,

1947 838 2032 893 vel
2067 853 2163 893 cur
2187 838 2487 895 advenisti?
2512 854 2634 894 nam
2658 853 2760 909 ego
2778 838 2846 894 de
2871 840 3031 895 sociis
3050 837 3263 909 Evagrii
3294 856 3453 895 unum
3475 850 3531 897 te

1949 943 2072 984 esse
2101 927 2351 999 conjicio.
2399 929 2668 999 Respondi
2713 945 2799 985 me
2847 944 2967 987 esse
2995 932 3355 1001 peregrinum,
3384 944 3440 989 et
3462 932 3532 989 de

1944 1018 2163 1075 Galatia:
2189 1021 2428 1089 partibus
2455 1022 2656 1087 venire,
2692 1031 2747 1077 et
2788 1038 2950 1078 unum
2979 1038 3067 1079 me
3091 1038 3157 1079 ex
3184 1022 3396 1095 Evagrii
3421 1024 3530 1080 fra-

1944 1112 2114 1168 tribus
2135 1125 2258 1168 esse
2283 1113 2563 1169 confessus
2589 1128 2729 1169 sum.

2020 1222 2229 1278 Interea
2268 1223 2393 1278 dum
2440 1222 2727 1293 loquimur,
2757 1225 3031 1297 ingressus
3069 1233 3154 1281 est
3197 1235 3376 1282 suntto
3402 1242 3530 1297 pro0

1945 1313 2136 1369 vincite
2164 1313 2328 1384 ipsius
2360 1330 2580 1385 praeses,
2605 1316 2809 1387 Alipius
2846 1319 3089 1385 nomine;
3116 1318 3183 1374 ad
3212 1335 3397 1389 quem,
3442 1335 3531 1377 re-

1949 1405 2077 1460 licto
2105 1421 2264 1476 quem
2314 1421 2525 1463 mecum
2584 1407 2812 1463 habebat
2865 1424 3133 1476 sermone,
3170 1426 3230 1467 se
3281 1412 3528 1469 contulit.

1948 1497 2158 1553 Secessi
2209 1498 2369 1568 igitur
2415 1500 2484 1554 ab
2533 1499 2723 1555 iisdem
2754 1502 3059 1567 paululum,
3106 1511 3160 1558 et
3188 1502 3308 1559 loco
3334 1505 3531 1561 cedens

1949 1589 2160 1643 eminus
2190 1590 2331 1644 steti.
2356 1589 2597 1644 Prolixas
2622 1599 2801 1644 autem
2822 1606 3006 1645 eorum
3034 1590 3385 1650 fabulationes
3412 1608 3535 1664 gra-

1948 1678 2085 1735 viter
2109 1693 2171 1735 ac
2197 1680 2423 1735 moleste
2455 1680 2654 1748 ferens,
2680 1683 2815 1737 intra
2848 1683 3113 1753 meipsum
3142 1686 3341 1741 bonum
3374 1687 3523 1742 illum

1951 1785 2132 1826 senem
2177 1772 2660 1840 reprehendebam,
2689 1789 2755 1828 eo
2784 1774 2949 1844 quod,
2973 1789 3095 1831 meo
3118 1790 3367 1833 sermone
3395 1792 3531 1833 con-

249 1857 420 1914 quem
442 1847 669 1915 introiit,
693 1848 1046 1906 obstruxerit.
1075 1849 1204 1907 Erat
1224 1852 1385 1921 igitur
1403 1868 1569 1908 unum
1593 1853 1843 1908 volumen
1877 1856 1923 1916 B
1952 1870 2175 1933 templo,
2227 1863 2375 1918 illum
2410 1863 2584 1932 potius
2614 1865 2953 1919 bonorassct.
2985 1865 3214 1935 Ideoque
3237 1880 3358 1922 cum
3399 1868 3530 1923 mihi

251 1935 321 1990 ad
351 1938 660 2006 corporales
688 1938 993 2006 deputatum
1034 1943 1407 2005 necess‘tates,
1439 1942 1583 1998 aliud
1632 1945 1687 1998 iu
1736 1956 1844 2014 quo

249 2040 397 2096 opus
422 2026 601 2085 facere
618 2039 670 2085 et
695 2030 872 2086 cibum
898 2045 1112 2087 sumere
1133 2041 1508 2101 consueverat,
1538 2035 1753 2090 tertium
1784 2035 1839 2091 in

249 2135 364 2190 quo
394 2122 583 2177 orabat

327 2215 428 2271 llic
458 2217 616 2288 igitur
634 2232 754 2274 cum
802 2219 1016 2290 triginta
1042 2220 1151 2289 jam
1183 2234 1356 2275 annos
1401 2220 1724 2291 complesset
1756 2221 1844 2277 iu-

247 2305 472 2373 clusus,
535 2323 634 2379 per
682 2310 849 2365 solam
917 2325 1132 2382 semper
1191 2312 1481 2368 fenestram
1534 2315 1842 2371 necessaria

250 2398 423 2456 victui
450 2415 550 2455 suo
589 2402 657 2457 ab
683 2403 1087 2460 administrante
1107 2406 1428 2476 suscipiens,
1462 2406 1660 2462 meruit
1684 2407 1843 2462 talem

246 2491 486 2562 gratiam
516 2491 630 2559 Dei,
665 2502 721 2549 ut
766 2494 986 2551 haberet
1028 2498 1308 2552 scientiam
1339 2498 1666 2553 futurorum.
1708 2497 1843 2554 Nam

247 2594 309 2641 et
339 2594 542 2641 sancta:
566 2588 843 2643 memoria:
869 2588 1175 2646 Theodosio
1198 2591 1506 2660 imperatori
1534 2592 1839 2660 frequenter

248 2684 306 2731 et
338 2676 486 2730 varia
506 2690 573 2732 ex
603 2678 671 2732 iis
690 2688 1002 2747 quzeesseut
1022 2689 1280 2736 eventura
1304 2682 1567 2750 praedixit.
1606 2682 1843 2737 Primum

248 2768 477 2839 quidem
501 2770 569 2824 de
593 2770 823 2826 Maximo
855 2779 1081 2843 tyranno
1106 2773 1247 2840 quod
1271 2784 1325 2829 et
1350 2784 1703 2844 superaturos
1719 2790 1840 2831 eum

247 2870 426 2927 esset,
470 2871 527 2918 et
552 2863 844 2920 Galliarum
899 2881 957 2921 ex
1003 2867 1239 2935 partibus
1271 2881 1622 2931 reversurus;
1657 2876 1842 2936 postea

247 2960 439 3008 autem
463 2964 517 3009 et
545 2954 613 3010 de
639 2954 878 3028 Eugenio
927 2966 1175 3029 tyranno,
1206 2957 1384 3014 eidem
1411 2975 1530 3030 qua:
1556 2960 1842 3015 subsecuta

248 3052 407 3110 sunt,
439 3055 563 3102 ante
595 3048 881 3117 prtedixit;
932 3050 1072 3117 quod
1101 3065 1222 3105 eum
1253 3051 1469 3120 quidem
1492 3059 1842 3121 superaturus

251 3125 431 3202 esset,
445 3137 540 3192 sed
560 3138 672 3207 ipse
693 3138 888 3195 ibidem
907 3140 1071 3195 vitam
1102 3141 1365 3208 finiturus,
1385 3141 1659 3212 liliumque
1683 3157 1840 3197 suum

245 3239 628 3285 successorem
660 3231 870 3301 imperii
898 3234 1204 3288 relicturus.
1234 3234 1313 3289 De
1341 3249 1449 3302 quo
1493 3235 1632 3304 apud
1656 3249 1844 3292 omnes
1870 3220 1920 3290 C

249 3322 486 3391 grandis
532 3338 747 3392 semper
804 3323 943 3380 fama
995 3326 1285 3382 convaluit.
1339 3325 1564 3397 Propter
1609 3327 1748 3395 quod
1788 3336 1841 3382 et

243 3412 597 3471 Theodosius
620 3416 928 3486 imperator,
961 3417 1259 3486 prophetali
1285 3433 1407 3473 eum
1448 3419 1692 3473 venerari
1747 3417 1843 3472 lto-

246 3522 391 3564 ttore
414 3519 793 3578 consueverat,
823 3525 1073 3567 asserens
1104 3512 1254 3566 illum
1289 3527 1493 3572 magna:
1521 3526 1641 3567 esse
1674 3513 1843 3566 virtti-

243 3600 344 3654 tis.
384 3599 519 3655 Cum
546 3601 708 3670 igitur
756 3617 874 3666 nos,
906 3603 1009 3657 hoc
1036 3611 1118 3657 est
1144 3618 1243 3670 ego
1265 3612 1318 3657 et
1343 3605 1527 3658 beatus
1561 3601 1837 3673 Evagrius,

243 3701 303 3746 et
325 3690 664 3760 Ammonius,
688 3704 743 3751 et
768 3695 989 3751 Albinus
1005 3697 1148 3751 circa
1183 3697 1366 3751 Nitriae
1396 3698 1715 3753 solitudines
1738 3698 1837 3752 de-

240 3799 521 3856 geremus,
547 3788 891 3856 cupiebamus
921 3788 1203 3858 diligenter
1231 3803 1524 3859 agnoscere
1548 3790 1839 3845 memorati

245 3878 354 3932 viri
377 3878 647 3933 virtutem.
680 3879 770 3933 Ait
800 3894 930 3950 ergo
954 3882 1108 3937 nobis
1136 3890 1260 3937 tunc
1282 3892 1497 3937 sanctus
1529 3881 1795 3953 Evagrius
1823 3898 1836 3934 :

246 3967 519 4024 Libenter
568 3969 808 4025 audirem
835 3973 902 4026 ab
931 3987 1017 4037 eo,
1047 3973 1139 4043 qui
1180 3983 1414 4028 mentem
1444 3982 1602 4042 atque
1631 3988 1842 4028 sertnn-

245 4075 381 4116 nem
426 4061 563 4117 bene
597 4063 744 4116 novit
775 4064 1026 4132 probare,
1060 4064 1231 4134 qualis
1259 4067 1329 4120 sit
1350 4065 1451 4118 iste
1480 4065 1562 4118 vir
1580 4080 1739 4134 quem
1766 4065 1843 4119 lo-

244 4151 493 4224 qttimur.
520 4152 578 4208 Si
606 4154 748 4208 enim
776 4169 898 4209 eum
924 4171 1027 4210 non
1059 4157 1209 4225 prius
1232 4155 1335 4211 alio
1357 4155 1627 4212 referente
1654 4171 1845 4227 cogno-

246 4260 412 4311 vero,
442 4260 668 4302 necesse
694 4245 803 4315 jam
828 4248 931 4303 erit
958 4256 1013 4301 ut
1043 4246 1110 4302 ad
1131 4259 1364 4303 montem
1396 4248 1513 4316 ejus
1532 4248 1840 4307 ascendam.

242 4338 406 4408 Quod
452 4352 573 4393 cum
602 4337 870 4393 audissem
900 4353 1000 4409 ego
1020 4379 1035 4406 ,
1070 4354 1245 4407 neque
1271 4340 1518 4409 cuiquam
1552 4341 1840 4411 quidquam

247 4434 365 4490 tale
389 4433 644 4490 dixissem
682 4449 829 4488 :uuo
852 4434 940 4489 die
989 4444 1189 4489 lautum
1234 4445 1492 4502 moratus,
1539 4435 1645 4489 alio
1675 4435 1839 4490 clausi

242 4526 500 4583 cellulam
526 4535 790 4591 meam,et
817 4539 905 4580 me
925 4536 1085 4596 atque
1103 4528 1269 4595 ipsam
1294 4526 1680 4581 commendans
1704 4526 1837 4588 Deo.

1949 1955 2215 2027 ingratum
2240 1956 2449 2022 fuisset,
2479 1967 2660 2027 spreto
2688 1958 2907 2024 eodem,
2927 1958 3178 2014 recedere
3206 1960 3517 2035 cogitabam.

1948 2048 2171 2103 Vocavit
2201 2049 2380 2119 itaque
2402 2049 2466 2103 ad
2494 2064 2553 2104 se
2578 2059 2705 2105 tunc
2734 2050 2823 2105 ille
2845 2049 3182 2106 Theodorum
3212 2050 3427 2107 nomine
3448 2052 3532 2106 itt-

1948 2147 2234 2223 terpretem
2264 2154 2442 2205 suum,
2492 2139 2680 2195 dicens
2719 2157 2730 2193 :
2764 2141 2910 2197 Vade
2937 2141 3003 2195 ad
3036 2142 3251 2197 fratrem
3283 2141 3452 2208 illum,
3477 2152 3534 2197 et

1945 2232 2033 2287 dic
2061 2233 2111 2287 ci
2141 2250 2153 2285 :
2184 2231 2301 2287 Noli
2332 2247 2453 2287 esse
2472 2232 2823 2301 pusillanimis
2848 2248 2861 2295 ;
2887 2233 3000 2303 jam
3026 2249 3165 2287 nunc
3188 2234 3329 2288 enim
3350 2234 3534 2289 dimit-

1946 2335 2055 2382 tam
2107 2325 2408 2395 prresidem,
2441 2334 2495 2380 et
2544 2338 2716 2381 tecum
2765 2327 2969 2395 loquar.
3001 2324 3243 2397 Cognovi
3273 2326 3438 2396 igitur
3464 2342 3533 2383 ex

1948 2425 2053 2481 hoc
2083 2440 2204 2481 esse
2231 2426 2502 2480 hominem
2533 2424 2893 2492 spiritualcm,
2918 2433 2970 2478 et
3000 2424 3178 2480 omnia
3209 2423 3530 2494 praevidere,

1949 2529 2003 2573 et
2034 2519 2234 2573 idcirco
2264 2533 2329 2574 eo
2351 2518 2517 2587 magis
2544 2517 2681 2589 ccepi
2711 2517 2997 2574 remorari.

2017 2633 2246 2704 Egresso
2286 2648 2418 2689 vero
2465 2649 2586 2687 mox
2640 2631 2763 2688 inde
2792 2631 3041 2700 praeside,
3066 2648 3154 2687 me
3183 2632 3416 2695 vocavit,
3447 2630 3532 2685 his

1947 2740 2035 2782 me
2068 2726 2348 2796 alloquens
2376 2725 2571 2781 verbis.
2604 2724 2733 2792 Cur,
2766 2724 2955 2793 inquit,
2987 2726 3217 2779 animam
3242 2735 3384 2779 tuam
3411 2739 3532 2778 mea

1946 2820 2367 2888 reprehensione
2396 2819 2618 2875 laesisti?
2641 2831 2797 2889 quam
2822 2818 2875 2871 in
2899 2833 2984 2873 me
3004 2818 3281 2873 inveneras
3298 2817 3529 2885 culpam,

1945 2896 2006 2966 ut
2033 2927 2095 2967 ea
2127 2910 2180 2966 in
2211 2912 2316 2967 tuis
2346 2912 2593 2967 sensibus
2623 2911 2907 2980 cogitares,
2939 2925 3059 2979 qua:
3100 2924 3199 2962 nec
3247 2910 3299 2962 in
3331 2923 3416 2963 me
3442 2923 3532 2962 co-

1944 3016 2173 3071 gnosco,
2205 3015 2305 3057 nec
2329 3013 2448 3057 tuos
2476 2999 2587 3056 sciu
2616 3011 2795 3055 mores
2816 3000 3047 3055 decere?
3076 2999 3157 3053 An
3177 2997 3534 3069 ignorasillud

1946 3092 2085 3162 quod
2115 3092 2373 3161 scriptum
2400 3100 2505 3159 est,
2553 3089 2694 3163 quod
2737 3106 2843 3145 non
2876 3090 3171 3145 incolumes
3227 3103 3291 3143 ac
3343 3089 3533 3153 fortes,

1948 3186 2044 3241 sed
2064 3186 2204 3254 quod
2237 3186 2375 3240 male
2401 3186 2514 3240 sani
2543 3185 2751 3241 medico
2781 3199 2993 3254 semper
3015 3183 3286 3253 indigeant
3311 3182 3532 3255 (Matth.

1948 3292 2024 3342 tx;
2054 3275 2223 3332 Marc.
2251 3292 2304 3343 x;
2338 3276 2494 3331 Luca:
2520 3275 2610 3346 v)?
2639 3275 2772 3331 Nam
2805 3285 2860 3331 tu
2893 3291 2980 3331 me
3000 3290 3121 3331 cum
3146 3275 3301 3343 velis,
3334 3287 3387 3330 et
3417 3289 3534 3328 rur-

1944 3382 2037 3423 sus
2066 3383 2163 3437 ego
2191 3368 2432 3423 invenire
2463 3376 2513 3423 te
2544 3383 2781 3438 possum,
2805 3376 2859 3422 et
2880 3368 2923 3422 si
2947 3383 3011 3422 ex
3048 3382 3134 3422 me
3154 3363 3381 3421 forsitan
3410 3366 3534 3420 nul-

1946 3460 2079 3528 lum,
2108 3475 2175 3515 ex
2231 3461 2349 3515 aliis
2389 3468 2565 3516 tamen
2611 3460 2864 3515 fratribus
2920 3459 3135 3531 aliquod
3175 3458 3531 3528 Patribusque

1948 3551 2151 3623 poteris
2178 3553 2378 3607 habere
2404 3552 2675 3607 solatium.
2713 3552 2814 3605 Isle
2836 3567 2963 3607 vero
2994 3561 3134 3606 totus
3162 3566 3226 3607 ex
3250 3550 3532 3605 saeculari.

1945 3642 2044 3698 bus
2085 3644 2245 3698 rebus
2298 3642 2577 3698 diabolica:
2631 3642 2844 3697 deditus
2876 3641 3159 3709 potestati,
3221 3641 3307 3695 vix
3353 3640 3535 3697 brevis

1947 3735 2094 3790 horae
2127 3735 2298 3805 Spatiu
2331 3735 2500 3805 potuit
2532 3735 2814 3804 respirare.
2850 3733 2916 3787 Et
2943 3749 3084 3788 nunc
3133 3738 3364 3799 tentans,
3396 3733 3536 3787 sicut

1944 3828 2161 3900 quidam
2188 3843 2374 3883 servus
2402 3837 2674 3881 austerum
2703 3825 2976 3881 dominum
3007 3840 3159 3879 suum
3190 3823 3413 3892 fugiens,
3442 3837 3531 3878 vc.

1946 3920 2026 3974 nit
2054 3930 2111 3973 ut
2140 3920 2374 3974 salutare
2401 3919 2483 3973 hic
2504 3919 2768 3972 inveniret
2794 3918 3071 3971 auxilium.
3102 3915 3405 3971 Inconsulta
3432 3916 3531 3986 igi-

1946 4022 2032 4068 tur
2052 4022 2207 4083 atque
2239 4014 2535 4081 importuna
2561 4028 2645 4067 res
2677 4013 2848 4074 fleret,
2877 4013 2920 4064 si
2974 4011 3117 4065 illum
3148 4011 3532 4081 relinquerent,

1944 4115 1999 4162 et
2027 4116 2199 4160 tecum
2228 4122 2489 4169 morarer,
2522 4106 2609 4176 qui
2656 4105 2853 4175 jugiter
2879 4104 3067 4159 salutis
3112 4113 3214 4160 tuae
3236 4104 3534 4160 commodis

1946 4213 2138 4253 vacare
2160 4199 2450 4254 consuesti.
2476 4199 2644 4267 Quem
2663 4214 2761 4269 ego
2784 4213 3102 4269 magnopere
3123 4208 3368 4265 precatus
3390 4213 3533 4262 sum,

1948 4303 2003 4347 ut
2030 4308 2124 4362 pro
2150 4307 2236 4348 me
2261 4292 2567 4360 dignaretur
2604 4306 2780 4350 orare:
2815 4290 2915 4346 hoc
2944 4290 3085 4344 enim
3132 4289 3258 4343 ntiltl
3286 4289 3535 4357 spiritua-

1947 4386 2049 4440 letn
2080 4385 2228 4439 illum
2256 4384 2427 4440 virum
2456 4399 2577 4439 esse
2603 4384 2899 4438 certissime
2929 4381 3189 4451 persuasit

2016 4524 2183 4595 966
2221 4523 2374 4579 Tunc
2395 4522 2482 4577 ille
2505 4521 2614 4592 jam
2646 4521 2817 4576 ltctior
2855 4522 3071 4575 dextera
3095 4534 3188 4572 sua
3221 4520 3273 4572 in
3314 4518 3532 4573 sinistra

242 4619 580 4675 Thebaidem
601 4633 767 4689 usque
791 4620 1021 4690 perrexi.
1049 4620 1243 4675 Diebus
1262 4620 1446 4675 decem
1470 4631 1522 4674 et
1542 4628 1664 4677 octo
1690 4618 1833 4674 oumi
1865 4606 1921 4671 Ι)
1949 4630 2032 4669 me
2058 4615 2249 4670 leniter
2297 4615 2471 4668 vultus
2502 4613 2606 4668 tnei
2659 4620 2809 4680 parte
2854 4611 3137 4680 percussit,
3170 4613 3272 4664 hoc
3302 4608 3486 4664 dicens
3514 4625 3530 4663 :

246 4713 448 4768 itinere
476 4712 743 4777 confecto,
794 4713 981 4783 partim
1012 4713 1334 4767 ambulando
1368 4713 1610 4782 pedibus,
1640 4713 1832 4781 partim

246 4822 345 4879 per
371 4807 586 4862 ﬂuvium
616 4808 932 4879 navigando.
967 4809 1234 4879 Agebatur
1256 4817 1431 4862 autem
1464 4808 1565 4862 hoc
1595 4823 1660 4862 eo
1692 4818 1831 4862 tem-

244 4913 403 4971 pure,
444 4915 550 4970 quo
583 4900 775 4955 ﬂuvius
824 4901 1029 4955 solebat
1070 4900 1378 4966 ascendere,
1427 4900 1641 4970 quando
1673 4900 1828 4955 multi

243 5001 515 5060 aegrotare
544 5005 955 5060 consueverant,
986 4994 1125 5064 quod
1159 5010 1278 5048 sum
1302 5003 1356 5047 et
1388 4994 1503 5061 ipse
1526 5006 1831 5062 perpessus.

318 5084 454 5140 Cum
487 5100 616 5156 ergo
647 5086 775 5142 illuc
797 5087 1087 5151 venissem,
1135 5088 1372 5142 clausum
1425 5095 1631 5152 septum
1679 5084 1831 5156 ιβιδ..

243 5174 573 5248 membrum]
605 5176 735 5232 illud
787 5178 988 5247 iuveni,
1016 5178 1157 5247 quod
1205 5188 1328 5232 ante
1355 5178 1649 5247 ingressum
1680 5176 1832 5231 cubi-

243 5269 489 5324 culorum
551 5272 719 5340 ipsius
771 5278 920 5337 erat;
982 5280 1165 5341 postea
1229 5272 1370 5326 enim
1426 5271 1600 5341 ipsum
1659 5271 1832 5325 locutu

242 5368 620 5415 exstruxerant
660 5364 875 5417 fratres.
904 5362 1050 5416 Talis
1081 5372 1256 5417 autem
1286 5370 1404 5415 erat
1433 5362 1643 5416 aedilicii
1672 5362 1836 5431 ipsius

245 5452 576 5520 magnitudo,
608 5464 665 5507 ut
704 5451 820 5509 fere
846 5462 1060 5509 centum
1113 5463 1329 5522 caperet
1370 5454 1537 5508 viros.
1582 5454 1831 5517 Clausum

245 5549 425 5593 autem
471 5556 685 5612 semper
730 5545 901 5613 ipsum
948 5544 1208 5599 habentes
1240 5544 1435 5611 locum,
1468 5545 1584 5598 solo
1616 5544 1833 5600 Sabbati

244 5640 298 5686 et
328 5628 605 5688 Dominico
632 5634 719 5689 die
748 5634 958 5705 aperire
986 5646 1400 5690 consueverant.
1455 5633 1677 5705 Cognita
1709 5650 1838 5706 ergo

245 5735 405 5777 causa
426 5727 496 5778 ob
516 5740 672 5794 quam
698 5726 1056 5791 clauderetur,
1083 5727 1258 5796 quievi
1282 5735 1602 5796 exspectans
1618 5727 1834 5783 Sabbali

247 5813 388 5871 diem
418 5832 433 5869 :
464 5818 553 5878 qui
584 5832 704 5873 cum
749 5818 1076 5883 advenisset,
1110 5819 1383 5879 ingressus
1416 5832 1535 5873 sum
1559 5818 1704 5873 circa
1732 5820 1832 5875 lto-

1944 4709 2123 4763 Multa:
2153 4718 2206 4762 te
2247 4706 2621 4762 tribulationes
2647 4714 2887 4771 manent,
2942 4718 3128 4770 passus
3172 4717 3232 4758 es
3279 4701 3445 4755 multa
3478 4711 3535 4755 ut

1946 4804 2124 4858 cxires
2172 4801 2240 4855 de
2280 4800 2587 4864 solitudine,
2638 4809 2694 4855 et
2743 4799 2954 4854 interim
2988 4799 3085 4852 hoc
3114 4795 3405 4850 formidans
3435 4795 3534 4848 ali-

1949 4898 2266 4967 quantulum
2299 4897 2473 4952 facere
2494 4894 2766 4950 distulisti.
2800 4894 2918 4948 Pias
2946 4902 3123 4946 autem
3152 4890 3268 4957 tibi,
3300 4897 3355 4943 et
3377 4887 3531 4958 quasi

1944 4990 2288 5046 raziunabiles
2308 5004 2496 5045 causas
2522 4988 2751 5043 atl‘erens
2780 4987 3013 5050 daemon,
3037 4984 3293 5039 ventilare
3317 4993 3370 5038 te
3404 4991 3527 5037 ten-

1945 5091 2041 5137 tat.
2074 5082 2364 5137 Admonuit
2410 5080 2552 5135 enim
2603 5087 2658 5133 et
2693 5077 2834 5132 circa
2864 5077 3031 5144 patris
3080 5076 3426 5138 desiderium,
3476 5082 3532 5128 et

1943 5174 2394 5243 quemadmodum
2426 5172 2587 5226 frater
2617 5181 2736 5225 tuus
2774 5183 3032 5237 sororque
3059 5169 3321 5235 converti,
3366 5178 3527 5237 atque

1949 5267 2001 5319 in
2033 5263 2322 5319 solitudine
2362 5278 2521 5330 agere
2552 5263 2710 5315 vitam
2740 5274 2890 5316 suam
2920 5263 3196 5317 deberent.
3225 5260 3365 5315 Ecce
3388 5272 3531 5312 nunc

1945 5358 2037 5413 tibi
2064 5358 2164 5414 hoc
2185 5373 2287 5429 ego
2316 5357 2586 5421 renuntio,
2615 5365 2869 5426 utrosque
2895 5357 3129 5411 salvatos
3151 5370 3277 5411 esse
3319 5369 3527 5423 cogito.

1943 5466 2057 5506 sce.
2102 5451 2564 5513 Renuntiavcrunt
2606 5449 2749 5505 enim
2777 5451 2938 5505 ambo
2965 5450 3315 5506 saecularibus
3343 5448 3529 5504 rebus.

1942 5549 2010 5605 Et
2035 5557 2208 5618 pater,
2229 5547 2424 5615 inquit,
2444 5554 2563 5600 tuus
2583 5547 2716 5600 alios
2745 5556 2951 5616 septem
2973 5548 3208 5602 victurus
3224 5554 3305 5600 est
3335 5553 3528 5604 annos;

1942 5640 2130 5694 insiste
2151 5639 2310 5709 igitur
2336 5652 2398 5693 ac
2426 5638 2545 5692 vive
2574 5639 2625 5692 in
2643 5639 2870 5694 desertis
2897 5638 3173 5707 utcmpisti
3200 5636 3355 5700 locis,
3392 5648 3529 5687 neve

1940 5739 2223 5800 parentum
2269 5743 2432 5783 causa
2461 5738 2672 5784 tuorum
2700 5730 2766 5783 ad
2802 5728 3027 5798 patriam
3058 5728 3238 5783 redire
3270 5724 3524 5785 festines;

1939 5822 2198 5899 scriptum
2225 5829 2306 5879 est
2328 5820 2470 5874 enim
2499 5837 2512 5874 :
2545 5820 2712 5877 Nemo
2730 5821 2949 5878 mittens
2976 5835 3139 5889 super
3158 5824 3392 5873 aratrum
3413 5827 3529 5869 mae
