3982 6354
460 358 569 417 3ῑῶ

1568 355 1912 410 ΔΙῬΕΧΟΙΧ
1956 354 2045 409 AD
2088 354 2294 414 V’l'I‘AS
2330 353 2631 411 PATRUM.

3628 356 3730 415 $0!

465 492 591 531 num
619 488 800 541 suam,
836 484 887 530 et
910 483 1053 531 retro
1098 473 1361 544 aspiciens
1392 479 1544 539 aptus
1570 481 1649 525 est
1682 483 1847 538 regno
1876 468 2040 522 coelo-
2074 469 2121 527 Α
2149 468 2324 537 venit,
2354 478 2410 522 ut
2452 476 2698 522 cerneret
2730 468 2831 523 sibi
2881 466 3205 537 incognitam
3251 468 3548 525 civitatem.
3598 470 3729 527 Dum

460 584 577 622 runt
615 566 794 637 (Luae
820 567 918 639 ιι).

539 657 899 714 Vehementer
928 658 1087 727 igitur
1114 666 1269 726 atque
1291 654 1611 710 mordaciter
1634 669 1701 709 ex
1731 652 2034 722 hujusmodi

458 748 641 802 verbis
671 750 961 804 instructus
991 762 1054 801 ac
1078 748 1285 809 doetus,
1307 744 1505 815 gratias
1533 746 1615 813 egi
1645 746 1775 810 Deo,
1809 743 2040 797 maxime

457 849 807 910 posteaquam
836 840 1149 894 occasiones
1186 854 1306 908 qua:
1353 852 1438 892 me
1490 837 1829 891 solitudinem
1879 836 2041 891 relin-

462 945 632 1000 quere
652 931 1064 1000 compellebant,
1085 930 1230 998 juxta
1262 938 1437 983 votum
1464 944 1639 982 meum
1656 928 1901 995 impletas
1921 942 2041 982 esse

458 1025 707 1091 cognovi.
751 1022 1087 1090 Rursumque
1118 1021 1244 1074 mihi
1299 1020 1400 1074 hoc
1458 1035 1579 1073 cum
1620 1021 1726 1073 risu
1760 1017 1964 1087 placido
1992 1026 2048 1072 et

456 1117 595 1188 jocis
614 1118 792 1171 dixit:
828 1116 937 1181 Vis,
969 1116 1160 1184 inquit,
1208 1113 1489 1182 episcopus
1518 1113 1671 1168 ﬁeri?
1720 1115 1830 1183 Ego
1868 1122 2043 1165 autem

461 1222 549 1263 me
575 1207 681 1276 jam
713 1221 835 1261 esse
865 1205 1136 1274 respondi.
1173 1204 1567 1273 Inter-rogabat,
1605 1203 1737 1259 Ubi?
1764 1204 1871 1257 dixi
1903 1218 2001 1272 ego
2027 1219 2040 1253 :

457 1299 517 1352 In
546 1299 809 1369 coquinis.
845 1299 1069 1365 mensis,
1093 1297 1349 1360 tabernis,
1367 1294 1703 1364 officinisque
1737 1296 2043 1365 figulorutn;

457 1389 571 1444 haec
599 1392 739 1444 enim
779 1397 990 1454 cuncta,
1024 1390 1260 1455 inquam,
1292 1387 1578 1455 diligenter
1616 1387 1862 1455 inspicio,
1914 1397 1962 1440 et
1997 1387 2042 1439 si

458 1479 621 1535 fuerit
670 1480 883 1533 acidum
918 1478 1125 1542 vinum,
1158 1493 1188 1530 a
1221 1478 1447 1544 prandio
1477 1493 1598 1531 meo
1639 1478 1764 1532 illttd
1792 1478 2040 1542 excludo,

455 1570 599 1639 quod
629 1579 808 1626 autem
840 1569 1001 1625 fuerit
1029 1570 1251 1633 bonum,
1284 1571 1429 1625 bibo.
1459 1571 1718 1626 Similiter
1740 1572 1961 1641 inapicio
1992 1583 2047 1625 et

455 1661 585 1716 ollas
602 1677 917 1731 coquorum,
948 1670 1001 1717 et
1025 1661 1070 1715 si
1100 1662 1286 1716 deesse
1306 1662 1447 1718 sales
1477 1664 1683 1729 videro,
1703 1674 1797 1719 aut
1823 1666 2041 1734 aliquod

454 1752 780 1807 condimenti
823 1766 1013 1822 genus,
1070 1752 1227 1818 addo,
1258 1753 1557 1824 meliusque
1601 1756 1845 1809 conditos
1895 1756 2046 1810 cibus

2146 575 2277 630 ergo
2308 561 2410 616 iter
2450 560 2740 617 conficeret
2791 560 2938 629 juxta
2987 559 3242 631 oppidum
3286 561 3371 616 cui
3413 560 3596 617 Nicius
3639 578 3732 616 no-

2147 668 2270 708 men
2300 664 2411 720 est,
2440 654 2808 723 applicuerunt
2841 668 3004 708 naves
3056 654 3173 722 ejus
3228 653 3295 707 ad
3339 653 3722 709 resolvendum

2151 744 2325 814 longae
2356 745 2713 815 navigationis
2744 745 3001 799 laborem.
3033 744 3263 815 Ingressi
3292 744 3453 814 igitur
3485 746 3639 814 pueri
3669 747 3732 799 ad

2150 846 2370 907 terram,
2403 839 2631 908 quadarn
2679 839 3028 908 protervitate
3077 839 3220 893 ducti
3250 849 3437 893 contra
3463 838 3567 893 loci
3598 839 3735 894 illius

2148 933 2405 997 rusticos,
2432 949 2656 1002 quorum
2674 934 2983 1004 superbiam
3001 935 3386 1003 audaciamque
3410 935 3590 990 nullus
3614 934 3733 998 fert,

2144 1024 2318 1094 jurgia
2368 1027 2605 1080 excitare
2633 1034 2934 1093 coeperunt.
2973 1026 3044 1079 Ex
3072 1025 3267 1095 quibus
3295 1025 3584 1080 multitudo
3630 1041 3737 1081 me-

2150 1127 2356 1173 morata
2410 1120 2660 1174 eunucho
2713 1120 2929 1188 quidem
2983 1120 3071 1173 uni
3112 1120 3335 1188 digitum
3393 1121 3647 1185 abscidit,
3678 1135 3737 1176 ac

2150 1211 2349 1279 rapuit,
2383 1221 2432 1266 et
2466 1212 2628 1265 alium
2684 1212 2997 1278 trucidavit,
3036 1224 3282 1267 sanctum
3330 1222 3511 1266 autem
3544 1212 3739 1281 Diony-

2147 1301 2287 1355 sium
2335 1317 2493 1371 quem
2524 1303 2714 1369 vulgus
2741 1318 2861 1358 esse
2906 1302 3215 1371 episcOpum
3248 1304 3545 1366 nesciebat,
3577 1319 3739 1372 prepe

2150 1392 2331 1447 mersit
2361 1394 2411 1446 in
2443 1393 2685 1456 fluvium,
2737 1394 2905 1462 ipsam
2936 1409 3064 1448 vero
3092 1393 3303 1463 injuriis
3334 1395 3739 1464 terroriltuSqne

2150 1484 2402 1551 confecit,
2438 1485 2652 1555 reliquis
2684 1485 2934 1539 omnibus
2965 1484 3144 1551 pueris
3172 1484 3480 1539 vulneratis.

2724 1575 2952 1632 CAPUT
2980 1574 3168 1630 XXIII.

2373 1666 2487 1720 Vita
2517 1667 2651 1720 beati
2688 1665 2992 1721 Possidonii
3020 1667 3255 1721 monachi
3296 1665 3518 1722 Tltebwi.

2223 1757 2295 1811 De
2346 1758 2661 1814 Possidouio
2711 1758 2943 1812 Thebzeo
2983 1758 3098 1811 viro
3153 1758 3532 1826 probatissimo
3581 1768 3740 1827 atque

455 1845 701 1901 comedo.
726 1845 825 1900 IIic
861 1853 943 1900 est
998 1845 1336 1915 episcopatus
1383 1861 1557 1911 meus,
1612 1850 1868 1902 voracitas
1897 1848 2038 1902 enim
2078 1854 2122 1912 Β
2149 1850 2544 1918 patientissimo
2568 1850 2946 1904 inenarrabilia
2979 1850 3222 1919 quaedam
3254 1861 3307 1904 et
3338 1851 3508 1904 multa
3539 1865 3740 1906 memo-

454 1952 576 1992 mea
605 1937 763 1991 talem
795 1952 882 1991 me
908 1938 1218 2007 episcopum
1248 1938 1392 1992 fecit.
1418 1939 1486 1992 At
1515 1939 1643 1993 ntihi
1678 1942 1776 1993 Itoc
1808 1940 1897 1994 ille
1919 1955 2042 1994 san-

456 2042 575 2083 ctus
599 2028 887 2082 subridens
916 2046 927 2082 :
962 2028 1218 2092 Remove,
1248 2030 1438 2098 inquit,
1464 2030 1644 2100 jocos;
1678 2047 1797 2085 nam
1830 2033 2039 2100 episco-

459 2135 559 2188 pus
587 2135 646 2174 es
674 2119 902 2184 futurus,
928 2120 1320 2190 plurimumque
1345 2121 1739 2176 tribulatioount
1766 2124 2042 2177 habiturus

458 2227 518 2267 es
545 2226 608 2265 ac
638 2211 903 2266 laborum.
935 2212 991 2266 Si
1027 2212 1188 2281 igitur
1239 2213 1341 2265 ista
1388 2212 1465 2266 vis
1500 2212 1701 2281 fugere,
1737 2215 1844 2267 noli
1878 2214 2041 2267 relin-

458 2318 622 2372 quere
650 2303 964 2357 solitudines
1005 2312 1241 2370 nostras,
1276 2304 1451 2357 nullus
1478 2308 1618 2357 enim
1649 2314 1701 2358 te
1730 2304 1782 2357 in
1809 2304 2040 2378 dest-riis

458 2397 743 2466 degentem
774 2397 904 2451 locis
932 2397 1240 2465 episc0pum
1274 2396 1455 2450 faciet.
1496 2397 1839 2452 Descendens
1866 2410 2041 2453 autem

463 2501 589 2544 tunc
619 2505 719 2559 ego
747 2504 776 2543 a
809 2499 1102 2543 memorato
1131 2490 1264 2556 viro,
1298 2505 1574 2557 regressus
1604 2507 1719 2544 sum
1742 2493 1805 2544 ad
1830 2492 2041 2546 dt-serta

457 2582 514 2634 in
535 2580 729 2649 quibus
751 2595 871 2635 esse
891 2594 1298 2644 eonstteveram,
1330 2582 1650 2636 venerandis
1674 2582 1777 2637 illis
1798 2583 2044 2635 Patriltus

465 2674 581 2727 ham
611 2674 720 2742 ipsa
752 2688 871 2744 quae
917 2673 1024 2726 illic
1067 2688 1419 2741 cognoveram
1450 2676 1515 2727 de
1543 2666 1802 2743 Spirituali
1836 2675 2046 2729 divino-

462 2781 567 2833 que
597 2764 838 2820 referens
860 2766 1096 2831 homine,
1129 2766 1217 2835 qui
1248 2779 1361 2835 post
1390 2768 1523 2821 duos
1550 2783 1761 2823 men-es
1793 2768 1858 2823 ad
1897 2784 2037 2822 eum-

465 2860 585 2915 dem
644 2861 1009 2916 beatissimum
1046 2861 1345 2931 navigando
1393 2873 1673 2917 venerunt.
1710 2864 1819 2933 Ego
1867 2872 2043 2917 autem

456 2953 791 3009 miserrimus
813 2953 1074 3009 dictorum
1106 2954 1222 3024 ejus
1252 2955 1536 3010 immemor
1562 2955 1653 3010 fui.

528 3047 654 3100 PoSt
681 3047 892 3100 triennii
924 3047 1082 3116 igitur
1114 3058 1324 3117 tempus
1344 3090 1358 3114 ,
1403 3049 1758 3103 valetudinem
1797 3065 1861 3103 ex
1899 3048 2045 3101 infir-

457 3139 646 3193 mitate
676 3138 940 3192 stomachi
973 3154 1034 3192 ac
1056 3139 1259 3209 splenis
1289 3141 1508 3194 incurri.
1546 3142 1610 3195 Et
1643 3157 1704 3194 ex
1735 3140 2044 3211 supradicto

2147 1952 2337 1995 rantur
2368 1940 2561 2010 (Pall.,
2591 1958 2639 1995 ε.
2670 1941 2784 2011 77).
2819 1942 2951 1995 Tant
2981 1952 3157 1995 autent
3188 1952 3523 1996 mansuetum
3541 1943 3737 2006 virum,

2149 2039 2253 2083 tam
2285 2046 2412 2086 vere
2459 2033 2804 2095 monachum,
2862 2043 3077 2100 tamque
3119 2032 3250 2085 nihil
3293 2032 3582 2085 habentem
3609 2032 3742 2087 inse

2148 2126 2390 2189 malitiae,
2425 2126 2628 2179 nullum
2678 2142 2776 2194 ego
2806 2124 3033 2179 alterum
3082 2126 3224 2191 vidi;
3258 2142 3379 2179 nam
3411 2125 3553 2195 apud
3586 2126 3742 2181 Beth-

2151 2218 2286 2271 leem
2311 2232 2432 2271 cum
2459 2231 2525 2271 eo
2552 2232 2647 2286 per
2697 2233 2892 2271 annum
2929 2218 3193 2282 integrum
3222 2218 3328 2271 vixi
3371 2235 3436 2273 eo
3466 2228 3739 2288 tempore,

2158 2326 2278 2364 rum
2311 2310 2525 2364 sederet
2554 2312 2603 2363 in
2631 2309 2717 2364 illa
2750 2310 2986 2380 regione,
3012 2326 3170 2379 quam
3197 2306 3508 2366 Poetnenion
3537 2312 3741 2376 dicunt,

2148 2412 2204 2458 et
2227 2403 2394 2457 multo
2425 2403 2607 2472 plures
2635 2401 2686 2456 iu
2718 2417 2783 2457 eo
2813 2405 2926 2457 scio
2964 2417 3049 2457 nte
3090 2404 3287 2458 vidisse
3317 2405 3577 2469 virtutes;
3609 2404 3742 2458 inter

2148 2511 2282 2565 quas
2324 2496 2427 2551 hoc
2463 2496 2597 2550 mihi
2647 2499 2915 2566 quondam
2957 2507 3013 2551 et
3052 2498 3164 2564 ipse
3198 2496 3491 2563 referebat,
3514 2497 3737 2552 dicens:

2154 2588 2273 2643 bno
2300 2605 2442 2645 anno
2471 2606 2591 2644 cum
2620 2590 2670 2643 in
2703 2605 2769 2644 eo
2801 2590 2938 2657 loco,
2975 2591 3065 2656 qui
3100 2590 3445 2661 Porphyrites
3496 2600 3741 2653 vocatur,

2151 2680 2467 2747 habitarem,
2509 2683 2710 2737 nullum
2744 2683 3021 2737 hominum
3045 2683 3171 2737 dntn
3191 2684 3297 2737 illic
3325 2684 3583 2753 degerem
3610 2684 3739 2747 vidi,

2151 2786 2462 2827 sermonem
2513 2774 2713 2827 nullius
2742 2774 2944 2839 audivi,
2972 2789 3076 2829 non
3101 2775 3248 2844 attigi
3279 2790 3493 2845 partem,
3537 2775 3634 2829 sed
3679 2775 3743 2829 de

2153 2866 2339 2934 paucis
2378 2874 2581 2920 tantum
2623 2867 2849 2937 deetylis
2888 2868 2991 2922 vixi
3023 2880 3075 2923 et
3124 2869 3303 2923 herbis
3341 2870 3671 2939 agrestibus,
3697 2870 3741 2923 si

2155 2973 2289 3026 quas
2320 2958 2560 3014 invenire
2589 2962 2902 3027 potuissem.
2936 2961 3142 3016 Interea
3173 2962 3462 3030 aliquando
3493 2975 3618 3016 cum
3652 2977 3743 3029 pe-

2152 3050 2294 3102 nitus
2316 3049 2595 3115 alimenta,
2628 3050 2823 3120 quibus
2860 3051 3152 3106 sustentari
3198 3063 3463 3122 poteram,
3513 3053 3743 3107 defecisa

2153 3150 2304 3207 sent,
2338 3156 2588 3210 egressus
2628 3158 2747 3196 sum
2794 3142 2861 3197 de
2891 3144 3144 3213 spelunca
3194 3158 3334 3209 mea,
3367 3154 3423 3198 ut
3459 3160 3634 3213 usque
3677 3144 3742 3198 ad

462 3234 583 3287 loco
630 3245 661 3284 a
712 3227 963 3283 fratribus
1008 3232 1383 3286 Alexandriam
1433 3250 1602 3300 usque
1653 3236 2001 3289 transmissus
2025 3274 2039 3299 ,
2068 3233 2117 3297 ο
2150 3248 2243 3287 eas
2265 3244 2443 3303 partes
2459 3250 2576 3303 qua:
2599 3236 2666 3289 ab
2687 3236 2995 3289 hominibus
3017 3236 3379 3290 inhabitantor
3398 3237 3739 3299 accederem,

457 3337 619 3395 atque
648 3325 755 3378 illic
785 3324 1077 3393 hydropem
1111 3326 1405 3379 medicans.
1438 3329 1517 3381 Ab
1550 3327 1872 3382 Alexandria
1902 3344 2040 3397 quo-

457 3435 561 3489 que
592 3418 857 3489 profectus
896 3418 1241 3472 suadentibus
1273 3418 1511 3483 medicis,
1550 3428 1672 3487 peto
1704 3418 2042 3473 Palaestinam

458 3528 625 3569 causa
662 3511 1069 3567 commodarum
1118 3528 1236 3581 qum
1293 3526 1412 3565 esse
1474 3511 1667 3565 ibidem
1722 3512 2045 3581 putabantur

458 3618 750 3669 aurarum;
781 3605 1054 3659 tenuiores
1102 3604 1244 3657 enim
1275 3605 1413 3659 aeris
1441 3606 1610 3674 magis
1649 3605 1908 3674 mgritudo
1940 3606 2045 3661 mei

458 3693 700 3764 corporis
730 3695 1056 3764 requirebat.
1092 3695 1164 3749 De
1215 3694 1495 3748 Palaestina
1520 3710 1700 3748 autem
1734 3696 1796 3748 ad
1834 3696 2036 3764 provin-

457 3786 593 3841 ciam
630 3786 930 3855 Bithyniam
956 3785 1099 3840 veni.
1124 3785 1178 3840 In
1207 3800 1310 3855 qua
1344 3787 1527 3839 nescio
1549 3786 1836 3853 quomodo,
1863 3799 2040 3841 utrum

455 3878 633 3935 studio
662 3879 953 3944 hominum,
1006 3896 1072 3935 an
1104 3880 1377 3937 voluntate
1406 3882 1581 3936 divina
1608 3881 1735 3951 (hoc
1769 3881 1908 3937 Deus
1942 3900 2043 3937 no-

460 3974 557 4041 vit)
591 3973 874 4042 cpiscopus
917 3974 1054 4028 ultra
1104 3976 1350 4029 meritum
1386 3990 1561 4028 meum
1610 3973 1784 4028 factus
1815 3991 1955 4029 sum.
1988 3976 2043 4030 In

459 4082 568 4137 quo
600 4068 935 4136 tempestatis
964 4068 1106 4122 illius
1134 4084 1253 4137 qua:
1298 4068 1400 4123 sub
1444 4077 1631 4123 sancto
1660 4067 1863 4122 J0.tnue
1893 4084 2043 4123 cotu—

459 4168 607 4213 mota
634 4170 737 4220 est,
770 4159 1213 4223 interfui.malis,
1263 4168 1317 4211 et
1373 4174 1466 4227 per
1515 4159 1699 4212 decem
1753 4172 1962 4212 menses
1993 4158 2044 4211 in

458 4252 840 4308 obscurissima
900 4253 1089 4308 cellula
1138 4256 1466 4319 occultatus,
1497 4256 1633 4324 ραιρί
1689 4253 1829 4308 illius
1875 4253 2046 4308 sancti

457 4346 601 4401 dicta
633 4346 927 4408 reminisci,
960 4362 1079 4401 cum
1113 4363 1173 4399 ea
1206 4348 1313 4401 illic
1355 4364 1475 4418 qua:
1518 4348 1859 4418 prmdixerat,
1890 4349 2046 4401 susti-

459 4451 668 4493 nerem.
691 4438 817 4491 llaec
838 4447 1015 4493 autem
1038 4439 1173 4493 forte
1195 4439 1323 4492 mihi
1358 4449 1482 4494 tunc
1513 4442 1599 4494 ille
1628 4455 1852 4509 magnus
1877 4441 2046 4493 athle-

459 4544 509 4587 ta
539 4532 734 4588 Christi
779 4534 1008 4600 dicebat,
1040 4535 1265 4603 cupiens
1293 4551 1376 4589 me
1424 4536 1487 4588 ad
1522 4534 1890 4589 sustinendam
1922 4533 2049 4588 soli-

2148 3335 2202 3380 et
2234 3341 2328 3392 per
2356 3336 2517 3381 totam
2548 3327 2829 3382 ambulans
2857 3328 3019 3391 diem,
3044 3328 3131 3382 vix
3167 3328 3527 3384 habitaculum
3562 3345 3738 3384 meum

2148 3417 2358 3471 duobus
2390 3418 2627 3472 millibus
2653 3419 2847 3474 abease
2874 3420 3123 3489 cognovi.
3156 3420 3616 3489 Circumspiciens
3644 3421 3740 3490 igi-

2152 3517 2237 3561 tur
2268 3509 2415 3563 velut
2441 3510 2674 3579 equitem
2720 3512 3005 3577 quemdam
3036 3512 3219 3567 videre
3247 3528 3331 3566 me
3359 3512 3590 3576 credidi,
3643 3516 3741 3565 ha~

2149 3598 2364 3653 bentem
2398 3602 2581 3656 militis
2613 3603 2868 3669 speciem,
2900 3612 2955 3658 et
2984 3604 3249 3658 cassidem
3286 3607 3463 3674 capite
3494 3619 3597 3658 suo
3619 3619 3742 3674 ges-

2149 3697 2371 3759 tantem,
2397 3693 2480 3746 cui
2514 3693 2566 3746 in
2611 3696 2759 3748 tiara:
2786 3696 3002 3749 modutn
3047 3694 3208 3749 crista
3263 3696 3545 3766 surgebat.
3574 3702 3741 3763 Quem

2150 3798 2271 3838 cum
2298 3786 2521 3839 militem
2548 3801 2674 3840 vere
2703 3798 2963 3855 putarem,
2992 3788 3057 3842 ad
3080 3790 3388 3855 speluncam
3413 3790 3593 3845 redire
3621 3807 3741 3859 pro-

2152 3878 2357 3947 peravi.
2375 3877 2557 3931 Inveni
2581 3888 2756 3932 autettt
2777 3879 2885 3933 illic
2910 3895 3153 3935 reversus
3174 3881 3428 3936 continuo
3455 3882 3738 3945 ciSIellam,

2149 3985 2267 4039 qua:
2299 3986 2426 4024 uvas
2456 3981 2509 4024 ct
2540 3971 2668 4026 licus
2697 3984 2943 4027 recenter
2960 3976 3125 4028 lectas
3149 3974 3376 4029 habebat
3400 3992 3411 4027 :
3437 3991 3600 4044 quam
3629 3985 3740 4030 sta-

2152 4062 2242 4116 tim
2268 4064 2440 4133 rapui,
2471 4076 2523 4118 et
2555 4063 2634 4118 sic
2664 4066 2969 4131 Speluncam
3019 4066 3174 4120 hctus
3224 4066 3438 4120 intravi.
3474 4067 3578 4122 Per
3606 4067 3743 4137 duos

2151 4167 2331 4209 autem
2387 4171 2600 4211 nienses
2640 4157 2794 4211 cilius
2827 4158 2941 4226 ipse
2972 4158 3203 4214 maxime
3234 4158 3364 4212 mihi
3397 4159 3592 4215 solatio
3624 4160 3739 4214 fuit.

2230 4248 2542 4303 Miraculum
2590 4264 2722 4304 vero
2769 4251 3146 4304 sanctissimus
3202 4250 3552 4307 Possidenius
3603 4254 3739 4307 circa

2154 4339 2427 4394 Bethleem
2478 4338 2674 4396 fecisse
2721 4354 3047 4397 memoratur
3098 4343 3403 4411 ltojusmodi
3435 4360 3449 4397 :
3483 4344 3739 4410 Quaedam

2154 4432 2346 4485 ntttlier
2376 4446 2655 4501 pregnans
2682 4448 2711 4485 a
2743 4435 2933 4501 Spiritu
2984 4434 3258 4488 immundo
3313 4434 3661 4503 fatigabatur,
3691 4445 3741 4489 et

2158 4536 2397 4592 tempore
2428 4535 2611 4591 partus
2650 4524 2733 4577 sui
2776 4540 2894 4578 rum
2949 4527 3181 4580 maxima
3226 4527 3540 4583 dtllicultate
3574 4529 3743 4598 parie-

460 4626 703 4680 tudinum
730 4626 918 4693 vitam,
954 4625 1259 4694 huiusmodi
1291 4626 1828 4695 prmttttntiationibos
1858 4642 2043 4696 provo-

2157 4614 2277 4679 bat;
2329 4629 2448 4669 eam
2481 4616 2623 4669 enim
2671 4616 2901 4683 spiritus
2938 4617 3031 4672 ille
3077 4617 3369 4673 cruciabat.
3402 4616 3537 4673 Cum
3586 4621 3742 4690 igitur

460 4733 603 4774 care.
635 4718 767 4774 Nam
802 4719 1152 4790 quadraginta
1179 4728 1302 4773 octo
1332 4734 1504 4773 annos
1547 4718 1598 4771 iu
1624 4720 1811 4773 eadem
1853 4718 2043 4773 cellula

461 4825 555 4864 sua
588 4828 646 4866 se
696 4812 942 4867 habitare
968 4811 1204 4876 dicebat,
1245 4813 1442 4866 nullius
1481 4827 1538 4866 se
1567 4828 1799 4879 unquam
1834 4814 2047 4868 feminae

463 4902 665 4954 vultum
695 4902 895 4955 vidisse
924 4902 1272 4967 confirmans,
1305 4918 1372 4957 ne
1428 4906 1629 4956 sororis
1659 4904 1901 4973 quidem,
1952 4919 2047 4958 ne-

465 5006 571 5062 que
600 4992 945 5062 semetipsum
990 4993 1239 5048 edentem
1291 5004 1383 5049 aut
1428 4994 1702 5050 bibentem
1758 4997 1826 5051 ab
1875 4997 2044 5050 altero

464 5084 657 5138 visum.

538 5178 617 5232 Ad
652 5179 790 5232 hunc
813 5178 1100 5234 videndum
1131 5191 1180 5234 et
1207 5180 1397 5234 ancilla
1429 5179 1627 5234 Christi
1656 5181 1923 5236 Ptemcnia
1957 5198 2048 5233 ve-

465 5279 619 5323 nerat
650 5266 839 5342 (Pull.,
866 5286 914 5326 ε.
946 5270 1060 5340 47).
1093 5270 1189 5325 Cui
1235 5272 1324 5326 ille
1351 5288 1454 5327 non
1509 5273 1635 5325 visae
1682 5274 1922 5341 qtlzl'datn
1956 5289 2048 5342 per

462 5364 626 5417 alium
677 5372 882 5416 secreta
942 5362 1232 5425 mandavit,
1284 5365 1669 5435 admonuitque
1696 5380 1811 5418 eam
1864 5380 1932 5419 ne
1979 5367 2047 5421 de

464 5454 757 5510 Thebaidis
798 5456 1014 5524 regione
1065 5457 1433 5527 proficiscens,
1494 5458 1763 5513 divertere
1810 5459 2045 5514 Alexan-

464 5549 636 5604 driam
664 5549 858 5613 vellet;
882 5548 1024 5618 quod
1055 5549 1100 5601 si
1130 5564 1250 5603 eum
1280 5552 1443 5606 nollet
1472 5550 1681 5621 audire,
1715 5552 1766 5605 in
1794 5554 2045 5606 tentatio.

465 5658 587 5697 nent
618 5658 736 5699 eam
760 5643 1047 5713 quamdam
1072 5655 1299 5698 necesse
1328 5652 1469 5698 esset
1500 5644 1759 5699 incidere.
1789 5644 1895 5700 Sed
1926 5660 2046 5700 cum

464 5732 554 5786 illa
578 5750 673 5789 seu
708 5751 801 5802 per
827 5734 1230 5805 negligentiam,
1261 5734 1373 5789 sive
1405 5749 1499 5803 per
1519 5736 1846 5791 oblivionem
1869 5752 2046 5801 suam,

462 5839 572 5884 non
599 5828 672 5882 ita
694 5837 750 5883 ut
776 5828 1008 5897 jusserat
1030 5824 1375 5891 sanctusille,
1404 5825 1638 5896 fecisset,
1674 5827 2047 5884 Alexandriam

2158 4707 2348 4762 mulier
2375 4708 2558 4763 infelix
2591 4710 2668 4763 sic
2692 4722 2977 4765 vexaretur
3007 4726 3035 4765 a
3060 4710 3327 4775 daemone.
3356 4714 3582 4768 maritus
3603 4713 3738 4783 ejus-

2122 4802 2280 4857 ‘dem
2333 4801 2397 4855 ad
2450 4812 2692 4856 sanctum
2745 4802 3119 4858 Possidonium
3168 4804 3497 4870 decucurrit,
3551 4818 3739 4874 rogans

2157 4911 2279 4952 cum
2305 4895 2685 4964 utdignaretttr
2710 4897 2913 4960 venire,
2938 4908 3098 4961 atque
3124 4913 3280 4951 orare
3310 4913 3405 4966 pro
3431 4912 3515 4953 ea.
3533 4896 3738 4966 Ingres-

2155 4988 2337 5058 sisque
2359 4991 2513 5042 nobis
2533 4988 2597 5041 ad
2625 4991 2923 5043 orationem
2968 4990 3150 5057 simul,
3187 5005 3308 5044 cum
3341 4989 3429 5045 ille
3459 4999 3611 5044 stans
3633 5004 3737 5044 eteo

2158 5084 2325 5154 pisset
2365 5101 2525 5140 orare
2554 5084 2634 5139 bis
2676 5087 2728 5138 in
2759 5093 2900 5138 terra
2948 5084 3315 5140 tantummodo
3348 5086 3467 5138 fixis
3493 5085 3735 5154 genibus,

2154 5178 2422 5247 impurum
2457 5178 2602 5231 illum
2635 5176 2881 5247 spiritum
2915 5192 3037 5229 mox
3068 5175 3289 5246 fugavit.
3322 5180 3625 5247 Assurgeus
3649 5192 3735 5230 au-

2154 5280 2262 5324 tem
2288 5251 2359 5323 de
2384 5270 2519 5333 solo,
2550 5269 2681 5323 dicit
2714 5267 2813 5322 hoc
2838 5268 3000 5339 967
3032 5269 3186 5323 nobis
3216 5289 3230 5321 ;
3263 5269 3425 5323 Orate
3447 5285 3613 5339 rogo,-
3634 5268 3735 5335 jam

2155 5376 2296 5415 nune
2316 5361 2479 5426 enim,
2503 5362 2630 5415 dum
2660 5363 2883 5431 spiritus
2913 5363 3001 5416 itle
3017 5364 3321 5428 expellitur.
3340 5364 3550 5433 signum
3573 5361 3735 5432 quod-

2154 5454 2275 5508 dam
2302 5456 2693 5510 monstrabitur
2722 5457 2895 5512 nobis.
2925 5457 2989 5510 Et
3020 5468 3076 5510 ut
3105 5456 3393 5511 satisfieret
3415 5456 3594 5520 nobis,
3624 5461 3732 5521 post

2152 5547 2267 5601 lt.rc
2292 5550 2457 5614 ipsius
2483 5549 2649 5601 sancti
2668 5548 2832 5613 dit-ta,
2857 5564 2885 5600 a
2911 5547 3273 5603 fundamentis
3293 5547 3551 5611 parietem
3575 5547 3732 5600 vesti-

2152 5643 2260 5698 huli
2292 5644 2501 5699 daemon
2534 5643 2830 5697 abscedens
2857 5646 2997 5697 eruit
3027 5651 3196 5696 totum
3214 5651 3376 5711 atque
3399 5639 3611 5712 dejecit.
3641 5639 3731 5693 Per

2154 5746 2322 5790 totmn
2374 5746 2551 5790 autem
2595 5737 2936 5803 septennium
2990 5736 3102 5805 ipsa
3160 5734 3472 5789 muliercula
3528 5746 3730 5798 semper

2157 5839 2298 5905 muta
2344 5840 2735 5898 permanserat.
2783 5828 2971 5885 Postea
3005 5842 3311 5899 veroquam
3361 5842 3391 5881 a
3438 5824 3729 5880 sanctoilfo
