3982 6354
248 335 355 391 505

1458 334 1870 396 IlERACLlDIS
1908 292 2309 402 PARADISUS.

3421 357 3527 413 506

246 449 337 522 qni
364 462 483 506 eam
505 462 538 506 a
567 450 812 507 ἀπαιοηο
842 450 1090 507 liberavit
1116 450 1323 507 visitata
1347 460 1461 516 est,
1493 468 1613 507 mox
1644 462 1700 508 et
1730 467 1823 520 pe-
1855 455 1903 514 Δ
1936 454 2280 513 miseratione
2332 468 2629 517 vestrarum
2658 462 2943 520 adductus
2996 467 3294 523 animarum
3322 512 3335 537 ,
3391 486 3525 539 quas

247 551 402 621 perit,
427 559 480 606 et
501 548 642 620 loqui
675 550 983 620 promeruit.

316 644 486 714 Hujus
515 646 611 699 viri
632 647 793 701 etiam
823 644 1322 715 pramuntiationem
1356 645 1539 717 (quam
1597 644 1829 713 prophe-

242 736 373 791 tiam
404 737 612 806 vocant)
636 735 923 805 aliquando
948 736 1172 805 cognovi
1203 735 1396 805 (Pall.,
1418 751 1467 792 c.
1490 732 1581 804 82)
1605 751 1618 799 ;
1645 742 1827 803 postea

240 836 297 884 et
326 828 600 884 Simonem
654 827 1022 884 admirabilem
1043 830 1238 895 virum,
1268 842 1427 898 quem
1486 827 1702 884 interim
1724 841 1827 899 ego

242 928 458 976 notasse
484 935 546 975 ac
574 934 735 976 nosse
755 935 843 975 me
870 919 1107 975 memini.

314 1010 412 1063 llic
438 1010 568 1064 mihi
597 1010 937 1065 beatissimus
966 1018 1125 1079 atque
1150 1008 1636 1064 abstinentissimus
1655 1005 1834 1063 Possi-

238 1100 445 1155 donius
485 1103 647 1156 etiam
704 1101 808 1155 ista
845 1099 1146 1169 referebat,
1176 1101 1327 1169 quod
1367 1115 1395 1152 a
1426 1095 1834 1167 quadragesimo

234 1194 337 1248 δενί
366 1194 450 1249 sui
480 1209 643 1259 anno,
673 1210 830 1251 usum
856 1196 1010 1263 panis
1036 1196 1089 1249 in
1119 1195 1263 1250 victu
1294 1194 1509 1262 proprio
1531 1207 1635 1246 non
1665 1191 1832 1245 habe-

237 1296 339 1353 ret,
368 1302 543 1357 neque
569 1303 737 1355 usque
765 1287 831 1342 ad
864 1287 1097 1343 medium
1117 1285 1227 1340 diei
1246 1285 1478 1355 spatium
1504 1282 1835 1338 iracundiam

233 1378 497 1434 adversus
526 1380 693 1433 ullum
727 1380 1005 1435 tenuisset.
1034 1378 1161 1434 Haec
1197 1388 1321 1431 sunt
1370 1376 1624 1431 miracula
1674 1382 1837 1444 atque

232 1473 386 1540 signa
414 1469 688 1527 fortissimi
712 1471 766 1525 in
792 1472 1007 1526 Christo
1034 1468 1331 1525 Possidonii
1361 1484 1481 1538 qum
1501 1468 1685 1523 divina
1714 1481 1840 1534 gra-

233 1566 303 1621 tia
341 1575 617 1636 operatus,
648 1566 699 1620 in
723 1565 807 1620 bis
838 1567 1001 1621 vitam
1043 1565 1293 1619 famatam
1325 1561 1486 1618 finire
1514 1561 1850 1632 promcruih

806 1681 1034 1738 CAPUT
1070 1679 1269 1745 XXIV.

237 1773 361 1835 fita
385 1774 686 1846 Serapionis
715 1776 973 1841 monachi,
1001 1773 1289 1858 fifeomenis
1316 1781 1363 1826 et
1414 1772 1686 1842 cujusdam
1714 1768 1835 1823 Vir-

964 1860 1100 1915 gtnts

298 1936 456 1990 Alius
490 1936 705 2006 quidam
751 1935 1008 2006 Serapion
1038 1936 1253 1990 nomine
1285 1934 1381 1988 fuit
1428 1932 1683 2004 (Pall.,c.
1708 1933 1822 1995 85).

230 2026 320 2097 qui
351 2027 644 2082 Sindonius
694 2043 990 2097 cognomen
1040 2035 1343 2095 acceperat,
1367 2026 1489 2095 quia
1530 2024 1677 2078 nulla
1722 2023 1824 2077 alia

226 2128 381 2173 veste
409 2118 513 2174 nisi
542 2119 653 2173 sola
682 2119 908 2175 sindone
934 2119 1201 2175 utebatur.
1229 2118 1398 2184 Quem
1428 2117 1557 2171 nihil
1592 2130 1824 2185 unquam

229 2210 486 2265 habuisse
514 2211 599 2266 vel
643 2210 950 2280 possedisse
997 2211 1129 2266 satis
1186 2221 1369 2264 notum
1401 2209 1652 2263 omnibus
1706 2208 1822 2273 fuit,

226 2313 450 2373 propter
471 2303 611 2373 quod
644 2313 699 2359 et
728 2303 969 2374 apatbes,
1002 2303 1054 2357 id
1098 2313 1173 2358 est
1210 2302 1573 2371 impassibilis,
1598 2300 1827 2355 voc-ba-

227 2402 340 2460 tur,
372 2395 499 2463 quia
529 2395 737 2449 nullum
798 2395 1107 2464 patiebatur
1134 2392 1463 2450 desiderium
1494 2390 1823 2462 possidendi.

234 2485 611 2543 Peritissimus
634 2498 813 2542 autem
838 2497 955 2543 erat
980 2488 1203 2542 scientia
1236 2486 1560 2551 litterarum,
1582 2485 1827 2552 Scriptu-

226 2592 429 2646 rasque
458 2592 648 2633 omnes
675 2579 934 2633 tenaciter
963 2580 1381 2647 memoriterque
1403 2574 1691 2632 recolebat.
1724 2573 1825 2641 Qui

226 2687 293 2725 ex
324 2672 492 2725 nimia
524 2671 847 2725 abstinentia
870 2673 1107 2727 omnium
1140 2686 1339 2736 rerum,
1372 2680 1426 2725 et
1453 2684 1516 2724 ex
1544 2670 1655 2739 jngi
1688 2668 1825 2724 divi-

225 2776 421 2815 norum
464 2761 813 2817 meditatione
866 2762 1149 2826 librorum,
1179 2762 1390 2816 cellula:
1437 2762 1598 2815 unius
1645 2759 1826 2831 quiete

227 2868 342 2907 non
404 2862 612 2921 poterat
659 2868 780 2909 esse
822 2863 1129 2915 contentus.
1161 2853 1255 2908 sed
1283 2868 1375 2921 per
1404 2852 1642 2908 diversas
1672 2867 1825 2907 mens

144 2944 150 2949 ’
227 2945 635 3015 scmperipsius
658 2947 986 3001 trahebatur.
1013 2947 1150 3001 Toto
1182 2946 1346 3016 igitur
1375 2947 1557 3001 mundi
1590 2946 1695 3002 fine
1714 2946 1828 3000 dis-

224 3053 498 3104 currens,
557 3039 623 3092 ad
683 3039 803 3093 talis
852 3039 1038 3109 gloria:
1064 3040 1314 3095 virtutem
1361 3040 1623 3094 ascendit.
1659 3038 1825 3108 Hujus

224 3133 379 3187 enim
438 3132 646 3186 habitus
695 3132 770 3202 (id
823 3142 908 3187 est
935 3134 1267 3202 voluntatis')
1322 3147 1475 3187 mens
1515 3132 1631 3201 ejus
1676 3142 1821 3199 erat;

1934 560 2129 617 magno
2160 564 2345 605 errore
2397 551 2681 620 implicitas
2725 555 3143 618 videbam,cum
3191 573 3365 613 essem
3390 560 3529 617 liber

1934 640 2235 697 monachus
2268 684 2283 708 ,
2337 658 2404 698 ex
2458 644 2695 716 Egypto
2747 662 2915 717 genus
2968 649 3209 717 ducens,
3243 662 3527 722 prepterea

1934 733 2198 802 meipsum
2228 735 2459 792 vendere
2482 739 2647 802 volui,
2675 750 2730 792 ttt
2758 754 2855 794 vos
2896 742 3049 796 liberi
3090 756 3121 797 a
3149 744 3356 812 magnis
3396 759 3523 813 pec-

1945 824 2087 878 catis
2108 839 2231 882 esse
2262 828 2507 895 possetis.
2541 829 2672 894 Quia
2698 828 2859 899 igitur
2886 830 2953 884 ad
2983 832 3196 901 plenum
3227 849 3322 903 per
3346 832 3526 888 humi-

1937 913 2143 971 litatem
2167 931 2338 973 meam
2367 920 2469 972 hoc
2491 916 2618 975 fecit
2645 919 2808 986 Deus,
2829 922 3069 989 gaudeo;
3102 922 3301 979 idcirco
3338 940 3527 980 aurum

1940 1009 2083 1079 quod
2118 1026 2213 1079 pro
2258 1027 2345 1069 me
2373 1012 2616 1080 dedisﬁs,
2650 1015 2897 1084 accipite,
2929 1024 2987 1070 ut
3010 1018 3146 1072 alios
3172 1033 3386 1088 quoque
3406 1019 3529 1087 qui-

1938 1100 2040 1157 bus
2068 1102 2358 1159 suhvenire
2403 1108 2627 1174 possim,
2655 1108 2943 1177 reperiam.
2972 1108 3069 1175 Qui
3098 1126 3219 1165 eum
3249 1111 3394 1165 illum
3423 1109 3529 1165 fre-

1936 1204 2165 1265 quenter
2216 1208 2379 1266 atque
2432 1200 2696 1254 instanter
2743 1209 3028 1270 rogarent,
3063 1217 3187 1255 vera
3227 1204 3527 1257 assertione

1940 1287 2358 1358 dicentes,quod
2383 1298 2631 1360 tanquam
2662 1305 2877 1346 suarum
2903 1292 3179 1346 dominum
3204 1296 3525 1357 animarum.

1939 1390 2142 1449 patrem
2176 1380 2480 1435 habiturum
2524 1392 2702 1437 essent
2731 1397 2877 1448 eum,
2907 1385 2951 1437 si
2983 1398 3088 1438 una
3110 1399 3229 1439 cum
3262 1386 3391 1454 ipsis
3413 1400 3528 1441 ma-

1939 1485 2067 1525 nere
2108 1472 2420 1539 dignaretur
2446 1488 2510 1527 ac
2536 1475 2736 1537 vivere.
2770 1490 2942 1542 neque
2989 1485 3165 1530 tamen
3208 1474 3317 1530 ullo
3366 1476 3526 1531 modo

1938 1563 2265 1633 persuadere
2294 1564 2397 1620 hoc
2431 1566 2479 1620 ei
2505 1577 2744 1635 possent,
2778 1575 2901 1621 tunc
2920 1568 3106 1622 dicunt
3133 1569 3199 1622 ad
3229 1584 3351 1623 eum
3384 1588 3397 1622 :
3426 1569 3526 1623 Da-

1939 1655 2021 1709 bis
2074 1670 2201 1724 ergo
2232 1655 2349 1724 ipse
2369 1672 2558 1711 aurum
2593 1657 2724 1713 illud
2755 1660 3101 1727 pauperibus,
3133 1661 3274 1729 quod
3307 1676 3406 1715 nos
3435 1676 3524 1716 ve.

1940 1747 2032 1801 lnti
2064 1748 2254 1803 arrhas
2271 1750 2529 1815 quasdam
2554 1765 2652 1820 pro
2681 1762 2869 1831 [10$qu
2884 1752 3057 1807 salute
3087 1753 3300 1808 dedisse
3327 1768 3525 1824 cogno-

1866 1827 1914 1887 B
1943 1838 2134 1892 vimus.
2171 1839 2233 1892 Et
2254 1840 2328 1893 ait
2356 1839 2459 1893 illis
2492 1857 2504 1892 :
2538 1841 2669 1895 Date
2696 1841 2798 1896 huc
2825 1827 2952 1908 vos,
2974 1844 3098 1912 quia
3143 1854 3379 1899 vestrum
3401 1853 3522 1909 est;

1929 1920 2028 1996 ego
2054 1931 2195 1983 enim
2237 1932 2445 1984 alienas
2472 1933 2729 2001 pecunias
2760 1949 2866 1989 non
2899 1935 3041 1989 dono
3071 1935 3413 2004 pauperibus.
3434 1937 3523 1991 Di-

1927 2033 2053 2076 cunt
2074 2038 2202 2093 ergo
2231 2024 2279 2077 ei
2307 2041 2321 2077 :
2349 2023 2548 2079 Saltem
2584 2024 2684 2079 hoc
2722 2035 2775 2080 te
2808 2041 3131 2095 tnagtmpere
3147 2027 3520 2097 deprecamur,

1928 2123 1987 2167 ut
2012 2115 2097 2168 vel
2131 2127 2248 2183 post
2278 2117 2401 2169 anni
2424 2116 2686 2171 circulum
2719 2132 2818 2172 nos
2847 2120 3093 2187 requiras
3125 2119 3367 2173 Athenis.

2003 2205 2097 2260 llic
2126 2206 2309 2275 itaque
2329 2208 2701 2263 sanctissimus
2728 2198 2960 2264 famulus
2988 2209 3186 2266 Christi
3214 2211 3522 2281 frequenter

1931 2300 2327 2368 peregrinando
2369 2300 2435 2355 ad
2465 2300 2740 2356 Helladam
2771 2303 3038 2372 pervenit,
3068 2317 3130 2357 ac
3158 2318 3253 2373 per
3289 2303 3522 2358 triduum

1930 2402 2173 2449 moratus
2210 2394 2457 2459 Athenis,
2490 2410 2519 2448 a
2565 2395 2711 2450 nullo
2739 2410 2929 2465 panem
2960 2412 3067 2466 quo
3102 2406 3409 2452 vesceretnr
3434 2412 3522 2450 ac-

1925 2488 2088 2557 cepit.
2121 2487 2253 2542 Nam
2287 2503 2459 2558 neque
2512 2490 2789 2558 pecuniam
2843 2490 3072 2545 habebat
3098 2530 3112 2554 ,
3147 2506 3252 2545 non
3302 2490 3517 2559 pellem,

1928 2595 2036 2634 non
2062 2595 2267 2647 peram,
2299 2595 2405 2635 non
2454 2580 2744 2652 quidquam
2802 2583 2944 2637 aliud
2975 2597 3157 2638 secum
3190 2572 3386 2651 praeter
3410 2583 3521 2636 sin-

1929 2672 2143 2739 donem,
2178 2689 2282 2744 qna
2330 2673 2507 2728 fuerat
2558 2673 2804 2740 amictus,
2831 2674 3052 2730 ferebat.
3087 2674 3217 2729 Cum
3243 2674 3353 2745 jam
3385 2689 3515 2745 ergo

1929 2780 2097 2834 usque
2121 2766 2188 2820 ad
2214 2776 2460 2836 quartam
2482 2766 2623 2820 diem
2639 2766 2768 2820 nihil
2800 2767 3009 2836 penitus
3033 2766 3242 2822 edendo
3258 2767 3516 2830 venisset,

1928 2855 2134 2909 esurire
2161 2856 2511 2911 vehementer
2539 2856 2723 2927 erepit.
2758 2856 2900 2910 Nihil
2930 2857 3072 2912 enim
3102 2872 3168 2912 eo
3188 2856 3395 2927 jejunio
3425 2870 3519 2926 pe-

1925 2945 2036 3011 jus,
2066 2946 2208 3014 quod
2253 2957 2603 3017 extorquetur
2657 2947 2853 3013 invito,
2877 2962 2943 3002 ex
2990 2948 3143 3018 cujus
3193 2947 3519 3003 necessitate

1930 3037 2171 3105 procedit
2218 3052 2362 3107 saepe
2414 3039 2660 3107 perfidia.
2683 3039 2842 3094 Stetit
2880 3053 3010 3109 ergo
3038 3053 3204 3109 supra
3226 3038 3514 3109 quemdam

1928 3131 2236 3187 colliculnm
2289 3133 2558 3203 civitatis,
2591 3132 2681 3188 ubi
2731 3136 2984 3201 primates
3034 3133 3279 3203 ejusdem
3328 3135 3511 3204 Oppidi

224 3224 377 3276 unde
396 3232 451 3277 et
468 3223 802 3278 voluntatum
834 3223 1289 3294 affectionumque
1336 3222 1690 3289 differentias,
1720 3236 1824 3278 non
1852 3204 1897 3267 ο
1931 3223 2214 3278 concilium
2252 3223 2453 3280 habere
2481 3233 2895 3291 consueverant,
2921 3233 2977 3281 et
3006 3224 3115 3280 illic
3144 3240 3332 3281 manus
3353 3227 3516 3281 etiam

224 3314 654 3369 substantiarnm
681 3330 950 3374 vocamus.

304 3407 423 3461 Hoc
475 3416 652 3462 autem
682 3407 748 3462 de
781 3423 846 3463 eo
872 3418 1051 3477 patres
1094 3406 1264 3463 sancti
1296 3406 1583 3476 aliquando
1632 3407 1828 3463 refere-

225 3499 412 3565 bant,
454 3499 596 3568 quod
648 3514 742 3569 per
804 3501 1127 3555 monachum
1182 3500 1416 3580 aliquem
1485 3501 1825 3556 conlusorem

224 3604 389 3644 suum
417 3587 555 3660 (23),
578 3590 637 3644 in
653 3591 850 3660 Oppido
878 3591 1107 3661 quodam
1137 3591 1324 3661 viginti
1368 3592 1662 3647 solidorum
1706 3608 1827 3661 pre-

226 3681 308 3736 tio
371 3680 588 3749 paganis
635 3682 981 3750 semetipsum
1013 3682 1323 3738 distraxerit
1358 3683 1573 3749 mimis;
1605 3694 1661 3739 et
1687 3700 1824 3754 quos
1876 3720 1879 3721 ν

226 3774 474 3843 signatos
503 3788 597 3842 pro
641 3787 700 3827 se
728 3783 1010 3842 acceperat
1060 3775 1283 3843 solidos,
1314 3776 1455 3844 apud
1477 3791 1537 3830 se
1572 3776 1689 3847 ipse
1713 3790 1826 3832 ser-

225 3867 460 3921 vaverit.
484 3864 692 3919 Tandiu
719 3881 1000 3935 ergo,cutn
1027 3867 1294 3936 praedictis
1324 3868 1413 3937 qui
1435 3883 1556 3922 eum
1585 3878 1827 3923 emerant

223 3959 438 4025 mimis,
470 3958 523 4013 in
556 3960 645 4014 tali
675 3962 933 4015 servitute
964 3959 1291 4027 permansit,
1324 3958 1559 4026 quandiu
1587 3968 1647 4012 et
1671 3958 1826 4012 Chri-

224 4054 441 4107 stianos
471 4068 563 4107 eos
599 4054 821 4115 faceret,
843 4062 897 4106 et
924 4066 953 4105 a
984 4051 1122 4106 ludis
1151 4051 1501 4106 theatralibus
1526 4058 1823 4119 separaret.

224 4144 394 4200 Nullo
439 4155 618 4202 autem
654 4146 761 4201 alio
809 4146 874 4200 ad
905 4146 1310 4211 victumsuum,
1338 4156 1562 4213 excepto
1613 4158 1747 4213 pane
1771 4153 1827 4199 et

225 4251 394 4305 aqua,
417 4239 495 4291 uti
527 4238 759 4303 solebat,
788 4254 962 4305 neque
995 4251 1223 4305 unquam
1264 4236 1567 4305 Scripturas
1612 4246 1825 4290 sanctas

224 4328 418 4399 legere
443 4330 711 4386 cessabat.
746 4331 948 4383 Interea
995 4329 1136 4399 longi
1167 4319 1641 4397 teniporis'spat'o
1681 4330 1824 4394 prior

224 4422 417 4476 mimae
439 4422 661 4477 maritus
681 4423 857 4475 animo
875 4421 1184 4475 stimulante
1204 4429 1556 4489 compunctus
1581 4427 1681 4477 est.
1701 4430 1825 4476 tunc

222 4522 281 4565 et
339 4511 451 4580 ipsa
480 4511 599 4581 ejus
648 4514 905 4601 conjunx,
936 4512 1000 4565 ad
1050 4521 1377 4579 postremum
1416 4511 1577 4566 etiam
1631 4510 1829 4565 domus

1932 3332 2057 3372 suas
2080 3315 2426 3386 percutienda
2469 3318 2737 3373 clamabat
2761 3317 2866 3372 vim
2897 3332 2965 3373 se
2986 3317 3271 3373 maximam
3291 3317 3420 3388 pati,
3438 3318 3520 3373 his

1931 3409 2270 3465 sermonibus
2327 3408 2562 3471 dicens:
2613 3410 2972 3467 Athenienses
3015 3410 3150 3476 viri,
3199 3410 3518 3467 succurrite.

1930 3500 2333 3557 Gnttcurrentes
2346 3511 2526 3557 autem
2550 3516 2737 3558 omnes
2766 3502 2924 3558 simul
2947 3519 3297 3575 quoscunque
3323 3507 3519 3575 palliis,

1929 3608 2277 3664 quoscunque
2325 3594 2600 3649 cernimus
2646 3595 2805 3649 birris
2853 3609 2973 3650 esse
3004 3597 3259 3662 vestitos,
3291 3596 3521 3654 interro~

1932 3694 2059 3757 gant
2078 3701 2200 3742 eum
2225 3685 2353 3755 quid
2376 3687 2623 3753 haberet,
2647 3685 2788 3741 unde
2818 3689 3073 3752 venisset,
3104 3687 3189 3743 vel
3218 3688 3343 3757 quid
3370 3690 3518 3745 dice-

1930 3788 2015 3834 ret
2057 3793 2117 3834 se
2164 3780 2459 3849 pati.'l‘um
2504 3780 2595 3834 ille
2646 3779 2966 3847 respuitdit:
3001 3779 3084 3835 Ab
3141 3778 3515 3850 Egyptiorutn

1930 3871 2143 3940 quidem
2172 3886 2372 3942 genere
2410 3871 2704 3934 descendo,
2733 3871 3152 3925 conversatione
3197 3871 3517 3927 monachus.

1933 3964 2008 4017 Ex
2039 3978 2145 4033 quo
2197 3973 2375 4017 tamen
2404 3964 2475 4018 de
2530 3964 2701 4032 patria
2734 3979 2847 4016 mea
2880 3979 3002 4033 qua:
3051 3971 3169 4018 erat
3201 3963 3329 4018 mihi
3359 3980 3512 4027 vera,

1930 4054 2178 4121 discessi,
2207 4056 2261 4110 in
2294 4056 2456 4109 trium
2512 4055 2877 4109 feneratorum
2935 4070 3126 4110 manus
3171 4056 3366 4110 incurri
3401 4074 3413 4109 :
3451 4038 3518 4133 ex

1929 4148 2123 4216 quibus
2157 4148 2289 4203 duos
2320 4147 2556 4218 quidem,
2591 4162 2911 4217 quocunque
2953 4148 3114 4203 modo
3139 4148 3378 4217 debitum
3409 4151 3518 4205 sol-

1928 4250 2082 4301 vens,
2113 4238 2261 4306 potui
2286 4235 2593 4302 declinare,
2623 4245 2677 4289 et
2703 4234 2780 4289 sic
2802 4249 2862 4289 ea
2896 4250 3014 4305 quae
3046 4237 3114 4289 ab
3142 4237 3269 4306 ipsis
3294 4230 3519 4305 objicie4

1930 4329 2124 4383 bantur
2151 4328 2413 4399 effugere;
2438 4328 2626 4383 tertius
2658 4338 2834 4383 autem
2859 4329 3036 4383 adhuc
3065 4329 3155 4384 ille
3183 4345 3267 4383 mc
3298 4313 3492 4385 retinet

1930 4436 2028 4478 nec
2068 4421 2236 4477 habeo
2269 4421 2409 4476 unde
2463 4422 2511 4476 ei
2561 4421 2871 4477 satisfacere
2920 4422 3141 4489 possim.
3176 4422 3419 4494 Cumque
3441 4424 3518 4479 illi

1931 4509 2264 4579 requirerent
2289 4508 2357 4562 ab
2396 4508 2512 4579 ipso
2543 4506 2872 4563 feneratores
2900 4510 3093 4577 quibus
3132 4523 3193 4563 se
3219 4510 3517 4564 debitorem

224 4613 366 4657 tota.
404 4589 690 4659 Dicebatur
742 4612 941 4669 antem,
968 4604 1113 4672 quod
1164 4614 1451 4672 antequam
1482 4602 1679 4672 aliquis
1706 4604 1823 4673 ejus
1854 4589 1900 4647 ι)
1928 4619 2049 4659 esse
2076 4606 2298 4669 diceret,
2327 4602 2739 4657 sciscitabantur
2771 4602 2844 4655 ab
2869 4616 2933 4655 eo
2971 4602 3059 4669 qui
3093 4601 3168 4653 illi
3198 4613 3398 4663 essent,
3428 4604 3515 4656 vel

223 4705 584 4763 cognosceret
613 4696 801 4761 vitam,
835 4695 996 4765 pedes
1054 4712 1275 4766 quoque
1330 4696 1459 4766 ipsis
1513 4696 1736 4760 lavaret,
1767 4705 1827 4751 ut

225 4786 467 4843 dominis
500 4805 514 4841 :
544 4798 726 4858 postea
746 4804 875 4844 vero
900 4804 1058 4857 quam
1084 4789 1363 4858 spirituale
1386 4789 1651 4843 lavacrum
1681 4798 1827 4843 uter—

224 4893 342 4947 que
369 4881 628 4950 suscepit,
662 4890 886 4949 uterque
923 4897 952 4934 a
987 4880 1237 4935 theatrali
1269 4889 1390 4934 actu
1421 4884 1662 4945 recessit,
1693 4897 1824 4936 con~

224 4971 483 5040 versique
533 4979 657 5025 sunt
687 4971 753 5026 ad
784 4980 985 5026 castam
1014 4971 1213 5039 pariter
1244 4984 1305 5024 ac
1336 4969 1476 5037 piam
1509 4971 1691 5023 vitam.
1724 4969 1827 5024 Ve-

228 5068 516 5118 hementer
550 5075 727 5119 antem
761 5073 1120 5119 memoratum
1150 5076 1211 5116 ac
1259 5062 1489 5116 dulciter
1532 5061 1825 5130 diligebant

225 5159 433 5222 virum,
458 5156 560 5211 hoc
585 5157 825 5212 dicentes
853 5157 900 5210 ei
928 5171 943 5209 :
976 5155 1134 5222 Veni,
1161 5154 1342 5218 frater,
1370 5154 1479 5223 jam
1505 5161 1554 5209 te
1578 5155 1824 5208 libertate

226 5252 522 5316 donamus,
553 5266 617 5306 co
644 5252 787 5321 quod
818 5252 935 5322 ipse
959 5267 1055 5305 nos
1085 5252 1231 5319 prior
1252 5250 1320 5305 de
1346 5251 1481 5320 turpi
1514 5249 1735 5306 servitio
1764 5250 1824 5305 li—

226 5343 563 5398 herasti.Ad
595 5359 731 5414 quos
779 5359 1002 5415 magnus
1058 5344 1148 5398 ille
1195 5345 1454 5413 Serapion
1500 5344 1818 5414 respondit:

227 5435 388 5491 Nune
417 5436 569 5491 vobis
607 5452 706 5508 ego
750 5437 858 5506 jam
900 5438 1237 5492 necessarius
1265 5452 1370 5491 non
1425 5451 1565 5503 sum,
1599 5452 1733 5506 opus
1767 5436 1820 5501 in

228 5525 394 5583 vobis
407 5541 561 5582 suum
584 5528 722 5582 Deus
743 5543 837 5599 per
853 5543 938 5583 me
955 5528 1215 5597 implevit,
1229 5538 1281 5582 et
1306 5529 1583 5597 utriusque
1597 5537 1826 5583 vestrum

229 5616 414 5671 anima
437 5617 638 5674 salvata
662 5627 767 5673 est.
796 5618 949 5674 Unde
974 5630 1237 5675 secretum
1265 5635 1440 5674 meum
1465 5618 1638 5683 vobis,
1670 5629 1827 5687 atque

231 5709 341 5764 hoc
389 5709 531 5778 quod
581 5709 836 5767 hactenus
868 5714 1163 5767 celaveram
1220 5712 1414 5781 pando.
1468 5711 1600 5779 περ),
1636 5710 1822 5781 inquit.

312 5820 329 5853 ⁸
362 5819 470 5884 [loc
501 5820 650 5877 deest
675 5823 724 5877 in
766 5823 859 5876 Ms.
883 5823 1066 5877 Morel.

1931 4696 2022 4750 ubi
2068 4695 2345 4764 degerent,
2378 4693 2462 4746 vel
2511 4694 2630 4762 quis
2660 4693 2748 4746 ille
2792 4692 2883 4762 qui
2928 4694 2978 4747 ei
3024 4691 3283 4745 molesms
3338 4703 3511 4755 eset;

1929 4802 2087 4855 quem
2143 4786 2186 4840 si
2233 4784 2577 4847 ostenderet,
2609 4784 2887 4852 adjuturos
2937 4797 3007 4838 se.
3038 4784 3089 4836 in
3118 4782 3367 4835 munibus
3392 4796 3514 4836 eum

1932 4880 2269 4948 pollicentur.
2285 4878 2433 4931 Tunc
2459 4876 2548 4930 ille
2581 4893 2594 4928 :
2627 4878 2667 4929 Α
2704 4874 2985 4942 principio,
3007 4872 3194 4942 inquit,
3216 4873 3516 4940 juventutis

1934 4987 2089 5039 mea},
2116 4973 2166 5025 bi
2200 4982 2308 5027 tres
2339 4970 2471 5025 mihi
2496 4984 2711 5036 semper
2741 4968 3227 5037 molestifnerttnt,
3256 4969 3518 5038 cupiditas

1932 5065 2193 5134 pecuniae,
2234 5064 2564 5119 desiderium
2599 5062 2958 5127 voluptatum,
2992 5070 3047 5114 et
3076 5060 3340 5114 voracitas
3386 5075 3518 5115 ven-

1931 5161 2068 5212 tris:
2102 5172 2165 5211 ex
2205 5155 2399 5225 quibus
2444 5155 2605 5210 rebus
2632 5152 2786 5215 duas,
2821 5152 2920 5206 hoc
2941 5160 3023 5206 est
3057 5154 3293 5220 pecunia:
3323 5168 3386 5208 ac
3425 5169 3519 5207 vo-

1930 5249 2190 5319 luptatum
2242 5247 2589 5318 cupiditatem
2644 5246 2882 5301 evasisse
2926 5245 3037 5315 jam
3090 5246 3296 5312 videor,
3339 5262 3515 5316 neque

1928 5343 2058 5397 mihi
2087 5341 2309 5397 ulterius
2338 5350 2463 5394 sunt
2484 5342 2751 5403 molestae;
2787 5339 2999 5393 tertiam
3033 5353 3159 5392 vero
3186 5340 3368 5409 (quam
3400 5339 3514 5396 dixi

1919 5431 2305 5501 'voracitatem)
2329 5433 2466 5486 ferre
2497 5448 2601 5485 non
2634 5445 2872 5499 possum.
2897 5428 3029 5484 Nam
3057 5428 3177 5483 cum
3209 5440 3399 5498 quarto
3427 5428 3515 5481 die

1927 5525 2037 5595 jam
2060 5541 2124 5581 ex
2152 5524 2471 5579 necessitate
2492 5522 2751 5592 jejunem,
2784 5532 2938 5589 urget
2962 5536 3048 5575 me
3074 5521 3160 5573 illa
3191 5521 3329 5574 sicut
3351 5533 3511 5573 seve-

1932 5619 2173 5674 rissimus
2198 5618 2486 5680 fenerator,
2521 5617 2748 5685 exigens
2792 5613 3030 5669 debitum
3054 5614 3268 5666 solitum
3295 5624 3512 5675 seraper

1931 5726 1992 5765 ae
2044 5710 2309 5780 flagitans.
2338 5717 2389 5762 et
2435 5707 2553 5769 nisi
2598 5707 2907 5765 reddidero.
2974 5716 3199 5759 mortem
3254 5704 3512 5758 minatur.
