3982 6354
502 346 598 402 507

1600 343 1944 398 ᾹΡΡΕΝΟΙΧ
1982 341 2073 396 AD
2113 341 2313 400 VITAS
2354 344 2658 400 PATER-3M.

3669 344 3769 400 508

500 460 648 514 Tunc
679 457 893 529 quidam
943 456 1386 528 philosophorum
1421 468 1669 528 putantes
1705 473 1826 513 enim
1855 474 2077 529 compo-
2108 465 2158 515 Δ
2185 457 2484 528 raculisque
2516 460 2823 530 iamigerato
2853 460 3024 515 factus
3071 470 3155 514 est
3187 468 3368 527 notus,
3397 462 3552 525 cuius
3601 461 3771 514 lectu-

499 551 601 606 sita
630 552 872 621 quaedam
896 563 949 606 et
982 551 1099 606 ﬁcta
1126 566 1369 615 narrare,
1404 567 1565 604 unum
1593 551 1823 606 solidum
1855 551 2083 605 offerunt

493 623 575 699 ei.
606 647 723 712 Quo
771 646 859 700 ille
886 655 1119 711 sumpto,
1139 653 1193 700 et
1222 643 1432 699 cuidam
1474 645 1564 713 qui
1600 660 1764 712 panes
1796 645 2080 708 vendebat,

504 735 651 800 dato,
685 751 897 806 unoque
945 745 1146 790 tantum
1186 736 1253 789 ab
1282 750 1346 789 eo
1378 749 1512 803 pane
1553 744 1827 803 suscepto,
1859 751 1981 788 mox
2015 737 2082 788 ab

503 828 692 884 eadem
735 829 1002 898 profectus
1051 838 1132 882 est
1162 829 1393 893 civitate,
1429 843 1600 897 neque
1623 839 1795 882 tamen
1847 844 2080 898 unquam

505 931 690 986 postea
736 921 804 974 ad
836 923 1004 991 ipsam
1035 936 1280 976 reversus
1321 930 1425 976 est.
1457 921 1682 989 Cognito
1710 923 1876 994 968
1904 933 2080 976 autem

503 1024 569 1064 eo
599 1011 895 1080 philosophi
917 1012 1279 1081 illi,omuique
1297 1013 1612 1066 rei-veritate
1647 1024 1946 1079 perspecta,
1966 1029 2080 1068 ma-

503 1117 666 1169 gnum
684 1102 863 1156 nescio
885 1118 1038 1172 quem
1055 1104 1223 1157 virum
1245 1119 1366 1158 esse
1391 1105 1681 1166 firmantes.
1704 1105 1908 1160 reddito
1926 1107 2082 1160 unius

505 1193 677 1257 pretio
703 1193 873 1259 panis,
903 1194 1130 1248 solidum
1156 1195 1221 1248 ab
1245 1210 1310 1250 eo
1338 1211 1495 1265 quem
1520 1195 1610 1250 ille
1639 1208 1967 1265 susceperat,
1994 1213 2078 1254 re-

499 1293 775 1350 ceperunt.

571 1373 699 1425 Cum
747 1389 873 1441 ergo
899 1376 1133 1430 venisset
1163 1377 1502 1432 beatissimus
1533 1379 1625 1434 ille
1653 1379 1795 1433 circa
1824 1380 2077 1435 Laceda-

499 1467 671 1519 mouis
702 1467 838 1529 loca.
873 1484 1032 1522 unum
1067 1470 1175 1523 illic
1205 1469 1272 1524 de
1309 1471 1576 1538 prioribus
1602 1471 1852 1538 civitatis,
1884 1472 2077 1526 bellum

496 1559 549 1610 in
601 1559 811 1612 caeteris
855 1561 1017 1614 rebus
1043 1563 1558 1632 virum,omnesque
1605 1563 1673 1616 de
1719 1564 1880 1618 domo
1907 1564 2078 1630 ipsius

494 1648 812 1704 Manichaeos
841 1665 958 1706 esse
983 1654 1250 1721 cognovit.
1277 1653 1331 1706 In
1362 1653 1460 1706 hac
1513 1668 1698 1708 rursus
1721 1654 1880 1709 domo
1923 1657 2073 1722 juxta

492 1741 797 1808 exemplum
850 1743 1099 1811 superius
1122 1745 1356 1798 vendidit
1383 1760 1472 1808 se,
1504 1755 1558 1800 et
1581 1747 1713 1798 intra
1743 1746 1875 1799 duos
1905 1762 2074 1800 annos

2190 551 2269 602 lus
2322 562 2440 619 post
2494 553 2659 619 ipsius
2688 564 2909 608 mortem
2942 552 3152 608 solebat
3203 568 3391 608 curare
3439 562 3768 620 languentes.

2191 637 2315 691 Viso
2347 639 2446 692 hoc
2484 640 2640 707 igitur
2661 641 2727 695 ab
2751 641 2964 707 eodem,
2995 651 3050 694 et
3079 640 3372 695 adiﬁcatas
3397 649 3451 694 et
3477 641 3671 694 doctus
3696 648 3774 693 est

2187 727 2251 780 ad
2279 726 2590 794 perfectum.
2623 731 2714 785 Ille
2741 732 2880 784 enim
2909 732 2989 785 vir
3020 732 3258 785 eruditus
3286 742 3454 802 atque
3482 731 3772 784 instructus

2185 820 2402 875 scientia
2433 832 2493 876 et
2518 823 2670 878 bouis
2702 823 2940 878 moribus
2967 831 3104 878 erat.

2258 916 2297 965 A
2330 928 2435 980 quo
2489 913 2624 968 forte
2653 929 2773 967 cum
2825 925 3090 984 quarreret
3135 915 3254 982 quis
3296 915 3431 968 alter
3479 912 3775 967 monachus

2186 1003 2267 1057 vel
2301 1019 2546 1070 quaenam
2585 1007 2734 1074 virgo
2768 1006 2959 1062 devota
3001 1007 3053 1061 in
3083 1007 3215 1062 urbe
3243 1014 3537 1062 memorata
3579 1006 3774 1075 degere

2185 1095 2453 1152 diceretur
2507 1097 2769 1168 (Pallad.,
2795 1116 2908 1171 cap.
2936 1100 3052 1169 85),
3085 1100 3340 1170 cognovit
3377 1115 3499 1154 esse
3530 1098 3643 1153 illic
3672 1098 3774 1150 vir-

2183 1189 2356 1256 ginem
2384 1192 2667 1258 quamdam
2699 1208 2818 1260 quat
2849 1206 2908 1247 se
2945 1194 3012 1247 ab
3041 1193 3289 1248 omnibus
3319 1203 3570 1262 separata
3626 1192 3773 1246 clau-

2183 1278 2343 1332 sisset
2371 1279 2504 1332 intra
2528 1281 2775 1336 cellulam
2803 1297 2975 1346 suam,
3007 1295 3167 1351 atque
3190 1283 3298 1337 illic
3321 1285 3636 1353 quiescens,
3655 1290 3772 1341 uul-

2184 1367 2291 1421 lum
2347 1369 2619 1424 hominum
2669 1387 2902 1442 unquam
2932 1372 3160 1428 videret.
3206 1374 3407 1440 Quarit
3451 1391 3575 1430 mox
3611 1378 3772 1444 ipsius

2184 1457 2446 1513 domum:
2478 1477 2633 1528 quam
2685 1478 2804 1516 cum
2857 1462 3168 1530 invenisset,
3201 1465 3409 1520 accedit
3427 1467 3496 1520 ad
3540 1469 3766 1524 vetulam

2182 1550 2468 1616 quamdam
2509 1589 2524 1615 ,
2576 1567 2692 1619 qua:
2740 1552 2791 1606 in
2846 1553 3142 1607 ministerio
3187 1566 3497 1609 memoratae
3544 1556 3768 1629 virginis

2182 1648 2331 1707 erat,
2378 1641 2478 1695 hoc
2524 1643 2571 1695 ei
2619 1642 2801 1696 dicens
2837 1660 2851 1696 :
2887 1644 3050 1708 Vade,
3079 1658 3133 1698 et
3183 1645 3366 1699 nuntia
3397 1646 3614 1716 virgini,
3643 1651 3767 1718 quia

2184 1732 2488 1785 necessario
2539 1748 2654 1786 eam
2689 1734 2868 1788 videre
2919 1735 3186 1790 desidero.
3234 1737 3325 1792 Illa
3358 1753 3487 1793 vero
3543 1742 3769 1796 reddidit

491 1838 600 1882 mn
656 1831 828 1898 ipsum
887 1832 1078 1886 domus
1125 1833 1396 1888 dominum
1427 1835 1494 1889 ab
1542 1835 1859 1890 exsecrabili
1905 1845 2072 1900 secta,
2110 1823 2157 1882 B
2187 1835 2500 1888 responsum
2527 1823 2710 1876 dicens
2740 1824 2883 1893 quod
2913 1841 2978 1880 ex
3008 1826 3188 1880 multis
3209 1828 3364 1883 annis
3390 1830 3660 1885 neminem
3690 1835 3767 1886 vi-

493 1939 652 1989 quam
695 1926 976 1995 coniugem
1002 1927 1121 1997 ejus
1159 1938 1430 1995 totamque
1462 1930 1713 1984 familiam
1754 1931 2073 1999 abstractos,

493 2013 750 2068 Ecclesia:
803 2016 1036 2072 tradidit.
1059 2019 1227 2083 Quem
1269 2019 1342 2073 illi
1372 2021 1476 2089 jam
1507 2038 1611 2075 non
1643 2024 1791 2087 quasi
1825 2024 2074 2081 famulum

493 2103 803 2172 diligebant,
837 2108 928 2161 sed
959 2109 1107 2176 quasi
1153 2110 1370 2163 fratrem
1398 2111 1746 2165 attendehaut
1786 2113 1959 2181 potius
1987 2122 2079 2167 aut

492 2205 723 2264 patrem,
755 2213 938 2253 verum
971 2201 1352 2257 hencdicentes
1383 2203 1573 2258 Deum.

568 2290 694 2344 Post
722 2293 992 2358 paululum
1029 2301 1260 2360 tempus,
1289 2311 1406 2348 cum
1437 2297 1503 2348 ah
1535 2296 1612 2351 eis
1635 2296 1968 2351 discessisset
1991 2297 2080 2352 hic

488 2380 778 2448 spiritualis
809 2384 1024 2438 adamas
1060 2386 1343 2455 Serapion,
1368 2403 1487 2442 cum
1518 2389 1697 2442 multis
1723 2388 1840 2442 aliis
1875 2399 1930 2442 et
1963 2389 2077 2458 ipse

488 2471 762 2539 ingressus
800 2484 881 2529 est
915 2491 1127 2542 navem,
1151 2477 1360 2533 reddito
1388 2481 1560 2547 pretio
1592 2481 1737 2546 prius
1758 2481 1896 2550 quod
1927 2495 2081 2535 acce-

494 2571 646 2629 perat
685 2579 715 2618 a
768 2564 1020 2637 dominis,
1045 2569 1192 2637 quasi
1227 2569 1393 2624 lloma
1419 2588 1446 2621 u
1502 2572 1864 2640 navigaturus.
1891 2572 2077 2628 Nautm

491 2667 616 2710 vero
663 2658 992 2726 suspicantes
1042 2661 1182 2730 quod
1240 2675 1484 2732 sumptus
1536 2664 1776 2729 haberet,
1829 2675 1882 2720 et
1928 2666 2073 2736 quod

489 2749 742 2816 quasdam
775 2765 956 2807 secum
1008 2755 1121 2808 auri
1149 2755 1357 2824 species
1396 2757 1696 2823 attulisset,
1725 2770 2077 2826 susceperunt

488 2855 638 2906 eum,
669 2842 802 2896 nihil
829 2843 896 2897 ab
926 2859 990 2899 eo
1012 2847 1223 2915 penitus
1248 2849 1601 2918 requirentes,
1629 2866 1728 2906 nec
1745 2852 2077 2921 ambigentes

485 2935 626 3002 quod
658 2949 795 2989 unus
819 2936 1007 3006 aliquis
1036 2953 1098 2994 ex
1122 2939 1252 3008 ipsis
1283 2957 1365 2995 res
1395 2942 1633 3010 ejusdem
1655 2960 1865 3013 quoque
1894 2956 1950 2999 ut
1970 2961 2076 3000 caa-

495 3031 763 3089 terorum,
788 3025 840 3079 in
874 3036 1020 3096 parte
1041 3029 1193 3083 navis
1215 3031 1594 3086 constituisset.
1630 3032 1760 3087 Dum
1794 3035 1952 3102 igitur
1981 3051 2075 3091 na-

486 3113 753 3182 vigarent,
771 3124 823 3169 et
841 3115 950 3186 jam
982 3117 1171 3174 abesse
1192 3122 1496 3191 quingentis
1523 3123 1591 3180 ab
1617 3125 1933 3181 Alexandria
1966 3137 2076 3182 sta-

2181 1911 2364 1966 (Ιίηεοι.
2399 1914 2530 1969 Dicit
2559 1916 2606 1969 ei
2642 1933 2653 1967 :
2691 1915 2856 1981 Vade,
2883 1919 3062 1972 nuntia
3115 1920 3198 1984 ei;
3230 1919 3368 1974 Deus
3415 1923 3563 1977 enim
3594 1939 3680 1979 tne
3706 1926 3768 1980 ad

2179 2006 2500 2076 Colloquiutn
2536 2008 2699 2075 ipsius
2732 2011 2894 2064 misit.
2923 2008 3016 2064 Illa
3042 2027 3167 2066 vero
3195 2028 3294 2066 nec
3324 2015 3405 2067 sit:
3425 2017 3642 2084 quidem
3674 2033 3767 2072 το-

2182 2096 2277 2150 luit
2319 2101 2583 2154 nuntiare.
2606 2100 2738 2156 Cum
2770 2103 2945 2171 itaque
2973 2102 3084 2157 illic
3113 2105 3246 2160 duos
3274 2106 3355 2160 vel
3383 2117 3492 2162 tres
3517 2109 3632 2163 dies
3675 2110 3768 2164 ob-

2183 2200 2466 2254 servassel,
2490 2200 2545 2244 et
2585 2203 2691 2245 tum
2721 2193 2934 2248 demum
2966 2195 3034 2248 ab
3059 2210 3122 2251 ea
3146 2208 3430 2266 susceptus
3461 2199 3672 2265 fuisset,
3698 2202 3767 2255 ait

2181 2280 2356 2334 eidem
2392 2299 2402 2332 :
2432 2281 2567 2348 QuiJ
2598 2284 2681 2337 hic
2731 2286 2927 2339 sedes?
2958 2286 3048 2340 Illa
3090 2290 3366 2356 respondit
3394 2308 3407 2341 :
3434 2291 3548 2344 Non
3582 2292 3764 2356 sedeo.

2183 2372 2277 2427 sed
2317 2373 2555 2428 ambulo.
2585 2375 2720 2430 Dicit
2747 2376 2834 2431 ille
2865 2376 3018 2444 :Quo
3038 2377 3316 2434 ambulas?
3339 2379 3460 2445 Illa,
3493 2382 3558 2435 ad
3594 2383 3766 2438 Domi-

2183 2480 2331 2528 num,
2365 2467 2557 2535 inquit.
2591 2469 2680 2522 Ait
2704 2469 2792 2523 ille
2826 2485 2840 2523 :
2875 2469 3042 2536 Vivis,
3065 2486 3133 2525 an
3165 2482 3374 2527 mortua
3403 2475 3497 2529 es?
3527 2476 3620 2529 Illa
3653 2492 3765 2530 res-

2181 2559 2364 2627 pondit
2396 2575 2409 2614 :
2440 2560 2614 2616 Credo
2641 2561 2692 2615 in
2729 2561 2840 2616 Deo
2886 2577 3029 2628 meo,
3061 2577 3181 2619 esse
3236 2581 3323 2619 me
3353 2577 3617 2621 mortuam
3669 2583 3765 2623 sae-

2180 2649 2332 2713 culo;
2368 2666 2487 2703 nam
2538 2667 2700 2707 carne
2744 2655 2829 2722 qui
2863 2655 3064 2721 vivunt,
3093 2660 3158 2710 ad
3208 2657 3487 2712 Dominum
3533 2660 3612 2716 ire
3663 2678 3762 2716 non

2181 2753 2428 2810 possunt.
2460 2743 2550 2798 Ait
2586 2745 2675 2799 ille
2702 2764 2716 2800 :
2747 2747 2802 2799 Si
2837 2747 2993 2816 igitur
3016 2747 3118 2803 hoc
3147 2750 3317 2818 ipsum
3344 2754 3667 2819 persuadere
3691 2756 3765 2810 vis

2179 2833 2333 2899 mihi,
2358 2835 2437 2888 fac
2466 2835 2582 2904 ipsa
2613 2838 2751 2907 quod
2801 2837 2958 2894 iacio.
2989 2839 3080 2894 Illa
3111 2842 3382 2909 reSpoudit
3416 2862 3427 2896 :
3461 2845 3515 2900 Si
3541 2847 3765 2914 possibi-

2178 2930 2246 2985 lia
2281 2939 2483 2984 tantum
2503 2930 2752 3000 jusseris,
2773 2932 2982 2988 faciam.
3008 2935 3157 2989 Tunc
3186 2936 3273 2991 ille
3300 2939 3612 3006 respondit:
3641 2939 3764 2994 Pos-

2185 3021 2359 3076 sihilia
2384 3033 2571 3076 cuncta
2597 3035 2721 3077 sunt
2743 3024 2943 3078 homini
2982 3026 3104 3080 huic
3133 3027 3332 3082 saeculo
3363 3042 3597 3094 mortuo,
3629 3047 3764 3098 pra.

2185 3119 2264 3165 ter
2286 3112 2456 3166 solam
2489 3111 2836 3179 impietatem.
2881 3114 3082 3170 Deinde
3118 3116 3189 3170 ait
3225 3134 3235 3169 :
3271 3117 3539 3187 Egredere
3563 3130 3618 3173 et
3647 3136 3764 3190 pro-

489 3205 585 3258 diis
630 3207 955 3277 viderentur,
985 3225 1260 3282 cmperunt
1311 3233 1498 3272 omnes
1541 3220 1628 3287 qui
1660 3235 1780 3275 cum
1827 3222 1943 3291 ipso
1982 3224 2066 3279 in-

2186 3202 2334 3258 cede.
2367 3204 2432 3257 Et
2477 3204 2562 3258 illa
2595 3204 2867 3273 respondit
2897 3222 2909 3258 :
2944 3205 3270 3275 Vigesimum
3319 3209 3635 3275 etquintum
3677 3225 3764 3264 an-

491 3310 655 3364 gressi
714 3299 940 3366 fuerant,
973 3303 1112 3358 circa
1143 3307 1271 3360 solis
1324 3324 1574 3364 occasum
1621 3326 1834 3368 sumere
1861 3316 2068 3381 cibum,

491 3389 626 3454 quod
658 3401 710 3444 et
737 3402 908 3446 nautae
935 3395 1033 3463 ipsi
1054 3396 1158 3464 jam
1186 3399 1441 3455 iecerant.
1473 3402 1714 3474 Cumque
1743 3421 1864 3460 eum
1899 3407 2074 3474 primo

492 3483 579 3535 die
627 3499 732 3537 non
770 3485 1012 3540 viderent
1041 3489 1325 3553 edentem,
1350 3508 1564 3550 causam
1595 3512 1716 3551 esse
1749 3498 1978 3567 aliquam
2009 3501 2076 3555 de

496 3576 847 3644 navigationis
887 3579 1123 3634 molestia
1147 3583 1504 3639 crediderunt.
1533 3590 1599 3640 At
1633 3602 1752 3640 cum
1787 3604 1884 3642 nec
1915 3590 2074 3646 tertio

490 3681 701 3735 quoque
747 3681 844 3721 nec
881 3677 1069 3737 quarto
1097 3669 1183 3725 die
1212 3672 1385 3727 cibttm
1413 3687 1646 3744 caperet,
1671 3678 1949 3747 epulantes
1975 3681 2072 3749 ipsi

487 3758 594 3824 iam
626 3758 808 3828 quinto
838 3761 927 3816 die
971 3762 1022 3815 in
1071 3777 1277 3819 summa
1331 3766 1479 3822 illum
1510 3771 1687 3838 quiete
1718 3786 2072 3840 perseveran-

489 3859 596 3902 tem
632 3851 708 3904 sic
735 3851 1112 3922 alloquuntur:
1138 3853 1265 3920 Cur,
1290 3857 1554 3927 inquiunt,
1593 3862 1773 3926 homo,
1803 3862 1887 3917 hic
1927 3866 2072 3920 solus

489 3941 603 4005 ipse
630 3957 732 3996 non
758 3944 1025 3998 comedis?
1050 3947 1337 4014 respondit,
1375 3964 1476 4002 non
1518 3952 1714 4006 haltere
1759 3967 1818 4008 se
1862 3954 2066 4009 dicens.

490 4030 608 4096 Quo
657 4033 836 4085 audito
862 4035 1090 4089 vicissim
1131 4052 1190 4093 se
1225 4050 1398 4094 nautae
1442 4041 1772 4112 interrogare
1794 4055 2074 4114 coeperunt

490 4121 734 4191 quisnam
766 4139 852 4177 res
901 4124 1017 4194 ejus
1042 4141 1103 4180 ac
1133 4138 1376 4196 sumptus
1401 4133 1725 4200 suscepisset
1756 4134 1810 4188 iu
1840 4136 1979 4189 navi.
2007 4136 2074 4191 Et

492 4225 614 4264 cum
646 4210 772 4265 nulli
808 4213 875 4267 ah
913 4230 978 4268 eo
1007 4215 1185 4271 datum
1219 4219 1415 4288 aliquid
1446 4224 1795 4292 reperissent,
1821 4227 2069 4296 objurga-

493 4300 622 4356 baut
671 4318 814 4373 eum,
840 4305 937 4359 ista
972 4305 1206 4364 dicentes
1238 4328 1250 4363 :
1285 4311 1739 4381 Quemadmodum
1782 4320 2072 4375 ascendisti

489 4393 608 4448 sine
647 4397 946 4465 sumptibus
997 4401 1213 4454 navim"
1239 4404 1378 4458 unde
1429 4408 1703 4463 mercedes
1743 4410 1962 4466 daturus
2011 4428 2068 4467 es

491 4485 680 4540 nobis?
710 4487 849 4543 unde
873 4489 982 4557 ipse
1005 4491 1237 4548 victurus
1259 4497 1356 4548 es?
1378 4497 1465 4548 Ait
1486 4497 1574 4552 ille
1604 4500 1834 4556 virorum
1866 4504 2070 4572 patien-

2184 3310 2309 3348 num
2358 3309 2478 3363 ago,
2513 3310 2575 3348 ex
2612 3311 2715 3363 quo
2771 3311 3041 3366 nunquam
3070 3314 3133 3352 ex
3186 3299 3290 3353 hoc
3320 3301 3440 3355 loco
3471 3302 3719 3370 egredior
3749 3320 3761 3355 :

2183 3401 2340 3455 quam
2369 3389 2438 3442 ob
2475 3402 2689 3443 causam
2714 3404 2842 3458 ergo
2865 3391 2943 3444 vis
2973 3391 3130 3447 hodie
3154 3393 3481 3461 procedam?
3507 3395 3598 3448 Ait
3625 3394 3716 3449 ille
3748 3413 3760 3449 :

2182 3477 2318 3544 Vah,
2352 3495 2529 3534 nonne
2566 3488 2620 3534 tu
2649 3481 2828 3536 dixisti
2852 3483 2992 3552 quod
3022 3486 3219 3540 saeculo
3249 3495 3458 3540 mortua
3487 3485 3600 3542 sis?
3633 3488 3766 3544 unde

2179 3569 2520 3626 manifestum
2545 3583 2625 3626 est
2650 3573 2790 3640 quod
2817 3584 2869 3628 et
2897 3575 3151 3628 smculum
3185 3575 3302 3630 tibi.
3334 3577 3488 3644 Quod
3512 3579 3558 3632 si
3588 3594 3764 3634 verum

2184 3672 2288 3724 est.
2308 3673 2362 3718 et
2393 3675 2634 3718 mortuus
2667 3667 2797 3720 nihil
2828 3667 3022 3729 sentit;
3057 3684 3217 3721 unum
3251 3683 3378 3738 ergo
3399 3672 3632 3733 est,sive
3663 3688 3764 3725 non

2176 3756 2456 3824 procedas,
2481 3755 2593 3815 sive
2647 3757 2940 3825 pret-edas;
2971 3773 3099 3828 ergo
3133 3760 3472 3829 progredere.
3500 3761 3628 3821 llatc
3679 3779 3765 3816 δυ-

2177 3849 2331 3903 όὶθιιε.
2356 3847 2527 3917 virgo,
2561 3850 2840 3918 processit.

2251 3938 2538 4008 Postquam
2580 3953 2758 3994 autem
2817 3941 3077 4008 process-it
3124 3955 3156 3996 e
3203 3942 3394 3996 cellula
3443 3954 3659 4010 sua,et
3704 3944 3766 3997 ad

2175 4034 2458 4102 quamdam
2478 4034 2748 4089 basilicam
2776 4035 2942 4100 venit,
2957 4051 3146 4090 rursus
3164 4034 3254 4090 ille
3271 4037 3644 4091 sanctissimus
3669 4039 3766 4094 illic

2179 4129 2244 4180 ad
2278 4141 2394 4180 eam
2427 4128 2658 4197 loquitur
2676 4143 2690 4180 :
2710 4128 2764 4182 Si
2794 4143 2922 4197 ergo
2943 4131 3023 4182 vis
3048 4128 3274 4184 suadere
3293 4129 3422 4182 mihi
3446 4132 3762 4197 certissime,

2182 4216 2323 4285 quod
2355 4228 2561 4272 mortua
2588 4221 2684 4283 sis,
2711 4235 2808 4273 nec
2834 4220 2942 4288 jam
2967 4234 3086 4274 cmn
3119 4219 3420 4275 hominibus
3447 4222 3671 4290 placens
3692 4223 3766 4275 vi.

2175 4325 2290 4375 vas,
2312 4311 2391 4364 fac
2406 4320 2459 4366 et
2489 4311 2598 4380 ipsa
2621 4312 2762 4381 quod
2795 4313 2950 4378 facio,
2975 4321 3029 4366 et
3056 4328 3177 4366 vere
3200 4323 3251 4367 te
3275 4325 3541 4366 mortuam
3572 4315 3765 4369 saeculo

2175 4404 2396 4459 scio.Et
2417 4407 2491 4458 ait
2519 4406 2670 4474 virgo
2696 4422 2709 4457 :
2741 4405 2877 4471 Quid
2908 4405 2987 4459 vis
3017 4406 3245 4473 amplius
3269 4406 3491 4460 faciam?
3523 4407 3669 4462 Exue
3693 4417 3762 4471 te,

2180 4494 2375 4562 inquit,
2401 4494 2639 4549 vestibus
2688 4495 2812 4558 tuis,
2835 4504 2887 4548 et
2935 4510 3123 4548 oumes
3153 4510 3238 4548 res
3265 4496 3458 4564 quibus
3482 4497 3668 4559 uteris,
3704 4497 3768 4552 ita

489 4575 727 4632 tissimus
759 4595 771 4630 :
805 4580 884 4632 Ad
932 4595 1016 4636 me
1074 4583 1202 4637 nihil
1252 4587 1520 4655 pertinet;
1550 4590 1756 4646 educite
1788 4609 1872 4649 me
1915 4606 2076 4667 atque

2186 4596 2242 4640 ut
2293 4601 2412 4655 ego,
2446 4599 2608 4654 super
2639 4586 2919 4640 humerum
2949 4594 3093 4638 tuum
3129 4601 3287 4653 pone,
3313 4595 3368 4638 et
3394 4585 3472 4639 sic
3493 4586 3662 4639 transi
3683 4601 3768 4654 per

490 4668 737 4736 projicile
758 4670 823 4724 ad
858 4671 1002 4729 illum
1037 4673 1122 4728 ubi
1149 4690 1231 4730 me
1252 4677 1527 4735 invenistis
1558 4682 1752 4738 locum.
1777 4686 1960 4743 Nautes
1990 4689 2075 4745 in-

491 4760 772 4829 dignantes
815 4764 1099 4820 dicebaut:
1135 4769 1176 4822 0
1206 4769 1314 4824 ira!
1347 4774 1508 4828 etiam
1556 4777 1600 4830 si
1633 4789 1852 4833 centum
1878 4783 2077 4838 solidos

497 4850 674 4917 dares,
708 4868 972 4924 nunquam
1017 4856 1116 4912 hoc
1142 4858 1366 4916 libenter
1397 4863 1713 4935 faceremus,
1741 4886 1859 4925 cum
1888 4875 1955 4927 sit
1987 4891 2080 4928 na-

503 4937 626 5006 vigii
661 4951 802 4996 tanta
855 4945 1180 5014 prosperitas
1209 4966 1222 5013 ;
1252 4963 1575 5020 quapropter
1603 4960 1932 5026 propositum
1963 4978 2078 5019 ca:-

501 5039 606 5095 ptae
637 5035 980 5101 navigationis
1012 5038 1310 5107 implemus.
1336 5042 1410 5096 ita
1449 5046 1608 5114 igitur
1637 5055 1832 5108 mansit
1873 5055 1924 5110 in
1956 5059 2074 5111 navi

503 5133 743 5185 securus,
778 5133 833 5176 ut
878 5124 927 5179 ei
955 5140 1121 5197 usque
1150 5128 1373 5185 Romam
1401 5147 1573 5190 nautae
1613 5155 1800 5196 omnes
1827 5144 2077 5201 alimenta

496 5211 818 5278 prrcherent.

577 5297 675 5354 Uhi
701 5318 824 5373 ergo
853 5307 1022 5375 attigit
1049 5309 1268 5369 Romam
1299 5316 1499 5371 athleta
1531 5317 1725 5373 Christi
1758 5321 2080 5379 fortissimus

501 5384 515 5434 ί
528 5382 768 5461 Pal/art,
795 5414 911 5464 cap.
936 5401 1051 5468 84),
1074 5407 1235 5472 coepit
1266 5410 1536 5478 requirere
1557 5411 1816 5468 curiosius
1843 5416 2084 5483 quisnam

505 5483 612 5537 illic
643 5500 862 5550 magnus
878 5503 997 5544 esse
1017 5493 1211 5562 aliquis
1233 5498 1523 5555 monachus
1546 5500 1833 5568 diceretur,
1861 5507 1939 5561 vel
1967 5523 2085 5576 quae

508 5573 661 5645 virgo
690 5575 782 5631 Dei
813 5582 1189 5647 pra-dicaretur
1210 5604 1238 5642 a
1261 5592 1483 5647 cunctis.
1508 5591 1638 5648 Cum
1672 5598 1872 5653 interea
1923 5600 2082 5656 Dom-

509 5665 655 5726 nioni
685 5668 896 5726 cuidam
945 5673 1236 5732 fortissimo
1262 5693 1420 5749 atque
1472 5685 1948 5759 abstinentissin-to,
1985 5691 2084 5748 tui-

578 5776 593 5810 ¹
628 5776 922 5841 Mirandum
946 5784 1047 5845 hoc
1075 5802 1180 5844 non
1207 5789 1537 5850 imitandum.

2184 4675 2413 4730 mediam
2436 4675 2729 4739 civitatem,
2757 4684 2808 4729 et
2831 4675 3020 4730 eodem
3044 4691 3192 4730 more
3216 4691 3300 4730 me
3327 4677 3528 4730 nudum
3558 4691 3658 4731 nec
3681 4676 3766 4729 ali-

2185 4782 2289 4836 qua
2309 4767 2626 4820 verecundia
2657 4768 3024 4836 perturbatum
3047 4783 3273 4837 sequere
3304 4767 3705 4836 princedentem
3729 4769 3763 4820 ¹.

2185 4857 2270 4914 Ad
2320 4857 2418 4912 hoc
2450 4859 2536 4912 illa
2584 4860 2861 4927 reSpondit
2889 4878 2901 4912 :
2933 4860 3038 4915 Sed
3070 4861 3359 4914 multorum
3387 4861 3626 4924 animas,
3652 4875 3764 4926 qua

2184 4966 2272 5007 me
2305 4961 2410 5007 tam
2456 4951 2766 5014 deformiter
2821 4956 3095 5008 ambulare
3144 4954 3394 5019 viderint,
3419 4955 3579 5020 laede,
3604 4964 3661 5010 et
3682 4967 3768 5010 aut

2189 5041 2432 5096 insanam
2483 5043 2660 5097 cuncti
2701 5057 2820 5097 esse
2845 5044 3088 5108 credent,
3113 5054 3203 5098 aut
3225 5045 3524 5104 dietnouem
3560 5049 3668 5114 pati
3693 5047 3769 5100 di-

2190 5144 2331 5188 cent.
2367 5133 2454 5187 Ait
2495 5135 2581 5187 ille
2615 5150 2628 5186 :
2665 5135 2730 5188 Et
2770 5135 2894 5204 quid
2955 5136 3054 5190 hoc
3085 5137 3149 5189 ad
3201 5146 3272 5198 te,
3332 5138 3377 5190 si
3430 5145 3522 5191 aut
3568 5138 3768 5192 daemo-

2192 5225 2342 5284 niosa
2367 5225 2626 5289 credaris,
2654 5235 2745 5279 aut
2793 5228 3000 5281 voceris
3057 5227 3280 5282 insana?
3310 5228 3391 5282 Tu
3441 5229 3587 5283 enim
3635 5229 3769 5297 apud

2196 5315 2315 5371 illos
2337 5317 2426 5386 qui
2453 5318 2565 5371 haec
2591 5317 2896 5386 loquuntur,
2929 5327 2986 5372 ut
3031 5319 3186 5383 dicis,
3217 5330 3427 5374 mortua
3457 5334 3536 5374 es.
3570 5319 3771 5374 Mortuo

2195 5417 2374 5460 autem
2405 5422 2671 5476 nunquam
2703 5423 2845 5462 cura:
2873 5417 2955 5463 est
2983 5411 3146 5480 siquis
3179 5411 3227 5465 ci
3248 5409 3327 5464 vel
3358 5409 3771 5472 detraxerit,vel

2191 5495 2456 5563 irriserit;
2513 5498 2641 5551 nihil
2689 5501 2830 5553 enim
2884 5501 3073 5554 horum
3134 5509 3310 5570 potest
3365 5501 3589 5555 sentire.
3619 5500 3768 5554 Tune

2192 5589 2394 5644 dixitei
2427 5591 2575 5660 virgo
2601 5608 2614 5645 :
2645 5591 2880 5648 Obsecro
2914 5603 2986 5660 te,
3011 5595 3263 5663 quidquid
3291 5594 3436 5649 aliud
3465 5595 3543 5649 vis
3572 5593 3624 5648 in
3658 5609 3770 5651 meo

2191 5681 2486 5755 proposito,
2507 5683 2658 5753 jube,
2682 5695 2735 5740 et
2765 5686 2977 5741 iaciant.
3002 5686 3080 5742 Ad
3110 5685 3243 5742 hanc
3273 5686 3414 5752 enim
3463 5700 3631 5757 usque
3654 5685 3770 5742 vita
