3982 6354
252 354 366 417 3.09

1434 345 1849 404 HERACLIDIS
1891 344 2276 402 PARADISUS

3423 347 3529 404 5l0

254 485 562 528 mensuram
612 469 842 524 nondum
893 471 1105 537 perveni
1139 484 1153 522 :
1187 483 1282 524 oro
1336 478 1511 524 autem
1560 468 1839 536 pervenire
1869 467 1918 525 Δ
1950 464 2074 520 tiam
2105 467 2424 521 erubescens
2466 481 2640 530 suam,
2671 473 2829 537 atque
2875 475 2998 523 ante
3041 467 3222 523 oculos
3248 468 3528 522 dedecoris

253 564 598 633 quandoque.
661 563 800 618 fune
839 563 927 616 ille
969 561 1194 618 iamulus
1247 561 1443 615 Christi
1486 560 1663 614 dixit:
1709 559 1839 613 Vide

252 671 407 725 ergo,
431 670 604 720 soror,
631 669 698 707 ne
726 667 975 723 maguum
1003 653 1113 725 jam
1145 652 1344 721 aliquid
1386 665 1511 706 esse
1549 660 1598 704 te
1626 648 1836 711 credas,

251 755 314 800 et
361 755 615 816 tanquam
661 748 872 799 cunctis
921 743 1229 798 hominibus
1279 743 1602 796 sanctiorem
1631 781 1645 804 ,
1677 749 1735 795 et
1788 748 1839 794 te

253 845 522 890 mortuam
551 835 709 889 rebus
739 833 1083 887 saecularibus
1117 833 1387 901 glorieris.
1425 831 1664 884 Didicisti
1696 830 1839 885 enim

253 927 400 996 quod
439 926 593 990 vivis,
619 936 666 980 et
693 925 867 980 adhuc
912 925 1218 978 horninibus
1272 924 1471 991 places.
1511 922 1643 976 Nam
1681 921 1842 991 longe

249 1018 374 1086 plus
400 1028 449 1072 te
472 1026 712 1071 mortuus
739 1031 836 1084 ego
860 1031 1000 1084 sum,
1023 1014 1112 1085 qui
1143 1031 1237 1082 per
1267 1016 1636 1082 memetipsum
1663 1014 1842 1067 omni-

250 1109 359 1164 bus
379 1124 542 1177 Opere
572 1118 814 1164 monstro
836 1123 1021 1163 verum
1046 1123 1167 1162 esse
1197 1107 1337 1176 quod
1367 1109 1506 1171 dico,
1528 1107 1724 1162 faciens
1742 1107 1842 1162 hoc

249 1200 398 1271 quod
430 1200 542 1268 ipsa
572 1215 675 1254 nou
706 1208 855 1266 potes
883 1197 1056 1253 facere
1081 1215 1095 1263 ;
1126 1213 1225 1252 nec
1253 1199 1358 1267 pati
1384 1213 1468 1253 me
1497 1197 1716 1266 aliquid,
1742 1212 1841 1252 nec

248 1292 308 1346 in
361 1292 545 1360 aliquo
574 1290 864 1347 deformari
924 1300 1070 1359 puto.
1097 1291 1246 1346 Tunc
1287 1290 1444 1361 igitur
1484 1305 1601 1347 earn
1651 1291 1843 1346 talibus

247 1379 435 1434 verbis
481 1379 531 1434 in
575 1379 754 1435 studio
783 1379 1098 1436 humilitatis
1141 1382 1407 1449 edoctum,
1440 1392 1493 1437 et
1515 1382 1582 1436 de
1613 1382 1842 1451 quadam

248 1474 521 1540 superbire
550 1473 632 1528 vel.
664 1475 884 1528 tumoris
912 1489 1038 1530 arce
1069 1475 1389 1543 depositam,
1420 1476 1636 1547 reliquit
1657 1475 1844 1530 absce-

246 1564 410 1619 deus.

326 1657 488 1712 Multa
521 1666 776 1726 prreterca
805 1666 930 1712 sunt
950 1673 1134 1728 magna
1167 1658 1584 1726 admirandaque
1614 1674 1735 1728 quae
1764 1657 1843 1713 fe-

248 1750 347 1812 cit,
373 1764 445 1804 ex
493 1749 685 1818 quibus
714 1764 818 1803 non
875 1750 1079 1805 sentire
1108 1765 1169 1806 se
1209 1751 1350 1818 quod
1387 1751 1436 1804 in
1466 1751 1664 1805 mundo
1699 1761 1844 1807 esset

1944 557 2258 613 exsecrandi
2291 558 2709 628 magnitudinem
2759 572 2984 627 ponens,
3031 567 3085 613 et
3133 560 3370 613 omnium
3417 561 3526 613 hae-

1943 647 2229 702 reticorum
2257 663 2321 702 ex
2352 649 2540 702 alienis
2583 648 2738 703 malis
2763 649 3013 716 gaudium
3041 659 3202 719 atque
3250 649 3487 704 laetitiam
3511 691 3528 714 ,

1944 737 2296 792 intentissime
2331 738 2722 808 deprecabatur
2770 740 2957 806 Deum,
3011 748 3068 794 ttt
3099 750 3321 796 Conatus
3352 749 3529 795 tantus

1943 831 2058 900 ipse
2084 835 2169 899 qui
2208 833 2354 888 solus
2401 843 2608 901 poterat
2643 834 2950 902 impediret.
3002 835 3243 906 Cumque
3276 837 3529 908 praedicta

1943 924 1993 980 ei
2026 924 2216 978 mulier
2247 925 2537 990 insisteret,
2569 941 2739 996 neque
2778 935 2962 996 posset
3002 928 3091 983 ille
3121 928 3267 997 prior
3318 945 3347 983 a
3377 930 3528 984 volu-

1947 1024 2090 1080 ptate
2119 1015 2288 1070 rabiei
2318 1017 2485 1082 ipsius
2509 1019 2766 1082 separari,
2796 1034 2859 1072 eo
2886 1020 3026 1088 quod
3067 1021 3248 1075 multis
3290 1020 3530 1076 irretitus

1940 1107 2050 1177 jam
2074 1118 2216 1162 esset
2243 1122 2304 1162 ac
2357 1110 2519 1163 variis
2547 1110 2663 1178 r-jus
2714 1109 2931 1177 ofﬁciis,
2983 1111 3199 1180 ipsaque
3253 1111 3530 1168 insistente

1945 1208 2186 1267 paratum
2212 1208 2352 1253 esset
2382 1201 2694 1267 periculum,
2728 1211 2842 1270 post
2870 1203 3139 1269 paululum
3163 1212 3375 1272 tempus
3403 1220 3524 1259 sus-

1944 1298 2154 1358 cepta.a
2178 1290 2287 1344 Deo
2315 1291 2553 1346 oratione
2585 1308 2740 1360 quam
2790 1293 3028 1363 feceratj.
3057 1305 3340 1366 antequam
3369 1297 3520 1367 ejus.

1945 1395 2054 1448 quo
2101 1380 2327 1450 flagrare
2359 1393 2618 1451 coeperat,
2669 1385 2792 1438 mali
2825 1386 3156 1455 experiretur
3203 1387 3530 1453 incendium,

1946 1471 2080 1524 visio
2131 1472 2372 1540 quaedam
2403 1474 2452 1527 ei
2483 1475 2782 1529 ostenditur
2832 1479 3166 1546 angelorum,
3222 1479 3532 1535 habrntium

1951 1561 2175 1615 militum
2206 1563 2462 1631 speciem,
2495 1581 2612 1631 qua:
2641 1568 2706 1619 a-l
2742 1569 3069 1634 praefecturae
3089 1571 3322 1625 officium
3355 1573 3522 1640 perti-

1952 1661 2122 1706 neret.
2154 1656 2192 1705 A
2219 1653 2410 1722 quibus
2438 1655 2504 1708 ad
2533 1657 2748 1711 exitium
2778 1673 2932 1712 suum
2958 1661 3136 1716 missis
3160 1664 3326 1717 teneri
3357 1678 3416 1717 se
3442 1680 3534 1719 su-

1951 1743 2063 1797 bito
2095 1745 2329 1813 videbat,
2356 1746 2605 1818 ferroque
2647 1765 2742 1819 per
2786 1761 2953 1806 totum
2998 1769 3191 1824 corpus
3236 1756 3452 1825 ligatum
3484 1757 3536 1811 in

247 1841 536 1912 probavit;
567 1841 899 1910 sexagesimo
914 1850 1092 1897 autem
1129 1859 1272 1898 anno
1304 1843 1469 1898 finivit
1493 1845 1630 1899 hanc
1658 1845 1842 1912 vitam,

1964 1839 2414 1907 :arceremtrazli,
2471 1856 2569 1896 nec
2623 1843 2689 1896 ab
2743 1843 2925 1913 aliquo
2976 1855 3154 1900 tamen
3199 1861 3413 1904 causam
3471 1851 3540 1906 ob

250 1945 308 1990 et
338 1934 392 1990 in
419 1932 646 1992 desertis
674 1933 804 2003 ipsis
829 1935 1067 2003 sepultus
1095 1945 1177 1989 est
1203 1936 1354 1989 locis.

823 2025 1047 2082 CAPUT
1103 2027 1268 2081 XXV.

609 2114 730 2170 Vita
759 2115 969 2187 Evagrii
1015 2119 1222 2173 diaconi
1251 2119 1503 2176 monachi.

340 2208 417 2263 De
448 2207 673 2278 Evagrio
699 2209 926 2264 diacono
977 2209 1240 2280 (Pallad.,
1273 2227 1390 2281 cap.
1420 2210 1514 2283 86)
1532 2213 1623 2282 qui
1656 2212 1854 2282 ubique

256 2307 599 2352 memoratur
639 2301 756 2352 viro
787 2300 828 2365 ί,
861 2301 952 2369 qui
1005 2303 1370 2370 apostolorum
1422 2305 1659 2359 moribus
1699 2305 1849 2370 vixit,

254 2406 371 2445 non
400 2391 564 2462 969
590 2401 673 2446 est
702 2394 902 2460 justum
937 2403 1134 2456 tacere,
1166 2396 1259 2449 sed
1292 2404 1504 2463 oportet
1555 2413 1652 2452 nos
1683 2398 1854 2466 ipsius

255 2482 405 2538 facta
440 2485 802 2541 mOuumenlis
825 2486 1042 2540 tradere
1073 2486 1394 2552 litterarum,
1427 2489 1546 2542 sine
1589 2489 1750 2544 dubio
1771 2490 1853 2545 le-

253 2576 514 2647 gentibus
539 2578 766 2642 cunctis,
799 2585 853 2631 et
880 2578 1103 2645 gloriam
1138 2578 1388 2633 bonitatis
1425 2579 1723 2635 Salvatoris
1754 2597 1853 2634 no-

253 2673 362 2727 stri
386 2671 798 2741 agnoscentibus
830 2670 1128 2740 profutura.
1160 2671 1387 2741 Dignum
1421 2673 1581 2742 igitur
1605 2673 1856 2728 existimo

255 2775 324 2821 ut
355 2779 384 2817 a
409 2763 670 2834 principio
692 2764 819 2817 vita:
845 2762 961 2832 ejus
991 2763 1560 2835 incipiam,diligeuter
1584 2782 1866 2836 exponens

254 2857 713 2930 quemadmodum
734 2856 800 2910 ad
831 2856 1160 2924 propositum
1189 2858 1292 2912 tale
1326 2860 1652 2928 pervenerit,
1695 2877 1854 2931 quam

258 2964 510 3018 congruo
549 2947 825 3015 stupendae
846 2963 907 3002 ac
937 2949 1288 3016 praedicabilis
1317 2951 1440 3005 vitae
1471 2951 1578 3007 line
1599 2952 1860 3008 defecerit

257 3044 320 3099 in
376 3043 507 3111 ipsis
546 3041 925 3096 solitudinibus
977 3042 1326 3106 constitutus,
1355 3043 1858 3114 quinquagesimum

263 3133 448 3188 :ntatis
485 3142 542 3188 et
587 3143 837 3202 quartum
891 3148 1087 3186 annum
1120 3148 1303 3203 agens.
1332 3134 1409 3189 De
1447 3149 1554 3203 quo
1583 3137 1860 3205 Scriptura

1953 1943 2110 1996 quam
2137 1929 2328 1983 talibus
2359 1932 2529 1999 poenis
2558 1936 2956 2001 succumberet,
2982 1938 3254 1994 audiebat.

2024 2021 2139 2089 Ipse
2166 2031 2343 2076 autem
2369 2027 2749 2080 conscientiam
2779 2031 3022 2099 Cogitans
3049 2045 3222 2095 suam,
3241 2046 3360 2085 cum
3383 2032 3540 2087 intel-

1953 2111 2142 2180 ligeret
2169 2128 2231 2166 ac
2257 2113 2462 2169 videret
2506 2117 2646 2185 quod
2690 2127 2908 2186 pr0pt°r
2937 2121 3026 2175 illa
3058 2138 3174 2190 qua:
3211 2133 3389 2189 norat,
3438 2125 3540 2179 ista

1953 2212 2247 2272 pateretur,
2279 2215 2595 2273 putaretque
2626 2209 2765 2278 quod
2790 2211 2854 2264 ad
2889 2213 3197 2281 przefectum
3217 2214 3398 2269 omnia
3431 2231 3537 2270 ma-

1955 2295 2088 2348 ritus
2128 2295 2367 2350 mulieris
2396 2296 2693 2367 detulisset,
2725 2301 2961 2371 dumque
2991 2304 3091 2358 sub
3123 2304 3213 2358 tali
3243 2315 3387 2361 metu
3416 2317 3543 2360 ante

1960 2386 2098 2441 fores
2123 2387 2318 2456 judicis
2349 2389 2688 2459 intremiscit,
2718 2395 2805 2462 qui
2833 2397 2984 2464 quasi
3011 2397 3168 2451 aliam
3202 2397 3255 2451 in
3299 2399 3543 2455 manibus

1958 2475 2163 2531 habens
2185 2492 2424 2546 causam,
2453 2492 2506 2534 et
2534 2481 2601 2536 de
2625 2484 2786 2538 simili
2817 2486 3043 2542 crimine
3071 2498 3362 2556 occupatos
3383 2491 3544 2544 variis

1957 2569 2219 2636 quosdam
2253 2571 2532 2627 tormentis
2583 2575 2848 2632 coniicere
2893 2579 3195 2634 videbatur.
3237 2579 3374 2636 Dum
3421 2596 3545 2652 ergo

1958 2657 2171 2714 fortiter
2194 2662 2364 2727 timet,
2393 2673 2552 2733 atque
2583 2666 2717 2720 ultra
2748 2669 2962 2724 modum
2989 2671 3244 2726 anhelare
3265 2687 3324 2727 se
3360 2673 3545 2742 sentit,

1961 2752 2139 2806 subito
2166 2755 2388 2824 angelus
2409 2754 2498 2809 ille
2538 2757 2626 2826 qui
2655 2759 2740 2813 tali
2767 2774 2889 2814 eum
2924 2762 3128 2818 visione
3154 2763 3546 2832 tremefecerat,

1964 2843 2014 2896 in
2057 2844 2332 2912 cttjusdam
2362 2848 2519 2902 amici
2550 2848 2712 2917 ipsius
2753 2854 3082 2908 convertitur
3102 2852 3355 2921 formam,
3384 2869 3448 2912 ac
3473 2857 3548 2912 sic

1961 2949 2083 2988 eum
2111 2951 2266 3002 quem
2297 2952 2416 2991 cum
2448 2942 2798 3010 quadraginta
2829 2945 2936 2998 reis
2977 2944 3100 2999 aliis
3133 2945 3368 3003 vinctum
3403 2949 3548 3005 vide-

1962 3026 2072 3093 bat,
2107 3029 2398 3097 alloquitur
2430 3048 2444 3086 :
2475 3032 2635 3100 Quid,
2666 3035 2932 3104 inquiens,
2959 3037 3175 3095 domine
3195 3040 3436 3108 diacone,
3474 3043 3549 3098 sic

1965 3118 2203 3172 teneris?
2246 3118 2341 3174 ille
2391 3123 2667 3190 reSpondit
2696 3142 2708 3177 :
2741 3127 3008 3193 Quantum
3056 3131 3122 3184 ad
3173 3146 3285 3187 rem
3332 3134 3550 3204 quidem

263 3225 632 3293 sancta,qrmd
659 3226 813 3290 dixit,
834 3224 1106 3294 probavit:
1138 3225 1193 3279 lu
1218 3242 1379 3293 parvo
1407 3235 1646 3296 tempore
1669 3229 1864 3283 multos
1893 3224 1936 3286 C
1967 3222 2148 3262 veram
2185 3220 2414 3279 specu",
2446 3215 2661 3283 ignoro;
2691 3217 2934 3287 suspicor
2961 3232 3134 3276 “me”
3166 3222 3308 3292 ψιοά
3337 3224 3552 3294 (limam

264 3318 509 3387 implevit
529 3333 730 3383 annos;
755 3333 880 3377 vere
904 3319 1046 3374 enim
1072 3318 1264 3388 placita
1294 3328 1410 3375 erat
1435 3321 1660 3377 Domino
1690 3322 1864 3378 anima

262 3410 392 3478 ejus
425 3409 580 3480 (δον.
618 3408 714 3480 tv).

349 3499 445 3556 Hic
468 3515 596 3572 ergo
642 3516 837 3572 genere
880 3502 1132 3557 Ponticus
1183 3503 1312 3569 fuit,
1366 3519 1430 3560 ex
1477 3506 1673 3574 oppido
1723 3507 1864 3573 quod

268 3591 596 3654 Hiberorum
647 3593 972 3658 nomiua'ur,
1022 3593 1160 3648 filius
1202 3595 1524 3665 presbyteri,
1577 3598 1865 3653 multarum

269 3684 625 3740 ecclesiarum
654 3700 837 3740 curam
868 3687 1128 3754 gerentis,
1174 3700 1308 3756 quos
1357 3686 1703 3744 Periodeutas
1751 3690 1866 3761 (ΞΗ)

268 3788 493 3836 vocant.
527 3779 761 3833 Primum
813 3781 983 3835 factus
1030 3790 1113 3835 est
1144 3781 1309 3835 lector
1355 3796 1384 3834 a
1434 3791 1619 3836 Sancto
1667 3784 1866 3839 Basilio

269 3877 534 3932 Ecclesiae
575 3876 918 3932 Cmsariensis
967 3877 1254 3947 episc0po,
1305 3877 1444 3932 circa
1496 3878 1645 3934 lines.
1674 3882 1869 3936 montis

267 3969 460 4040 Argei.
491 3969 617 4024 Post
638 3981 862 4024 mortem
894 3978 1073 4025 autem
1095 3971 1262 4025 sancti
1299 3971 1498 4034 Basilii,
1522 3971 1710 4027 videns
1743 3989 1866 4028 eum

265 4059 636 4128 spiritualibus
662 4061 999 4129 aptissimum
1045 4062 1208 4116 rebus
1236 4061 1549 4117 benedictus
1591 4073 1748 4133 atque
1779 4080 1869 4119 ve-

267 4151 545 4206 nerandus
591 4152 879 4224 Gregorius
911 4153 1261 4209 Nazianzenm
1307 4154 1580 4226 [Nyssenre
1628 4155 1868 4213 Palladio

267 4240 508 4315 Heneti}
538 4244 820 4314 episcopus
860 4245 1111 4311 civitatis,
1163 4246 1257 4301 ille
1284 4247 1370 4313 qui
1422 4247 1642 4316 insignis
1685 4249 1865 4318 provi-

265 4333 478 4400 dentia,
522 4335 872 4406 doctrinaque
901 4338 1209 4406 prmclarus,
1242 4339 1382 4392 nulla
1411 4353 1468 4393 se
1500 4341 1716 4394 humani
1771 4357 1866 4412 ge-

266 4427 420 4482 neris
450 4428 698 4497 passione
723 4430 907 4484 lzesum
963 4431 1227 4499 probavit,
1280 4430 1566 4487 diaconqu
1614 4435 1865 4503 supradi-

264 4531 417 4575 ctum
470 4522 749 4592 Evagrium
783 4522 929 4576 fecit.
966 4523 1120 4582 Unde
1158 4540 1277 4578 cum
1325 4536 1540 4580 sanctus
1569 4527 1859 4598 Gregorius

1971 3313 2035 3354 ex
2063 3302 2391 3369 praefectura:
2413 3302 2590 3359 officio
2619 3322 2705 3362 me
2733 3308 3075 3379 incusaverit,
3107 3313 3447 3370 matrimonio
3471 3331 3554 3370 mo

1968 3403 2067 3445 suo
2091 3392 2316 3447 credens
2346 3394 2629 3464 insidiari;
2669 3407 2722 3452 et
2747 3414 2943 3456 vereor
2981 3417 3048 3458 ne
3096 3401 3232 3460 forte
3272 3415 3554 3477 corruptus

1970 3486 2212 3554 pecuniis
2242 3487 2408 3557 ipsius
2448 3489 2612 3559 judex
2660 3495 2924 3564 supplicio
2971 3512 3058 3553 me
3107 3499 3295 3554 mortis
3321 3499 3554 3556 addicat.

1969 3574 2120 3631 Tunc
2147 3576 2273 3633 ille:
2306 3580 2361 3634 Si
2411 3583 2712 3649 consilium,
2765 3585 2954 3656 inquit,
3001 3589 3156 3645 amici
3189 3590 3264 3646 tui
3317 3594 3543 3662 accipis,

1970 3684 2077 3723 non
2107 3670 2330 3739 expedit
2370 3672 2465 3726 tibi
2514 3672 2716 3729 diutius
2762 3676 2815 3729 in
2847 3677 2945 3732 hac
2973 3680 3188 3736 civitate
3216 3685 3437 3739 versari.
3470 3683 3553 3740 Ad

1977 3760 2092 3817 haec
2120 3760 2254 3816 dixit
2281 3763 2563 3832 Evagrius:
2588 3765 2643 3821 Si
2659 3782 2742 3822 me
2758 3767 2898 3824 Deus
2914 3785 2978 3824 ex
2995 3771 3074 3825 his
3104 3773 3412 3830 liberaverit
3437 3791 3551 3830 ma-

1973 3853 2065 3919 lis,
2091 3863 2150 3908 et
2175 3853 2395 3909 ulterius
2431 3854 2483 3910 in
2512 3856 3099 3928 Constantinopolitano
3127 3866 3257 3920 urbe
3285 3882 3372 3922 me
3400 3867 3556 3924 vide-

1971 3945 2066 4010 ris,
2098 3945 2235 4000 scias
2276 3947 2407 4002 tales
2439 3963 2524 4002 me
2553 3949 2711 4003 modo
2741 3966 2925 4020 poenas
2956 3957 3148 4010 merito
3177 3959 3464 4028 sustinere,
3503 3970 3558 4016 ot

1973 4035 2264 4104 majoribus
2289 4035 2371 4090 his
2393 4036 2592 4093 debere
2623 4042 2878 4108 torqueri.
2904 4042 3054 4099 Tunc
3083 4045 3175 4102 ille
3199 4048 3276 4103 ait
3308 4065 3321 4102 :
3355 4050 3412 4104 Si
3438 4050 3557 4106 lucc

1970 4141 2095 4181 vera
2119 4137 2261 4190 sunt,
2292 4128 2456 4184 all‘ero
2481 4129 2573 4183 tibi
2612 4130 2978 4202 Evangelium,
3012 4135 3193 4207 inquo
3220 4139 3264 4194 si
3290 4139 3557 4210 juraveris

1972 4219 2104 4273 mihi
2135 4219 2274 4290 quod
2297 4237 2361 4276 ex
2403 4222 2502 4278 hac
2529 4224 2741 4281 civitate
2771 4227 3034 4300 discedas,
3067 4241 3120 4286 et
3146 4234 3340 4288 anima:
3369 4243 3471 4289 tuse
3493 4235 3560 4290 de

1970 4320 2168 4367 caetero
2188 4327 2371 4369 curam
2404 4330 2582 4386 geras,
2617 4316 2804 4374 faciam
2835 4327 2884 4376 te
2927 4322 2996 4377 de
3035 4323 3369 4380 necessitatis
3398 4325 3558 4396 hujus

1971 4403 2212 4471 periculo
2245 4405 2479 4461 liberari.

2041 4518 2294 4573 Exhibito
2327 4520 2506 4589 itaque
2535 4521 2848 4592 Evangelia,
2873 4533 3033 4594 atque
3073 4526 3124 4580 in
3155 4526 3343 4582 eodem
3377 4541 3558 4582 sacra-

265 4609 340 4665 ad
369 4613 664 4667 maximum
693 4623 1012 4669 conventum
1057 4616 1434 4685 episc0porurn
1469 4628 1686 4674 vocatus
1715 4620 1860 4674 Con-
1886 4598 1941 4658 Ῑ)
1965 4619 2146 4663 meum
2177 4609 2278 4678 ipsi
2314 4611 2458 4679 d310,
2493 4613 2632 4681 (ιυοιι
2667 4624 2861 4683 Practer
2889 4631 3047 4670 "nam
3076 4616 3218 4672 diem
3245 4633 3350 4687 quo
3383 4618 3551 4672 ι’θθθί·

265 4701 673 4772 stantinopolim
704 4720 874 4775 usque
912 4707 1168 4773 venisset,
1200 4717 1388 4763 sancto
1436 4723 1556 4763 eum
1609 4711 1858 4768 Nectario

265 4797 528 4867 episcopo
575 4799 793 4854 tradidit
833 4815 899 4855 ac
949 4803 1181 4871 reliquit,
1229 4805 1416 4872 grandi
1465 4806 1858 4876 Scripturarum

264 4887 460 4958 peritia
492 4889 862 4945 hmreticorum
889 4895 1122 4946 omnium
1159 4895 1360 4949 urenias
1401 4895 1786 4952 destruentem.

344 4978 479 5034 Cum
521 4981 682 5052 igitur
735 4982 1081 5039 vehementer
1135 4985 1448 5055 impugnans
1489 5002 1859 5053 perversarum

267 5071 562 5126 vanitatem
590 5087 942 5141 erroremque
984 5082 1277 5142 sectarum,
1321 5076 1378 5130 in
1405 5076 1538 5131 urbe
1567 5092 1862 5133 memorata

268 5162 509 5228 ﬂoreret,
534 5179 596 5218 ac
620 5166 851 5219 maximo
881 5166 1120 5220 omniurn
1159 5165 1364 5222 herrore
1395 5167 1686 5235 frueretur,
1714 5172 1862 5238 prior

265 5254 509 5322 quidem,
536 5264 593 5310 ut
629 5256 755 5323 ipse
774 5255 1043 5312 referebat
1071 5258 1410 5326 postmodum
1444 5260 1617 5324 nobis,
1657 5262 1860 5331 laqueis

268 5343 524 5401 desiderii
554 5347 792 5403 mulieris
826 5350 1131 5418 implicitus,
1154 5366 1223 5405 ex
1259 5351 1342 5405 his
1374 5361 1548 5408 tamen
1582 5355 1694 5422 ipse
1722 5371 1859 5410 con-

266 5439 416 5492 tinuo
447 5437 723 5503 liberatus,
753 5441 919 5493 amari
950 5440 1016 5494 ab
1044 5437 1232 5496 eadem
1277 5443 1496 5498 muliere
1519 5461 1676 5515 quam
1709 5463 1852 5502 arua-

267 5536 419 5582 verat
441 5529 625 5597 cmpit.
658 5529 787 5597 Quae
814 5531 1030 5598 quidem
1062 5532 1342 5601 cujusdam
1375 5535 1592 5590 illustris
1616 5547 1670 5592 et
1700 5539 1856 5593 unius

263 5619 333 5674 de
385 5622 721 5690 magnatibus
769 5619 868 5674 viri
913 5621 1148 5691 conjunx
1207 5633 1342 5678 erat.
1392 5624 1648 5696 Evagrius
1701 5627 1858 5696 igitur

268 5711 438 5765 Deum
470 5720 593 5766 ante
615 5712 795 5766 omnia
825 5724 1092 5776 metuens,
1124 5721 1234 5770 tum
1277 5725 1455 5772 autem
1488 5729 1539 5774 Cl
1574 5721 1854 5776 conscien-

339 5823 351 5851 ¹
378 5822 633 5894 Evagrius
665 5823 959 5898 Origeuista
995 5825 1105 5882 fuit.

1961 4691 2096 4767 lulas
2124 4716 2251 4755 suas
2279 4701 2512 4758 deferret
2537 4705 2602 4759 ad
2627 4722 2840 4775 navem,
2865 4724 2970 4763 non
2999 4719 3140 4764 esset
3165 4708 3546 4764 Constantino-

1967 4791 2072 4859 poli
2099 4802 2420 4858 moraturus,
2445 4795 2610 4862 cmpit
2639 4796 2820 4852 videre
2844 4799 2983 4864 quod
3011 4798 3384 4868 jusjurandum
3408 4801 3550 4869 quod

1967 4883 2140 4939 eidem
2176 4885 2476 4952 praebuerat
2507 4887 2815 4962 profuisset,
2849 4900 2901 4942 et
2943 4890 3084 4958 quod
3135 4891 3286 4956 quasi
3327 4906 3356 4943 a
3407 4907 3554 4960 qua:-

1968 4972 2142 5029 srione
2172 4974 2259 5027 illa
2295 4975 2643 5043 judiciorum,
2676 4979 2816 5046 quod
2864 4979 2914 5031 in
2948 4980 3192 5046 praesenti
3240 4991 3396 5036 nocte
3439 4996 3553 5036 me—

1972 5074 2167 5129 tuerat,
2201 5066 2388 5121 fuisset
2437 5069 2646 5134 penitus
2691 5070 2988 5125 absolutus.
3037 5073 3377 5144 Consurgens
3427 5092 3554 5146 ergo

1967 5154 2034 5209 de
2055 5169 2266 5221 somno,
2299 5171 2481 5210 secum
2513 5158 2802 5226 cogitabat,
2837 5157 2937 5214 hoc
2965 5159 3148 5216 dicens
3180 5180 3192 5216 :
3224 5155 3550 5231 Quamvis'iu

1967 5247 2511 5316 somnisjuraverim,
2558 5259 2735 5302 tamen
2779 5250 2987 5319 jurasse
3027 5269 3112 5306 me
3139 5255 3378 5311 meruini.
3431 5257 3551 5311 Mox

1968 5338 2126 5407 igitur
2149 5338 2422 5406 ingressus
2443 5354 2562 5392 cum
2593 5338 2858 5395 recellulis
2897 5343 3008 5396 suis
3048 5345 3246 5412 navim,
3276 5345 3551 5417 Jerosoly-

1967 5443 2106 5481 mam
2140 5427 2426 5497 navigavit.

2039 5540 2154 5606 Quo
2183 5554 2301 5593 cum
2328 5548 2469 5594 esset
2492 5541 2767 5607 advectus,
2795 5553 2955 5616 atque
2982 5546 3088 5602 illic
3114 5562 3142 5599 a
3175 5559 3355 5602 sancta
3389 5549 3547 5602 Mela-

1967 5631 2050 5685 nia
2077 5631 2311 5684 ﬂuuiana
2349 5630 2436 5683 illa
2466 5632 2660 5687 femina
2699 5634 2890 5690 fuisset
2927 5649 3202 5704 exceptus,
3236 5641 3424 5690 iterum
3453 5655 3548 5693 r-or

1967 5721 2153 5792 ipsius,
2185 5734 2240 5778 ut
2267 5722 2554 5777 PharaOsris
2581 5724 2883 5796 aliquando,
2913 5729 3118 5783 tlceruou
3152 5731 3448 5785 obduravit.
3485 5731 3546 5784 Et
