3982 6354
477 345 573 405 δη

1588 353 1929 411 ΑΡΡΕΝΒΙΧ
1971 353 2060 408 AD
2104 352 2302 410 VlTAS
2342 350 2638 409 PATRUM.

3646 351 3747 413 319

478 485 728 540 quoniam
750 468 921 527 adhu'e
944 461 997 527 in
1042 471 1171 541 ipsis
1196 471 1473 527 ardoribus
1499 472 1751 541 juvenilis
1775 474 1878 526 aevi
1909 482 2045 535 erat,
2074 478 2124 533 Α
2152 472 2275 534 runt
2314 467 2367 519 ln
2395 463 2575 533 specie
2625 462 2961 530 clericorum,
3014 460 3083 517 de
3130 459 3233 515 ﬁde
3263 475 3385 519 cum
3415 474 3483 516 eo
3513 470 3742 519 tractare

476 562 716 633 quaedam
746 577 931 619 rursus
951 572 1004 617 et
1032 563 1137 618 illic
1165 565 1267 619 alia
1299 564 1517 619 tentatio
1544 577 1731 619 sensus
1755 564 1870 635 ejus
1902 564 2051 616 inva-

476 655 566 718 sit,
621 654 855 723 titulique
901 655 1189 727 quidquam
1245 656 1348 717 tale
1392 655 1719 726 significans,
1752 643 1910 726 cmpit
1944 654 2051 729 illic

475 749 666 811 iterum
698 757 871 803 vestes
901 747 1003 803 sibi
1032 730 1254 813 mutare,
1286 758 1339 803 et
1369 747 1681 803 disserendo
1704 763 1826 801 eum
1869 748 2050 801 multis

473 838 658 907 glorlre
688 854 835 892 vana:
862 839 1222 894 illicitamenta
1245 840 1457 893 sectari.
1480 839 1584 895 Sed
1605 839 1693 894 ille
1719 837 1807 905 qui
1837 851 2051 907 semper

470 929 799 999 perditiones
846 938 1053 985 nostras
1094 929 1311 1001 impedit
1352 930 1515 996 Deus,
1548 939 1901 985 memoratum
1930 944 2051 997 gra~

471 1018 693 1074 vissimo
739 1019 961 1075 febrium
1013 1022 1134 1092 igne
1173 1020 1447 1089 corripuit.
1482 1020 1559 1074 Ex
1590 1035 1695 1090 quo
1722 1035 1843 1075 eum
1889 1019 2047 1091 longa

469 1110 780 1179 aegritudine
804 1110 1025 1177 domuit,
1051 1123 1103 1166 et
1127 1127 1221 1180 per
1249 1126 1342 1166 sex
1372 1112 1632 1166 mensium
1663 1113 1831 1180 spatia
1852 1125 2047 1177 corpus

468 1202 585 1273 ejus
636 1204 855 1264 attrivit,
907 1218 1204 1273 carnesque
1245 1204 1599 1272 consumpsit,
1657 1202 1799 1258 unde
1850 1201 2047 1257 habere

468 1295 667 1365 proprii
698 1294 819 1347 mali
851 1295 1080 1349 fomenta
1111 1300 1466 1348 consueverat

540 1386 669 1439 Cum
714 1387 874 1455 igitur
900 1388 1251 1456 plurimorum
1298 1402 1385 1441 ars
1428 1386 1688 1453 exquisita
1717 1385 2042 1440 medicorum

464 1475 642 1529 omnia
690 1476 905 1546 quidem
937 1478 1114 1531 facere
1156 1485 1405 1536 tentaret.
1454 1491 1625 1545 neque
1670 1475 1834 1529 ullum
1866 1485 2041 1531 tamen

463 1567 751 1622 curationis
778 1584 941 1638 genus
962 1570 1100 1639 quod
1132 1569 1197 1623 ad
1238 1568 1465 1638 salutem
1496 1573 1543 1621 ei
1589 1568 1866 1636 proliceret
1893 1568 2042 1622 inve-

460 1659 632 1723 niret;
666 1658 778 1713 btec
801 1669 983 1714 sancta
1006 1660 1230 1715 Melania
1259 1660 1322 1713 ad
1355 1661 1525 1728 ipsum
1552 1659 1724 1714 locuta
1748 1667 1869 1715 est:
1909 1660 2041 1729 Mul-

463 1761 596 1814 tum,
647 1752 838 1821 inquit,
872 1752 1001 1806 tnihi
1054 1752 1303 1821 displicet
1344 1752 1503 1822 hujus
1560 1762 1664 1808 ture
1709 1750 2039 1822 mgritudinis

2153 554 2467 622 cupientes,
2534 569 2601 609 ex
2654 553 2847 625 quibus
2908 567 3046 609 unus
3111 551 3400 614 Itrianutn,
3458 551 3599 607 alter
3637 553 3740 611 Eu-

2154 647 2483 713 nomianam,
2542 646 2731 701 tertius
2778 644 3167 716 Apollinarium
3221 657 3283 699 se
3334 656 3458 699 esse
3505 642 3737 704 dicebat.

2152 738 2297 804 Quos
2318 751 2505 794 omnes
2533 738 2804 808 sapienter
2832 752 2904 795 ac
2944 737 3180 794 breviter
3215 734 3534 799 disserendo
3580 748 3737 806 supe-

2150 830 2304 883 tavit.

2222 921 2364 978 Idem
2394 923 2584 979 iterum
2622 923 2850 995 quadam
2878 922 2966 979 die
2998 936 3121 979 cum
3149 921 3395 979 ecclesia
3425 923 3611 979 claves
3642 939 3733 992 pe-

2151 1014 2367 1085 rissent,
2398 1015 2643 1071 invocato
2671 1014 2872 1075 Christi
2899 1013 3119 1070 nomine
3143 1014 3374 1085 signavit
3419 1014 3567 1070 illam
3609 1014 3732 1070 ostii

2149 1116 2355 1177 partem
2383 1107 2523 1165 unde
2546 1116 2661 1165 erat
2702 1107 2891 1175 clavis,
2938 1115 2995 1164 et
3042 1108 3269 1179 aperuit,
3302 1122 3466 1179 manu
3516 1107 3734 1179 pulsans

2149 1199 2316 1254 fores.

2218 1291 2314 1347 llic
2342 1292 2457 1362 ipse
2484 1301 2590 1347 tam
2631 1290 2982 1357 vehementer
3007 1298 3270 1363 expertus
3306 1299 3389 1347 est
3431 1291 3729 1356 daemones,

2147 1392 2306 1452 atque
2342 1385 2411 1439 ab
2440 1382 2524 1439 his
2555 1383 2714 1440 toties
2740 1383 3055 1440 verberatus
3083 1391 3186 1453 est,
3229 1388 3288 1439 ιιι
3326 1397 3585 1450 numerus
3614 1397 3733 1439 esse

2147 1489 2255 1529 non
2285 1474 2473 1545 possit.

2219 1568 2317 1625 Uni
2344 1569 2559 1638 quidem
2589 1567 2971 1640 discipulorum
3000 1581 3218 1623 suorum
3260 1563 3440 1622 omnia
3469 1579 3589 1634 quae
3633 1564 3730 1631 ipsi

2144 1669 2263 1731 post
2299 1659 2485 1716 decem
2535 1670 2591 1716 et
2617 1669 2740 1715 octo
2789 1673 2961 1715 annos
2990 1668 3173 1715 essent
3200 1657 3398 1725 futura,
3427 1654 3730 1726 singulatim

2143 1767 2231 1825 res
2257 1751 2399 1823 ipsas
2430 1753 2801 1824 prophetando
2828 1752 3078 1825 praedixit

460 1838 735 1911 longitudo
767 1857 781 1904 ;
812 1842 898 1896 die
947 1858 1076 1912 ergo
1121 1842 1272 1909 mihi,
1304 1859 1424 1912 qua:
1453 1851 1576 1897 sunt
1627 1842 1701 1896 tui
1732 1842 1909 1897 cordis
1952 1859 2037 1897 ar-
2068 1850 2114 1911 Β
2219 1846 2437 1901 Dicebat
2489 1857 2669 1902 autem
2702 1864 2715 1899 :
2750 1846 2829 1901 Ex
2881 1860 3011 1915 quo,
3060 1843 3249 1915 inquit,
3305 1843 3371 1898 ad
3418 1839 3730 1905 solitudines

459 1929 630 1983 cuna?
658 1931 940 1986 infirmitas
966 1934 1106 1987 enim
1152 1935 1250 1987 ista
1289 1934 1404 1988 sine
1443 1933 1713 1987 voluntate
1752 1947 1815 1986 ac
1836 1932 2038 2004 judicio

460 2021 554 2075 Dei
589 2036 695 2077 non
735 2032 837 2079 est.
873 2024 1022 2079 Tunc
1060 2026 1147 2079 ille
1176 2041 1389 2079 omnem
1422 2024 1631 2079 femina:
1681 2034 1877 2093 sancta:
1904 2038 2033 2078 con-

458 2114 630 2168 fessus
651 2124 734 2169 est
762 2130 998 2171 causam.
1030 2117 1125 2171 Cui
1156 2116 1260 2172 hoc
1291 2116 1377 2170 illa
1406 2116 1682 2185 respondit
1708 2134 1720 2168 :
1756 2114 2034 2185 Promitte,

457 2203 647 2273 inquit,
680 2204 806 2259 mihi
836 2216 959 2281 ante
987 2216 1332 2277 conspectum
1362 2207 1476 2273 Dei,
1510 2208 1651 2277 quod
1683 2208 1748 2261 ad
1796 2209 2038 2277 proposi-

458 2304 570 2350 tum
610 2297 990 2375 monachorum
1035 2298 1386 2357 habitantium
1419 2299 1764 2354 solitudinem
1798 2308 2037 2354 reverta-

455 2388 551 2452 ris,
583 2398 634 2442 et
664 2403 761 2458 ego
783 2391 1024 2456 quamvis
1050 2390 1160 2458 ipsa
1201 2392 1431 2463 peccatis
1457 2390 1636 2444 videar
1664 2390 1925 2455 involuti,
1958 2397 2039 2443 ta-

455 2494 577 2533 men
607 2480 864 2548 precabor
895 2480 1199 2555 Dominum.
1224 2493 1279 2538 ut
1308 2482 1402 2537 tibi
1425 2480 1635 2537 vivendi
1666 2480 1863 2536 tribuat
1893 2496 2040 2536 com-

454 2578 707 2626 meatum.
739 2572 982 2641 Cumque
1012 2573 1113 2628 hoc
1139 2587 1198 2627 se
1230 2574 1487 2628 facturum
1536 2573 1720 2628 fuisset
1748 2573 2034 2642 pollicitus,

454 2662 593 2716 intra
627 2676 823 2730 paucos
869 2662 987 2717 dies
1031 2664 1234 2734 recepit
1282 2665 1588 2718 sanitatem.
1637 2665 1701 2717 Et
1744 2663 1812 2719 de
1841 2663 2039 2718 lectulo

452 2767 695 2823 surgens,
724 2769 851 2808 mox
891 2754 1057 2825 erepit
1084 2756 1151 2811 de
1181 2755 1511 2826 profectione
1538 2772 1695 2827 quam
1727 2756 2037 2827 spoponde-

451 2855 536 2900 rat
563 2848 819 2917 cogitare.
853 2847 1002 2904 Tunc
1034 2847 1330 2905 benedictae
1358 2848 1525 2917 ipsius
1552 2849 1794 2903 Melaniae
1833 2850 2034 2915 studio,

450 2948 596 2993 veste
619 2948 817 2993 mutata
836 2939 958 2995 inde
978 2939 1275 3007 descendit,
1299 2948 1355 2997 et
1374 2942 1439 2994 ad
1462 2940 1837 3019 Egyptiacum
1858 2940 2039 2996 Nitrire

450 3029 806 3097 proficiscitur
854 3042 1122 3096 montem;
1176 3036 1229 3090 itt
1280 3050 1387 3100 quo
1431 3035 1629 3105 degens
1684 3051 1804 3091 cum
1836 3034 2038 3105 biennii

451 3136 659 3197 tempus
685 3129 979 3198 implesset,
1007 3132 1165 3186 tertio
1198 3147 1339 3187 anno
1367 3131 1434 3187 ad
1478 3133 1761 3187 interiores
1784 3132 2034 3187 solitudi-

2140 1940 2279 2008 veni,
2330 1955 2435 1994 non
2470 1939 2714 2004 lactucae,
2749 1954 2855 1996 non
2885 1939 3149 1994 silvestris
3174 1936 3335 1993 oleris
3364 1935 3547 1991 cibum
3584 1948 3726 1990 sum-

2139 2034 2255 2104 psi;
2280 2048 2386 2090 non
2411 2033 2582 2105 viride
2607 2034 2777 2103 attigi,
2809 2048 2914 2087 nou
2941 2047 3095 2098 uvas,
3123 2048 3229 2086 non
3263 2045 3440 2101 poma.
3469 2044 3577 2084 non
3606 2043 3726 2083 car-

2138 2139 2254 2191 nes,
2289 2140 2393 2178 non
2425 2124 2644 2179 balneas
2689 2122 2819 2187 vidi.
2874 2122 2953 2179 Ad
2986 2131 3309 2192 postremum
3339 2127 3493 2175 sexto
3522 2117 3729 2173 decimo

2139 2215 2261 2279 talis
2292 2215 2413 2270 vita:
2442 2229 2553 2270 sua:
2582 2229 2744 2283 anno,
2771 2214 2826 2287 in
2864 2228 2967 2284 qua
3013 2212 3148 2268 nihil
3176 2211 3319 2283 quod
3341 2218 3561 2267 coctum
3590 2220 3727 2264 esset

2140 2311 2348 2375 edebat,
2380 2324 2501 2365 cum
2531 2323 2755 2381 necesse
2778 2318 2921 2364 esset
2960 2321 3170 2380 corpori
3199 2306 3315 2375 ejus
3346 2313 3568 2374 propter
3611 2312 3722 2356 sto-

2140 2401 2315 2455 machi
2346 2399 2709 2465 infirmitatem
2732 2407 2789 2454 ut
2809 2408 3020 2461 coctum
3042 2406 3278 2453 sumeret
3302 2396 3508 2467 cibum,
3538 2409 3724 2464 panem

2139 2491 2353 2560 quidem
2370 2489 2545 2561 attigit
2566 2505 2856 2561 nunquam,
2871 2491 3015 2547 olera
3039 2496 3333 2559 tantum,et
3355 2500 3572 2558 poscam
3588 2485 3723 2563 (27).
3793 2561 3799 2566 δ

2141 2591 2196 2636 ει
2262 2581 2564 2636 lenticulam
2627 2596 2721 2650 per
2781 2581 2953 2647 solum
3014 2579 3287 2635 biennium
3338 2587 3598 2649 gustaris;
3656 2575 3722 2628 ita

2142 2673 2305 2728 exivit
2334 2689 2362 2727 a
2404 2672 2621 2736 smculo,
2667 2683 2723 2727 ut
2764 2681 2969 2727 tantum
3004 2674 3057 2727 in
3087 2670 3314 2735 ecclesia
3347 2684 3444 2741 per
3483 2677 3720 2722 sanctam

2143 2764 2491 2834 Epiphaniam
2520 2762 2967 2818 communicaret.

2214 2856 2368 2911 Circa
2420 2856 2590 2925 ipsum
2622 2857 2781 2926 igitur
2808 2858 2926 2911 vita:
2972 2870 3083 2911 sua:
3134 2853 3293 2913 finem
3342 2853 3552 2910 referre
3600 2868 3723 2909 con-

2142 2959 2411 3014 sueverat,
2458 2950 2601 3020 quod
2643 2951 2857 3006 tertium
2906 2950 3014 3019 agit
3044 2965 3240 3019 annum
3277 2963 3339 3004 ex
3370 2963 3479 3019 quo
3518 2962 3580 3002 se
3613 2962 3724 3003 car-

2145 3041 2246 3095 nali
2276 3040 2541 3095 desiderio
2569 3040 2888 3112 intelligeret
2910 3056 3029 3096 esse
3061 3041 3367 3107 liberatum,
3396 3039 3579 3093 ethoc
3610 3045 3726 3107 post

2143 3133 2303 3187 talem
2343 3132 2508 3201 ipsius
2540 3133 2727 3200 vitam,
2764 3142 2880 3201 post
2922 3132 3144 3189 sudores
3175 3141 3369 3201 tantos,
3401 3140 3526 3201 post
3554 3138 3725 3185 tantos

450 3234 547 3273 nes
580 3222 765 3290 pergit.
785 3221 895 3278 .Ubi
936 3226 1340 3293 quatuordecim
1376 3240 1547 3280 annos
1577 3227 1630 3279 in
1657 3227 1721 3280 iis
1746 3228 1875 3280 locis
1905 3242 2037 3301 quas
2068 3230 2115 3294 ο
2148 3224 2380 3288 labores,
2434 3235 2553 3294 post
2603 3224 2721 3279 illas
2772 3233 2879 3279 tam
2933 3224 3087 3295 juges
3136 3223 3429 3279 orationes.
3480 3221 3725 3277 Nuntiata

451 3308 626 3365 Cellas
654 3314 947 3389 nominant,
991 3316 1140 3382 vixit,
1174 3331 1331 3371 unam
1362 3316 1599 3385 quatidic
1646 3318 1796 3386 panis
1843 3317 2030 3369 libram

451 3400 639 3467 edens,
668 3418 937 3473 unumque
965 3407 1253 3460 sextarium
1281 3409 1569 3461 absumens
1595 3409 1699 3461 olei
1748 3406 1799 3461 in
1842 3409 2036 3462 mensi-

451 3491 553 3546 bus
579 3493 772 3559 tribus,
800 3493 886 3549 ille
914 3495 1078 3565 97o
1106 3496 1196 3565 qui
1242 3497 1380 3551 inter
1409 3498 1592 3566 copias
1630 3514 1849 3567 magnas
1875 3508 2035 3568 atque

451 3582 674 3639 delicias
701 3600 823 3639 cum
864 3588 1093 3641 maxima
1120 3602 1331 3657 semper
1367 3588 1637 3661 voluptate
1667 3591 1896 3645 vivebat.
1929 3592 2032 3645 Fa-

449 3677 623 3733 ciebat
651 3686 828 3733 autetn
855 3679 1093 3749 quotidie
1121 3690 1334 3751 centum
1370 3682 1660 3759 orationes,
1694 3683 1794 3737 hoc
1824 3693 2029 3739 tantum

446 3784 545 3839 per
572 3772 809 3841 singulos
838 3788 1007 3829 annos
1036 3773 1296 3843 scribens,
1327 3774 1471 3849 quod
1495 3790 1559 3830 ex
1583 3776 1832 3832 mercede
1855 3778 2034 3847 operis

447 3864 527 3918 sui
561 3875 738 3934 posset
758 3866 806 3920 ei
833 3867 897 3921 ad
928 3866 1309 3922 emendatioris
1335 3868 1454 3922 vita:
1486 3867 1733 3922 alimenta
1763 3869 2031 3941 sufficere.

447 3958 729 4015 Subtiliter
754 3962 893 4016 enim
926 3962 1012 4015 illa
1064 3963 1330 4029 scribebat
1362 3978 1547 4043 manu,
1596 3979 1754 4034 quam
1800 3964 2031 4034 Oxyrin-

450 4054 602 4109 chain
634 4056 744 4126 (ὲὸ)
774 4069 961 4111 vocant
984 4057 1174 4111 (nt-reci.

522 4145 663 4199 Intra
691 4147 998 4215 quindecim
1030 4163 1158 4218 ergo
1204 4160 1373 4202 annos
1402 4145 1467 4204 ad
1517 4148 1807 4219 perfectum
1853 4156 2036 4221 mente

448 4247 704 4308 purgatus
745 4237 974 4291 divinam
1008 4242 1235 4309 gratiam
1272 4244 1489 4307 meruit,
1528 4240 1598 4295 ita
1628 4250 1683 4295 ut
1731 4240 1954 4295 haberet
1985 4248 2037 4299 et

448 4330 688 4384 noritiam
731 4342 784 4385 et
813 4332 1128 4400 sapientiam
1170 4332 1526 4399 spiritualem,
1585 4341 1641 4387 ut
1681 4339 1737 4388 et
1769 4333 2034 4397 bonorum

450 4434 512 4479 ac
544 4421 802 4475 malorum
833 4421 1114 4490 spirituum
1171 4421 1497 4477 differentias
1546 4433 1745 4478 nosset.
1805 4422 2037 4496 Scripsit

449 4511 551 4565 iste
606 4510 813 4575 libros,
866 4527 1000 4581 quos
1028 4512 1110 4567 his
1154 4514 1427 4591 vocabulis
1481 4514 1810 4581 nominavit,
1870 4530 2033 4570 unum

2137 3324 2219 3368 est
2248 3313 2370 3367 huic
2393 3315 2556 3384 patris
2598 3315 2679 3370 sui
2724 3330 2870 3370 mors
2912 3317 3202 3386 quondam,
3231 3326 3392 3385 atque
3432 3314 3538 3368 hoc
3568 3312 3617 3368 ei
3639 3313 3723 3381 qui

2140 3409 2479 3462 nuntiaverat
2506 3408 2674 3463 dixit:
2699 3408 2858 3477 Quid,
2878 3409 3068 3478 inquit,
3093 3408 3460 3477 blasphemas,
3486 3424 3519 3460 ο
3542 3404 3731 3473 hont

2138 3500 2496 3557 immortalem
2528 3516 2628 3573 ego
2658 3512 2859 3571 patrem
2892 3517 3069 3554 ineum
3102 3503 3243 3559 novi.

2700 3616 2927 3671 CAPUT
2971 3615 3160 3669 XXVI.

2634 3707 2752 3761 Vita
2793 3705 2962 3760 Pieris
3000 3705 3253 3759 monachi.

2213 3802 2338 3857 Pior
2368 3800 2580 3877 quidam
2612 3798 2892 3877 (Egyptius
2918 3798 3130 3868 juvenis
3157 3796 3414 3870 (Pallad.,
3458 3812 3578 3864 cap.
3611 3792 3722 3862 87).

2138 3909 2259 3947 cum
2312 3894 2433 3947 huic
2476 3892 2674 3947 tnundo
2731 3892 3090 3946 renuntiasset
3139 3904 3387 3958 egressus
3430 3904 3463 3943 e
3512 3898 3724 3956 paterna

2140 3987 2321 4050 domo,
2359 3986 2488 4057 tanti
2521 3984 2683 4041 animi
2706 3985 2848 4040 circa
2888 3981 3199 4055 religionem
3239 3978 3357 4046 fuit,
3388 3991 3448 4034 ut
3468 3986 3724 4035 statueret

2140 4090 2265 4138 ante
2291 4087 2633 4151 conspectum
2669 4076 2760 4131 Dei
2794 4091 2859 4130 ne
2895 4074 3060 4129 ullum
3084 4072 3195 4143 jam
3238 4085 3457 4126 suorum
3495 4082 3724 4138 unquam

2140 4170 2368 4225 videret.
2402 4170 2526 4223 l’ost
2556 4166 2907 4236 quadraginta
2953 4163 3114 4243 igitur
3154 4175 3346 4228 annos,
3377 4174 3535 4216 soror
3561 4158 3726 4227 ipsius

2143 4263 2297 4317 senio
2352 4260 2637 4319 admodum
2694 4260 2870 4328 gravis
2916 4271 3038 4314 cum
3092 4254 3310 4310 fratrem
3360 4267 3518 4319 suum
3548 4251 3725 4307 vivere

2141 4353 2513 4423 comperisset,
2560 4354 2853 4408 amentium
2884 4352 3045 4406 modo
3090 4352 3255 4420 coepit
3296 4346 3517 4423 ardere,
3553 4345 3725 4413 donec

2140 4448 2206 4509 ad
2230 4456 2577 4513 conspectum
2615 4444 2782 4515 ipsius
2811 4444 3035 4499 veniret.
3058 4440 3301 4511 Cumque
3322 4439 3390 4495 ad
3416 4438 3723 4494 vastissima

2142 4541 2229 4595 illa
2253 4540 2462 4601 deserta
2486 4553 2590 4593 non
2620 4546 2801 4609 posset
2830 4537 3110 4601 accedere,
3136 4534 3206 4591 ab
3230 4534 3485 4604 episc0po
3524 4532 3631 4587 loci
3666 4530 3725 4605 il-

448 4603 612 4674 Εβθθι
657 4604 883 4679 imarum
931 4606 1211 4705 Ν⁰ξ¹³³ί⁰ξῖν
1259 4611 1473 4663 ¹⁰τ¹ίυ¹¹¹
1527 4609 1860 4705 δ”ίίΡθΥτοη
1892 4609 2029 4705 βω»
2062 4612 2113 4674 Ῑ)
2140 4637 2241 4691 lius
2273 4635 2407 4705 petit
2435 4642 2492 4705 ut
2528 4632 2596 4699 ad
2621 4603 2851 4686 'sanctos
2881 4630 3140 4686 scriberet
3180 4603 3363 4684 Patres
3388 4625 3478 4697 qui
3511 4625 3566 4680 in
3600 4603 3726 4679 soli?

448 4704 697 4765 artesque
736 4699 1053 4751 monstravit
1083 4699 1272 4767 quibus
1301 4712 1513 4756 nossent
1544 4700 1815 4756 dmmones
1842 4701 2037 4771 subju-

448 4801 581 4853 gart.

521 4901 755 4981 Fortiter
782 4904 906 4958 huic
934 4920 1147 4970 semper
1194 4905 1415 4985 spiritus
1472 4905 1835 4961 fornicationis
1885 4908 2033 4962 inen-

451 4989 597 5053 buit;
633 5006 752 5044 nam
784 4994 919 5048 sicut
966 4995 1119 5048 nobis
1166 5005 1217 5048 et
1270 4996 1382 5062 ipse
1412 4993 1696 5067 referebat,
1746 5011 1840 5063 per
1872 5006 2032 5051 totam

452 5092 661 5136 noctem
695 5083 884 5141 hiemis
938 5096 1179 5156 tempore
1232 5086 1402 5152 nudus
1436 5088 1611 5140 stabat
1644 5088 1694 5140 in
1747 5096 1925 5156 puteo,
1978 5098 2036 5143 ut

451 5172 571 5243 gelu
601 5189 811 5241 quoque
836 5191 1023 5231 carnes
1052 5176 1171 5246 ejus
1200 5177 1717 5247 constringerentur.

526 5266 824 5336 Aliquando
856 5268 1043 5321 iterum
1086 5269 1434 5338 blasphemiae.
1464 5270 1683 5339 spiritus
1724 5285 1844 5326 eum
1876 5271 2036 5340 coepit

454 5373 664 5425 urgere,
693 5371 745 5412 et
787 5360 852 5412 ad
882 5361 1140 5432 sacrilega
1186 5361 1430 5416 eumdem
1457 5372 1645 5416 contra
1679 5362 1843 5434 Deum
1875 5364 2037 5427 verba

452 5451 798 5521 cotnpellere,
826 5453 894 5508 ob
924 5454 1062 5523 quo‘d
1082 5454 1430 5523 quadraginta
1451 5455 1651 5524 jugiter
1678 5455 1793 5510 dies
1814 5457 1928 5511 sine
1959 5466 2036 5511 te-

454 5555 542 5599 ctu
564 5543 682 5609 fuit,
717 5553 774 5603 ut
801 5547 914 5616 ipse
954 5547 1187 5615 dicebat,
1215 5550 1266 5602 in
1294 5559 1497 5603 tantum
1531 5559 1585 5605 ut
1612 5565 1706 5621 per
1733 5564 1928 5617 corpus
1960 5551 2041 5618 ip-

456 5637 567 5691 sius
604 5647 770 5694 totum
800 5639 1045 5710 qua-dam
1074 5640 1279 5713 papulae
1308 5641 1405 5708 illi,
1440 5656 1572 5713 quas
1600 5657 1744 5713 saepe
1771 5643 1821 5698 in
1852 5659 2040 5714 corpo-

455 5727 603 5781 ribus
634 5730 879 5796 vidimus,
914 5733 1141 5788 exirent.

532 5820 662 5893 lluic
727 5824 953 5889 quodam
1013 5824 1098 5881 die
1150 5833 1255 5880 tt'es
1312 5824 1467 5882 simul
1536 5826 1807 5884 dattnoncs
1858 5830 2037 5885 astite-

2143 4728 2415 4799 tudinibus
2462 4742 2528 4793 ex
2572 4740 2723 4796 more
2770 4724 3057 4794 degebant,
3105 4729 3163 4776 ut
3201 4719 3492 4775 videndum
3556 4714 3726 4773 sorori

2142 4820 2567 4893 transmitterem
2610 4815 2853 4872 fratrem.
2884 4815 2984 4887 Qui
3026 4812 3074 4865 vi
3105 4812 3341 4867 maxima
3372 4810 3589 4865 Patrum
3630 4824 3724 4861 ve-

2141 4910 2256 4963 nire
2276 4907 2606 4977 compulsus,
2637 4921 2757 4960 cum
2788 4904 2896 4958 alio
2941 4902 3171 4975 quodam
3213 4901 3424 4956 itineris
3451 4900 3555 4953 sui
3578 4898 3725 4953 socio

2143 5001 2208 5054 ad
2238 5001 2443 5054 sororis
2464 4999 2695 5069 proerite
2737 4996 2955 5050 domum
2999 4993 3163 5059 venit,
3197 4992 3284 5047 ubi
3314 5006 3374 5046 se
3407 4990 3622 5045 venisse
3652 4987 3725 5042 si-

2139 5093 2431 5162 gnificavit,
2463 5093 2565 5147 hoc
2593 5091 2777 5146 dicens
2801 5106 2813 5143 :
2841 5089 2985 5153 Pior,
3010 5086 3200 5157 inquit,
3225 5083 3388 5141 frater
3418 5091 3539 5136 tuus
3562 5081 3726 5144 venit,

2139 5196 2193 5240 et
2233 5201 2327 5255 pro
2354 5182 2555 5239 foribus
2586 5180 2806 5237 assistit.
2853 5179 3092 5247 Datoque
3128 5178 3305 5251 jaan
3335 5189 3491 5238 sono,
3537 5183 3727 5241 putans

2141 5276 2280 5344 quod
2311 5289 2445 5329 anus
2477 5273 2589 5343 ipsa
2620 5273 2669 5330 in
2708 5286 2989 5327 occursum
3023 5270 3200 5323 fratris
3220 5268 3413 5345 exiret,
3442 5265 3643 5333 clausis
3663 5263 3727 5317 ad

2143 5383 2262 5423 eam
2296 5366 2465 5421 oculis
2496 5364 2863 5435 proclamavit,
2889 5362 3106 5416 nomine
3136 5375 3234 5414 suo
3260 5359 3405 5415 illam
3436 5370 3657 5420 vocans,
3680 5363 3729 5410 et

2145 5462 2328 5518 dicens
2356 5478 2371 5517 :
2396 5462 2507 5530 Ego
2529 5473 2646 5514 sum
2675 5459 2797 5512 Pior
2818 5458 2981 5511 frater
3008 5464 3152 5517 tuus,
3181 5466 3282 5522 ego
3306 5467 3450 5513 sum,
3476 5451 3727 5518 inquam;

2146 5563 2401 5637 quantum
2420 5551 2656 5606 volueris
2699 5557 2918 5609 aspectu
2963 5560 3083 5601 meo
3132 5544 3325 5598 fruere.
3375 5541 3614 5609 Cumque
3657 5538 3726 5593 illi

2144 5633 2470 5707 satisfecisse
2500 5645 2729 5715 propriis
2760 5639 3009 5719 sensibus
3037 5636 3374 5701 credidisset,
3406 5633 3633 5705 proiecit
3673 5647 3725 5691 se

2146 5739 2197 5792 in
2224 5737 2544 5799 orationem,
2587 5728 2638 5788 et
2684 5749 2804 5788 cum
2853 5732 3062 5801 penitus
3109 5744 3157 5784 et
3187 5739 3242 5782 ut
3290 5734 3538 5796 surgeret
3577 5738 3722 5778 soror

2143 5831 2257 5895 eius
2286 5828 2606 5895 persuadere
2634 5840 2740 5891 non
2771 5833 2971 5893 posset,
3021 5820 3339 5879 benedicens
3372 5817 3597 5888 gloriam
3632 5812 3719 5873 Dei
