3982 6354
229 327 351 386 513

1457 324 1868 381 ΙΙΕῐὶΑΕῌΟΙΒ
1908 304 2314 378 muautsus.‘

3419 317 3529 375 δτι

230 441 485 510 ingressa
534 446 617 491 est
643 435 706 498 ad
758 434 1115 501 habitaculum
1164 447 1356 500 suum;
1407 436 1498 491 ille
1544 450 1676 495 vero
1707 449 1831 493 ora~
1858 437 1909 501 Α
1938 432 2083 487 tudo.
2116 433 2342 501 Semper
2372 432 2531 504 igitur
2557 433 2718 488 vitam
2750 434 2985 507 quietam
3014 448 3201 506 agens,
3223 443 3384 504 atque
3410 450 3529 491 om-

229 529 390 584 tione
415 527 674 594 iulimine
697 527 889 587 domus
929 526 1087 591 facta,
1127 525 1195 579 ad
1233 524 1580 582 solitudinum
1622 534 1836 585 secreta

228 621 528 676 remeavit.

313 710 428 765 Hoc
451 718 629 775 autem
658 708 827 777 ipsius
853 709 1169 765 miraculum
1217 709 1406 777 fertur,
1437 708 1579 780 quod
1620 723 1742 764 cum
1784 723 1839 764 tn

230 818 307 856 eo
350 803 437 857 ubi
479 802 710 872 degebat
758 802 874 857 loco
922 801 1134 857 fecisset
1161 801 1259 869 sibi
1290 812 1532 871 puteum,
1562 808 1617 856 et
1644 814 1837 869 aquam

230 896 352 950 iIILc
394 894 783 950 amarissimam
811 894 1121 963 repetisset,
1156 893 1350 950 ibidem
1380 908 1553 961 usque
1574 892 1639 948 ad
1670 893 1832 947 tinem

230 987 492 1043 ultimum
541 985 717 1051 vixit,
767 992 1052 1040 contentus
1106 985 1337 1039 inventa:
1384 981 1831 1038 amaritudinibus

237 1094 436 1153 aqum,
461 1087 519 1133 ut
547 1077 857 1147 patientiam
888 1075 1098 1132 cunctis
1120 1076 1346 1146 propriae
1364 1076 1574 1129 virtut’s
1593 1075 1840 1135 ostende-

230 1180 345 1231 ret.
368 1171 519 1225 Multi
551 1179 728 1223 tamen
758 1178 939 1238 postea
963 1168 1234 1236 monachi,
1278 1177 1398 1237 post
1424 1166 1571 1227 illius
1603 1174 1833 1220 mortem

229 1260 441 1330 degere
468 1260 519 1313 iu
550 1259 684 1314 cella
714 1259 883 1329 ipsius
931 1259 1187 1329 pertinaci
1229 1258 1502 1313 voluntate
1531 1259 1828 1331 cupientes,

232 1368 307 1415 ne
332 1366 441 1406 uno
467 1350 683 1420 quidem
716 1365 858 1405 anno
890 1350 999 1405 illic
1027 1350 1276 1405 habitare
1313 1356 1622 1419 potuerunt.
1665 1348 1835 1412 Habet

231 1445 386 1499 enim
428 1445 542 1514 ipse
589 1443 738 1498 locus
783 1452 837 1498 et
866 1444 1114 1499 timorem
1164 1444 1452 1498 maximum
1492 1455 1730 1512 semper,
1782 1449 1836 1497 et

232 1534 493 1603 solatium
523 1534 748 1595 nullum.

803 1623 1031 1692 CAPUT
1073 1624 1282 1680 XXVII.

753 1713 867 1769 Vita
908 1715 1105 1793 Moysi;
1145 1715 1345 1786 Libyci.

1946 540 2041 579 nes
2066 526 2155 595 qui
2185 524 2251 579 ad
2284 526 2570 581 videndum
2608 526 2856 583 eumdem
2899 529 3204 595 veniebant,
3234 542 3331 598 per
3356 542 3529 583 annos

1943 618 2202 687 plurimos
2228 617 2451 686 docens,
2482 619 2547 674 ad
2581 628 2907 689 postremum
2930 621 2999 679 de
3020 622 3151 678 cella
3181 636 3276 677 sua
3304 624 3424 677 talis
3446 624 3524 680 rei

1943 709 2268 763 necessitate
2294 711 2576 779 processit.

2012 798 2144 853 Cum
2188 800 2355 855 fames
2402 801 2688 857 admodum
2730 802 2910 873 gravis
2936 804 2990 859 in
3021 804 3274 860 Edissena
3312 804 3532 859 civitate

1942 889 2180 957 saeviret,
2208 890 2491 946 miseratus
2513 892 2601 948 ille
2624 903 2935 963 pereuntem
2958 895 3349 950 multitudinem
3373 897 3533 950 rusti-

1941 995 2082 1049 cam,
2106 986 2331 1039 arcessit
2360 984 2427 1039 ad
2451 984 2664 1052 divites,
2697 985 2797 1041 hoc
2820 987 2898 1042 eis
2924 986 3145 1043 dicens:
3178 987 3223 1055 ρ
3247 1003 3354 1043 'are
3384 987 3530 1042 nulla

1940 1089 2058 1138 vos,
2088 1073 2289 1143 inquit,
2321 1075 2567 1131 humana:
2597 1087 2802 1133 naturae
2828 1078 2907 1132 sic
2935 1089 3059 1135 ante
3087 1080 3272 1133 oculos
3320 1087 3531 1134 vestros

1940 1164 2241 1220 deﬁcientis
2273 1167 2641 1222 misericordia
2667 1176 2872 1235 movet,
2896 1168 2990 1229 sed
3023 1169 3314 1239 putrefacta
3347 1170 3534 1224 intrin-

1937 1269 2095 1311 secus
2132 1256 2197 1310 ad
2239 1256 2750 1314 condemnationem
2802 1267 3099 1325 vestrarum
3144 1260 3372 1313 servatis
3412 1258 3534 1313 ani-

1937 1346 2182 1401 marum?
2213 1346 2361 1401 Tunc
2386 1346 2462 1401 illi
2489 1365 2501 1399 :
2532 1348 2645 1402 Non
2693 1348 2979 1413 habemus,
3028 1350 3303 1420 inquiunt,
3336 1350 3529 1420 quibus

1938 1439 2218 1507 pecuniam
2264 1439 2548 1508 egentibus
2576 1440 2923 1496 dividendam
2965 1443 3030 1498 ad
3071 1446 3527 1512 comparationem

1934 1527 2177 1582 ciborum
2221 1529 2447 1585 credere
2473 1530 2789 1586 debeamus.
2826 1530 3027 1587 Omnes
3075 1532 3219 1589 enim
3267 1533 3528 1603 negotiari

1936 1630 2035 1686 pro
2073 1618 2187 1673 suis
2230 1618 2531 1674 commodis
2567 1619 2774 1675 volunt.
2816 1624 2883 1675 At
2924 1622 3012 1676 ille
3042 1622 3143 1690 ista
3182 1622 3529 1677 dicentibus:

1937 1708 2102 1771 Talis.
2133 1709 2336 1779 inquit,
2363 1711 2515 1766 vobis
2554 1710 2784 1766 videor?
2812 1711 3048 1767 llabebat
3074 1720 3251 1768 autem
3282 1726 3527 1782 magnam

310 1808 530 1878 Moyses
568 1806 783 1877 quidam
829 1807 898 1862 de
934 1807 1101 1878 Libya
1130 1806 1392 1862 oriundus
1420 1805 1539 1873 fuit,
1571 1806 1650 1863 vir
1681 1820 1831 1859 man-
1864 1810 1914 1872 Β
1939 1803 2077 1870 apud
2109 1816 2298 1859 omnes
2328 1804 2572 1859 homines
2601 1805 2718 1874 ipse
2757 1806 2839 1858 vir
2882 1803 3102 1858 famam.
3151 1804 3252 1871 Qui
3298 1812 3425 1858 tunc
3475 1803 3530 1857 ei

229 1901 542 1965 suetudinis
603 1914 829 1954 summa:
874 1911 930 1955 et
995 1900 1297 1956 dilectionis
1358 1900 1671 1967 immensae,
1742 1900 1833 1977 qui

231 1989 454 2046 caelesti
505 1989 673 2060 gratia
719 2005 892 2061 aegros
941 2006 1132 2046 curare
1192 1992 1488 2071 promeruit
1538 1989 1834 2069 (Pallad.,

230 2096 356 2146 cap.
411 2078 534 2149 88).

305 2169 414 2224 Hic
443 2170 625 2226 retulit
653 2170 804 2239 mihi,
828 2170 969 2241 quod
1004 2185 1125 2225 cum
1155 2169 1330 2225 adhuc
1367 2170 1580 2239 juvenis
1611 2170 1663 2223 in
1711 2183 1833 2224 mo-

234 2262 485 2319 nasterio
532 2276 630 2316 suo
676 2273 839 2327 esset,
869 2276 931 2315 ac
962 2271 1179 2339 puteum
1230 2262 1481 2316 maxima:
1526 2260 1836 2329 capacitatis

228 2352 518 2420 effoderet,
542 2354 725 2424 viginti
749 2354 803 2407 in
831 2354 998 2419 latum
1022 2353 1306 2409 habentem
1334 2352 1517 2421 pedes,
1544 2359 1833 2406 etcentum

227 2443 285 2498 iu
320 2443 668 2513 profundum,
728 2454 782 2505 et
830 2444 884 2499 in
916 2451 1063 2498 tanto
1115 2443 1288 2513 spatio
1336 2443 1541 2498 nullum
1580 2457 1732 2513 aqua:
1762 2442 1836 2495 si-

228 2553 403 2609 gnum
458 2537 687 2603 videret,
741 2537 1036 2606 prxesertim
1084 2552 1205 2591 cum
1256 2537 1418 2591 etiam
1466 2533 1605 2589 infra
1661 2534 1835 2603 ipsum

229 2630 389 2684 nulla
418 2629 634 2696 iudicia,
668 2630 721 2683 in
749 2628 941 2699 quibus
985 2642 1106 2683 esse
1156 2627 1355 2705 aliquid
1389 2627 1635 2680 humoris
1679 2633 1834 2694 puta-

228 2719 420 2787 batur,
446 2727 787 2790 apparereut,
815 2720 940 2775 dum
964 2727 1179 2785 centum
1200 2733 1336 2793 pene
1358 2717 1497 2777 alios
1518 2715 1835 2779 eB‘odissent

228 2812 431 2884 pedes,
461 2826 524 2867 ac
551 2826 650 2867 nec
673 2821 796 2866 tunc
839 2812 1056 2882 quidem
1101 2811 1382 2869 humorem
1424 2808 1656 2878 aliquem
1687 2809 1831 2863 iuve-

231 2905 363 2973 nire
413 2908 740 2975 pctuissent;
790 2905 993 2968 tristes,
1044 2903 1233 2973 inquit,
1285 2900 1572 2956 admodum
1605 2899 1751 2969 facti,
1803 2915 1834 2955 a

231 3005 350 3057 tam
401 2996 575 3074 inutili
605 3010 771 3066 Opere
820 2995 1184 3063 COgitabamus
1220 2993 1531 3049 abscedere.
1565 2993 1705 3053 Ecce
1734 3007 1834 3057 au-

234 3100 355 3145 tem
386 3090 565 3143 subito
594 3098 813 3143 sanctus
840 3087 967 3143 Pior
1008 3088 1077 3142 de
1101 3087 1301 3141 ultimis
1328 3084 1676 3151 solitudinum
1704 3084 1834 3143 locis

1942 1911 2047 1950 non
2087 1895 2215 1949 falsa
2254 1896 2527 1961 dicentes,
2563 1897 2664 1953 ista
2703 1897 3068 1967 respondent:
3100 1897 3311 1951 Scimus
3335 1906 3385 1951 te
3408 1936 3423 1962 ,
3449 1896 3529 1950 in-

1938 1988 2148 2059 quiunt,
2174 1988 2443 2044 hominem
2473 1990 2563 2045 Dei
2593 2005 2734 2045 esse.
2761 1992 2829 2045 At
2856 1988 2943 2045 ille
2963 2005 2976 2043 :
2999 1988 3215 2046 Credite
3238 2004 3365 2061 ergo
3398 1988 3530 2044 mihi

1941 2081 2193 2150 pecunias
2215 2091 2420 2137 vestras
2448 2098 2461 2148 ;
2486 2082 2645 2136 etiam
2676 2098 2817 2137 nunc
2842 2093 3059 2151 propter
3088 2097 3186 2137 vos
3212 2096 3313 2152 ego
3338 2080 3530 2136 ordino

1941 2186 2027 2226 me
2074 2172 2272 2242 ipsum,
2321 2182 2669 2244 suscepturus
2718 2174 3067 2239 ministerium
3126 2174 3529 2244 peregrinorum

1939 2272 2098 2333 atque
2128 2264 2446 2319 miserorum

2013 2356 2242 2423 Accepta
2277 2354 2435 2423 igitur
2470 2357 2694 2425 pecunia
2722 2353 3018 2411 interclusit
3044 2354 3208 2409 certis
3236 2351 3531 2422 parietibus

1940 2446 2176 2514 porticus
2197 2446 2447 2512 civitatis,
2471 2455 2528 2501 et
2553 2455 2817 2502 trecentos
2843 2448 2893 2502 in
2923 2445 3053 2516 ipsis
3075 2445 3298 2500 lectulos
3325 2445 3526 2514 posuit,

1935 2537 1988 2590 in
2019 2536 2209 2606 quibus
2239 2536 2377 2592 fame
2423 2547 2708 2608 pereuntes
2738 2537 3048 2603 reficiebat;
3091 2536 3380 2591 morientes
3408 2536 3531 2603 qui-

1936 2625 2058 2680 dem
2089 2627 2378 2697 sepeliens,
2411 2644 2504 2684 eos
2545 2638 2725 2685 autem
2755 2628 2949 2701 quibus
2993 2626 3169 2693 adhuc
3206 2641 3331 2697 spes
3356 2626 3532 2696 aliqua

1938 2720 2061 2773 vitae
2109 2724 2248 2786 erat,
2278 2722 2330 2775 in
2376 2722 2507 2791 ipsis
2544 2738 2729 2778 eorum
2769 2721 3041 2777 laboribus
3084 2734 3280 2775 curans
3308 2737 3320 2772 :
3352 2719 3531 2773 omni-

1936 2807 2142 2880 busqtte
2179 2812 2526 2881 pereuntibus
2563 2813 2704 2868 fame
2732 2811 2823 2881 qui
2862 2812 2988 2867 illuc
3016 2810 3369 2880 undecunque
3401 2824 3531 2865 con-

1935 2901 2079 2957 ﬂuxe
2110 2912 2223 2969 ant,
2266 2905 2635 2973 quotidianum
2666 2905 3017 2960 ministerium
3063 2918 3217 2958 suum
3252 2903 3318 2956 ad
3347 2915 3531 2957 neces-

1936 2995 2131 3058 sariam
2156 2995 2569 3055 sollicitudinem
2601 2997 2864 3063 praebens,
2882 3010 2945 3049 ex
2970 2993 3167 3073 iisquae
3182 2992 3250 3047 ad
3272 3006 3393 3048 eum
3414 2990 3528 3047 sin-

1936 3083 2042 3155 guli
2072 3085 2269 3154 quique
2300 3086 2492 3141 divites
2516 3086 2849 3141 deferebant.

229 3181 286 3234 in
314 3179 556 3235 maximo
575 3179 768 3234 ardore
788 3188 971 3244 aestus,
1018 3178 1153 3233 hora
1190 3187 1345 3231 sexta
1388 3174 1495 3230 diei
1544 3174 1832 3230 admodum
1863 3188 1907 3251 ρ
2008 3175 2230 3242 lmpleto
2273 3186 2449 3231 autem
2481 3187 2778 3232 memorato
2816 3191 2978 3243 anno,
3024 3185 3303 3246 postquam
3352 3174 3526 3245 copia:

231 3288 298 3342 es
339 3271 477 3340 pelle
501 3273 709 3327 velatus
737 3272 901 3326 astitit
931 3270 1108 3337 nobis,
1139 3281 1191 3325 et
1212 3270 1296 3324 his
1322 3278 1591 3339 postremo
1619 3269 1828 3326 locutus

230 3370 320 3417 est
352 3362 559 3428 verbis;

307 3455 474 3522 Quid,
523 3453 765 3510 homines
794 3468 974 3524 parva:
1020 3453 1163 3518 ﬁdei,
1195 3451 1595 3524 angustiamini,
1646 3462 1700 3507 et
1736 3452 1829 3508 de-

235 3558 467 3613 sperare
531 3547 810 3601 voluistis?
867 3546 949 3605 Ab
1001 3545 1263 3605 hesterna:
1314 3546 1457 3600 enim
1507 3545 1613 3600 diei
1656 3545 1830 3615 spatio

233 3649 414 3704 usque
440 3650 581 3691 nunc
612 3637 822 3691 tristitia
869 3637 1251 3692 absorhemini.
1302 3637 1647 3693 Descendens
1700 3653 1829 3709 ergo

232 3729 289 3797 in
324 3729 672 3798 profundum,
702 3745 793 3800 per
821 3745 914 3785 eas
941 3746 1071 3802 quas
1098 3732 1177 3785 illi
1209 3730 1443 3786 fecerant
1486 3733 1679 3798 scalas,
1709 3747 1831 3788 ora-

237 3825 390 3877 tione
420 3821 528 3877 illic
546 3837 667 3878 cum
698 3824 942 3880 omnibus
966 3827 1121 3893 facta,
1147 3832 1230 3880 ter
1252 3824 1393 3880 ferro
1416 3827 1557 3895 quod
1585 3828 1636 3881 in
1665 3842 1827 3883 manu

231 3924 479 3983 ceperat,
510 3915 682 3969 solum
707 3916 850 3985 putei
881 3918 1163 3987 percussit,
1196 3916 1298 3971 hoc
1326 3917 1510 3971 dicens
1535 3933 1550 3970 :
1576 3916 1716 3974 Deus
1742 3933 1827 3973 sa-

231 4019 452 4060 crorum
477 4007 923 4077 patriarcharum,
966 4018 1035 4069 te,
1068 4006 1260 4078 inquit,
1291 4022 1573 4077 precamur
1603 4024 1667 4065 ac
1693 4009 1829 4079 peti-

231 4112 379 4162 mus,
408 4112 477 4152 ne
496 4099 612 4154 sine
639 4112 796 4153 causa
829 4098 1054 4168 impensi
1085 4099 1193 4154 sint
1233 4099 1365 4152 tanti
1408 4098 1632 4153 fratrum
1670 4098 1825 4156 labo-

231 4202 350 4252 res,
381 4188 476 4244 sed
526 4199 719 4260 praesta
776 4189 906 4258 ipsis
952 4205 1106 4244 usum
1158 4188 1275 4257 eius
1325 4204 1485 4260 quam
1522 4190 1829 4248 desiderant

229 4297 412 4352 aqua.
441 4280 708 4336 Continuo
735 4281 1053 4335 ebullientes
1080 4280 1150 4337 de
1177 4281 1474 4338 visceribus
1502 4284 1601 4339 soli
1641 4285 1826 4345 latices

233 4377 587 4448 perfuderunt
616 4384 915 4445 precantes.
944 4376 1185 4446 Cumque
1214 4391 1402 4432 rursus
1426 4387 1656 4445 orasset,
1708 4395 1823 4437 cm-

231 4473 315 4540 pit
340 4469 407 4522 ad
449 4468 660 4537 propria
692 4467 831 4521 velle
862 4481 1123 4531 remeare,
1151 4467 1383 4535 quicum
1406 4468 1474 4524 ad
1502 4471 1823 4528 sumendum

1933 3266 2141 3335 frugum
2172 3267 2402 3337 grandes
2427 3268 2663 3343 fuerunt,
2692 3269 2917 3340 singulis
2947 3269 3246 3339 quibusque
3269 3268 3334 3322 ad
3361 3268 3530 3322 dontis

1932 3356 2048 3412 cifia
2074 3360 2286 3431 propria
2317 3362 2597 3431 regressis,
2628 3376 2750 3416 cum
2773 3362 2967 3432 quibus
2995 3360 3076 3414 vel
3109 3359 3247 3415 circa
3287 3375 3420 3428 quos
3451 3360 3531 3415 fa-

1932 3464 2080 3509 ceret
2110 3470 2215 3508 uon
2243 3454 2485 3520 haberet,
2519 3455 2801 3519 confestim
2828 3455 2896 3510 ad
2924 3468 3075 3509 suam
3105 3453 3389 3509 revertitur
3418 3454 3531 3509 cel-

1932 3543 2116 3612 lulam,
2144 3544 2197 3599 in
2227 3561 2329 3614 qua
2362 3546 2495 3602 obiit
2538 3556 2658 3617 post
2692 3545 2921 3617 spatium
2977 3544 3177 3599 mensis
3207 3544 3384 3598 unius.
3426 3543 3532 3598 IIu~

1928 3637 2163 3706 jusmodi
2221 3647 2401 3703 autem
2462 3640 2801 3697 occasionem
2850 3639 2994 3694 circa
3051 3639 3212 3692 tinem
3268 3637 3431 3701 illius,
3462 3636 3531 3696 ad

1932 3731 2234 3801 exemplum
2265 3731 2545 3802 Stephani,
2579 3732 2749 3801 pietas
2777 3731 2955 3785 divina
2987 3729 3326 3798 praestiterat.
3363 3727 3528 3782 Multa

1931 3837 2058 3878 vero
2085 3824 2316 3894 reliquit,
2351 3841 2473 3895 quae
2511 3827 2627 3894 ipse
2655 3821 2995 3893 conscripsit,
3052 3835 3118 3875 ex
3159 3819 3353 3888 quibus
3381 3820 3530 3889 plura

1932 3925 2119 3981 magna
2155 3913 2311 3969 laude
2335 3914 2677 3969 celebrantur

2000 4001 2371 4059 Necessarium
2402 4015 2581 4060 autem
2608 4005 2764 4061 valde
2790 4014 2844 4061 et
2871 4004 2974 4062 hoc
3005 4014 3159 4076 puto,
3194 4014 3250 4060 ut
3287 4003 3528 4060 mulieri-

1932 4089 2031 4145 bus
2059 4107 2294 4162 quoque,
2323 4095 2459 4150 sicut
2508 4094 2716 4164 praefati
2747 4111 2957 4162 sumus,
3001 4096 3185 4151 viriles
3230 4111 3405 4151 mores
3436 4095 3528 4150 ha-

1933 4182 2187 4239 bentibus
2239 4194 2398 4256 atque
2447 4185 2738 4251 honestos,
2771 4186 2837 4241 ad
2884 4189 3197 4243 memoriam
3243 4187 3529 4256 sempiter-

1922 4287 2057 4327 nam
2092 4274 2256 4330 libelli
2285 4277 2453 4331 nostri
2484 4278 2728 4348 paginam
2764 4279 3118 4348 praebeamus,
3162 4279 3354 4349 quibus
3384 4277 3529 4332 Deus

1933 4375 2120 4420 noster
2147 4381 2252 4422 non
2278 4365 2530 4424 inferiora
2562 4383 2696 4423 sexu
2731 4368 2871 4423 virili
2902 4368 3194 4424 certamina
3222 4366 3443 4422 dunavit
3469 4374 3527 4420 et

1926 4458 2169 4527 praemia,
2202 4468 2261 4514 ut
2285 4459 2526 4517 demeret
2554 4461 2673 4516 aliis
2699 4460 3085 4532 negligentibus
3113 4475 3327 4515 omnem
3355 4473 3522 4516 excu-

229 4548 414 4615 cibum
444 4560 513 4614 ab
534 4559 640 4614 illis
662 4559 1004 4624 retineretur,
1032 4551 1267 4614 hoc'illis
1289 4560 1499 4617 locutus
1528 4572 1648 4618 est:
1697 4563 1822 4620 Pro-
1852 4575 1904 4635 ο
1931 4550 2154 4605 sationis
2175 4551 2533 4607 occasionem-
2562 4552 2694 4620 Quae
2718 4553 2838 4623 quia
2862 4567 3022 4608 sexus
3044 4551 3311 4607 inferioris
3332 4550 3522 4605 viden-

230 4663 360 4721 pter
396 4649 537 4721 quod
592 4649 754 4722 971
804 4664 946 4715 sum,
998 4650 1191 4719 inquit,
1242 4651 1456 4716 missus,
1486 4653 1587 4709 hoc
1628 4655 1822 4711 factum

230 4748 352 4805 est;
387 4753 507 4793 nam
540 4748 596 4794 ut
624 4743 801 4795 cibum
832 4754 1106 4810 caperem,
1138 4756 1295 4797 nemo
1323 4758 1410 4797 me
1437 4743 1604 4800 misit.

777 4850 1004 4916 CAPUT
1053 4851 1288 4908 XXVIII.

592 4942 705 5007 Vita
728 4941 968 5012 Epltrwm
996 4944 1202 5005 diaconi
1227 4943 1484 5001 Edisseni.

309 5030 383 5089 De
427 5033 674 5104 Ephrazm
705 5033 927 5089 diacono
971 5035 1246 5091 Edissenae
1290 5038 1532 5092 ecclesia:
1575 5039 1816 5106 (Pallad.

232 5144 350 5199 cap.
384 5126 534 5197 101),
562 5122 727 5189 multa
760 5135 810 5182 te
837 5126 1052 5191 audisse
1086 5142 1193 5182 non
1220 5128 1431 5195 dubito,
1462 5130 1652 5201 dignus
1677 5135 1818 5191 enim

233 5218 332 5287 fuit
361 5218 450 5287 qui
478 5227 623 5275 esset
648 5218 701 5272 in
732 5232 827 5273 ore
854 5228 1183 5273 sanctorum.
1207 5220 1306 5287 Qui
1335 5236 1456 5275 cum
1488 5221 1556 5275 ita
1588 5231 1645 5278 ut
1663 5239 1824 5296 opor-

234 5312 402 5375 tebat,
434 5302 535 5366 iter
562 5310 665 5364 vite
717 5310 1008 5379 spiritualis
1037 5310 1331 5380 implesset,
1384 5328 1557 5384 neque
1586 5331 1816 5386 unquam

231 5420 260 5458 a
281 5413 428 5460 recto
453 5404 664 5475 tramite
686 5403 978 5470 deviasset,
1003 5403 1196 5459 meruit
1226 5421 1321 5473 per
1342 5408 1566 5475 gratiam
1593 5410 1685 5463 Dei
1717 5425 1815 5464 na-

234 5496 485 5552 turalium
517 5496 714 5551 habere
743 5496 986 5552 notitiam
1014 5512 1195 5553 rerum
1223 5514 1237 5552 :
1282 5500 1369 5554 cui
1401 5499 1705 5557 benedictio
1733 5502 1815 5557 di-

232 5588 355 5653 vina
377 5587 667 5653 successit,
700 5595 860 5657 atque
880 5585 973 5643 illa
1000 5601 1119 5659 qua:
1146 5588 1342 5645 exinde
1371 5591 1608 5645 nascitur
1646 5591 1816 5647 beati-

1939 4652 2047 4709 tur,
2081 4660 2186 4700 non
2209 4660 2366 4715 posse
2402 4662 2462 4703 se
2490 4647 2685 4723 dicunt
2712 4648 2777 4703 ad
2808 4648 3285 4706 commendandam
3312 4646 3527 4702 virtutis

1933 4736 2151 4804 gloriam
2187 4738 2465 4807 pervenire
2489 4740 2504 4770 ¹

2487 4850 2715 4908 CAPUT
2766 4851 2959 4906 XXIX.

1932 4962 2007 5017 De
2026 4962 2218 5027 Paula,
2238 4961 2537 5028 Eustochio,
2560 4942 2804 5029 Veneria,
2824 4962 3109 5029 Theodore,
3130 4962 3276 5027 Usia,
3296 4963 3511 5033 Adolt'a,

2034 5033 2370 5100 Bassianilla,
2402 5034 2653 5101 Pltott'na,
2685 5034 2988 5099 Sabiniana,
3016 5033 3209 5101 Asella,
3239 5034 3408 5089 Avita.

1998 5145 2187 5201 Multas
2239 5146 2397 5216 igitur
2450 5146 2676 5203 feminas
2718 5147 2845 5213 vidi,
2883 5146 3247 5217 plurimasque
3292 5155 3400 5201 tam
3429 5160 3515 5201 vi-

1922 5234 2055 5290 duas
2075 5251 2232 5307 quam
2271 5238 2507 5307 virgines
2530 5238 2673 5304 novi,
2718 5238 2860 5293 inter
2892 5252 3025 5309 quas
3062 5237 3279 5293 Paulam
3317 5236 3517 5293 Roma-

1921 5343 2043 5382 nam
2059 5327 2317 5400 (Pallad.,
2332 5345 2378 5382 c.
2399 5329 2544 5399 125),
2563 5340 2783 5385 matrem
2796 5329 3003 5384 Toxotii
3019 5327 3158 5399 (28),
3176 5328 3425 5384 feminam
3445 5327 3514 5381 ad

1922 5433 2090 5487 genus
2113 5422 2257 5486 vitae,
2281 5420 2422 5489 quod
2448 5430 2531 5475 est
2553 5420 2847 5476 secundum
2873 5419 3117 5490 spiritum
3137 5458 3152 5483 .
3186 5418 3515 5479 desterrimo

1921 5505 2138 5575 ingenio
2163 5524 2177 5562 :
2202 5508 2311 5583 [cui
2340 5508 2576 5576 quidem,
2622 5510 2906 5580 quominus
2927 5509 2975 5565 ei
3002 5522 3062 5565 se
3081 5508 3259 5575 daret,
3288 5507 3517 5577 impedi-

1922 5607 2105 5654 mento
2131 5599 2229 5655 fuit
2258 5600 2611 5672 Hieronymus
2658 5602 2871 5673 quidam
2899 5614 3096 5673 genere
3125 5598 3392 5663 Dalmata,
3418 5599 3511 5666 qui

308 5697 1182 5789 fghippma‘nus‘hic_inlterscre_hat
1210 5698 1607 5759 Testamentum
1653 5702 1821 5763 sancti
1865 5702 2135 5776 Ephrarm,
2167 5709 2308 5789 quod
2335 5725 2431 5763 nec
2471 5707 2523 5765 in
2566 5710 2842 5771 Heraclide
2884 5723 2983 5769 nec
3018 5706 3073 5772 in
3117 5704 3355 5765 Palladio
3391 5714 3513 5759 est:

234 5766 400 5841 habes
424 5766 484 5827 id
513 5770 651 5827 inter
671 5781 835 5838 opera
864 5766 1133 5840 Ephracm.
