3982 6354
487 307 592 364 διδ

1595 300 1937 358 PAPENDIX
1980 302 2067 356 AD

2181 301 2310 357 ΤΑΒ
2350 301 2650 362 PATRUM.
3672 303 3784 364 316.

486 423 763 480 mulierem
814 423 1014 493 optima
1048 421 1233 477 indole
1252 421 1317 476 ad
1369 434 1533 490 genus
1565 419 1690 473 vitae
1739 419 2065 486 perrectum,
2099 420 2146 477 Α
2176 419 2410 486 nomine,
2471 420 2754 475 ducentem
2786 435 2850 476 ex
2908 421 3075 476 Tarso
3117 420 3316 490 oppido
3371 435 3539 493 genus
3575 422 3782 495 (PaL,

484 529 606 577 cum
638 515 687 567 in
719 531 783 569 eo
815 517 1027 581 multos,
1059 530 1125 569 ne
1155 515 1324 568 dicam
1367 526 1574 577 omnes,
1611 510 1920 578 longissimo
1955 516 2072 576 post

485 627 546 666 se
578 610 856 664 intervallo
892 611 1159 666 videretur
1190 624 1343 678 posse
1375 607 1695 675 relinquere,
1729 606 1838 674 ipse
1874 605 2070 660 invidia

485 715 660 756 motus
705 703 768 755 ad
808 717 964 755 suum
1021 702 1284 770 peculiare
1344 698 1551 753 vivendi
1607 697 1908 752 institutum
1951 711 2072 766 per-

485 796 698 849 traxit‘.
731 794 855 862 Ejus
900 793 1003 846 filia
1053 794 1264 848 nomine
1308 789 1648 844 Eustochium
1692 789 1742 842 in
1796 787 2068 842 Bethleem

487 886 647 938 vitam
673 885 845 940 adhuc
868 883 1230 939 monachalem
1257 879 1743 950 exercet(Pallad.,
1776 896 1889 946 cap.
1919 877 2068 945 126),

482 991 638 1044 quam
661 976 871 1046 quidem
912 990 1009 1044 ego
1042 988 1307 1039 nunquam
1338 971 1604 1024 allocutus
1631 985 1785 1032 sum;
1818 977 2069 1022 ca-ternm

481 1069 651 1122 fertur
677 1069 869 1137 insigni
899 1082 1016 1122 esse
1042 1065 1317 1134 pudicitia,
1340 1072 1394 1118 et
1416 1077 1601 1132 regere
1627 1061 1940 1117 societatem
1966 1059 2071 1112 vir-

486 1161 665 1230 ginum
695 1159 1094 1229 quinquaginta.

552 1249 678 1304 Novi
727 1251 885 1306 etiam
947 1250 1225 1306 Veneriam
1287 1246 1504 1301 nomine
1557 1243 1839 1314 quamdam
1897 1242 2068 1313 (PaL,

480 1357 527 1395 c.
577 1341 720 1410 127),
750 1340 965 1394 comitis
997 1339 1250 1394 Vallacini
1287 1338 1547 1399 relictam,
1582 1351 1702 1404 qua:
1730 1334 1908 1388 divisit
1934 1333 2070 1388 bene

481 1440 639 1499 atque
666 1431 919 1500 dispersit
947 1444 1084 1484 onus
1124 1428 1531 1497 cameli,seque
1565 1425 1906 1492 vulneribus,
1949 1441 2069 1496 qua:

477 1522 652 1574 Solent
682 1521 794 1576 fieri
823 1536 885 1576 ex
918 1519 1083 1574 nimio
1111 1535 1271 1574 onum
1302 1520 1563 1586 pondere,
1595 1517 1855 1576 liberavit.

555 1609 890 1666 Theodoram
955 1626 1167 1679 quoque
1237 1609 1428 1663 tribuni
1500 1597 1730 1676 alicujus
1785 1608 2066 1676 conjugem

477 1699 919 1771 quondam(Pal.
965 1717 1011 1752 c.
1058 1699 1210 1770 128),
1257 1699 1390 1756 adeo
1421 1698 1551 1751 nihil
1594 1698 1660 1752 de
1692 1698 1922 1766 pmpriis
1965 1698 2064 1752 sibi

2177 527 2222 562 ε.
2261 509 2406 579 itii),
2431 513 2518 579 qui
2551 526 2669 564 cum
2695 511 2932 566 venisset
2960 511 3106 577 illuc,
3137 527 3164 564 a
3192 511 3335 565 nullo
3358 525 3494 580 pene
3515 511 3761 568 detritam

2178 601 2447 670 ingresstts
2477 615 2554 656 est
2601 603 2776 667 viam;
2819 604 3015 673 quique
3046 618 3150 658 non
3184 604 3287 658 tale
3333 603 3488 672 quale
3518 618 3617 660 nos
3648 605 3766 674 plu.

2177 691 2315 756 rimi,
2345 693 2507 763 972
2556 693 2659 748 iter
2687 693 2875 760 tenuit,
2907 694 3003 748 sed
3036 709 3227 747 novum
3277 693 3377 748 sibi
3406 694 3674 763 quoddam
3713 705 3784 750 et,

2176 783 2309 837 ultra
2342 783 2585 839 homines
2615 785 2944 856 propositum
2996 783 3415 840 conversationis
3448 785 3679 852 invenit,
3709 788 3760 842 in

2175 884 2398 944 tantum,
2447 888 2502 931 ut
2531 877 2803 933 daemones
2832 893 3044 948 quoque
3072 879 3545 934 contremiscerent
3581 891 3763 934 auste-

2175 969 2386 1023 ritatem
2411 969 2547 1040 ejus,
2578 985 2641 1024 ac
2672 969 2916 1040 fugerent
2944 971 3010 1023 ab
3042 970 3240 1040 ingenti
3273 971 3389 1038 ejus
3411 970 3780 1041 abstinentia,

2172 1060 2672 1129 00ntiuuationeque
2700 1077 3006 1131 magnarum
3033 1061 3333 1129 vigiliarum
3358 1080 3372 1127 ;
3418 1070 3476 1115 ut
3506 1078 3676 1132 prope
3706 1063 3755 1117 id

2171 1150 2310 1220 quod
2343 1151 2525 1206 dicunt
2558 1153 2894 1220 phantasma,
2942 1154 3041 1207 hoc
3083 1164 3164 1208 est
3213 1169 3317 1208 non
3351 1168 3433 1209 res
3465 1170 3621 1220 vera,
3668 1155 3762 1211 sed

2173 1243 2351 1315 imago
2378 1261 2497 1300 eSse
2527 1246 2700 1314 aliqua
2734 1254 3027 1314 putaretur.

2244 1333 2347 1390 Per
2397 1337 2867 1407 Quadragesimam
2915 1337 3127 1407 quidem
3180 1336 3367 1406 quinto
3415 1351 3629 1406 quoque
3675 1336 3759 1393 die

2171 1428 2396 1493 edebat;
2441 1430 2646 1498 reliquo
2697 1445 2825 1484 vero
2884 1431 3007 1483 anni
3065 1440 3324 1498 tempore,
3375 1439 3495 1499 post
3542 1429 3756 1484 biduum

2169 1535 2382 1590 semper
2410 1521 2584 1575 cibum
2618 1537 2809 1588 capere
2837 1530 3209 1576 consueverat.
3243 1523 3351 1575 lloc
3386 1529 3565 1574 autem
3598 1521 3651 1576 in
3697 1537 3782 1576 eo.

2171 1626 2445 1680 magnum,
2477 1613 2620 1681 quod
2657 1628 2685 1666 a
2720 1611 3035 1681 vespertinis
3070 1610 3216 1666 horis
3247 1626 3412 1680 usque
3436 1611 3502 1665 ad
3551 1620 3759 1678 tempus

2173 1703 2574 1766 matutinorum,
2623 1717 2728 1771 quo
2774 1716 2957 1755 rursus
2994 1701 3176 1756 caeteri
3224 1701 3416 1756 fratres
3463 1701 3532 1754 ad
3581 1711 3758 1755 orato-

477 1792 632 1848 bonis
660 1793 946 1861 reliquisse
975 1791 1219 1860 cognovi,
1247 1802 1301 1844 ut
1328 1800 1449 1844 ante
1498 1799 1720 1844 mortem
1753 1805 1901 1844 suam
1932 1790 2064 1843 alio-
2098 1789 2140 1848 Β
2169 1795 2303 1850 rium
2359 1795 2702 1866 colliguntur,
2735 1794 2823 1849 ille
2850 1792 2902 1847 in
2950 1803 3130 1847 monte
3176 1793 3371 1847 Oliveti
3419 1803 3568 1846 stans
3607 1794 3660 1847 iu
3694 1809 3759 1849 eo

475 1899 593 1941 rum
622 1883 672 1939 ei
712 1884 1078 1940 misericordia
1101 1885 1294 1952 stipem
1325 1882 1390 1937 ad
1421 1883 1669 1938 alimenta
1702 1883 2014 1962 praeberem

551 1976 829 2031 Defecerat
857 1985 1034 2032 autem
1062 1976 1110 2029 in
1143 1976 1470 2029 monasterio
1500 1976 1640 2043 quod
1676 1974 1873 2043 Escyca
1905 1989 2064 2029 voca-

477 2066 604 2122 bulo
627 2067 932 2124 nominatur
954 2066 1095 2137 ll’al.
1122 2065 1407 2136 llesycha],
1433 2066 1674 2134 proximo
1693 2066 1847 2132 mari,
1869 2064 2063 2119 femina

479 2155 632 2228 justas
659 2156 842 2228 [Usia,
875 2155 1022 2228 PaL]
1050 2170 1261 2226 semper
1291 2156 1404 2226 (29)
1434 2170 1497 2210 ac
1528 2170 1620 2225 per
1667 2155 1843 2210 omnia
1873 2157 2067 2226 proba-

479 2247 599 2302 bilis
621 2249 743 2302 vita:
761 2247 928 2318 (PaL,
954 2267 999 2301 c.
1032 2248 1178 2315 129),
1199 2250 1350 2316 cujus
1375 2262 1612 2301 sororem
1638 2247 1797 2303 etiam
1823 2249 2065 2303 Adoliam

479 2354 732 2396 noveram
764 2339 934 2412 (PaL,
958 2355 1009 2404 c._
1041 2340 1181 2409 150).
1207 2340 1334 2407 Qua:
1361 2340 1458 2393 etsi
1486 2356 1588 2392 non
1611 2339 1779 2406 potuit
1800 2355 2067 2409 germana!

482 2434 690 2490 meritis
717 2433 1037 2502 comparari,
1069 2434 1279 2502 dignam
1321 2442 1496 2488 tamen
1541 2447 1635 2500 pro
1667 2433 1827 2486 modo
1858 2433 2067 2486 virtutis

487 2526 714 2596 propria:
742 2527 932 2580 famam
967 2525 1219 2580 habuisse
1248 2525 1413 2577 fertur
1439 2534 1492 2579 et
1525 2523 1709 2576 vitam.

557 2617 923 2671 Bassianillam
956 2632 1166 2686 quoque
1195 2617 1409 2674 nomine
1440 2614 1690 2669 feminam
1723 2613 1827 2668 vidi
1883 2612 2065 2685 (PaL,

476 2724 531 2765 ε.
576 2709 722 2780 151),
767 2709 1002 2780 magistri
1051 2707 1317 2779 quondam
1373 2707 1596 2763 militum
1627 2707 1942 2763 Candidiani
1981 2725 2069 2765 re-

479 2801 681 2870 lictam,
715 2811 959 2873 prompta
990 2812 1167 2856 mente
1196 2809 1249 2854 et
1276 2800 1512 2853 moribus
1542 2799 1743 2853 sanctis
1784 2813 1952 2869 usque
1996 2799 2063 2853 ad

478 2911 716 2966 praesens
740 2911 952 2967 quoque
978 2903 1206 2964 tempus,
1235 2892 1583 2947 vehementer
1606 2890 2069 2947 institutione-mo-

474 2989 712 3045 nachica:
741 2990 861 3044 vitae
890 3003 952 3043 ac
987 2988 1168 3043 labore
1198 2985 1499 3042 sudantem.

549 3081 644 3136 Est
668 3089 722 3136 et
749 3081 850 3134 alia
875 3079 1099 3134 Photina
1133 3079 1347 3132 nomine
1372 3079 1390 3148 (
1411 3075 1550 3139 PaL,
1584 3095 1626 3127 ιτ.
1666 3073 1809 3142 132),
1839 3072 2064 3144 presby-

2168 1886 2287 1941 loco
2346 1888 2487 1943 unde
2533 1888 2778 1944 Salvator
2836 1897 3140 1956 assumptus
3198 1897 3319 1953 est,
3378 1886 3656 1956 psallendo
3708 1897 3762 1942 et

2170 1981 2376 2036 orando
2406 1991 2722 2052 pernoctare
2751 1991 3133 2048 consueverat,
3163 1989 3218 2036 et
3243 1979 3356 2035 sive
3398 1979 3498 2034 sub
3537 1980 3758 2047 nimbis,

2167 2077 2280 2130 sive
2309 2075 2406 2130 sub
2439 2076 2628 2143 pluviis
2668 2091 2762 2130 seu
2794 2075 3016 2145 pruinis;
3047 2074 3340 2130 immobilis
3389 2076 3755 2144 permanebat.

2169 2168 2266 2234 Qui
2301 2178 2642 2236 posteaquam
2671 2169 2770 2221 hoc
2802 2169 2959 2222 modo
2983 2168 3196 2222 solitum
3221 2177 3434 2236 tempus
3462 2169 3758 2238 implesset,

2168 2260 2322 2329 signo
2345 2259 2544 2323 mallei,
2563 2274 2668 2328 quo
2692 2259 2879 2313 fratres
2901 2268 3124 2313 caeteros
3153 2259 3438 2322 excitabat,
3463 2259 3760 2328 percutiens

2171 2353 2313 2404 tores
2343 2354 2578 2405 onmium
2621 2352 2955 2416 cellularum,
2983 2351 3046 2405 ad
3087 2352 3296 2422 propria
3325 2354 3567 2406 oratoria
3596 2353 3760 2407 dedu-

2170 2444 2343 2497 cebat.
2373 2441 2426 2502 In
2459 2445 2649 2512 quibus
2697 2460 2817 2499 cum
2868 2459 3186 2514 unoquoque
3218 2460 3423 2514 _eorum
3477 2460 3644 2500 unum
3679 2447 3760 2502 vel

2170 2535 2392 2588 alterum
2426 2537 2477 2589 in
2511 2537 2831 2604 antiphouas
2873 2537 3132 2603 psalmum
3163 2551 3384 2602 canens,
3428 2536 3761 2607 totidemque

2171 2641 2290 2680 cum
2315 2628 2541 2696 singulis
2575 2644 2756 2698 preces
2802 2629 3047 2696 fundens,
3081 2631 3158 2684 sic
3206 2640 3330 2684 ante
3374 2629 3546 2684 lucem
3591 2629 3763 2685 adhuc

2173 2719 2543 2775 revertebatur
2569 2721 2634 2775 ad
2665 2721 2913 2775 cellulam
2961 2738 3131 2776 suam.
3165 2721 3335 2788 Quem
3384 2722 3584 2776 fratres
3612 2724 3762 2792 (vere

2170 2810 2311 2863 enim
2333 2811 2431 2865 sub
2466 2811 2571 2867 Deo
2597 2811 2804 2883 loquar)
2838 2814 3121 2882 spoliatum
3159 2814 3397 2869 vestibus
3428 2816 3540 2869 suis
3570 2829 3761 2884 aquam

2171 2903 2366 2972 saepius
2393 2904 2737 2970 stillantibus,
2768 2905 2888 2960 aliis
2914 2905 3226 2972 induebant,
3256 2905 3429 2962 donec
3451 2907 3559 2962 illa:
3594 2908 3760 2964 sicca-

2171 3007 2375 3050 rentur.
2411 2997 2501 3052 Sic
2531 3012 2658 3069 ergo
2687 3000 2954 3068 pauliSper
2983 3015 3175 3056 somno
3218 3001 3449 3056 refectus
3479 3017 3654 3071 usque
3697 3003 3763 3057 ad

2179 3089 2364 3144 horam
2408 3090 2643 3156 tertiam,
2696 3093 2888 3148 iterum
2932 3094 3167 3161 psalmos
3214 3109 3436 3161 canens,
3488 3098 3672 3150 venire
3701 3095 3762 3150 ad

478 3174 576 3230 teri
604 3171 903 3229 Theoctisti
930 3171 1033 3226 filia
1064 3171 1246 3240 virgo,
1278 3183 1394 3238 qua:
1421 3167 1577 3221 valde
1601 3166 1822 3220 honesta
1846 3165 2072 3219 habetur
2101 3158 2146 3222 C
2179 3182 2399 3238 διιει-ίυε
2427 3183 2532 3238 diei
2561 3197 2836 3253 vesperam
2871 3158 3153 3240 ηίέεδαιυιο,

477 3277 537 3324 ει
565 3275 770 3322 sancta.

552 3357 871 3430 [Antiochire
895 3368 1106 3426 quoque
1144 3352 1489 3409 Sabinianam
1536 3349 1776 3411 nomine.
1805 3348 2070 3403 diaconis-

481 3463 595 3503 sam
620 3446 1049 3502 honestissimam
1072 3445 1175 3498 vidi
1204 3461 1219 3509 ;
1251 3459 1369 3512 qua:
1391 3458 1510 3496 cum
1535 3443 1649 3511 ipso
1674 3441 1901 3508 colloqui
1927 3450 2071 3508 puta-

478 3539 634 3596 batur
664 3540 794 3605 Dco,
821 3553 1045 3609 qumque
1059 3538 1217 3590 amita
1239 3535 1612 3589 beatiJoannis
1626 3533 1861 3603 episcopi
1889 3529 2068 3602 fuit’.]

551 3629 736 3685 Romae
767 3629 927 3683 etiam
959 3627 1191 3683 Asellam
1223 3627 1434 3680 nomine
1463 3624 1656 3679 bonam
1690 3624 1841 3678 valde
1870 3623 2072 3678 Christi.

478 3723 738 3796 virginem
783 3722 903 3777 novi
931 3721 982 3775 in
1008 3718 1330 3774 monasterio
1357 3718 1597 3772 senuisse
1631 3715 1799 3786 (PaL,
1826 3731 1874 3769 c.
1917 3714 2066 3784 155),

477 3815 730 3872 feminam
759 3817 940 3870 mitem
968 3821 1127 3884 atque
1156 3821 1508 3877 mansuetam,
1551 3812 1942 3878 multorumque
1970 3824 2065 3863 cu-

476 3922 587 3964 ram
615 3908 721 3963 illic
748 3915 1043 3978 gerentem.
1070 3902 1169 3958 Ubi
1209 3903 1352 3958 viros
1383 3901 1543 3956 etiam
1583 3916 1702 3955 cum
1749 3899 1943 3970 conjug
1971 3899 2069 3954 bus

476 4001 588 4053 suis
617 3998 758 4064 vidi,
816 3996 1198 4051 monachorum
1229 4009 1294 4049 eo
1344 4001 1586 4062 tempore
1644 3992 1778 4046 vitas
1833 3999 1889 4048 et
1916 3989 2069 4044 insti-

479 4099 589 4145 tuta
610 4091 894 4144 discentes.

552 4179 766 4234 Avitam
796 4178 1026 4248 aliquam
1057 4177 1168 4232 Deo
1205 4175 1419 4245 dignam
1451 4188 1572 4228 cum
1602 4172 1909 4242 Aproniano
1937 4187 2068 4241 quo-

477 4272 598 4328 dam
626 4271 793 4341 ipsius
821 4271 956 4337 viro,
988 4277 1043 4324 et
1082 4269 1190 4324 lilia
1230 4283 1416 4324 eorum
1460 4267 1720 4321 Eunomia
1747 4265 1852 4318 vidi
1883 4263 2065 4335 (PaL,

479 4381 526 4418 c.
551 4362 699 4432 154),
720 4363 856 4418 adeo
883 4363 1150 4433 placentes
1182 4359 1317 4423 Deo,
1335 4365 1392 4412 ut
1413 4356 1690 4411 transferri
1708 4355 1772 4409 ad
1795 4355 2068 4409 cmlestetn

481 4458 646 4511 vitam
697 4464 820 4512 ante
860 4460 1205 4524 conspectum
1253 4451 1417 4520 ipsius
1459 4457 1813 4504 mererentur.
1875 4445 1940 4501 Et
1966 4445 2068 4516 ipsi

479 4555 621 4608 enim
650 4555 758 4622 jam
790 4551 976 4606 ultimo
1007 4549 1113 4605 line
1140 4558 1344 4603 natura:
1383 4560 1525 4600 nunc
1568 4545 1619 4598 in
1650 4541 1862 4598 Christo
1887 4543 2070 4611 quies-
2101 4534 2155 4593 D

481 4654 629 4714 cunt,
661 4644 750 4716 qui
782 4653 1119 4714 peccatorum
1146 4639 1358 4711 quidem
1389 4638 1626 4693 omnium
1656 4636 1878 4690 nexibus
1913 4634 2072 4690 abso-

485 4737 581 4791 luti
607 4744 751 4790 sunt.
785 4735 1088 4788 Divinarum
1115 4739 1294 4786 autem
1327 4743 1504 4784 rerum
1532 4726 1772 4795 peritiam
1791 4732 1950 4795 atque
1974 4738 2072 4778 no-

484 4827 652 4881 titiam
678 4840 893 4895 semper
916 4823 1235 4878 habuerunt.

1057 4929 1283 4987 CAPUT
1333 4926 1505 4984 XXX.

621 5047 742 5101 Vita
767 5047 1024 5101 beatorum
1055 5043 1258 5098 Juliaui
1286 5052 1330 5098 et
1357 5042 1529 5096 Adetii
1558 5037 1946 5094 monachorum.

560 5140 635 5196 De
659 5139 872 5193 Juliano
901 5138 1130 5208 quodam
1159 5136 1214 5192 in
1237 5136 1506 5191 Edissenre
1533 5133 1817 5204 provincia:
1831 5129 2073 5201 partibus

486 5231 592 5287 sito
617 5231 732 5286 viro
755 5229 864 5300 (qui
895 5245 1019 5285 vere
1048 5228 1342 5283 monachus
1364 5225 1665 5294 dicebatur)
1690 5225 1862 5278 audivi
1889 5221 2071 5292 (PaL,

486 5340 534 5377 c.
568 5320 715 5392 102),
745 5319 886 5391 quod
913 5335 1078 5389 usque
1115 5319 1249 5374 adeo
1277 5333 1463 5373 omnes
1490 5317 1732 5386 corporis
1761 5315 1843 5370 sui
1877 5329 2068 5369 carnes

486 5412 552 5464 ad
585 5411 808 5465 nihilum
837 5409 1154 5480 redegisset,
1188 5418 1245 5464 ut
1272 5409 1462 5478 pellem
1495 5408 1548 5462 in
1587 5422 1646 5462 se
1675 5405 1845 5460 solam
1875 5413 1928 5459 et
1953 5418 2074 5458 ossa

490 5509 835 5568 monstraret,
864 5500 935 5555 ob
976 5500 1118 5570 quod
1150 5500 1262 5570 ipse
1288 5499 1588 5555 mercedem
1613 5513 1641 5551 a
1674 5497 1808 5561 Deo,
1841 5496 2070 5550 curatio-

487 5609 613 5648 num
660 5593 884 5663 gratiam
910 5593 962 5646 in
992 5592 1178 5646 ultimo
1202 5592 1324 5648 vita:
1350 5606 1461 5645 sure
1493 5591 1597 5646 line
1628 5588 1946 5659 promeruit.

559 5683 737 5738 Alium
773 5696 986 5752 quoque
1032 5681 1138 5736 vidi
1183 5681 1319 5752 apud
1363 5680 1776 5751 Jerosolymam,
1825 5676 2075 5733 Adolium

563 5793 576 5822 ‘
609 5792 831 5849 Unciuis
862 5792 1061 5850 inclusa
1091 5793 1283 5850 desunt
1315 5792 1581 5848 lleraclidi
1612 5791 1788 5845 Fabri.

2250 3275 2374 3330 lltcc
2405 3275 2579 3331 Adolii
2599 3276 2876 3332 Tarsensis
2899 3278 3066 3332 virtus
3097 3277 3210 3343 fuit,
3257 3277 3342 3348 qui
3372 3277 3722 3348 Jerosolyma:
3743 3321 3756 3345 ,

2176 3370 2559 3424 consummatis
2589 3371 2859 3438 patientia:
2883 3371 3144 3439 moribus,
3177 3370 3330 3439 vixit,
3361 3380 3414 3426 et
3456 3371 3647 3427 ultimo
3672 3371 3761 3426 ibi-

2177 3458 2300 3515 dem
2330 3459 2435 3515 line
2461 3459 2676 3517 defecit.

2741 3595 2967 3654 CAPUT
3011 3598 3204 3656 XXXI.

2593 3717 2709 3773 Vita
2738 3717 3030 3776 Innocentii
3061 3722 3354 3793 presbyteri,

2246 3829 2324 3886 De
2350 3829 2656 3887 beatissimo
2683 3833 2992 3889 lnuocentio
3017 3836 3036 3903 (
3062 3834 3294 3902 l’atlad.,
3335 3852 3449 3907 cap.
3487 3837 3609 3908 l05)
3629 3880 3645 3904 ,
3675 3838 3761 3908 qui

2175 3921 2227 3976 in
2260 3937 2322 3978 ea
2350 3937 2470 3992 qum
2518 3934 2600 3978 est
2637 3923 2704 3978 ad
2733 3924 2937 3979 Olivam
2983 3927 3210 3982 ecclesia
3255 3929 3537 4000 presbyter
3570 3928 3686 3992 fuit,
3733 3945 3762 3985 ι

2174 4015 2358 4069 multis
2405 4016 2622 4083 quidem
2654 4025 2707 4070 et
2738 4019 2940 4085 magnis
2984 4017 3111 4072 viris
3153 4019 3376 4084 audisti,
3421 4021 3763 4077 nihilominus

2177 4114 2350 4160 tamen
2400 4109 2560 4160 etiam
2590 4122 2618 4160 a
2649 4107 2826 4174 nobis,
2857 4109 2944 4179 qui
2975 4124 3096 4164 cum
3144 4125 3210 4166 eo
3240 4112 3395 4167 annis
3441 4114 3608 4168 tribus
3637 4116 3763 4169 vixi-

2174 4213 2314 4264 mus,
2347 4213 2511 4267 pauca
2552 4215 2866 4271 cognosces.
2893 4200 3026 4255 Nam
3074 4201 3331 4271 quidquid
3360 4205 3586 4260 aliorum
3634 4222 3758 4262 ocu-

2175 4290 2255 4345 los
2286 4290 2437 4344 latuit
2461 4333 2478 4358 ,
2506 4291 2661 4347 nobis
2693 4307 2798 4347 non
2829 4293 2998 4361 potuit
3021 4294 3299 4347 occultari.

2250 4383 2344 4438 ilic
2371 4397 2498 4454 ergo
2526 4383 2957 4451 simplicissimus
2985 4385 3224 4438 omnium
3247 4385 3377 4450 fuit;
3407 4386 3494 4455 qui
3518 4401 3640 4441 cum
3672 4387 3764 4441 sub

2177 4475 2500 4547 imperatore
2546 4475 2858 4532 Constantio
2879 4517 2895 4545 ,
2920 4478 2974 4533 in
3006 4477 3280 4549 principiis
3307 4479 3423 4548 ejus
3471 4479 3684 4548 imperii
3714 4480 3765 4534 in

2179 4585 2492 4638 magnorum
2533 4573 2764 4624 virorum
2810 4570 3000 4625 ordine
3044 4571 3366 4636 militasset,
3401 4572 3601 4640 quique
3647 4586 3763 4627 cum

2179 4678 2348 4730 usque
2376 4663 2439 4716 ad
2473 4662 2599 4718 illud
2633 4673 2840 4728 tempus
2865 4678 2986 4718 cum
3039 4661 3257 4733 propria
3286 4678 3454 4717 uxore
3503 4663 3762 4729 vixisset,

2182 4753 2563 4824 babuissetque
2607 4755 2773 4809 tilium
2802 4757 3017 4811 nomine
3040 4757 3264 4810 Paulum
3286 4754 3643 4811 domesticum
3675 4759 3765 4812 mi-

2180 4845 2456 4911 litantem;
2489 4847 2554 4900 ad
2585 4856 2911 4915 postremum
2941 4848 3275 4903 renuntiavit
3313 4848 3662 4905 saecularibus
3691 4866 3760 4905 re-

2178 4935 2298 4995 bus.
2350 4937 2618 4994 Maledixit
2646 4949 2820 4995 autem
2872 4941 3085 5010 proprio
3134 4941 3243 4994 filio
3287 4941 3464 5007 Pater,
3511 4957 3578 4996 eo
3626 4943 3762 5012 quod

2182 5029 2477 5099 presbyteri
2503 5031 2725 5100 alicujus
2754 5032 2912 5085 tiliam
2944 5032 3306 5102 corrupisset,
3349 5033 3767 5104 deprecatusque

2180 5130 2260 5176 est
2291 5121 2594 5188 Dominum,
2637 5124 2816 5178 dicens
2845 5142 2856 5176 :
2891 5124 2962 5177 Da
2995 5124 3090 5190 illi,
3122 5125 3366 5191 Domine,
3405 5125 3652 5196 spiritum
3697 5137 3768 5181 lac

2184 5212 2311 5276 lem,
2345 5221 2402 5266 ut
2429 5214 2629 5267 nullum
2660 5230 2890 5282 unquam
2917 5214 2981 5267 ad
3026 5214 3351 5283 peccandum
3389 5215 3444 5269 in
3483 5230 3649 5270 carne
3677 5229 3767 5269 sua

2185 5313 2395 5373 tempus
2424 5306 2679 5360 inveniat.
2715 5305 2933 5360 Rectius
2963 5305 3079 5361 fore
3120 5307 3367 5373 credens,
3400 5307 3442 5360 si
3475 5321 3596 5361 cum
3633 5315 3770 5360 atro-

2181 5398 2342 5451 citate
2367 5398 2647 5463 damonis,
2679 5413 2835 5467 quam
2882 5412 3002 5452 cum
3051 5411 3325 5468 corporeae
3355 5397 3645 5468 voluptatis
3675 5397 3770 5452 im-

2183 5491 2413 5559 puritate
2475 5498 2726 5546 certaret.
2775 5490 2928 5555 Quod
2978 5489 3194 5560 quidem
3250 5492 3321 5545 ita
3359 5499 3418 5546 ut
3454 5490 3606 5557 dixit,
3665 5488 3768 5546 fac-

2183 5588 2293 5634 tum
2335 5589 2454 5646 est;
2487 5596 2609 5634 nam
2655 5589 2709 5635 et
2737 5595 2906 5650 usque
2956 5581 3008 5634 in
3040 5591 3353 5650 praesentem
3403 5581 3547 5636 diem
3580 5580 3769 5636 Paulus

2184 5673 2298 5742 ipse
2348 5671 2534 5727 ferreis
2575 5672 2780 5728 catenis
2829 5674 3072 5739 vinctus,
3105 5674 3157 5728 in
3195 5689 3262 5731 eo
3307 5675 3400 5746 qui
3446 5684 3528 5732 est
3578 5674 3764 5731 Oliveti

2258 5788 2275 5815 ‘
2307 5784 2522 5862 chiuis
2550 5781 2753 5840 inclusa
2780 5783 2977 5840 desunt
3006 5783 3257 5841 Palladio.
