3982 6354
210 325 319 384 517

212 535 297 589 sui
326 531 662 600 correptione
691 519 982 597 cruciatur.

286 625 388 681 llic
434 624 551 693 ipse
596 620 937 676 Innocentius
978 634 1138 689 quam
1183 619 1492 674 misericors
1538 616 1716 679 fuerit,
1765 605 1810 669 si

211 717 481 773 veraciter
509 715 713 771 referre
749 715 988 780 voluero,
1031 713 1262 767 delirare
1294 727 1378 765 me
1412 712 1464 764 in
1494 707 1809 777 quibusdam

213 809 459 871 forsitan,
486 822 581 876 pro
601 807 719 876 ejus
741 804 1083 872 simplicitate
1103 803 1221 870 quis
1241 802 1417 870 judiea
1429 801 1519 853 bit.
1541 799 1671 853 Nam
1703 797 1810 852 fre-

213 909 445 971 quenter
465 913 586 951 eum
616 897 940 962 surripuisse
961 895 1072 950 suis
1099 894 1350 952 fratribus
1378 893 1549 957 cibos,
1577 900 1629 942 et
1651 904 1813 960 egen-

214 990 362 1053 tibus
394 989 606 1044 dedisse
635 987 881 1056 cognovi.
933 987 989 1040 lu
1037 986 1355 1040 immensum
1405 984 1548 1038 enim
1596 983 1811 1036 modum

214 1081 449 1148 simplex
483 1090 619 1146 erat,
652 1093 824 1148 neque
851 1078 1140 1147 quidquam
1175 1077 1300 1130 mali
1331 1091 1424 1130 cor
1446 1074 1612 1146 ipsius
1636 1081 1812 1129 norat.

145 1222 160 1226 ,
217 1169 377 1228 Unde
405 1169 637 1224 divinam
667 1185 882 1240 quoque
927 1168 1014 1223 hic
1055 1167 1278 1239 gratiam
1311 1176 1496 1226 contra
1543 1165 1814 1223 daemones

215 1264 437 1320 meruit.

293 1359 376 1413 Ad
407 1373 564 1426 quem
593 1372 715 1413 cum
751 1355 1037 1424 aliquando
1066 1354 1367 1410 videntibus
1398 1354 1572 1419 nobis,
1603 1352 1813 1422 juvenis

214 1450 437 1518 quidam
483 1448 668 1502 fuisset
710 1449 1001 1512 exhibitas,
1031 1462 1189 1514 quem
1241 1448 1459 1516 spiritus
1508 1445 1815 1500 immundus

215 1542 558 1610 impleverat,
581 1548 638 1594 et
679 1539 926 1593 omnibus
958 1549 1126 1593 totum
1159 1539 1391 1594 solverat
1439 1537 1728 1602 membris;
1762 1538 1814 1591 in

213 1641 452 1697 tantum,
486 1640 544 1685 ut
570 1645 671 1702 ego
700 1629 885 1685 videns
915 1646 1038 1686 eum
1067 1631 1275 1684 eminus
1300 1629 1479 1690 talem.
1505 1644 1676 1698 neque
1703 1643 1816 1682 am-

214 1724 414 1796 bigens
445 1739 549 1780 non
582 1738 740 1793 posse
768 1722 966 1789 curari,
1008 1731 1231 1776 matrem
1262 1721 1379 1790 ejus
1413 1721 1500 1790 qui
1536 1719 1814 1775 videbatur

1421 317 1836 377 IIERACLIDIS
1874 318 2283 376 PABADISUS.

212 451 406 498 monte
441 439 706 505 causastit,
737 447 791 493 et
819 437 887 492 ab
917 435 1187 491 immundo
1215 433 1403 504 spiritu
1434 449 1530 506 pro
1567 431 1807 488 criminis
1834 434 1885 492 Α

3388 320 3496 378 Si?!

1985 432 2080 488 llic
2109 448 2174 488 eo
2203 443 2462 502 tempore,
2486 445 2592 502 quo
2612 430 2852 487 Julianus
2880 430 3058 486 infelix
3086 432 3299 488 tenebat
3329 434 3499 504 impe-

1916 526 2078 591 rium,
2108 527 2456 582 saecularibus
2486 524 2810 580 renuntiavit
2851 525 3041 588 rebus,
3075 540 3372 596 magnaque
3415 528 3498 584 ei-

1915 617 2036 672 dem
2055 657 2072 684 ,
2104 617 2456 687 interrogatus
2485 617 2553 671 ab
2580 631 2668 683 eo,
2693 632 2815 671 cum
2846 616 3164 671 auctoritate
3195 619 3495 688 respondit.

1915 714 2082 779 Quem
2123 721 2246 767 tunc
2285 713 2375 765 ille
2425 711 2657 780 (calvitie
2691 709 2863 765 eidem
2921 710 3069 776 prius
3112 710 3284 779 facta)
3341 711 3502 779 jussit

1917 804 2096 873 pueris
2127 802 2416 857 verberari.
2447 799 2545 868 Qui
2575 801 2894 870 supplicium
2924 800 3196 872 plagarum
3221 802 3504 870 patientis-

1915 899 2050 952 sime
2089 895 2288 960 fereus,
2320 896 2578 950 maximas
2625 895 2671 948 ei
2717 895 2917 962 gratias
2945 895 3094 963 egit,
3135 894 3273 949 sicut
3318 905 3502 963 postea

1914 987 2069 1040 nobis
2095 996 2149 1040 et
2187 987 2300 1054 ipse
2340 985 2622 1041 referebat.
2675 985 2808 1039 Iluic
2857 994 3030 1040 tamen
3066 986 3208 1041 inter
3246 987 3503 1056 principia

1914 1093 2037 1134 cum
2069 1078 2413 1132 fornicatione
2440 1092 2502 1132 ac
2524 1077 2723 1131 ventris
2752 1079 3040 1131 voracitate
3062 1078 3377 1148 gravissima
3405 1079 3505 1134 fuit

1917 1186 2089 1239 pugna
2118 1190 2133 1235 ς
2161 1183 2296 1239 quos
2317 1169 2408 1223 ille
2436 1170 2597 1223 animi
2627 1177 2681 1222 ct
2707 1170 2948 1238 corporis
2987 1170 3203 1224 morbos
3242 1170 3315 1225 ita
3345 1186 3506 1240 supe-

1916 1264 2084 1326 ravit,
2121 1263 2263 1316 velut
2292 1263 2483 1332 siquis
2523 1263 2842 1316 immensum
2885 1262 3189 1318 incendium
3241 1263 3507 1320 validissi-

1915 1356 2017 1411 mis
2038 1356 2190 1424 aquis
2211 1355 2534 1426 exstinguat.
2570 1354 2624 1408 ln
2648 1357 2877 1424 quadam
2903 1357 3043 1411 enim
3071 1373 3130 1412 se
3151 1357 3338 1412 cellula
3360 1359 3507 1412 clau-

1915 1462 2054 1513 sum,
2090 1449 2228 1503 ferro
2273 1463 2484 1515 semper
2515 1449 2790 1511 oneravit,
2823 1463 2927 1502 non
2980 1464 3168 1518 panem
3215 1450 3409 1505 factum
3440 1466 3507 1507 ex

1916 1539 2092 1594 tritico
2138 1540 2300 1594 edere
2349 1541 2534 1602 voluit,
2568 1540 2768 1594 nullum
2809 1550 3017 1594 coctum
3066 1542 3276 1612 ignibus
3325 1545 3503 1598 cibum

1915 1633 2162 1700 sumpsit.
2197 1632 2272 1686 Ac
2306 1641 2414 1686 tum
2446 1632 2660 1686 demum
2685 1633 2735 1685 in
2766 1632 2948 1686 decem
2975 1643 3029 1687 et
3051 1643 3174 1688 octo
3202 1634 3374 1700 annis,
3398 1651 3510 1690 me-

1919 1725 2141 1780 moratis
2190 1726 2521 1795 passionibtts
2561 1725 2814 1787 domitis,
2869 1725 3087 1795 dignum
3138 1727 3227 1780 tali
3286 1728 3507 1782 victoria

213 1818 517 1877 exhibitus,
542 1818 784 1884 aliosque
803 1818 891 1884 qui
909 1831 1030 1869 eum
1053 1815 1406 1878 deduxerant,
1428 1813 1643 1883 propelli
1668 1813 1813 1882 jube-
1844 1805 1890 1864 Β
1921 1819 2174 1889 hymnum
2211 1819 2318 1872 Deo
2342 1819 2558 1883 cecinit,
2587 1818 2773 1872 dit-ens
2799 1834 2812 1871 :
2841 1816 3099 1872 Exaltaho
3137 1827 3210 1886 te,
3251 1819 3506 1885 Domine,

213 1925 360 1965 rem.
393 1910 580 1973 Evenit
607 1920 784 1963 autent
823 1910 958 1963 inter
991 1910 1104 1961 haec
1129 1920 1186 1960 ut
1215 1907 1586 1976 superveniret
1613 1921 1774 1960 senex
1798 1946 1815 1972 ,

212 2016 287 2055 ac
313 2008 546 2053 stantem
585 2008 786 2052 etcum
836 1997 1216 2052 lamentatione
1260 1996 1546 2051 deflentem
1601 2006 1818 2064 propter

215 2101 332 2145 tam
392 2090 804 2144 ineuarrabilem
861 2089 953 2142 ﬁlii
1004 2090 1245 2143 morbum
1305 2097 1528 2141 matrem
1589 2088 1817 2142 videret.

216 2181 412 2237 Victus
459 2198 589 2250 ergo
634 2183 890 2238 continuo
930 2182 1011 2235 vir
1063 2182 1153 2236 ille
1199 2181 1516 2234 venerabilis
1566 2180 1820 2250 lacrymis

216 2273 364 2343 ejus,
396 2290 460 2327 ex
490 2274 683 2328 affectu
713 2273 886 2327 sancti
930 2272 1107 2327 cordis
1157 2273 1434 2342 ingemuit,
1461 2271 1823 2341 juvenemque

216 2365 582 2436 apprehendit
605 2381 782 2432 manu,
808 2374 860 2418 et
886 2365 1022 2419 intra
1040 2364 1331 2418 oratorium
1356 2379 1532 2427 suum,
1553 2363 1691 2432 quod
1710 2364 1824 2432 ipse

218 2467 628 2521 construxerat,
650 2459 775 2510 etin
805 2472 909 2527 quo
932 2456 1184 2526 reliquias
1206 2455 1374 2510 sancti
1400 2455 1619 2510 Joannis
1645 2455 1826 2525 Bapti-

220 2559 329 2604 stae
351 2550 726 2610 collocaverat,
757 2548 942 2614 duxit,
973 2556 1135 2617 atque
1165 2547 1270 2602 illic
1308 2549 1602 2602 orationem
1640 2563 1734 2616 pro
1759 2562 1826 2602 eo

221 2640 431 2697 faciens
460 2657 489 2693 a
519 2643 671 2696 tertia
701 2655 893 2695 nonam
926 2655 1098 2710 usque
1121 2640 1305 2696 horam
1340 2640 1469 2704 diei,
1501 2641 1826 2694 incolumem

221 2748 354 2790 eum
400 2732 516 2800 ipso
567 2731 653 2786 die
707 2731 972 2797 reddidit,
1024 2741 1300 2801 purgatum
1352 2733 1619 2798 daemone,
1671 2741 1830 2802 atque

224 2822 584 2878 constrictum
614 2823 863 2876 omnibus
895 2822 1188 2886 membris‘;
1220 2839 1340 2893 qua:
1364 2838 1532 2891 usque
1551 2823 1686 2878 adeo
1711 2823 1829 2880 fue—

225 2922 359 2969 rant
383 2914 665 2978 dissoluta,
696 2922 755 2968 ut
796 2913 1006 2984 quoties
1052 2913 1231 2968 infelix
1273 2931 1400 2984 puer
1440 2915 1698 2970 voluisset
1738 2929 1832 2969 ex-

225 3021 455 3075 spuere,
486 3007 538 3061 iu
571 3015 777 3076 tergum
803 3015 955 3076 sputa
981 3004 1228 3075 jactaret.
1263 3007 1336 3061 Ita
1363 3022 1484 3062 eum
1515 3007 1836 3064 distorserat

227 3097 472 3151 denton.

1921 1910 2168 1978 quoniam
2198 1909 2479 1978 suscepisti
2511 1925 2596 1964 me
2617 1951 2633 1975 ,
2667 1925 2762 1963 nec
2787 1909 3065 1964 delectasti
3095 1909 3334 1965 inimicos
3359 1925 3510 1966 meos

1921 2019 2081 2074 super
2108 2021 2193 2060 me
2211 2004 2382 2076 (Psal.
2418 2005 2590 2074 xxix).
2619 2005 2713 2058 Cui
2736 2004 2987 2074 frequens
3008 2019 3219 2073 semper
3245 2014 3298 2061 et
3327 2007 3506 2064 varius

1923 2114 2043 2154 cum
2066 2101 2221 2168 spirit
2241 2100 2341 2156 bus
2363 2099 2585 2168 impuris
2608 2114 2701 2168 per
2721 2099 3071 2168 quadraginta
3091 2113 3280 2164 annos,
3305 2099 3512 2169 patien-

1927 2191 2133 2245 tissime
2162 2192 2298 2246 intra
2329 2193 2482 2245 unius
2514 2190 2821 2246 monasterii
2863 2191 3097 2245 claustra
3126 2189 3357 2260 degenti,
3385 2205 3514 2246 con-

1928 2281 2101 2334 flictus
2131 2281 2248 2335 fuit.

1957 2432 1960 2437 ,
1998 2373 2160 2443 973
2203 2373 2312 2426 lloc
2358 2385 2571 2440 quoque
2623 2371 2780 2425 nobis
2824 2370 3032 2426 solebat
3074 2371 3214 2426 idem
3261 2369 3502 2438 referre,

1930 2467 2070 2534 quod
2108 2481 2200 2535 per
2231 2463 2579 2533 quadraginta
2611 2479 2674 2519 ac
2702 2465 2838 2518 duos
2868 2476 3040 2518 annos
3062 2478 3126 2518 ex
3155 2463 3302 2518 nullo
3329 2478 3516 2534 pomo-

1931 2573 2048 2611 rum
2076 2572 2270 2627 genere
2298 2566 2582 2624 gustasset.
2611 2555 2741 2611 Cum
2771 2565 2950 2611 autem
2984 2565 3163 2612 metus
3194 2555 3341 2611 illum
3376 2571 3518 2610 mor-

1934 2651 2001 2704 tis
2050 2649 2340 2717 aliquando
2381 2656 2643 2714 vexaret;
2673 2663 2769 2718 per
2812 2663 2905 2702 sex
2948 2663 3118 2703 annos
3160 2647 3419 2702 clausisse
3458 2661 3520 2702 se

1937 2741 2073 2795 intra
2103 2742 2414 2795 memoriam
2440 2748 2794 2803 mortuorum,
2825 2746 2882 2793 ut
2910 2738 3233 2804 daemonem,
3267 2752 3424 2807 quem
3452 2751 3521 2792 ex

1935 2832 2220 2886 formidine
2257 2832 2547 2900 sepultura:
2578 2830 2873 2885 terribilem
2919 2831 3216 2894 sentiebat,
3251 2827 3302 2882 in
3335 2827 3522 2897 sepul-

1937 2923 2046 2978 cris
2073 2922 2361 2977 habitando
2391 2929 2692 2990 superaret.
2723 2921 2975 2975 Libenter
3007 2921 3149 2974 hunc
3177 2930 3395 2973 sanctus
3419 2917 3522 2971 Ba-

1939 3015 2088 3068 silius
2118 3015 2400 3083 episeopus
2440 3012 2620 3067 habuit
2654 3013 2707 3066 in
2740 3011 3018 3078 memoria,
3064 3009 3426 3066 districtos'in
3455 3024 3523 3066 eo

1945 3121 2123 3160 mores
2177 3120 2394 3174 semper
2447 3120 2509 3159 ac
2563 3105 2865 3174 simplices,
2936 3104 3397 3174 intentionemque
3452 3103 3524 3159 ad

309 3188 537 3243 Anicula
559 3186 801 3257 quaedam
823 3186 955 3240 adiit
981 3201 1333 3244 memoratum
1361 3190 1556 3257 virum,
1587 3205 1836 3260 quaerens
1863 3178 1909 3240 C
1945 3197 2110 3250 Deum
2161 3196 2438 3266 dirigens:
2463 3197 2550 3265 qui
2601 3210 2769 3266 usque
2800 3195 2864 3250 ad
2912 3205 3202 3265 praesentes
3249 3194 3365 3249 dies
3416 3209 3526 3250 non

232 3296 396 3336 ovem
433 3295 588 3350 quam
633 3293 693 3334 se
732 3278 1026 3348 perdidisse
1053 3280 1304 3336 deﬂebat.
1337 3282 1554 3338 Dicebat
1583 3298 1713 3352 ergo
1742 3287 1790 3338 ei
1819 3297 1834 3336 :

233 3373 482 3430 Ostende
505 3373 635 3428 mihi
664 3373 860 3443 ipsum,
893 3373 942 3426 iu
977 3389 1082 3441 quo
1113 3374 1415 3443 perdidisti,
1440 3373 1636 3428 locum.
1665 3375 1836 3442 Quem

235 3465 439 3521 mulier
498 3480 617 3518 cum
672 3465 738 3520 ad
796 3467 883 3522 illa
939 3466 1133 3538 quibus
1189 3465 1446 3521 Lazarion
1503 3482 1701 3522 nomen
1759 3478 1843 3522 est

238 3556 555 3612 deduxisset
602 3559 740 3624 loca,
773 3558 922 3613 stetit
951 3558 1078 3622 illic,
1122 3566 1177 3611 et
1205 3557 1465 3612 instanter
1507 3559 1704 3614 oravit.
1749 3558 1844 3615 Ju-

239 3663 415 3704 venes
468 3661 645 3704 autem
695 3649 787 3719 qui
834 3649 992 3705 furati
1028 3664 1183 3705 ovem
1235 3649 1476 3715 fuerant,
1524 3650 1634 3723 jam
1682 3653 1842 3706 etiam

240 3741 556 3796 occiderant
607 3757 747 3797 eam.
796 3743 927 3797 Dum
981 3744 1139 3814 igitur
1181 3758 1395 3814 precem
1447 3743 1648 3810 fundit,
1699 3746 1846 3798 nullo

243 3834 465 3900 penitus
513 3834 835 3900 confitente,
891 3835 1141 3890 carnibus
1205 3845 1381 3890 autem
1428 3834 1596 3905 ipsius
1638 3837 1847 3904 pecoris

246 3925 392 3983 intra
442 3925 652 3980 vineam
700 3942 819 3996 quae
849 3925 1123 3996 adjacebat
1162 3925 1445 3990 abstrusis,
1477 3927 1659 3981 subito
1685 3943 1847 3996 supra

248 4017 403 4086 ipsas
433 4016 663 4071 volitans
707 4031 900 4070 corvus
942 4016 1119 4084 stetit,
1170 4028 1481 4089 partemque
1529 4017 1655 4072 inde
1701 4016 1851 4072 aufe—

247 4126 383 4166 rens
434 4112 630 4177 carnis,
679 4127 864 4166 rursus
902 4111 1184 4166 abscessit.
1215 4110 1330 4177 Quo
1360 4111 1511 4176 viso,
1554 4109 1644 4164 ille
1686 4125 1851 4166 vene-

249 4203 443 4258 rabilis
495 4219 659 4259 senex
703 4205 901 4259 furtum
951 4203 1092 4274 quod
1141 4204 1415 4258 celabatur
1455 4203 1678 4258 invenit.
1729 4204 1850 4258 Mox

248 4307 436 4351 autem
461 4297 690 4366 juvenes
721 4299 817 4368 ipsi
855 4298 1172 4353 confitentes
1203 4298 1478 4367 proprium
1525 4310 1752 4363 reatum,
1787 4297 1852 4350 ad

251 4388 422 4459 pedes
476 4389 590 4458 ejus
646 4389 1005 4458 prociderunt.
1068 4389 1112 4443 A
1149 4387 1338 4457 quibus
1387 4396 1568 4456 postea
1627 4387 1853 4456 pretium

254 4481 403 4550 quod
429 4480 630 4550 justum
677 4480 955 4537 videbatur
979 4488 1227 4535 exactum
1266 4489 1370 4545 est,
1396 4488 1451 4534 et
1481 4479 1689 4533 mulieri
1735 4481 1857 4534 red-

256 4570 456 4628 ditutn.

815 4683 1043 4740 CAPUT
1075 4682 1291 4738 XXXII.

695 4817 815 4872 Vita
841 4816 1127 4871 Philoromi
1158 4815 1458 4888 presbyteri.

342 4953 707 5012 Philoromum
771 4951 988 5007 nomine
1044 4952 1413 5022 presbyterum
1468 4951 1750 5021 quemdam
1807 4954 1859 5008 in

265 5045 492 5101 Galatiae
549 5045 768 5112 regione
808 5043 1035 5113 cognovi
1077 5042 1316 5109 (Pallad.
1343 5084 1359 5108 ,
1403 5060 1450 5097 ε.
1510 5043 1696 5114 115),
1739 5059 1860 5098 cum

264 5151 374 5204 quo
405 5135 570 5190 tnulto
616 5137 775 5190 etiam
818 5145 1057 5203 tempore
1087 5135 1180 5189 fui.
1215 5135 1388 5200 Quem
1433 5134 1604 5189 virum
1654 5135 1861 5204 patien-

265 5225 489 5280 tissima:
543 5226 706 5280 fuisse
752 5227 1003 5293 virtutis,
1057 5241 1121 5280 ac
1182 5225 1477 5295 perfectum
1528 5242 1626 5294 per
1680 5226 1859 5282 omnia

270 5318 594 5372 monachum
625 5318 998 5387 comprobavi,
1031 5318 1120 5386 qui
1151 5333 1216 5372 ex
1260 5318 1452 5373 ancilla
1501 5319 1715 5388 quidem
1747 5333 1864 5373 ma-

270 5420 372 5475 tre,
397 5411 464 5464 ab
491 5409 724 5478 ingenuo
755 5418 930 5466 tamen
956 5423 1102 5478 pa're
1129 5409 1302 5464 fuerat
1326 5422 1657 5479 procreatus.
1677 5410 1864 5466 Tantas

270 5511 449 5559 autem
477 5504 900 5559 conversationis
942 5513 998 5558 et
1033 5503 1292 5558 libertatis
1322 5519 1443 5573 quae
1481 5503 1544 5559 ad
1591 5503 1862 5559 Christum

274 5597 504 5667 pertinet
533 5597 652 5664 fuit,
683 5607 737 5652 ut
786 5597 945 5652 etiam
991 5597 1064 5651 illi
1109 5597 1198 5666 qui
1233 5595 1510 5651 nobilitate
1533 5597 1746 5666 generis
1784 5596 1865 5651 iu-

275 5688 606 5758 superabiles
659 5687 996 5754 videbantur,
1041 5687 1428 5746 erubescerent
1477 5701 1540 5745 ac
1589 5697 1865 5759 stuperent

278 5798 456 5840 mores
481 5782 597 5854 ejus
622 5791 778 5853 atque
803 5781 1043 5837 virtutes.

1944 3287 2141 3342 desinit
2161 3287 2328 3342 libros
2345 3290 2556 3357 propria
2581 3303 2740 3342 manu
2764 3288 3021 3350 scribere,
3052 3287 3211 3341 etiam
3230 3300 3351 3341 cum
3379 3297 3528 3342 octo-

1943 3383 2089 3452 ginta
2119 3396 2289 3436 annos
2319 3390 2458 3450 agat.

2018 3473 2238 3528 Dicebat
2268 3473 2370 3526 hoc
2397 3477 2559 3527 etiam
2603 3472 2717 3541 ipse
2747 3471 3117 3538 beatissimus,
3150 3471 3291 3541 quod
3332 3487 3398 3526 ex
3426 3487 3530 3541 quo

1945 3570 2240 3639 accepisset
2291 3570 2560 3623 lavacrum
2614 3569 3054 3640 regenerationis,
3103 3579 3263 3640 atque
3291 3571 3533 3642 mysterii

1947 3662 2172 3732 gratiam
2199 3659 2512 3730 spiritualis,
2565 3674 2733 3728 usque
2764 3661 2816 3713 in
2866 3669 3182 3728 praesentem
3221 3660 3386 3727 diem,
3419 3661 3533 3716 sine

1951 3768 2109 3810 causa
2137 3767 2195 3809 se
2221 3751 2442 3806 alterius
2465 3765 2599 3820 pane
2622 3766 2773 3805 usum
2801 3750 2960 3806 fuisse
2978 3751 3235 3815 nesciret;
3268 3751 3361 3806 sed
3386 3754 3527 3821 quod

1951 3862 2018 3901 ex
2049 3845 2318 3901 laboribus
2345 3844 2597 3914 propriis,
2641 3843 2797 3897 sicuti
2831 3841 3154 3911 persuadere
3192 3852 3317 3897 ante
3367 3843 3534 3898 Deum

1955 3937 2111 3992 nobis
2127 3936 2354 4001 solebat,
2379 3936 2640 3990 ducentos
2661 3933 3040 4003 quinquaginta
3064 3934 3263 3989 solidos
3288 3934 3537 4004 elephan-

1957 4028 2097 4083 tioso
2142 4026 2507 4084 laborantibus
2548 4027 2736 4080 morbo
2777 4025 3033 4091 dedisset,
3085 4036 3539 4098 memoratamque

1958 4121 2352 4191 pecuniamnon
2380 4135 2443 4174 ex
2459 4119 2771 4188 cujusquam
2805 4119 3025 4172 alterius
3057 4120 3140 4174 vel
3168 4119 3273 4176 levi
3301 4119 3497 4176 damno
3522 4165 3537 4188 ,

1957 4213 2052 4269 sed
2083 4228 2149 4268 ex
2173 4227 2427 4266 manuum
2459 4225 2674 4266 suarum
2703 4210 2955 4280 operibus
2988 4211 3326 4278 praestitisse.

2033 4308 2133 4376 Qui
2163 4307 2410 4377 pedester
2442 4305 2544 4360 iter
2568 4320 2729 4359 omne
2774 4304 3088 4368 conﬁciens,
3122 4303 3344 4357 Romam
3377 4316 3544 4372 usque

1961 4401 2229 4470 pervenit,
2258 4409 2417 4466 atque
2450 4402 2502 4450 in
2526 4397 2752 4452 ecclesia
2776 4396 2948 4452 sancti
2981 4395 3123 4450 Petri
3150 4394 3405 4463 Paulique
3425 4408 3544 4448 ora-

1965 4490 2201 4544 tionibus
2244 4488 2424 4551 factis,
2458 4502 2642 4542 rursus
2670 4488 2737 4541 ad
2768 4485 3144 4542 Alexandriam
3188 4485 3435 4553 pedester
3462 4499 3544 4540 re-

1883 4560 1936 4619 D
1964 4584 2200 4646 meavit;
2233 4583 2321 4636 ubi
2354 4583 2544 4636 iterum
2574 4595 2785 4651 precem
2815 4581 2950 4635 fudit
2972 4580 3023 4634 in
3048 4580 3268 4634 basilica
3300 4581 3547 4650 martyris

1964 4675 2319 4744 Evangelistae
2349 4675 2532 4729 Marci.
2565 4673 2915 4744 Jerosolymae
2945 4675 3103 4728 etiam
3131 4671 3368 4727 secundo
3410 4671 3544 4736 fuit,

1965 4785 2062 4838 pro
2089 4767 2297 4822 honore
2319 4775 2628 4820 sanctorum
2658 4765 2924 4829 locorum,
2972 4761 3308 4832 propriisque
3334 4774 3547 4828 semper

1963 4858 2262 4924 sumptibus
2286 4871 2349 4910 ac
2379 4856 2598 4925 pedibus
2642 4866 2904 4924 martyres
2951 4863 3164 4908 sanctos
3197 4853 3248 4907 in
3281 4853 3532 4907 omnibus

1967 4949 2296 5006 sufficienter
2341 4948 2642 5004 honoravit.
2671 4946 2771 5014 Qui
2796 4955 2851 5000 et
2891 4947 2993 4999 hoc
3020 4945 3084 4997 ad
3115 4953 3352 5000 nostram
3384 4944 3548 4999 aediﬁ-

1967 5043 2234 5097 cationem
2264 5055 2409 5108 saepe
2435 5039 2669 5107 dicebat,
2717 5053 2822 5092 non
2851 5053 2909 5092 se
2940 5037 3248 5093 meminisse
3277 5038 3420 5109 quod
3447 5054 3547 5094 un-

1965 5150 2127 5204 quam
2158 5133 2408 5189 sensibus
2438 5135 2550 5189 suis
2577 5147 2608 5186 a
2631 5133 2741 5186 Deo
2772 5131 2934 5186 fuerit
2962 5141 3260 5200 separatus.

2043 5224 2167 5279 llaec
2189 5235 2314 5278 sunt
2359 5223 2654 5279 beatissimi
2685 5220 2978 5278 Philoromi
3007 5223 3324 5289 certamina,
3357 5207 3550 5292 quibus

1964 5316 2192 5372 invictus
2233 5317 2494 5384 apparuit,
2519 5323 2575 5369 et
2605 5315 2717 5369 hzrc
2741 5324 3046 5370 sanctorum
3081 5315 3295 5370 Patrum
3309 5311 3548 5370 "immar-

1970 5410 2244 5467 cescibilis
2271 5409 2319 5464 ei
2351 5407 2537 5478 gloriae
2566 5421 2764 5462 corona
2794 5409 2989 5464 donata

2507 5497 2739 5554 CAPUT
2778 5497 3013 5556 XXXIII.

2448 5589 2565 5644 Vita
2595 5589 2837 5644 Melania:
2873 5592 3089 5644 senioris

2043 5683 2237 5738 Sancta
2260 5680 2347 5736 illa
2375 5688 2430 5735 et
2451 5679 2675 5736 multum
2707 5681 2861 5737 beata
2884 5679 3107 5736 Melania
3136 5677 3403 5750 (Pallad.,
3435 5695 3552 5746 cap.

1977 5781 2124 5852 “7),
2158 5780 2223 5835 de
2252 5777 2486 5847 Hispano
2521 5779 2604 5835 vel
2637 5778 2821 5834 urbico
2840 5790 3036 5847 genere
3057 5771 3414 5840 descendens,
3446 5773 3556 5828 filia
