3982 6354
497 336 602 395 ω

1603 334 1943 390 Al‘PENDlX
1984 334 2075 390 AD
2119 334 2320 393 VITAS
2361 338 2665 395 ΡΑΉιῐΜ.

3672 342 3789 401 πο

496 457 711 527 quidem
797 454 1087 510 Marcellini
1182 468 1462 526 cujusoam
1550 453 1856 508 exconsulis
1936 450 2037 507 fuit
2060 492 2076 518 ,
2107 451 2159 509 Α
2259 450 2384 506 Erat
2408 455 2570 508 etiam
2601 468 2721 509 cum
2753 467 2817 510 ea
2840 453 3088 510 Rufﬁnus
3113 468 3332 525 quinam
3363 454 3605 521 nomine,
3640 457 3777 512 civis

498 564 635 606 uxor
707 559 885 603 autem
961 546 1238 618 cujusdam
1316 544 1646 600 honorabilis
1714 544 1851 609 viri,
1924 543 2081 615 cujus

498 656 690 696 nomen
721 638 1032 694 meminisse
1060 653 1166 693 non
1200 652 1438 707 possum.
1467 638 1598 703 Quae
1620 637 1879 707 vigesimo
1910 652 1970 691 ac
1994 651 2081 691 se-

496 735 671 791 cundo
700 733 873 790 aetatis
900 748 1013 788 suae
1040 748 1186 787 anno
1214 734 1278 787 ad
1319 733 1630 787 viduitatem
1659 733 1899 800 redacta,
1945 732 2083 788 divi-

498 826 678 882 nitatis
706 840 912 889 amore,
944 833 1147 879 aeterno
1172 840 1379 896 sponso.
1398 824 1599 881 meruit
1615 826 1874 894 copulari,
1909 841 2081 897 usque

496 920 549 976 in
579 919 740 975 ﬁnem
770 919 1031 974 vitassua:
1067 918 1296 987 diligens
1344 933 1487 972 eum.
1535 918 1665 987 Quae
1707 918 1840 973 nulli
1870 930 2079 976 secreta

499 1012 662 1067 animi
681 1010 763 1067 sui
795 1010 1026 1079 prodens
1048 1009 1454 1080 (prohibebatur
1476 1011 1621 1064 enim
1663 1011 1802 1066 inter
1823 1012 2079 1081 principia

500 1104 741 1160 \‘alentis
774 1101 1030 1173 imperii),
1057 1113 1400 1172 procuratore
1444 1110 1567 1156 ante
1597 1102 1707 1156 ﬁlio
1735 1117 1835 1158 suo
1879 1104 2081 1157 consti-

499 1206 646 1262 tuto,
691 1210 755 1251 ea
787 1210 905 1265 quae
952 1194 1149 1248 habere
1192 1195 1243 1248 in
1301 1194 1587 1248 mobilibus
1632 1193 1911 1249 videbatur
1954 1210 2076 1250 cum

496 1289 655 1343 certis
678 1288 854 1356 puer-is
882 1300 944 1340 ac
974 1286 1164 1352 puellis
1193 1286 1245 1339 in
1288 1300 1478 1341 navem
1512 1286 1677 1351 misit,
1709 1286 1889 1356 itaque
1930 1286 2074 1341 festi-

495 1396 630 1436 nans
679 1380 1059 1435 Alexandriam
1100 1380 1385 1450 navigavit.
1431 1381 1507 1435 Ex
1533 1396 1637 1451 qua
1689 1381 2072 1453 (posteaquam

494 1474 601 1527 illic
629 1472 807 1525 omnia
851 1471 1115 1538 vendidit,
1164 1482 1217 1527 et
1246 1474 1297 1526 in
1332 1474 1586 1541 pecunias
1632 1483 1802 1530 totum
1832 1485 1993 1546 atque
2023 1477 2075 1531 in

490 1581 678 1621 aurum
710 1564 955 1635 redegit)
984 1564 1171 1619 Nitriae
1198 1565 1371 1634 attigit
1398 1576 1632 1621 montem
1655 1585 1668 1633 ;
1695 1578 1856 1638 atque
1878 1569 2074 1626 ibidem

492 1659 828 1713 venerabiles
857 1670 1036 1727 patres
1067 1657 1197 1711 vidit
1246 1658 1444 1712 Pantho
1494 1660 1858 1716 beatissimum
1878 1704 1893 1727 ,
1926 1665 2080 1719 Arsi-

488 1753 626 1805 sium
684 1750 939 1805 famulum
994 1749 1216 1816 Christi,
1270 1751 1729 1822 Serapionemque
1781 1754 2069 1820 majorem,

487 1841 842 1911 Scythensem
890 1839 1268 1909 Paphnutium,
1298 1850 1351 1894 et
1380 1841 1643 1896 lsidorqu
1698 1843 2071 1899 confessorem

490 1942 648 2002 atque
676 1930 986 2000 episcopum
1017 1929 1154 1985 illius
1176 1932 1405 1986 civitatis
1434 1948 1551 2002 qua:
1582 1947 1801 1988 vocatur
1833 1936 2069 1990 Hermo-

487 2026 646 2094 polis,
679 2035 732 2079 et
760 2033 1006 2080 sanctum
1040 2025 1374 2082 Dioscorum.
1407 2028 1559 2095 Apud
1596 2044 1728 2096 quos
1758 2028 1810 2083 in
1841 2029 2072 2085 desertis

486 2120 619 2175 locis
665 2135 760 2175 sex
809 2129 1012 2174 tantum
1047 2119 1323 2174 mensibus
1363 2130 1715 2183 commorata,
1747 2137 1936 2179 omnes
1980 2123 2071 2191 qui

484 2210 594 2266 illic
614 2222 766 2268 erant
791 2223 1005 2269 sanctos
1036 2213 1177 2268 viros
1206 2215 1506 2283 peragravit
1535 2229 1600 2269 ac
1627 2216 1760 2269 vidit

558 2304 681 2368 l’ost
729 2306 840 2360 hzec
868 2316 1046 2360 autem
1077 2321 1196 2360 cum
1230 2306 1569 2361 Alexandria:
1613 2308 1901 2375 praefectus
1949 2310 2062 2362 Au-

484 2399 703 2466 gustalis
734 2397 991 2452 lsidorum
1012 2438 1027 2463 ,
1061 2409 1115 2453 et
1146 2398 1458 2464 Pithimum,
1510 2398 1857 2468 Adelphium,
1894 2398 2069 2468 Paph-

482 2492 707 2555 nutium,
745 2491 963 2555 Pambo,
994 2492 1135 2546 inter
1156 2506 1294 2560 quos
1314 2494 1474 2547 etiam
1495 2504 1549 2547 et
1571 2495 1859 2562 quemdam
1882 2509 2065 2549 senem

484 2585 844 2649 Ammonium,
878 2598 1034 2637 unam
1068 2582 1351 2638 habentem
1385 2583 1700 2647 auriculam,
1746 2593 1797 2638 et
1844 2583 2053 2637 duode-

482 2674 589 2726 cim
635 2674 917 2741 episcopos
961 2673 1449 2743 presbyterosque,
1498 2683 1554 2729 et
1599 2674 1732 2729 alios
1777 2674 2063 2742 quosdam,

479 2778 645 2835 usque
672 2766 735 2819 ad
765 2775 975 2819 centum
1021 2756 1305 2821 duodecim
1338 2782 1599 2832 numero,
1644 2768 1787 2822 circa
1832 2767 2063 2823 Palresti-
2115 2799 2118 2803 ~

479 2875 598 2914 nam
624 2868 679 2915 et
727 2860 1111 2915 Diocaasaream
1160 2862 1466 2915 damnasset
1512 2861 1740 2925 exsilio;
1791 2861 1922 2917 istos
1952 2862 2066 2917 haec

481 2951 785 3007 beatissima
832 2967 1023 3006 omnes
1052 2961 1234 3007 secuta
1261 2961 1364 3018 est,
1399 2962 1454 3006 et
1482 2968 1546 3008 ex
1578 2954 1812 3023 propriis
1841 2954 2064 3008 faculta-

479 3044 622 3097 tibus
644 3043 725 3097 cis'
754 3043 1109 3099 ministerium
1140 3059 1295 3098 suum
1323 3044 1572 3112 prmhuit.
1605 3043 1845 3115 Cumque
1868 3044 1935 3097 ab
1958 3046 2063 3099 illis

480 3135 569 3203 qui
592 3135 644 3188 in
671 3148 1091 3190 memoratorum
1119 3136 1360 3190 custodia
1382 3146 1537 3191 erant
1558 3137 1934 3205 prohiberetur
1952 3139 2065 3192 haec

479 3227 655 3282 facere
689 3228 863 3297 (sicut
895 3228 1023 3282 mihi
1071 3239 1125 3284 et
1156 3230 1263 3299 ipsi
1293 3246 1436 3297 smpe
1484 3230 1824 3297 referebant,
1858 3246 1980 3287 nam
2009 3240 2066 3288 et

479 3334 574 3388 ego
604 3328 843 3373 sanctum
869 3319 1182 3385 Pithimum,
1213 3333 1267 3377 et
1296 3322 1589 3390 lsidorum,
1625 3334 1677 3379 et
1707 3323 2065 3392 Paphnutium

480 3409 634 3476 vidi),
671 3409 874 3464 benedh
897 3419 946 3462 ta
975 3420 1101 3466 tunc
1135 3412 1223 3466 illa
1250 3424 1457 3473 sumpta
1490 3425 1639 3469 veste
1676 3416 1888 3484 puerili.
1922 3416 2065 3472 circa

479 3501 813 3567 veSpei-tinas
846 3501 1007 3555 horas
1032 3502 1212 3558 omnia
1252 3504 1331 3558 eis
1364 3505 1483 3557 vit:c
1512 3507 1815 3561 necessaria
1846 3506 2062 3563 delere-

476 3590 589 3646 but.
1829 3593 1836 3599 ’

546 3682 663 3750 Quo
683 3685 916 3755 cognito,
948 3686 1245 3743 Palmstinrc
1273 3690 1564 3759 provincia:
1590 3690 1915 3757 consularis,
1941 3708 2064 3749 cre-

476 3776 608 3831 dens
652 3778 793 3848 quod
842 3779 992 3833 sinus
1036 3795 1166 3834 suos
1213 3790 1395 3849 posset
1442 3782 1587 3837 fumo
1628 3783 1858 3853 quodam
1904 3792 2065 3853 atque

476 3877 685 3925 terrore
714 3887 778 3925 ex
809 3874 1029 3939 pecun?a
1062 3872 1177 3942 ejus
1207 3873 1460 3943 implere,
1508 3874 1672 3944 jussit
1699 3890 1818 3930 eam
1859 3875 2064 3947 (ignota

477 3963 621 4017 enim
650 3964 779 4033 ipsis
804 3966 943 4036 erat)
972 3967 1168 4035 corripi
1199 3977 1359 4036 atque
1386 3968 1438 4022 in
1467 3982 1743 4024 carcerem
1773 3971 1934 4026 tradi.
1986 3970 2062 4025 Ex

477 4067 586 4121 quo
616 4054 735 4108 loco
780 4065 908 4111 tunc
943 4057 994 4111 ei
1043 4073 1136 4126 per
1180 4059 1539 4114 internuntios
1568 4061 1828 4131 quosdam
1880 4071 2064 4117 sancta

476 4143 567 4197 illa
607 4144 875 4201 mandavit
900 4164 913 4201 :
942 4148 1072 4219 Ego,
1105 4148 1297 4219 inquit,
1344 4151 1487 4206 illius
1516 4152 1645 4219 ﬁlia,
1674 4162 1730 4209 et
1753 4153 1899 4209 illius
1927 4168 2064 4210 con-

477 4231 566 4302 jux
595 4233 688 4297 fui,
719 4235 911 4290 ancilla
941 4253 1068 4292 vero
1098 4254 1238 4293 uuuc
1282 4240 1482 4296 Christi
1507 4258 1622 4296 sum
1649 4260 1663 4310 ;
1697 4259 1765 4299 ne
1793 4259 1923 4315 ergo
1971 4261 2059 4301 me

480 4324 552 4380 ob
581 4324 842 4381 vilitatem
869 4331 1153 4395 prtesen'is
1184 4331 1399 4387 habitus
1424 4337 1871 4391 contemnendam
1906 4346 2061 4406 puta.

476 4416 647 4484 veris,
693 4417 818 4488 quia
850 4420 1007 4477 facile
1038 4422 1326 4492 extollere,
1356 4427 1403 4479 sl
1450 4426 1631 4494 velim,
1666 4428 1779 4495 ipsa
1812 4443 1899 4483 me
1941 4443 2064 4497 pos-

474 4524 592 4563 sum
619 4526 631 4561 :
657 4523 757 4563 nec
801 4521 1003 4566 terrere
1043 4512 1203 4582 igitur
1233 4528 1318 4568 me
1347 4514 1400 4568 in
1444 4516 1623 4585 aliquo
1654 4518 1837 4582 vales,
1870 4533 2051 4587 neque

473 4596 758 4666 quidquam
810 4599 938 4653 mihi
968 4600 1036 4656 de
1063 4602 1195 4657 meis
1239 4604 1400 4659 rebus
1440 4603 1672 4661 auferre.
1705 4607 1880 4678 Atque
1932 4609 2057 4663 ideo

476 4701 548 4743 ne
598 4688 715 4743 haec
772 4690 1012 4747 fortassis
1060 4693 1311 4762 ignorans
1356 4696 1649 4765 periculum
1699 4698 1915 4767 aliquod
1970 4711 2062 4757 aut

473 4779 678 4834 crimen
726 4780 1008 4847 incurras,
1062 4783 1260 4840 idcirco
1303 4786 1402 4841 ista
1436 4788 1529 4842 tibi
1578 4791 1844 4846 mandavi.
1900 4794 2061 4861 Quasi

473 4886 593 4939 qua:
639 4872 882 4928 diceret:
913 4876 1180 4932 interdum
1233 4881 1376 4934 enim
1425 4896 1646 4940 necesse
1675 4895 1760 4941 est
1805 4887 2062 4944 adversus

476 4957 842 5029 imprudentes
892 4963 1006 5021 haec
1033 4968 1139 5037 agi,
1182 4978 1238 5024 et
1283 4971 1447 5025 veluti
1493 4975 1752 5045 accipitre
1793 4977 1879 5033 vel
1928 4992 2063 5034 cane

476 5062 663 5108 contra
685 5068 778 5109 eos
806 5059 1107 5126 arrogantia
1136 5061 1233 5126 uti,
1264 5076 1383 5130 qua;
1412 5077 1650 5135 congruo
1682 5076 1927 5138 tempore
1956 5084 2058 5123 su-

478 5144 679 5213 perbos
703 5147 1149 5216 comprehensum
1174 5152 1518 5213 immittatur.
1554 5158 1774 5216 Talibus
1791 5178 1920 5233 ergo
1951 5179 2060 5218 ver-

478 5234 567 5292 bis
592 5253 713 5293 mox
743 5241 856 5309 ipse
896 5245 1112 5299 territus
1134 5246 1322 5315 judex,
1354 5252 1631 5308 excusavit
1660 5254 1831 5311 eidem
1863 5256 2060 5312 factum

479 5344 656 5396 suum,
684 5341 739 5387 et
764 5333 835 5388 ita
866 5350 983 5392 eam
1012 5349 1069 5394 ut
1094 5353 1360 5399 meruerat
1396 5346 1698 5405 honoravit.
1735 5350 1802 5405 Et
1821 5352 1983 5420 jussit
2005 5364 2062 5410 ut

481 5421 547 5474 ad
573 5421 693 5477 illos
722 5424 886 5495 viros,
918 5432 1127 5513 quoties
1158 5434 1340 5502 vellet,
1366 5439 1667 5497 accederet.

548 5510 675 5568 liae
705 5523 882 5574 autem
914 5510 1179 5578 revocatis
1220 5525 1288 5579 ab
1316 5528 1506 5584 exsilio
1535 5532 1850 5589 memoratis
1895 5534 2056 5595 viris.

475 5607 856 5699 monasterium
904 5611 1043 5679 apud
1073 5612 1463 5687 Jerosolymam
1512 5623 1611 5678 sibi
1661 5623 1821 5691 fecit,
1867 5626 1919 5683 in
1948 5643 2056 5699 quo

478 5691 658 5791 viginti
705 5703 759 5749 et
805 5706 1011 5766 septem
1058 5716 1320 5760 annorum
1354 5716 1561 5780 tempus
1589 5714 1870 5787 implevit,
1900 5691 2054 5791 quin-

477 5785 731 5846 quaginta
762 5803 939 5847 secum
969 5808 1180 5852 sorores
1209 5796 1438 5862 Virgines
1469 5785 1692 5862 habens.

2185 544 2343 599 lta'us
2371 560 2437 600 ex
2459 546 2789 617 Aquileiensi
2821 548 3040 617 oppido,
3071 548 3153 604 vir
3174 547 3453 614 nobilium,
3485 560 3540 605 et
3569 548 3623 603 iu
3653 564 3777 619 pro.

2184 638 2359 705 posito
2405 638 2658 707 singulari
2711 643 2843 693 satis
2895 639 3109 694 fortium
3166 654 3412 705 morum;
3453 640 3545 709 qui
3598 648 3657 695 et
3706 638 3773 694 ad

2189 730 2616 802 presbyteratnm
2648 743 2829 801 postea
2860 733 3055 788 meruit
3081 732 3389 801 pervenire.
3436 732 3554 800 Quo
3595 731 3774 787 nullus

2182 823 2532 887 mansuetior,
2585 824 2798 890 fortior,
2850 836 2904 881 et
2959 825 3239 894 placidior,
3290 835 3542 896 tanquam
3592 824 3776 880 omnia

2181 913 2381 980 sciens,
2406 915 2457 968 in
2482 931 2614 970 sexu
2639 916 2779 971 virili
2813 918 2983 985 potuit
3010 918 3263 974 inveniri.
3295 917 3385 973 lsti
3416 917 3585 988 igitur
3606 916 3661 972 in
3690 918 3770 971 vi,

2181 1005 2311 1073 ginti
2340 1015 2395 1059 et
2414 1017 2622 1072 septem
2651 1009 2808 1063 annis
2843 1024 3033 1065 omnes
3059 1008 3199 1079 apud
3229 1007 3622 1080 Jerosolymatn
3649 1021 3770 1062 san-

2180 1107 2298 1158 ctos
2325 1108 2485 1168 atque
2508 1102 2819 1169 peregrinos
2834 1103 3139 1171 episcopos,
3166 1104 3481 1168 monachos,
3506 1101 3771 1171 virgines.-

2179 1204 2284 1259 que
2311 1189 2437 1261 (hoc
2456 1194 2596 1246 enim
2619 1203 2879 1248 voverant
2901 1194 3033 1261 Deo)
3059 1193 3334 1265 suscipere
3359 1193 3595 1264 propriis
3616 1209 3766 1248 sum-

2186 1281 2364 1349 ptibus
2390 1296 2453 1337 ac
2482 1281 2665 1337 fovere
2692 1295 3114 1350 consueverant,
3154 1301 3452 1355 omnesque
3478 1285 3548 1339 ad
3579 1300 3640 1339 se
3680 1298 3770 1340 ve-

2179 1375 2387 1429 nientes
2403 1375 2653 1431 meliores
2673 1387 2938 1432 tantarum
2952 1393 3014 1432 ac
3036 1379 3218 1433 talium
3239 1394 3417 1434 rerum
3435 1377 3768 1447 contempla-

2179 1467 2323 1522 tione
2349 1466 2608 1523 l'ecerunt.
2638 1470 2759 1526 Illos
2785 1472 2946 1526 etiam
2962 1472 3378 1543 quadringentos
3402 1488 3634 1531 numero
3654 1487 3768 1528 mo.

2180 1558 2383 1614 nachos
2413 1561 2502 1630 qui
2536 1573 2753 1631 propter
2782 1563 3061 1619 Paulinum
3088 1580 3148 1620 se
3178 1566 3248 1621 ab
3275 1565 3515 1622 Ecclesia
3547 1580 3769 1635 separa-

2180 1650 2331 1716 bant,
2361 1662 2562 1707 sanctae
2590 1668 2773 1709 rursus
2796 1654 3051 1712 Ecclesiae
3074 1657 3449 1725 reddiderunt,
3472 1672 3768 1729 omnesque

2183 1746 2343 1799 etiam
2367 1756 2563 1817 praeter
2584 1748 2681 1802 hos
2710 1762 2976 1818 perversae
3001 1760 3162 1807 sectae
3195 1752 3457 1817 homines,
3492 1764 3549 1809 et
3575 1761 3762 1807 contra

2183 1834 2442 1905 Spiritum
2472 1847 2715 1894 sanctum
2736 1841 3001 1911 sacrilego
3027 1858 3121 1897 ore
3141 1853 3429 1909 certantes,
3465 1844 3533 1899 ad
3569 1843 3755 1900 Eccle-

2180 1928 2315 1982 siam
2346 1940 2621 1999 nostram,
2679 1948 2805 1989 vera
2838 1935 3117 1990 suadendo
3140 1981 3154 2005 ,
3210 1952 3275 1991 ac
3300 1936 3504 2008 jugiter
3535 1948 3763 1991 cunctos

2180 2020 2425 2077 docendo
2446 2035 2865 2093 revocaverunt,
2909 2028 3234 2085 honorantes
3271 2029 3491 2099 quidem
3515 2044 3584 2085 ac
3611 2043 3777 2098 saepe

2178 2124 2460 2182 pascentes
2508 2116 2752 2187 ejusdem
2807 2119 2911 2175 loci
2960 2121 3212 2179 clericos.
3272 2120 3341 2176 Et
3390 2121 3506 2176 hac
3557 2121 3758 2188 pariter

2179 2204 2463 2274 facientes,
2517 2209 2679 2263 vitam
2732 2224 2883 2265 suam
2932 2213 3021 2280 pio
3068 2212 3249 2268 studio
3300 2213 3582 2277 ﬁnierant,
3632 2213 3761 2267 nulli

2177 2298 2396 2365 quidem
2416 2314 2480 2355 ex
2506 2315 2566 2356 se
2596 2302 2676 2358 vel
2702 2302 2877 2359 levem
2901 2305 3088 2360 dantes
3110 2305 3344 2360 scandali
3366 2304 3759 2376 suspicionem,

2177 2398 2344 2445 totum
2376 2407 2508 2447 vero
2547 2395 2736 2451 orbem
2786 2405 3048 2451 terrarum
3095 2396 3356 2469 spirituali
3402 2396 3763 2461 :ediﬁcatiune

2178 2484 2549 2552 plenissimum
2582 2488 2969 2557 relinquentes.

2718 2579 2945 2635 CAPUT
2987 2580 3226 2635 XXXIV.

2615 2668 2729 2723 Vita
2747 2670 2986 2738 :Chrouii
3027 2673 3326 2741 presbyteri.

2243 2757 2513 2816 Chronius
2532 2760 2746 2831 quidam
2772 2764 2988 2817 nomine
3011 2761 3272 2833 (Pallad.,
3303 2779 3420 2830 cap.
3447 2762 3566 2834 89),
3588 2762 3758 2818 oriun.

2172 2849 2276 2905 dus
2302 2866 2366 2905 ex
2396 2853 2515 2909 vico
2541 2854 2625 2910 cui
2660 2854 2931 2911 Phrenicis
2961 2860 3278 2913 vocabulum
3309 2869 3412 2923 est,
3444 2859 3649 2929 quique
3677 2859 3759 2915 de-

2172 2944 2331 2998 sertis
2358 2956 2439 2999 est
2468 2946 2743 3015 proximus
2773 2949 2928 3013 locis,
2952 2950 3254 3025 quindecim
3285 2952 3452 3005 millia
3478 2967 3773 3023 passuum,_

2175 3041 2363 3096 dextro
2394 3044 2527 3112 pede
2553 3045 2671 3115 (50)
2702 3062 3007 3113 numerans,
3036 3064 3067 3102 a
3094 3050 3311 3117 pr0prio
3333 3050 3455 3105 vico
3482 3066 3656 3119 usque
3689 3049 3752 3103 ad

2173 3149 2376 3190 certum
2403 3136 2736 3193 desertorum
2762 3155 3013 3195 emensus
3039 3149 3121 3196 est
3146 3142 3325 3197 ﬁnem.
3347 3140 3448 3198 Ubi
3471 3141 3610 3196 facta
3633 3157 3753 3201 ora-

2171 3227 2333 3292 tione,
2370 3240 2587 3300 puteum
2616 3230 2804 3287 eﬁ'odit
2832 3232 2968 3298 sibi,
3002 3234 3054 3288 in
3084 3248 3190 3304 quo
3220 3235 3438 3302 optimm
3465 3249 3622 3303 aqua:
3667 3248 3751 3289 re-

2168 3320 2308 3389 perit
2341 3336 2553 3385 venam,
2600 3334 2806 3390 septem
2840 3324 3210 3379 tantummodo
3242 3325 3396 3395 (quas
3427 3338 3625 3395 orgyas
3668 3339 3753 3378 vo-

2167 3411 2315 3482 cant)
2341 3412 2406 3467 ad
2433 3414 2573 3481 putei
2602 3415 2711 3467 ima
2737 3414 3103 3480 descendens;
3134 3416 3273 3470 circa
3315 3430 3473 3485 quem
3501 3426 3557 3471 et
3583 3414 3747 3469 cellu-

2167 3505 2272 3561 lam
2302 3506 2402 3560 sibi
2434 3508 2708 3575 parvulam
2758 3508 2901 3563 fecit.
2935 3507 3101 3579 974
3132 3508 3206 3563 Ex
3235 3523 3340 3577 quo
3369 3508 3458 3563 die
3488 3507 3541 3562 in
3572 3508 3753 3563 eadem

2167 3599 2449 3654 mansione
2470 3615 2529 3655 se
2556 3602 2834 3655 constituit
2853 3641 2866 3662 .
2893 3604 3118 3657 summis
3147 3604 3311 3657 Deum
3344 3602 3601 3672 precibus
3632 3616 3754 3657 ora-

2167 3691 2262 3757 vit,
2299 3707 2365 3747 ne
2394 3693 2459 3747 ad
2494 3709 2554 3747 ea
2585 3709 2703 3761 quze
2740 3696 2807 3747 ab
2826 3690 3138 3750 hominibus
3181 3696 3494 3751 habitantur
3524 3697 3643 3751 loca
3672 3698 3753 3765 ul-

2170 3784 2341 3838 terius
2371 3786 2668 3842 accederet.
2717 3787 2845 3842 Post
2892 3802 3092 3856 paucos
3122 3798 3301 3843 autem
3350 3803 3523 3844 annos
3566 3791 3767 3844 meruit

2170 3876 2451 3945 presbyter
2484 3876 2597 3932 ﬁeri
2625 3893 2639 3930 :
2667 3877 2955 3947 habuitque
2982 3894 3162 3935 secum
3193 3879 3446 3934 collectos
3474 3895 3541 3934 ex
3570 3880 3754 3935 diver-

2168 3969 2243 4024 sis
2273 3968 2530 4024 fratribus
2582 3986 2754 4041 usque
2785 3971 2851 4025 ad
2882 3972 3139 4027 ducentos
3172 3987 3395 4028 numero
3423 3974 3591 4028 viros.

2241 4059 2482 4130 Magnam
2515 4076 2642 4116 vero
2671 4063 2808 4116 hanc
2852 4062 3016 4130 ipsius
3043 4063 3227 4117 dicunt
3273 4064 3436 4119 fuisse
3468 4064 3719 4119 virtutem
3741 4104 3757 4129 ,

2168 4153 2310 4222 quod
2341 4168 2434 4223 per
2460 4154 2738 4225 sexaginta
2761 4170 2933 4209 annos
2953 4156 3108 4210 altari
3137 4154 3379 4211 serviens
3408 4155 3527 4224 Dei,
3554 4170 3618 4209 ac
3643 4155 3756 4209 fun-

2169 4260 2301 4314 gens
2355 4245 2534 4302 ofﬁcio
2585 4246 2907 4313 sacerdotii,
2958 4262 3231 4318 nunquam
3263 4247 3332 4303 de
3378 4245 3767 4305 solitudinibus.

2169 4354 2418 4409 egressus
2448 4349 2549 4405 est,
2582 4354 2681 4394 nec
2710 4339 2813 4394 nisi
2844 4340 3062 4410 pr0prio
3100 4354 3265 4411 opere
3292 4353 3355 4395 ac
3381 4341 3581 4395 sudore
3611 4355 3753 4415 qut:-

2179 4431 2343 4484 situm
2368 4430 2544 4500 attigit
2574 4444 2783 4499 panem.

2722 4520 2950 4578 CAPUT
2990 4521 3209 4578 XXXV.

2179 4611 2298 4667 Vita
2339 4611 2503 4671 Jacob
2548 4613 2811 4679 monachi,
2856 4620 2903 4668 et
2949 4611 3237 4685 Paphnutii
3287 4611 3549 4680 Cephala,
3601 4626 3650 4669 et
3701 4617 3759 4669 dc

2381 4704 2691 4775 quibusdam
2703 4704 2869 4758 subito
2889 4706 3121 4773 mortuis,
3147 4715 3194 4760 et
3216 4705 3378 4774 lapsis
3402 4705 3543 4759 aliis.
3820 4706 3829 4709 ι

2239 4793 2407 4849 Jacob
2434 4795 2593 4850 etiam
2626 4796 2843 4851 nomine
2871 4795 3063 4865 aliquis
3093 4797 3112 4867 (
3140 4794 3411 4852 Palladius
3431 4839 3447 4862 ,
3507 4812 3628 4864 cap.
3658 4797 3758 4867 90)

2170 4886 2258 4954 qui
2288 4883 2485 4940 Clodus
2526 4901 2722 4942 nomen
2750 4896 3057 4955 acceperat,
3092 4905 3155 4942 ex
3192 4888 3381 4943 vicinis
3422 4887 3599 4943 eidem
3627 4903 3756 4942 con-

2171 4975 2384 5046 junctus
2412 4987 2497 5031 est
2523 4976 2657 5032 locis
2680 5019 2695 5044 ,
2742 4992 2959 5043 unaque
3001 4977 3262 5033 ambobus
3300 4980 3408 5032 vita
3437 4978 3675 5047 perfecte
3706 4980 3754 5032 in

2174 5068 2502 5125 monasterio
2532 5079 2669 5124 erat.
2698 5069 2967 5139 Utrosque
3009 5079 3188 5125 autem
3222 5070 3541 5126 benedictus
3587 5075 3753 5128 Anto-

2174 5160 2296 5215 nius
2327 5170 2507 5216 norat.

2241 5253 2482 5320 Quodam
2511 5251 2668 5321 igitur
2697 5250 2804 5317 die,
2835 5265 2955 5306 cum
2990 5262 3210 5307 sanctus
3235 5267 3448 5323 quoque
3492 5253 3744 5322 Paphnu-

2173 5345 2296 5406 tius.
2328 5360 2486 5415 quem
2513 5344 2803 5413 Cephalum
2833 5343 3284 5413 cognominabant
3312 5347 3328 5414 (
3356 5343 3597 5411 Pallad.,
3632 5361 3747 5408 cap.

2175 5437 2237 5493 9|
2260 5437 2279 5508 )
2300 5478 2315 5504 ,
2363 5452 2467 5493 una
2493 5452 2616 5492 cum
2650 5435 2779 5506 ipsis
2810 5436 3066 5506 degeret,
3107 5436 3188 5491 vir
3217 5450 3462 5506 magnam
3492 5436 3584 5491 Dei
3616 5437 3754 5490 dono

2178 5535 2453 5591 ‘cientiam
2481 5535 2881 5606 Scripturarum
2912 5533 3115 5589 habens
3140 5574 3155 5598 ,
3184 5533 3271 5603 qui
3314 5541 3420 5586 tam
3465 5540 3623 5586 vetus
3648 5529 3751 5585 Te-

2191 5632 2494 5682 tamentum
2522 5640 2684 5681 omne
2719 5640 2879 5693 quam
2906 5624 3111 5681 Novum
3143 5624 3481 5697 interpretari
3520 5622 3746 5684 solebat,

2205 5730 2292 5770 um
2316 5731 2491 5772 tamen
2518 5717 2631 5786 ipse
2652 5715 2787 5771 nihil
2819 5716 2886 5771 de
2913 5714 3203 5786 Scripturis
3233 5718 3432 5772 sanctis
3460 5715 3743 5771 aliquando

2174 5808 2411 5877 legisset.
2446 5806 2596 5863 Adeo
2626 5816 2804 5864 autem
2837 5817 2950 5864 erat
2980 5810 3125 5865 mitis
3155 5815 3209 5864 et
3250 5807 3511 5877 placidus,
3544 5819 3605 5861 ut
3626 5822 3743 5875 pro-
