3982 6354
196 360 309 428 521

1416 357 1826 423 tienacunts
1868 362 2273 422 PARADISUS.

3366 370 3473 428 3‘22

195 490 465 561 pheticam
487 490 698 557 quoque
728 492 903 556 posset
938 483 1345 539 mansuetudine
1369 485 1493 538 vitae
1522 497 1779 552 superare
1805 486 1857 544 Α
1886 482 1967 538 bis
2009 482 2212 553 aliquid
2261 498 2373 552 per;
2393 490 2618 538 etratur.
2671 482 2824 550 Quod
2875 485 3121 541 novimus
3164 486 3474 558 frequenter

195 583 474 635 virtutem.
513 579 586 632 De
616 592 722 647 quo
754 577 858 631 tale
885 574 1118 631 refertur
1140 577 1489 645 praeconium,
1522 575 1664 645 quod
1690 590 1785 644 per

196 671 467 742 octoginta
509 685 678 726 annos
721 684 990 740 nunquam
1037 669 1285 724 habuerit
1332 669 1468 724 duas
1498 670 1658 723 simul
1703 678 1785 721 tu-

197 765 371 818 nicas.

266 855 384 911 ﬂos
416 855 577 925 igitur
601 869 727 909 cum
751 868 850 924 ego
878 861 935 909 et
962 854 1134 909 sancti
1164 854 1418 909 diacones
1449 852 1704 921 Evagrius
1733 859 1787 905 et

196 944 427 1001 Albinus
457 945 799 1012 vidissemus,
829 944 986 1000 simul
1014 947 1386 1015 qumrebamus
1407 960 1476 999 ex
1504 945 1653 1012 ipsis,
1683 943 1787 997 sci-

198 1049 260 1089 re
287 1037 569 1103 cupientes
593 1050 840 1106 quaenam
867 1044 1013 1091 esset
1040 1051 1201 1091 causa
1226 1051 1343 1106 qua:
1369 1037 1656 1090 nonnullos
1682 1034 1787 1088 fra-

199 1132 350 1182 tr‘nm
392 1134 582 1184 errare
609 1128 829 1193 faceret,
862 1129 1130 1184 interdum
1177 1136 1233 1184 et
1263 1137 1539 1198 peccatum
1568 1126 1782 1197 aliquod

198 1219 504 1286 incurrere,
533 1231 623 1273 aut
652 1218 865 1289 penitus
910 1236 939 1273 a
988 1222 1120 1277 recti
1148 1220 1356 1277 itineris
1383 1220 1661 1291 proposito
1692 1220 1787 1274 de-

197 1314 367 1368 γῦπε.
962 1369 977 1382 ,

274 1404 558 1460 Acciderat
603 1406 745 1460 enim
792 1406 898 1461 illis
944 1409 1074 1475 ipsis
1103 1408 1329 1473 diebus,
1374 1416 1430 1461 ut
1484 1406 1787 1462 Cheremon

197 1496 423 1549 nomine
469 1498 765 1551 monachus
813 1496 1093 1567 (Pallam,
1144 1515 1259 1570 cap.
1294 1497 1423 1567 92),
1457 1498 1697 1553 residens
1735 1498 1787 1551 in

198 1584 458 1640 cathedra
497 1601 591 1641 sua
623 1597 842 1656 repente
886 1599 1211 1655 moreretur,
1247 1578 1683 1661 defunctumque
1734 1592 1785 1645 in

195 1691 260 1729 ea
292 1677 471 1745 ipsum
493 1688 653 1749 atque
676 1684 725 1732 in
749 1681 995 1735 manibus
1017 1696 1156 1749 opus
1176 1683 1316 1753 quod
1345 1683 1573 1738 faciebat
1596 1694 1785 1738 teneu-

199 1776 303 1821 tem
327 1809 345 1834 ,
374 1769 553 1823 subito
580 1770 668 1823 alii
696 1769 891 1827 fratres
921 1772 1183 1827 viderent.-
1680 1780 1681 1783 “

1888 574 2149 630 accidere.
2174 573 2244 630 Ut
2271 576 2313 630 si
2346 575 2390 630 is
2420 575 2507 644 qui
2537 575 2760 645 turpiter
2786 578 2947 642 vivit,
2995 578 3257 648 ﬂagitiose
3301 579 3471 633 animi

1889 668 2165 736 proposito
2186 668 2325 721 circa
2350 668 2602 736 juvenem
2650 668 2877 735 puellam
2911 669 3216 725 misericors
3245 684 3365 725 esse
3393 670 3471 723 vi-

1887 758 2096 828 deatur,
2128 768 2345 828 propter
2375 760 2535 813 finem
2568 760 2783 829 quidem
2813 761 2978 830 ipsius
3003 759 3077 815 rei
3109 769 3340 829 turpem,
3369 760 3467 815 sed

1890 867 1984 921 per
2008 861 2183 906 aetum
2215 852 2604 917 rationabilem,
2638 857 2746 923 quo
2775 855 2926 923 quasi
2959 853 3146 923 puella:
3169 863 3222 907 et
3254 853 3467 907 desola-

1890 952 1958 997 tas
1987 943 2356 999 defensionem
2390 958 2448 999 se
2482 945 2719 1013 przebere
2748 945 3102 1001 demonstret.
3141 945 3336 1000 Evenit
3362 960 3473 998 rur-

1890 1052 1981 1092 sus
2011 1046 2070 1091 ut
2108 1052 2173 1092 ex
2209 1038 2489 1107 proposito
2535 1037 2797 1107 quispiam
2847 1046 2995 1093 recto
3047 1036 3469 1092 misericordiam

1888 1129 2103 1200 quidem
2136 1138 2336 1197 aegroto
2377 1129 2651 1199 impendat
2689 1139 2781 1184 ant
2828 1131 2976 1196 seni,
3009 1138 3065 1185 et
3092 1145 3157 1184 ex
3200 1129 3365 1184 divite
3412 1136 3472 1184 se

1892 1238 2180 1291 pauperem
2208 1222 2385 1287 faciat,
2419 1237 2575 1291 parca
2611 1230 2788 1276 tamen
2818 1235 2997 1285 manu,
3045 1229 3244 1275 etcum
3274 1234 3472 1277 mmro-
3530 1293 3536 1298 ‘

1891 1329 1950 1369 re
1971 1315 2199 1383 quodam
2233 1314 2425 1369 mentis
2447 1314 2646 1373 invitae.
2675 1323 2730 1367 ut
2758 1324 2958 1368 rectum
2982 1313 3196 1383 quidem
3221 1312 3469 1368 videatur

1890 1421 2011 1462 esse
2064 1406 2430 1475 propositum,
2477 1415 2627 1460 actus
2677 1416 2853 1459 autem
2904 1407 3017 1473 ipse
3082 1404 3327 1473 indignus
3370 1417 3469 1457 suo

1890 1498 2164 1569 proposito
2177 1498 2469 1567 iudicetur.
2495 1500 2718 1566 Oportet
2753 1497 2897 1551 enirn
2923 1496 3322 1551 misericordem
3346 1510 3466 1549 cum

1890 1592 2073 1646 laetitia
2101 1602 2154 1646 et
2178 1606 2295 1646 cum
2330 1591 2571 1660 largitate
2600 1589 2866 1643 misereri.

1961 1681 2224 1736 Prteterea
2256 1679 2539 1734 memorati
2568 1680 2669 1733 viri
2702 1677 3080 1747 prscrogativas
3122 1676 3376 1746 quasdam
3417 1679 3470 1730 in

1896 1774 2142 1828 sensibus
2161 1773 2505 1843 plurimorum
2524 1786 2643 1827 esse
2666 1771 2933 1824 dicebant.
2949 1768 3308 1836 Quorumdam
3328 1768 3470 1822 enim

270 1860 545 1915 Evenerat
573 1862 733 1915 etiam
765 1873 819 1916 ut
851 1878 988 1917 unus
1013 1878 1078 1918 ex
1102 1860 1380 1928 fratribus,
1410 1869 1536 1917 dum
1567 1876 1780 1932 puteum
1819 1861 1862 1920 Β
1892 1866 2074 1920 faciles
2105 1867 2168 1917 ad
2209 1868 2458 1917 virtutem
2506 1872 2560 1916 et
2598 1872 2781 1916 acutas
2832 1860 3037 1914 animas
3057 1901 3071 1924 ,
3110 1859 3472 1927 praedicabant

191 1960 425 2005 conatur
448 1952 706 2018 effudere,
733 1964 959 2009 terrenae
985 1956 1142 2009 molis
1164 1969 1355 2025 aggere
1374 1955 1597 2010 obrutus
1618 1956 1784 2011 inter-

190 2042 295 2097 iret
318 2042 595 2113 (Fallat,
624 2059 741 2115 cap.
765 2045 881 2117 95).

269 2135 450 2206 thue
476 2138 613 2193 alter
640 2153 852 2209 quinque
872 2139 939 2194 de
968 2138 1357 2210 Scythenslbus
1380 2138 1513 2192 locis
1536 2152 1781 2204 vemens,

191 2230 247 2284 in
280 2232 402 2298 ipso
429 2231 650 2296 itinere,
683 2246 803 2286 eum
833 2230 975 2287 sitim
1008 2248 1114 2287 non
1148 2241 1326 2302 posset
1358 2231 1528 2298 ferre,
1580 2232 1794 2304 defice:

190 2335 273 2376 ret
300 2320 520 2391 (Pall.,
548 2340 595 2377 ε.
626 2323 754 2395 94).

266 2413 415 2468 Inter
442 2429 576 2485 quos
603 2429 669 2471 eo
706 2415 821 2486 ipso
854 2426 1094 2487 tempore
1122 2426 1178 2473 et
1217 2416 1521 2486 Stephanus
1562 2418 1777 2486 quidam

192 2506 391 2561 relicto
439 2511 767 2563 monasterio
815 2509 1060 2577 fratrum,
1112 2511 1348 2567 libidinis
1373 2527 1530 2567 causa
1576 2512 1643 2567 ad
1676 2527 1778 2566 sre-

190 2597 433 2653 ciilarem
460 2599 811 2656 descenderat
841 2602 1005 2656 vitam
1037 2601 1301 2671 (Pallad.,
1332 2619 1444 2673 cap.
1479 2602 1591 2673 95).
1629 2604 1690 2657 Et
1713 2603 1782 2659 de

192 2686 466 2756 Euearpio
513 2698 569 2744 et
605 2690 673 2745 de
702 2691 913 2747 ileroue
952 2692 1345 2759 Alexandrino,
1395 2703 1449 2749 et
1490 2695 1781 2749 Palaestino

195 2778 444 2846 Valente,
472 2790 528 2836 et
554 2782 621 2839 de
650 2783 940 2839 Ptolemaeo
964 2785 1241 2857 Egyptio,
1270 2788 1358 2857 qui
1388 2789 1438 2842 in
1463 2788 1782 2859 Scythensi-

191 2870 293 2926 bus
326 2871 558 2941 degebat
584 2874 738 2942 locis,
768 2892 1101 2947 qutecunque
1123 2879 1250 2947 ipsis
1270 2880 1494 2933 adversa
1524 2895 1782 2948 provene-

194 2973 346 3029 rant,
376 2964 768 3021 referebantur.
807 2970 1033 3038 Propter
1064 2987 1182 3041 quze
1212 2974 1389 3025 omnia
1419 2984 1631 3028 sanctos
1660 2974 1781 3028 illos

191 3058 554 3127 preeabamur
598 3060 764 3125 viros,
812 3071 869 3116 ut
900 3061 1056 3117 nobis
1104 3078 1293 3118 causas
1322 3078 1507 3118 earum
1541 3079 1780 3132 expone-

186 3159 314 3206 rent
344 3164 541 3216 rerum,
573 3167 693 3221 qua:
723 3153 964 3209 homines
994 3165 1098 3210 tam
1139 3157 1427 3226 probabilis
1448 3156 1570 3210 Vitae
1604 3158 1658 3210 in
1687 3157 1780 3211 de-

1892 1956 2090 2012 habere
2140 1958 2368 2025 optimos
2422 1969 2599 2009 mores
2674 1955 2724 2007 in
2784 1951 3057 2022 preposito
3116 1951 3472 2019 institutisque

1889 2050 2296 2106 monachorum.
2345 2046 2450 2101 Sed
2497 2046 2713 2115 quando
2756 2043 2951 2113 aliquid
2990 2058 3093 2097 non
3143 2042 3201 2095 fit
3249 2049 3466 2109 propter

1889 2141 2117 2210 idipsum
2196 2140 2340 2210 quod
2399 2138 2644 2194 novimus
2702 2138 2940 2201 bontnn,
3009 2150 3180 2203 neque
3240 2136 3472 2199 factum,

1888 2247 2060 2300 neque
2099 2231 2366 2301 ingenium
2415 2233 2610 2286 mentis
2657 2231 2931 2294 humanae,
2980 2244 3155 2299 neque
3202 2229 3309 2280 ilhc
3340 2228 3469 2295 ipsa:

1888 2325 2256 2394 prterogativa:
2281 2338 2401 2392 quae
2433 2324 2608 2377 infixas
2631 2331 2757 2377 sunt
2787 2322 3056 2376 mentibus
3088 2319 3465 2388 plurimorum,

1886 2419 2217 2484 imputantur
2244 2416 2415 2468 datori
2445 2416 2703 2469 bonorum
2739 2416 2980 2467 omnium
3014 2413 3145 2477 Deo,
3176 2411 3270 2465 sed
3302 2408 3471 2479 magis

1888 2517 2055 2563 totum
2100 2506 2386 2561 ascribitur
2432 2507 2721 2561 voluntatis
2752 2506 2977 2573 propria:
3023 2505 3288 2572 potestati.
3323 2502 3472 2557 'l‘unc

1884 2613 2006 2653 cum
2039 2599 2343 2653 necessario
2374 2598 2543 2652 relicti
2568 2611 2595 2649 a
2629 2598 2735 2651 Deo
2766 2598 2979 2663 fuerint,
3007 2596 3248 2651 incidunt
3279 2597 3331 2649 in
3358 2604 3470 2649 tur-

1887 2692 2176 2761 pitudinem
2227 2691 2481 2757 aliquam,
2511 2689 2562 2742 in
2610 2703 2713 2758 qua
2765 2688 3128 2743 erubescenda
3171 2688 3336 2741 nmlta
3373 2685 3457 2739 vel

1887 2785 2175 2853 patiuntur,
2227 2783 2312 2837 vel
2365 2781 2565 2836 faciunt
2614 2797 2708 2850 per
2757 2798 2879 2835 eum
2932 2782 3105 2849 ipsum
3150 2780 3240 2849 qni
3286 2778 3336 2831 in
3386 2777 3471 2830 his

1886 2876 2056 2945 turpis
2103 2878 2226 2929 vita:
2274 2882 2397 2928 actu
2441 2874 2622 2942 lapsus
2666 2875 2880 2929 cecidit.
2935 2873 3173 2940 Cumque
3216 2870 3471 2939 paulatim

1887 2971 2178 3025 sobrietate
2201 2969 2397 3023 mentis
2422 2966 2698 3032 admoniti,
2727 2968 2796 3020 ab
2834 2982 2899 3019 eo
2929 2966 3089 3020 animi
3122 2974 3330 3019 tumore
3359 2964 3471 3017 dis-

1883 3062 2110 3123 cedunt,
2140 3075 2298 3129 quam
2334 3060 2593 3129 putabant
2616 3072 2858 3126 magnam
2888 3058 3119 3125 aliquam
3143 3096 3159 3120 ,
3193 3072 3314 3111 esse
3365 3056 3470 3110 vir-

1887 3162 2074 3219 tutem,
2101 3152 2358 3206 donature
2379 3152 2594 3220 cognito
2615 3151 2871 3204 damnare
2892 3158 3177 3220 coguntur.

189 3246 359 3299 sertis
389 3244 646 3315 degentes
672 3247 819 3313 locis,
849 3257 940 3302 ant
960 3254 1138 3304 mente
1159 3249 1377 3316 mutari,
1403 3258 1495 3303 aut
1516 3250 1581 3304 ad
1608 3250 1778 3319 turpia
1806 3228 1853 3293 ο
1956 3245 2216 3314 Quoniam
2246 3260 2373 3300 vero
2404 3244 2497 3297 ille
2525 3244 2613 3314 qui
2650 3244 2958 3313 arrogantia
2987 3239 3305 3312 eloquentiae
3332 3256 3467 3305 sum,

189 3346 257 3390 a‘c
288 3336 577 3392 libidinosa
609 3340 907 3407 transferri,
939 3351 1031 3395 aut
1056 3342 1482 3413 quibuscumque
1511 3341 1631 3398 aliis
1661 3358 1777 3399 mo-

187 3428 274 3483 dis
296 3429 475 3499 decipi
500 3431 583 3487 vel
605 3432 780 3501 perire
810 3435 1219 3504 compellerent.

735 3524 959 3582 CAPUT
997 3526 1238 3583 XXXVI.

308 3613 390 3670 De
415 3615 827 3684 responsionibus
851 3618 922 3671 ad
950 3619 1266 3688 interrogata
1307 3620 1666 3688 praecedentia.

265 3708 353 3763 illi
380 3724 510 3763 vero
541 3711 693 3765 nobis
720 3711 1027 3782 hujusmodi
1051 3713 1250 3768 dedere
1282 3728 1597 3784 responsum
1629 3713 1780 3782 (Pat-

190 3800 333 3868 lad.,
356 3818 472 3871 cap.
498 3802 615 3871 95),
643 3805 943 3875 pariterque
971 3820 1091 3861 cum
1122 3805 1225 3860 illis
1252 3808 1414 3861 etiam
1443 3807 1556 3874 ipse
1605 3806 1780 3875 Paph-

195 3898 406 3964 nutius,
438 3898 490 3951 in
521 3914 626 3966 quo
657 3900 886 3954 maxima
917 3902 1153 3954 omnium
1178 3916 1358 3955 rerum
1389 3901 1608 3957 scientia
1642 3912 1775 3968 erat,

192 3989 342 4059 quod
369 3990 547 4044 omnia
574 4006 901 4063 quaecunque
924 3992 975 4045 in
1007 3995 1108 4049 hoc
1139 3994 1334 4048 sasculo'
1367 3995 1519 4057 fiunt,
1552 3995 1780 4062 duplici-

195 4084 286 4136 ter
313 4081 642 4149 dividuntur,
689 4085 741 4138 in
793 4084 1122 4139 voluntatem
1172 4094 1226 4139 et
1272 4085 1324 4139 in
1374 4086 1778 4154 periurissionem

194 4174 320 4229 Dei.
353 4176 700 4245 Quacuane
726 4177 887 4247 igitur
910 4192 976 4231 ex
1001 4176 1163 4230 animi
1182 4177 1375 4232 virtute
1392 4178 1703 4247 procedunt,
1728 4187 1783 4232 et

189 4268 261 4322 ad
299 4266 395 4323 Dei
440 4270 665 4339 gloriam
696 4268 849 4338 fiant,
892 4282 956 4325 ex
993 4269 1082 4323 Dei
1118 4269 1386 4325 voluntate
1419 4271 1778 4339 proveniunt:

191 4375 321 4431 quae
355 4370 533 4417 autem
586 4363 885 4432 periculosa
916 4363 1176 4417 sentimus
1204 4369 1366 4432 atque
1396 4363 1677 4427 damnosa,
1729 4364 1780 4417 in

197 4457 402 4527 quibus
448 4467 540 4512 aut
586 4458 991 4528 perversitatem
1037 4458 1264 4527 aliquam
1296 4456 1778 4526 deprehendimus,

196 4560 297 4606 ant
325 4551 559 4617 ruinam,
591 4553 706 4605 lucc
734 4566 924 4606 rursus
951 4551 1305 4618 permissiune
1336 4549 1432 4604 Dei
1461 4550 1613 4604 fiunt.
1647 4549 1778 4602 Per-

198 4646 393 4699 missio
421 4653 598 4698 autem
644 4644 758 4714 ipsa
787 4660 852 4698 ex
898 4642 1107 4697 ratione
1138 4641 1434 4707 descendit,
1468 4642 1518 4696 id
1560 4653 1663 4705 est,

196 4746 426 4807 peccato
451 4736 662 4806 aliquo,
696 4735 781 4790 vel
824 4735 1137 4789 infidelitate
1167 4743 1480 4802 surrepente
1509 4732 1781 4801 paulatim.

196 4831 320 4887 Non
365 4838 539 4899 potest
562 4832 702 4886 enim
730 4828 845 4884 fieri
874 4838 931 4882 nt
975 4829 1018 4882 is
1048 4827 1200 4897 cujus
1230 4828 1489 4895 sapientia
1531 4827 1785 4895 probatur

198 4933 255 4979 et
281 4924 388 4977 vita
409 4963 425 4988 ,
459 4921 511 4977 in
544 4930 815 4992 peccatum
861 4920 1089 4991 alicujus
1132 4919 1478 4989 turpitudinis
1522 4926 1662 4982 ruat,
1695 4927 1787 4971 aut

200 5004 511 5071 daemonum
543 5015 678 5069 dolis
708 5014 760 5069 in
790 5014 1012 5085 laqueos
1044 5013 1406 5083 praacipitetur
1435 5012 1651 5066 erroris.

276 5109 591 5177 Quicunque
636 5106 793 5177 igitur
819 5114 1076 5176 corrupto
1107 5106 1301 5160 mentis
1330 5103 1634 5175 preposito,
1668 5101 1785 5173 qui-

197 5212 419 5270 cunque
444 5199 725 5253 temeraria
756 5198 1030 5252 voluntate
1070 5212 1097 5251 a
1131 5197 1341 5251 tramite
1381 5196 1594 5250 virtutis
1620 5211 1782 5249 exor-

198 5292 410 5355 bitant,
445 5289 517 5345 illi
551 5288 706 5344 facile
736 5300 962 5359 peccare
1009 5292 1425 5342 consueverunt.
1459 5287 1786 5342 Deseruntur

201 5382 353 5440 enim
401 5381 692 5436 divinitatis
720 5381 943 5445 auxilio,
992 5396 1059 5435 ne
1093 5380 1292 5449 possint
1344 5378 1638 5448 intelligere
1668 5395 1789 5448 pro-

199 5477 383 5531 futura
408 5491 423 5540 ;
455 5482 515 5529 ut
542 5490 663 5528 cum
693 5486 751 5529 se
777 5489 804 5527 a
838 5473 947 5528 Deo
979 5473 1338 5528 intellexerint
1358 5472 1669 5537 derelictos,
1698 5487 1787 5527 ea-

201 5580 435 5637 sumque
484 5580 750 5635 perversae
782 5565 1093 5620 mutationis
1141 5564 1484 5635 agnoverint,
1533 5565 1789 5635 incipiant

202 5659 290 5713 vel
321 5656 650 5728 propositum
673 5666 827 5712 suum
851 5657 933 5712 vel
963 5654 1160 5712 factum
1186 5658 1494 5711 emendare.
1518 5657 1784 5713 Interdum

199 5762 383 5805 autem
424 5760 573 5806 actus
600 5749 715 5820 ipse
735 5758 917 5804 noster
949 5750 1000 5804 in
1020 5752 1219 5804 crimen
1240 5759 1316 5804 est
1331 5792 1343 5813 .
1364 5750 1573 5819 quando
1590 5766 1694 5806 non
1718 5766 1783 5806 ex

206 5854 360 5903 recto
387 5844 687 5915 proposito,
719 5858 814 5899 nec
845 5859 908 5899 ex
941 5858 1004 5899 eo
1034 5858 1143 5916 quo
1170 5844 1418 5899 convenit
1449 5858 1596 5901 more
1627 5859 1655 5900 a
1687 5857 1784 5899 no-

1884 3346 1939 3393 et
1968 3352 2034 3392 ex
2071 3335 2284 3406 ingenio
2315 3335 2395 3389 vel
2441 3336 2689 3389 acumine
2741 3334 2937 3389 mentis
2982 3333 3196 3388 inﬂatus
3221 3342 3325 3401 est,
3358 3347 3465 3387 non

1884 3429 2103 3483 ascribit
2132 3438 2256 3481 ante
2283 3426 2459 3480 omnia
2490 3427 2747 3495 originem
2780 3435 2940 3494 atque
2963 3425 3192 3479 fomenta
3226 3424 3462 3493 ipsorum

1881 3521 2141 3576 bonorum
2161 3520 2287 3584 Deu,
2313 3534 2432 3588 quae
2453 3533 2515 3572 ex
2535 3517 2699 3585 ipsius
2716 3526 2921 3571 tantum
2942 3516 3087 3571 fonte
3102 3515 3459 3578 descendunt,

1881 3615 1975 3669 sed
2005 3615 2084 3668 sui
2116 3615 2217 3667 hoc
2250 3628 2368 3667 esse
2396 3612 2664 3667 existimat
2697 3612 2856 3666 studii
2890 3627 3107 3677 suaeque
3135 3618 3361 3672 naturae,
3388 3623 3472 3662 re-

1884 3714 2060 3759 movet
2105 3713 2230 3759 tunc
2276 3703 2346 3757 ab
2376 3703 2491 3769 ipso
2525 3703 2873 3772 providentia:
2895 3717 3005 3756 suae
3027 3703 3271 3772 angelum
3307 3701 3470 3754 Deus.

1884 3798 1927 3852 A
1957 3811 2064 3867 quo
2108 3810 2228 3849 cum
2277 3795 2437 3850 fuerit
2466 3795 2752 3849 destitutus
2781 3794 2870 3848 ille
2912 3795 3003 3863 qui
3040 3809 3104 3846 ex
3135 3791 3325 3846 alienis
3365 3792 3467 3845 sibi

1883 3889 2040 3942 donis
2070 3887 2290 3956 placens
2320 3894 2560 3955 coeperat
2588 3884 2902 3953 superbire,
2928 3899 2958 3937 a
2983 3884 3227 3937 daemone
3251 3881 3471 3936 inimico

1883 3993 1980 4032 suo
1999 3987 2331 4046 expugnatur
2350 3993 2413 4031 ac
2445 3976 2694 4038 vincitur,
2718 3983 2776 4029 et
2794 3976 2847 4029 in
2870 3973 3081 4043 aliquod
3112 3972 3460 4043 turpitudinis

1883 4072 2088 4125 crimen
2144 4072 2386 4124 incurrit.
2441 4069 2520 4124 Ex
2572 4085 2678 4139 quo
2743 4068 3191 4123 irrationabilium
3257 4067 3467 4121 anima-

1887 4165 2012 4220 lium
2068 4160 2153 4217 vel
2207 4176 2398 4215 canum
2457 4175 2645 4224 more,
2696 4175 2863 4229 usque
2909 4158 2976 4212 ad
3023 4158 3342 4213 diabolicam
3402 4159 3471 4212 il-

1887 4253 1991 4308 lam
2018 4252 2438 4321 persuasionem,
2464 4266 2582 4320 quce
2606 4249 2857 4319 superbia
2878 4257 2981 4311 est,
3014 4248 3330 4303 insanieudo
3369 4250 3472 4301 de-

1884 4344 2114 4400 scendit.
2148 4344 2240 4398 lllo
2260 4343 2404 4400 enim
2431 4340 2599 4397 semel
2619 4352 2762 4395 casm
2784 4355 2847 4393 ac
2870 4339 3160 4409 probabilis
3188 4338 3308 4391 vita:
3332 4346 3468 4392 teste

1884 4438 2116 4503 sublato,
2140 4436 2495 4505 quodcunque
2522 4432 2685 4504 975
2717 4434 2767 4485 ιιι
2797 4432 2932 4486 tales
2970 4431 3054 4485 vel
3086 4430 3463 4499 qualecunque

1882 4530 1991 4600 jam
2022 4530 2273 4592 dixerint,
2297 4541 2398 4581 nec
2420 4524 2566 4580 credi
2599 4525 2668 4578 ab
2688 4524 2888 4592 aliquo,
2919 4534 3019 4576 nec
3047 4520 3245 4586 suscipi
3273 4527 3470 4587 potest.

1714 4657 1779 4696 ex
1810 4617 1862 4676 D
1887 4623 2018 4678 Nam
2046 4621 2349 4691 quicunque
2370 4618 2539 4673 sancti
2569 4617 2895 4671 disserentes
2922 4628 3017 4670 eos
3037 4612 3225 4667 audire
3248 4625 3468 4666 consue-

1889 4720 2096 4777 verant,
2145 4710 2405 4779 incipiunt
2439 4709 2584 4776 ipsos
2626 4707 2831 4776 fugere,
2855 4713 3201 4760 exsecrantes
3221 4701 3472 4771 flagitiosi

1888 4806 2054 4859 animi
2077 4803 2348 4872 morisque
2377 4800 2700 4863 doctrinam,
2731 4799 2875 4852 velut
2898 4796 3100 4850 fontem
3128 4794 3219 4862 qui
3247 4791 3471 4862 sangui-

1888 4898 2039 4965 sngis
2054 4896 2247 4965 plenus
2271 4902 2376 4960 est,
2401 4893 2521 4947 licet
2548 4898 2828 4961 quisquam
2854 4892 3062 4948 sitiens.
3090 4895 3268 4939 tamen
3294 4885 3465 4939 vitare

1889 4996 2126 5056 cogatur,
2155 4996 2211 5041 ut
2234 5000 2413 5039 sermo
2440 4984 2740 5038 divinarum
2766 4981 3161 5049 Scripturarum
3191 4981 3467 5048 probetur,

1888 5079 1990 5134 hoc
2018 5079 2240 5133 dicens:
2270 5076 2540 5130 Peccatori
2591 5085 2771 5129 autem
2826 5073 2960 5125 dixit
2997 5070 3138 5125 Deus
3162 5086 3176 5125 :
3200 5071 3376 5138 Quare
3412 5083 3468 5125 tu

1888 5184 2109 5228 enarras
2127 5169 2355 5237 justitias
2376 5183 2548 5233 meas,
2572 5179 2623 5222 et
2639 5164 2871 5221 assumis
2890 5173 3265 5219 testamentum
3287 5178 3465 5218 meum

1893 5276 2065 5331 peros
2093 5270 2239 5316 tuum
2268 5260 2441 5332 (Psal.
2476 5258 2664 5329 sua)?

1962 5375 2031 5428 Et
2071 5389 2201 5429 vere
2250 5373 2451 5428 similes
2474 5388 2595 5429 esse
2646 5371 2974 5441 peccantium
3014 5379 3220 5426 mentes
3252 5370 3469 5440 pollutis

1891 5466 2133 5520 fontibus
2160 5475 2333 5537 putes.
2355 5465 2486 5519 Nam
2511 5464 2790 5519 voracitati
2814 5473 2973 5535 atque
2988 5463 3232 5519 ebrietati
3253 5463 3471 5518 studen-

1893 5568 1993 5623 tes,
2025 5557 2261 5614 ccenosis
2291 5557 2420 5611 locis
2462 5566 2873 5626 comparantur;
2920 5556 3155 5625 pecuniae
3181 5555 3360 5623 cupidi
3385 5555 3469 5609 vel

1892 5666 2136 5721 rapaces,
2185 5652 2249 5706 iis
2291 5666 2423 5720 quos
2472 5652 2826 5720 impleverunt
2861 5666 3039 5718 ranae;
3097 5650 3171 5704 illi
3222 5665 3350 5702 vero
3378 5648 3470 5717 qui

1891 5752 2016 5797 sunt
2039 5742 2203 5797 invidi
2231 5742 2308 5796 vel
2328 5744 2567 5809 superbi,
2593 5743 2851 5798 habentes
2876 5743 2926 5797 in
2952 5757 3010 5797 se
3031 5742 3258 5808 aliquam
3289 5750 3466 5791 tamen

1891 5835 2128 5895 scientia!
2156 5833 2467 5905 peritiaque
2491 5835 2751 5901 notitiam,
2777 5848 2931 5906 pares
2955 5834 3019 5889 iis
3059 5829 3295 5887 fontibus
3322 5828 3469 5900 judi-
