3982 6354
494 352 627 417 $95

1632 347 1974 410 APPENDIX
2016 347 2109 408 AD
2150 350 2350 406 VITAS
2391 349 2693 406 PATRUM.

3693 345 3793 412 εει

518 471 1140 544 cantur,qni'serpentes
1173 469 1310 524 inter
1331 467 1516 523 latices
1539 482 1666 522 suos
1685 469 1942 522 nutriunt.
1967 468 2096 536 Qui-
2127 469 2175 528 Α
2203 465 2400 532 latum,
2436 477 2597 521 notus
2619 465 2905 522 admodum
2934 481 3088 535 eras;
3123 468 3217 524 sed
3247 469 3368 539 quia
3419 470 3509 525 alii
3541 478 3596 527 te
3619 470 3792 528 horni-

521 569 621 621 bus
651 580 865 634 semper
884 565 1097 634 quidem
1121 577 1300 617 sermo
1330 560 1588 615 facundus
1628 570 1684 614 ut
1724 561 1870 616 utilis
1910 562 2101 616 humor

520 660 794 723 exuberat,
833 657 923 712 sed
957 671 986 710 a
1010 657 1156 710 nullo
1177 665 1351 709 tamen
1376 664 1597 725 possunt
1624 653 1848 708 libenter
1872 653 2098 718 hauriri,

521 761 742 817 propter
776 764 993 802 suorum
1018 748 1427 802 amaritudinem
1453 761 1680 800 morum.
1715 746 1864 802 Unde
1887 758 2105 801 sanctus

527 839 691 895 David
734 840 847 894 bmc
880 840 976 892 tria
1010 839 1106 893 sibi
1127 838 1240 892 dari
1265 853 1294 892 a
1320 837 1429 892 Deo
1473 837 1614 891 dona
1645 837 1968 906 postulabat,
2010 837 2105 891 bo-

523 931 768 994 nitatem,
812 938 866 984 et
905 929 1257 997 disciplinam,
1311 937 1363 982 et
1391 928 1668 982 scientiam
1695 926 1866 994 (Psal.
1895 927 2102 990 cxvttt).

525 1020 656 1075 Sine
685 1021 927 1074 bonitate
957 1021 1096 1075 enim
1119 1026 1169 1074 et
1199 1019 1478 1089 disciplina
1505 1019 1727 1072 scientia
1770 1019 1926 1072 nimis
1951 1017 2107 1071 inuti-

529 1113 597 1168 lis
620 1121 723 1167 est.
761 1111 824 1167 Et
849 1114 891 1165 si
920 1111 1132 1181 quidem
1166 1112 1264 1166 iste
1289 1112 1377 1179 qui
1410 1111 1530 1164 talis
1584 1119 1669 1164 est
1711 1124 1770 1163 se
1817 1109 2108 1164 emendare

524 1204 758 1269 festinet,
783 1206 966 1259 relicta
1007 1220 1069 1258 ea
1091 1219 1270 1268 causa,
1293 1204 1362 1257 ob
1383 1218 1541 1272 quam
1565 1202 1800 1257 deseruit
1824 1218 1944 1257 eum
1970 1201 2110 1257 Deus

527 1299 852 1368 (superbiam
905 1298 1114 1368 loquor)
1161 1296 1498 1364 volueritque
1546 1310 1859 1350 mensuram
1885 1293 1966 1348 sui
2013 1309 2105 1348 co-

531 1403 811 1459 gnoscere,
839 1400 897 1444 ttt
919 1390 1026 1461 jam
1052 1390 1120 1444 de
1143 1389 1372 1457 reliquo,
1402 1402 1574 1456 neque
1603 1396 1791 1441 contra
1815 1387 1947 1441 alios
1973 1401 2032 1440 se
2054 1394 2111 1439 ttt

528 1483 722 1536 melior
760 1493 851 1537 aut
895 1482 1067 1550 major
1101 1480 1341 1544 extollat,
1373 1479 1466 1533 sed
1510 1479 1620 1532 Deo
1663 1492 1873 1545 semper
1914 1475 2110 1546 gratias

522 1581 662 1642 agat.
692 1587 876 1626 rursus
903 1572 967 1624 ad
997 1587 1118 1626 eum
1139 1569 1376 1638 profecto
1396 1569 1655 1624 remeabit
1683 1568 1908 1622 scientia
1931 1568 2099 1621 hono-

519 1681 640 1721 rum
671 1674 882 1718 actuum
917 1663 1228 1718 testimonio
1256 1663 1510 1732 gloriosa.
1555 1661 1686 1715 Nam
1716 1659 1964 1714 facundia
1994 1659 2106 1726 spi-

523 1757 734 1812 ritualis
761 1756 864 1810 nisi
885 1771 1004 1810 cum
1025 1755 1266 1810 honestis
1293 1754 1530 1809 moribus
1551 1753 1675 1806 vita:
1693 1753 1957 1820 castisque
1978 1765 2108 1804 con-

2213 575 2307 615 nes
2341 562 2671 625 nesciebant,
2701 561 2791 629 qui
2825 577 2910 617 me
2963 574 3184 634 propter
3212 564 3425 620 divitias
3457 566 3616 635 (quas
3643 580 3795 622 acce-

2206 653 2384 720 peras)
2411 669 2440 706 a
2469 661 2519 707 te
2550 652 2934 708 existimabant
2959 655 3059 709 c‘oli
3081 674 3093 718 ;
3118 656 3316 711 idcirco
3347 657 3657 726 hujusmodi
3682 668 3797 714 ten.

2209 745 2465 797 tationem
2499 746 2563 798 ad
2596 755 2646 800 te
2670 747 2853 802 Venire
2893 748 3136 817 pet-misi,
3187 749 3386 805 idcirco
3437 765 3629 806 omnes
3669 766 3798 822 opes

2213 846 2330 891 tuas
2361 837 2581 902 abstuli,
2605 847 2662 892 ut
2687 840 3030 894 ostenderem
3060 841 3270 895 cunctis
3285 841 3605 910 sapientiam
3631 854 3794 909 tuam,

2214 943 2332 998 qute
2364 930 2522 982 etiam
2555 930 2607 984 in
2634 931 2727 985 illo
2753 940 2895 984 statu
2918 941 3095 1000 posset
3118 933 3316 1000 gratias
3341 933 3586 988 actitare.

2287 1023 2406 1076 Alio
2425 1024 2620 1076 iterum
2643 1024 2804 1078 modo
2821 1024 3122 1092 relinquere
3144 1024 3391 1080 homines
3407 1025 3618 1081 videtur
3635 1025 3799 1091 Deus,

2214 1115 2428 1182 quando
2450 1129 2544 1170 eos
2585 1130 2615 1168 a
2645 1116 2910 1184 superbia
2935 1119 3078 1172 malo
3105 1125 3352 1172 avertere
3377 1117 3544 1187 cupit,
3571 1119 3718 1189 quod
3750 1120 3800 1173 in

2214 1215 2403 1259 sancto
2433 1208 2678 1260 novimus
2724 1207 2917 1273 Paulo;
2947 1224 3070 1262 nam
3119 1218 3171 1263 et
3215 1208 3412 1263 Paulus
3441 1218 3572 1264 tunc
3609 1224 3640 1263 a
3695 1209 3804 1265 De.

2216 1296 2504 1363 putabatur
2537 1298 2775 1361 relictus,
2818 1313 2940 1353 cum
2973 1308 3050 1379 to_t
3089 1313 3152 1353 ac
3197 1299 3357 1353 tantis
3395 1299 3801 1368 apprimebatnr

2215 1387 2449 1456 undique
2493 1388 2758 1456 colaphis,
2812 1398 3027 1458 tamque
3076 1389 3305 1444 diversis
3346 1404 3480 1458 quas
3523 1389 3800 1457 Scriptura

2213 1487 2395 1531 sancta
2421 1489 2670 1533 numerat
2699 1479 3140 1535 tribulationibus
3171 1480 3488 1550 fatigabatur
3513 1482 3801 1548 (Datusest

2223 1571 2378 1634 mihi,
2407 1572 2596 1640 inquit,
2633 1573 2777 1627 velut
2807 1574 3028 1640 angelus
3056 1574 3287 1640 Satanae,
3318 1575 3408 1641 qui
3454 1587 3542 1627 me
3564 1573 3801 1642 colaphi-

2218 1671 2326 1726 zet,
2352 1671 2409 1715 ut
2439 1677 2546 1716 non
2586 1664 2817 1718 extollar
2845 1662 2929 1735 [II
2947 1664 3066 1719 Cor.
3090 1664 3214 1734 xtl),
3247 1680 3316 1718 ne
3345 1664 3486 1718 forte
3508 1664 3556 1718 si
3587 1679 3710 1718 cum
3741 1665 3800 1718 iis

2214 1768 2331 1820 qua:
2354 1767 2451 1821 per
2470 1753 2704 1807 divinam
2736 1756 2959 1824 gratiam
2994 1755 3233 1809 miranda
3283 1755 3536 1817 faciebat.
3565 1756 3800 1825 aliquam

527 1851 738 1913 cordet,
768 1850 872 1904 illis
912 1850 1015 1903 erit
1059 1848 1250 1903 similis
1295 1848 1478 1916 apicis,
1527 1858 1646 1915 qua:
1674 1854 1954 1899 ventorum
1981 1858 2103 1897 cor-
2139 1861 2180 1920 Β
2222 1845 2500 1901 habuisset
2525 1848 2758 1916 quietem
2789 1856 2880 1901 aut
2907 1848 3285 1902 abundantiam
3325 1863 3527 1911 rerum,
3557 1862 3687 1903 cum
3713 1848 3801 1902 illo

526 1945 772 2013 ruptione
801 1942 1002 1995 vitiatae
1032 1941 1266 2010 speciem
1310 1939 1679 1994 tantummodo
1717 1938 1982 2007 spicarum
2012 1952 2106 2006 ge-

523 2043 669 2098 runt,
703 2048 806 2087 non
835 2040 1010 2087 tamen
1055 2032 1257 2087 habent
1285 2045 1346 2086 ea
1391 2046 1513 2100 qua:
1562 2039 1786 2099 possunt
1838 2027 2107 2081 hominem

525 2131 715 2201 juvare
729 2131 813 2186 vel
836 2145 1078 2200 pascere.

597 2222 782 2277 Omnis
805 2223 965 2292 igitur
986 2221 1164 2290 lapsus
1189 2219 1542 2289 Itominis,qui
1565 2219 1647 2274 vel
1673 2219 1867 2287 linguae
1885 2223 1964 2271 vel
1986 2230 2110 2270 sen-

528 2329 621 2369 sus
657 2314 786 2368 vitio
824 2324 1153 2385 procreatur,
1197 2314 1393 2382 quique
1419 2328 1484 2368 ex
1527 2312 1950 2379 uniuscujusque
1975 2309 2111 2364 acti-

525 2407 646 2473 bus,
667 2411 750 2463 vel
774 2424 838 2463 ex
861 2409 1004 2463 omni
1026 2408 1267 2476 corporis
1285 2408 1450 2461 nostri
1470 2415 1619 2475 parte
1637 2405 1918 2459 descendit
1943 2416 2113 2471 usque

529 2499 595 2552 ad
627 2499 890 2569 superbiae
913 2499 1365 2568 magnitudinem,
1410 2514 1475 2553 ex
1519 2513 1585 2552 eo
1621 2510 1835 2565 semper
1872 2494 2113 2548 accidere

527 2591 686 2653 solet,
717 2589 839 2659 quia
867 2589 960 2643 Dei
995 2590 1180 2644 favore
1209 2589 1496 2643 nudamur.
1535 2589 1634 2654 Qui
1666 2597 1839 2641 tamen
1868 2585 1969 2640 hoc
1994 2585 2113 2639 ideo

531 2679 679 2750 facit,
713 2691 772 2734 ut
801 2691 986 2750 parcat
1014 2681 1180 2749 magis
1220 2680 1286 2734 iis
1336 2680 1643 2734 hominibus
1669 2693 1806 2747 quos
1834 2677 2108 2745 relinquit.

527 2772 659 2828 Nam
691 2772 736 2828 si
760 2788 878 2828 cum
910 2773 1200 2827 damnabili
1240 2773 1328 2828 illa
1379 2772 1558 2845 (quam
1583 2773 1633 2825 in
1664 2785 1722 2824 se
1747 2770 1967 2837 habent)
1997 2785 2112 2823 mo-

523 2883 642 2926 rum
677 2870 1042 2940 perversitate,
1069 2869 1304 2940 ingeniis
1334 2882 1546 2937 quoque
1573 2880 1758 2920 eorum
1791 2864 2113 2932 eloquentiae

534 2965 769 3020 fomenta
813 2963 1263 3032 suppeditassent,
1312 2961 1463 3030 quasi
1519 2959 1828 3013 testimonio
1879 2957 2108 3026 quodam

527 3071 626 3112 suo
653 3058 919 3112 animaret
949 3070 1043 3110 eos
1074 3055 1359 3119 Dominus;
1394 3053 1511 3108 sine
1531 3053 1863 3107 dubitatione
1890 3049 2109 3117 perfecti

528 3146 801 3202 daemones
834 3147 1048 3210 fierent,
1080 3161 1200 3200 eum
1231 3145 1591 3216 intelligerent
1621 3157 1680 3198 se
1712 3143 1835 3196 vita:
1862 3141 2108 3197 sordibus

528 3236 834 3303 inquinatos
865 3235 928 3289 ad
959 3234 1202 3288 sublimia
1235 3236 1618 3289 conscendere.

598 3327 727 3382 Hmc
757 3343 971 3397 quoque
1001 3328 1155 3381 nobis
1185 3329 1461 3382 memorati
1509 3328 1756 3381 dicebant
1786 3325 2111 3380 sanctissimi

532 3425 694 3487 atque
714 3417 902 3486 optimi
931 3419 1061 3472 viri:
1093 3418 1318 3484 Quando
1335 3418 1565 3485 aliquem
1593 3418 1834 3471 videritis
1861 3417 2114 3483 pessimae

534 3507 750 3577 quidem
779 3509 921 3575 vitae,
965 3510 1283 3578 eloquentia:
1337 3519 1515 3563 tamen
1574 3524 1800 3576 magna},
1853 3509 2116 3563 daemonis

534 3598 680 3652 illius
702 3598 1016 3654 meminisse
1043 3599 1271 3664 debetis,
1303 3614 1461 3669 quem
1491 3614 1609 3653 cum
1643 3599 1859 3653 Christo
1883 3599 2116 3668 loquen-

531 3698 642 3745 tem
665 3690 890 3760 legimus
914 3691 964 3744 in
994 3692 1288 3761 Scripturis
1315 3691 1514 3744 sanctis
1545 3691 1762 3761 (Matth.
1789 3692 1886 3759 tv).
1915 3693 2113 3745 Recor-

531 3783 648 3839 dari
681 3784 843 3838 etiam
895 3799 988 3838 vos
1031 3794 1244 3854 oportet
1269 3795 1322 3840 et
1345 3785 1487 3840 illius
1522 3785 1623 3841 loci
1651 3786 1702 3839 in
1729 3800 1834 3855 quo
1862 3786 2114 3839 novimus

535 3877 798 3946 scriptum
846 3895 859 3932 :
907 3878 1142 3945 Serpens
1187 3888 1364 3933 autem
1406 3878 1833 3949 sapientissimus
1886 3876 2115 3931 ferarum

529 3970 767 4023 omnium
797 3971 849 4023 in
882 3970 1038 4024 terris
1067 3980 1181 4023 erat
1207 3969 1360 4039 (Gen.
1386 3970 1467 4039 tt),
1493 3970 1574 4023 cui
1603 3970 1693 4022 illa
1720 3969 1984 4037 sapientia
2007 3983 2117 4022 ma-

531 4062 612 4132 gis
641 4061 830 4129 obfuit,
861 4061 981 4128 quia
1021 4061 1220 4115 nullum
1266 4062 1318 4115 in
1348 4077 1407 4116 se
1451 4061 1630 4114 habuit
1663 4061 1882 4115 alterius
1907 4060 2119 4115 virtutis

533 4149 812 4205 auxilium.
842 4150 1068 4218 Oportet
1097 4151 1237 4204 enim
1270 4151 1466 4204 bonum
1497 4165 1559 4203 ac
1596 4150 1914 4218 prudentem
1946 4152 2118 4204 virum

533 4255 721 4310 sapere
743 4241 955 4310 quidem
989 4241 1075 4294 illa
1102 4257 1219 4309 qnze
1250 4243 1297 4295 ei
1332 4243 1468 4296 Deus
1501 4242 1736 4304 dederit,
1765 4243 1910 4311 loqui
1938 4253 2114 4295 autem

536 4334 620 4389 illa
645 4349 764 4403 qua:
791 4336 950 4404 sapit,
986 4341 1041 4388 et
1065 4333 1153 4386 illa
1188 4333 1363 4388 facere
1385 4349 1502 4402 qua:
1520 4333 1776 4394 loquitur.
1792 4334 1923 4387 Nam
1947 4335 1989 4386 si
2015 4348 2118 4387 non

538 4436 786 4482 occurrat
814 4427 1136 4495 eloquentia
1167 4425 1362 4480 veritas
1385 4441 1504 4478 eum
1531 4425 1818 4479 virtutibus
1842 4428 1984 4484 vitae.
2007 4441 2122 4478 mo-

533 4519 784 4587 ribusque
811 4517 1071 4580 honestis,
1107 4520 1258 4586 panis
1287 4517 1530 4586 profecto
1563 4517 1680 4572 sine
1712 4518 1913 4572 salibus
1944 4519 2120 4572 fatuus

2219 1944 2370 1989 tanto
2395 1940 2622 2002 honore,
2641 1947 2872 2006 quantus
2904 1938 2979 1991 illi
3009 1938 3074 1991 ab
3098 1937 3406 1993 hominibus
3434 1937 3799 2003 deferebatur,

2220 2024 2466 2078 diabolus
2496 2041 2617 2079 eum
2652 2027 2922 2094 palpatum
2956 2027 3197 2095 pluti'uus
3229 2027 3381 2083 bonis
3407 2038 3569 2096 atque
3598 2030 3802 2084 resolu-

2223 2125 2360 2180 tutn,
2386 2118 2634 2185 superbia
2667 2119 2896 2187 quadam
2917 2119 3040 2174 novi
3065 2122 3288 2174 tumoris
3319 2123 3627 2177 extolleret.

2293 2207 2532 2264 Relictus
2555 2217 2638 2265 est
2655 2224 2683 2263 a
2710 2209 2821 2265 Deo
2849 2211 3116 2280 quondam
3146 2212 3471 2282 paralyticus
3490 2222 3546 2267 et
3570 2213 3661 2268 ille
3683 2228 3803 2283 pro-

2219 2309 2338 2367 pter
2357 2301 2571 2368 propria
2599 2301 2814 2367 delicta,
2856 2297 2943 2356 cui
2965 2302 3096 2357 dixit
3136 2303 3292 2358 Jesus
3320 2320 3333 2354 :
3360 2304 3498 2357 Ecce
3534 2303 3711 2358 factus
3747 2318 3803 2359 es

2214 2405 2399 2456 sanus,
2432 2392 2540 2446 noli
2582 2392 2812 2461 amplius
2863 2407 3108 2462 peccare,
3162 2408 3230 2449 ne
3260 2393 3387 2463 quid
3435 2394 3529 2448 tibi
3571 2393 3803 2450 deterius

2214 2484 2485 2554 contingat
2515 2484 2697 2545 (Joan.
2725 2485 2802 2552 v).

2292 2575 2455 2630 Judas
2478 2590 2691 2645 quoque
2717 2576 2935 2629 relictus
2969 2584 3073 2641 est,
3102 2577 3188 2644 qui
3212 2575 3375 2631 verbo
3400 2577 3492 2631 Dei
3517 2576 3803 2645 praeposuit

2216 2675 2519 2734 argentum,
2561 2666 2632 2718 ob
2679 2665 2820 2734 quod
2863 2667 3049 2734 laqueo
3093 2681 3152 2720 se
3206 2668 3484 2736 suspendit
3535 2677 3593 2721 et
3643 2668 3803 2736 periit

2217 2757 2354 2827 (Act.
2380 2757 2440 2827 t).
2477 2757 2610 2810 Relii
2631 2766 2714 2811 tus
2745 2768 2828 2811 est
2857 2755 3014 2822 Esau,
3043 2768 3096 2813 et
3127 2758 3326 2826 peccati
3375 2757 3582 2814 critnen
3627 2760 3803 2814 incur-

2222 2846 2324 2910 rit;
2373 2845 2745 2900 intestinorum
2794 2847 2939 2901 enim
2988 2847 3174 2901 maluit
3216 2848 3404 2903 sordes
3453 2864 3616 2918 quam
3648 2852 3805 2906 bene-

2216 2939 2483 2994 dictiones
2506 2950 2755 3008 paternas
2777 2939 2932 3010 (Gen.
2960 2941 3147 3011 xxvtt).
3192 2942 3318 3007 Qua:
3357 2945 3537 2996 omnia
3568 2945 3805 3013 cogitans

2220 3031 2419 3101 Spiritu
2444 3043 2631 3087 sancto
2666 3034 2858 3102 plenus
2878 3034 3220 3089 beatissimus
3260 3036 3475 3100 Paulus,
3503 3037 3718 3092 dicebat
3746 3038 3806 3092 de

2219 3123 2414 3178 talibus
2436 3126 2523 3194 qui
2547 3125 2878 3180 deseruntur
2898 3142 2928 3180 a
2953 3127 3064 3182 Deo
3092 3145 3105 3180 :
3133 3128 3198 3182 Et
3226 3127 3366 3183 sicut
3393 3144 3501 3184 non
3541 3131 3806 3198 probave-

2142 3227 2186 3288 ε
2221 3228 2347 3271 runt
2380 3217 2544 3272 Deum
2577 3217 2629 3272 in
2655 3219 2841 3273 notitia
2883 3221 3101 3286 habere,
3159 3221 3380 3276 tradidit
3409 3224 3529 3277 illos
3577 3225 3722 3279 Deus
3758 3228 3804 3279 in

2227 3309 2513 3378 reprobum
2539 3325 2780 3377 sensum,
2815 3320 2872 3364 ut
2895 3311 3090 3365 faciant
3117 3327 3176 3365 ea
3198 3330 3314 3382 qua:
3344 3331 3449 3369 non
3481 3319 3804 3371 conveniunt

2224 3399 2402 3469 (llom.
2430 3400 2488 3470 t).
2522 3400 2597 3456 De
2626 3401 2748 3457 aliis
2775 3411 2954 3456 autem
2995 3404 3307 3472 quibusdam
3349 3408 3435 3474 qui
3464 3417 3650 3475 potant
3673 3408 3804 3461 dit-io

2221 3507 2340 3546 nam
2373 3493 2570 3550 habere
2605 3496 2873 3560 notitiam,
2915 3497 3008 3551 sed
3043 3498 3132 3567 qui
3162 3509 3426 3569 corruptae
3468 3510 3523 3554 et
3567 3504 3804 3570 superba:

2221 3595 2404 3638 essent
2435 3585 2654 3652 mentis,
2687 3587 2765 3640 sic
2789 3587 2925 3640 dixit
2949 3604 2961 3639 ε
2989 3589 3247 3654 Quoniam
3283 3604 3402 3644 cum
3431 3605 3473 3645 ci
3497 3596 3804 3660 gnovissent

2227 3680 2415 3742 Deum,
2460 3693 2562 3735 non
2613 3681 2752 3733 sicut
2792 3681 2955 3734 Deum
2998 3681 3448 3750 glorilicaverunt,
3491 3694 3586 3737 aut
3614 3688 3802 3754 gratias

2231 3777 2472 3837 egerunt,
2520 3768 2614 3824 sed
2669 3782 3000 3825 evanuerunt
3041 3772 3091 3826 in
3139 3772 3550 3841 cogitationibus
3580 3778 3713 3841 suis,
3758 3786 3804 3831 et

2225 3863 2568 3917 obscuratum
2611 3876 2691 3918 est
2736 3864 2996 3930 insitiens
3019 3880 3114 3919 cor
3153 3882 3360 3920 eorum.
3391 3866 3644 3924 Dicentcs
3667 3871 3803 3924 enim

2230 3969 2290 4009 se
2311 3970 2432 4010 es.~e
2455 3955 2749 4025 sapientes,
2774 3957 2919 4010 stulti
2954 3957 3071 4010 fat'li
3096 3967 3239 4021 sunt,
3263 3959 3511 4013 elationis
3549 3970 3710 4028 atque
3735 3972 3805 4016 tu-

2235 4046 2402 4099 moris
2439 4046 2704 4100 dremonio
2742 4047 2994 4114 copulati.
3053 4044 3201 4102 Unde
3249 4049 3488 4116 sequitur
3533 4066 3548 4102 :
3590 4051 3806 4119 Propter

2231 4138 2373 4205 quod
2407 4138 2620 4192 tradidit
2652 4137 2770 4191 illos
2795 4138 2935 4193 Dens
2990 4141 3040 4192 itt
3082 4141 3356 4208 passiones
3393 4142 3721 4211 ignominiae,
3759 4153 3808 4196 ut

2227 4231 2572 4285 contumeliis
2597 4232 2831 4285 alliciant
2860 4249 3085 4299 corpora
3109 4249 3203 4289 sua
3234 4237 3286 4290 itt
3314 4237 3637 4308 semetipsis.
3656 4239 3808 4293 Idcir-

2223 4340 2288 4380 co
2311 4326 2409 4380 hoc
2435 4326 2732 4395 intelligere
2765 4343 2861 4381 nos
2885 4341 3119 4397 oportet,
3147 4347 3257 4384 non
3285 4347 3441 4400 posse
3466 4335 3583 4388 fieri
3610 4343 3666 4389 ut
3695 4335 3809 4404 quis

2226 4420 2427 4489 peccati
2454 4420 2674 4488 grandis
2724 4419 2950 4491 alicujus
2997 4423 3200 4478 crimen
3243 4425 3497 4492 incurrat,
3547 4427 3651 4482 nisi
3693 4436 3810 4482 ante

2226 4528 2346 4566 eum
2401 4513 2576 4566 divina
2634 4513 2966 4582 providentia
3017 4531 3113 4584 pro
3153 4517 3310 4571 malis
3373 4519 3616 4574 moribus
3656 4519 3810 4575 dere-

531 4629 651 4668 esse
677 4613 966 4679 videbitur,
1016 4616 1103 4682 qui
1138 4613 1446 4667 tnandttcari
1500 4613 1648 4681 juxta
1698 4611 1798 4666 Job
1841 4612 1980 4666 dicta
2011 4627 2114 4666 non
2145 4609 2194 4668 D
2225 4605 2449 4661 linouat.

535 4706 731 4776 poterit
761 4705 903 4776 (Job.
937 4706 1036 4775 vt),
1059 4716 1149 4760 aut
1169 4706 1355 4759 mortis
1385 4721 1543 4760 causa
1579 4707 1642 4760 iis
1666 4706 1754 4774 qui
1778 4722 1898 4761 eum
1921 4716 2132 4760 come-'

534 4797 711 4852 derint
738 4799 861 4852 erit.
908 4798 963 4851 Si
1012 4799 1158 4852 enim
1205 4798 1355 4866 panis
1385 4797 1503 4853 sine
1552 4798 1750 4853 Salihtts
1796 4800 1878 4852 edi
1919 4807 2115 4867 potest,

533 4890 728 4957 poterit
755 4904 875 4943 esse
913 4897 968 4944 et
998 4889 1188 4958 aliquis
1230 4889 1401 4943 bonus
1453 4899 1639 4959 gustus
1680 4891 1731 4942 in
1778 4891 2116 4944 sermonibus

532 4979 703 5044 vanis,
737 4989 791 5034 et
821 4981 910 5050 qui
935 4996 1040 5036 non
1075 4982 1338 5036 bonorum
1370 4989 1583 5035 actuum
1619 4981 1922 5036 testimonio
1953 4980 2115 5034 robo-

534 5081 722 5125 rentur

604 5163 837 5217 Diversis
866 5173 1043 5219 autem
1077 5166 1249 5220 modis
1281 5165 1510 5220 famulos
1561 5164 1828 5218 interdum
1869 5177 1998 5216 suos
2023 5163 2115 5217 de-

533 5255 665 5310 serit
687 5254 850 5310 Dens.
881 5256 1176 5325 Aliquando
1202 5258 1343 5312 enim
1365 5258 1504 5311 hunc
1533 5265 1751 5325 propter
1777 5255 2002 5324 alicujus
2027 5269 2116 5310 oc-

530 5345 731 5399 cultam
763 5346 1032 5410 virtutem,
1057 5359 1112 5402 ut
1133 5352 1342 5403 cmtoris
1369 5335 1594 5404 revelari
1639 5349 1816 5418 possit
1843 5365 1905 5402 ac
1936 5348 2112 5418 prodi,

535 5435 697 5490 veluti
726 5435 779 5489 in
803 5445 990 5490 sancto
1022 5437 1114 5492 illo
1135 5439 1332 5494 athleta
1357 5440 1477 5505 Job,
1510 5441 1594 5493 cui
1622 5440 1760 5493 Deus
1790 5452 1998 5496 secreta
2021 5456 2112 5495 sua

531 5527 910 5595 manifestans,
939 5530 1042 5585 ista
1068 5530 1278 5587 dicebat
1307 5530 1450 5602 (Job.
1485 5531 1574 5602 XL)
1603 5549 1614 5584 :
1643 5533 1760 5587 Noli
1797 5549 2001 5589 mecum
2033 5547 2120 5586 re-

531 5635 730 5676 cusare
753 5619 1037 5691 judicium,
1072 5637 1245 5692 neque
1294 5623 1366 5676 ob
1396 5623 1552 5678 aliam
1585 5637 1804 5678 causam
1858 5622 2126 5694 putaveris

530 5726 617 5766 me
649 5712 742 5765 tibi
779 5713 895 5766 hzcc
925 5712 1137 5768 dedisse
1164 5727 1448 5780 responsa,
1475 5714 1574 5767 nisi
1602 5723 1659 5767 ut
1687 5715 1857 5782 justus
1877 5712 2127 5767 omnibus

536 5803 949 5861 demonstreris.
978 5804 1102 5862 Mihi
1134 5804 1374 5875 quidem,
1397 5805 1482 5860 cui
1509 5805 1641 5860 nihil
1674 5813 1848 5875 potest
1875 5820 1994 5861 esse
2037 5819 2127 5860 ce-

2744 4674 2970 4730 CAPUT
3023 4675 3283 4730 XXXVII.

2228 4790 2344 4844 Vita
2370 4792 2566 4845 abbatis
2599 4791 2799 4861 Elpidii
2821 4802 2867 4845 et
2885 4793 3197 4859 collegarum
3225 4795 3336 4862 ejus
3363 4791 3596 4863 Ennesii,
3622 4795 3809 4850 Eusta-

2530 4864 2645 4928 tltii,
2680 4873 2724 4915 et
2757 4865 2979 4918 Stsinm'i
3019 4864 3214 4933 Elpidit’
3238 4866 3496 4934 discipuli.

2297 4975 2538 5045 Elpidius
2561 4978 2776 5045 quidam
2803 4978 2899 5031 fuit
2933 4978 3000 5032 de
3027 4978 3364 5048 Cappadocia
3394 4995 3566 5051 genus
3609 4982 3807 5038 ducens

2227 5065 2485 5137 (Pallad.,
2523 5087 2567 5121 ι’.
2601 5069 2748 5138 106),
2774 5070 2861 5138 qui
2891 5081 3071 5137 postea
3096 5080 3151 5126 et
3179 5073 3244 5126 ad
3288 5074 3696 5144 presbyteratus
3724 5077 3808 5128 ho-

2226 5175 2408 5212 norem
2441 5161 2632 5214 meruit
2665 5162 2967 5227 pervenire.
3004 5163 3132 5218 Erat
3162 5176 3339 5219 autem
3382 5165 3448 5219 de
3490 5170 3810 5221 tttonasterio

2225 5253 2494 5307 T.nt0thei
2533 5254 2870 5324 Cappadocis
2907 5255 3187 5324 cujusdam
3237 5257 3610 5327 chorepiscOpi
3676 5261 3808 5329 (51),

2223 5348 2316 5400 viri
2340 5348 2624 5402 admodum
2658 5349 2854 5418 magni.
2881 5348 2981 5415 Qui
3015 5349 3258 5418 Elpidius
3283 5351 3333 5402 iu
3377 5367 3486 5405 una
3513 5355 3582 5406 de
3609 5367 3806 5407 memo—

2225 5440 2355 5494 ratis
2386 5440 2658 5507 speluncis
2679 5439 3036 5494 habitaculum
3069 5440 3172 5495 sibi
3204 5441 3345 5496 fecit.

2298 5530 2530 5584 Tantum
2586 5542 2761 5586 autem
2803 5531 3139 5586 abstinentiae
3193 5533 3428 5586 studium
3482 5534 3532 5588 in
3585 5547 3646 5588 se
3702 5534 3808 5603 ipso

2228 5623 2393 5693 976
2439 5625 2783 5687 monstravit,
2834 5633 2891 5677 ut
2943 5625 3182 5680 vinceret
3226 5635 3467 5681 cunctos.
3498 5627 3604 5682 Per
3631 5628 3807 5699 viginti

2235 5715 2378 5768 enim
2413 5724 2466 5769 et
2504 5717 2741 5784 quinque
2768 5730 2904 5784 quos
2931 5715 3061 5770 vixit
3085 5732 3276 5786 annos,
3302 5719 3419 5776 solo
3449 5721 3715 5778 Dominici
3755 5736 3808 5774 ac

2233 5787 2451 5859 Sabbati
2477 5805 2562 5860 die
2585 5805 2828 5861 sumebat
2855 5806 3121 5872 cibum,et
3142 5824 3236 5880 per
3259 5821 3442 5866 noctes
3462 5821 3600 5868 totas
3623 5813 3806 5867 stando
