3982 6354
159 367 162 370 ’
176 348 284 413 895

1389 348 1796 407 IIERACLIDIS
1838 348 2241 406 PARADISUS.

3350 362 3455 418 55.6

170 474 246 523 "et
285 466 491 523 orando
518 463 801 536 psallebat.
832 465 1000 533 Quem
1028 464 1182 521 sicuti
1211 474 1339 535 apes
1379 477 1561 534 regem
1589 475 1765 523 suum,
1799 464 1843 522 Α
1875 462 2005 517 satis
2029 465 2160 519 nihil
2189 483 2309 520 cum
2342 470 2549 539 penitus
2579 469 2871 539 possidere,
2907 470 2969 526 ad
3024 489 3206 530 eorum
3252 489 3452 548 oppro-

185 560 262 615 ita
285 560 565 616 innumera
582 557 867 614 multitudo
882 556 1104 613 fratrum
1128 555 1470 627 secutaJccit
1486 554 1769 624 quamdam

162 648 352 706 Videri
401 651 457 704 in
489 650 762 721 speluncis
808 649 938 719 ipsis
975 661 1039 704 ac
1068 647 1444 703 solitudinibus
1473 646 1768 702 civitatem.

184 742 317 797 Erat
348 754 526 798 autem
559 742 810 798 maxime
834 742 1143 812 voluptatis,
1188 742 1502 811 stupendam
1532 746 1655 794 vitae
1686 753 1775 791 tur-

164 832 434 890 ‘rIetatem
464 842 522 890 et
550 835 982 891 conversationis
1020 850 1205 891 eorum
1236 848 1581 905 cognoscere.
1624 835 1775 889 Ilun'c

170 924 362 995 ‘ipsuln
421 925 690 994 Elpidium
732 941 877 981 veras
917 925 1033 995 spei
1078 926 1247 996 gloria
1300 925 1673 995 gratulanteut,
1722 932 1778 979 et

178 1028 417 1088 ‘propter
453 1019 725 1074 Christum
778 1017 1182 1074 tribulationum
1240 1018 1471 1088 pericula
1504 1017 1777 1071 sustinen-

178 1114 325 1176 tem,
346 1109 723 1181 ctan‘quadam
753 1109 1012 1179 psalleret
1035 1116 1192 1163 nocte
1231 1109 1534 1172 nobiscum,
1562 1109 1776 1176 scorpio

192 1204 518 1272 Μυκήνη,
549 1217 659 1273 quo
686 1203 779 1260 ille
824 1203 1054 1271 calcato,
1101 1217 1199 1258 nec
1238 1203 1429 1258 stando
1455 1202 1670 1273 quidem
1722 1202 1777 1257 in

190 1292 753 1365 qoofueratmutavit
791 1295 1041 1365 spatium.
1093 1294 1164 1349 Ita
1224 1309 1367 1359 cum,
1403 1310 1563 1364 quem
1614 1293 1780 1364 ipsius

188 1386 497 1456 scorpionis
518 1386 658 1442 ictus
686 1386 958 1455 intulerat,
993 1388 1318 1458 contempsit
1345 1387 1610 1443 dolorem.

258 1476 502 1546 Quodam
529 1483 707 1533 autem
739 1478 827 1533 die
852 1493 974 1533 cum
1000 1494 1143 1536 unus
1168 1495 1234 1534 ex
1253 1479 1507 1535 fratribus
1530 1479 1777 1549 exiguam

187 1577 401 1638 partem
440 1570 700 1625 sarmenti
753 1585 820 1624 ex
873 1571 1025 1624 arida
1074 1573 1186 1626 vite
1244 1579 1475 1637 terreret,
1512 1571 1781 1640 accipiens

187 1658 335 1714 illam
360 1673 390 1713 a
418 1658 609 1727 fratre,
636 1660 765 1716 dum
787 1660 843 1716 in
867 1662 1173 1718 summitate
1202 1663 1398 1718 montis
1429 1664 1666 1730 sederet,
1690 1678 1781 1718 ve-

188 1749 271 1807 lut
295 1751 548 1823 plantans
571 1768 691 1809 eam
717 1753 910 1811 infudit
961 1754 1097 1821 solo,
1138 1765 1196 1810 et
1242 1765 1389 1811 certe
1416 1770 1536 1811 cum
1569 1764 1779 1826 tempus

190 1843 541 1912 plantationis
562 1846 783 1903 omnino
803 1862 908 1902 non
932 1855 1096 1914 esset,
1120 1848 1264 1918 quod
1283 1850 1350 1903 ita
1376 1849 1427 1903 in
1457 1848 1778 1904 immensum
1815 1843 1855 1904 Β

198 1938 373 1995 crevit
398 1938 641 2007 modum,
660 1949 717 1996 et
744 1952 852 1995 tam
883 1955 1075 2011 magna
1100 1941 1293 1998 exinde
1322 1940 1448 1996 vitis
1467 1941 1654 1997 effecta
1677 1951 1781 2010 est,

201 2038 267 2085 ut
295 2044 358 2085 se
381 2029 447 2083 ad
475 2031 755 2100 superiora
784 2030 1114 2099 diffundens,
1161 2032 1324 2088 totius
1364 2031 1606 2088 ecclesia:
1646 2039 1782 2087 teda

200 2120 509 2190 conperiret
560 2115 564 2119 ’

271 2210 402 2266 Erat
428 2210 589 2266 etiam
618 2226 742 2267 cum
783 2211 886 2267 hoc
923 2212 1123 2268 athleta
1162 2213 1362 2270 Christi
1404 2214 1672 2271 Ennosius
1706 2215 1787 2272 νῖν

192 2314 422 2373 magnus
448 2313 502 2359 et
532 2303 816 2370 honestus,
847 2319 913 2362 ac
945 2306 1112 2362 frater
1142 2305 1263 2377 ejus
1295 2306 1625 2374 Eustathius,
1666 2308 1786 2379 qui-

192 2393 304 2449 bus
333 2409 438 2449 una
460 2395 569 2449 vita
606 2395 970 2463 continentiae,
996 2407 1159 2470 atque
1177 2398 1364 2454 eadem
1391 2401 1786 2456 consummatio

190 2485 295 2544 fuit
320 2490 375 2543 in
396 2487 610 2545 Christo
636 2488 903 2563 (Palluit,
929 2508 1045 2563 cap.
1079 2493 1205 2559 107,
1238 2493 1366 2563 I08)

270 2577 454 2651 Usque
481 2581 616 2637 adeo
640 2593 819 2639 autem
842 2592 1172 2640 memoratus
1218 2586 1458 2656 Elpidius
1489 2587 1650 2643 nullis
1673 2588 1788 2644 ani-

192 2671 275 2728 mi
294 2672 381 2727 vel
397 2674 639 2743 corporis
657 2676 999 2744 passionibus
1020 2676 1352 2747 subjacebat,
1373 2681 1603 2750 propriis
1622 2698 1787 2740 metu-

197 2764 314 2819 bris
366 2767 514 2822 vario
558 2767 893 2824 abstinentiae
934 2768 1121 2825 labore
1165 2771 1521 2842 consumptis,
1562 2783 1620 2828 ut
1656 2773 1788 2831 solis

192 2856 589 2916 instarossium
609 2859 727 2931 ejus
752 2859 1003 2932 junctttra
1034 2862 1256 2917 luceret.

270 2954 316 3007 Δ
337 2953 660 3024 quibusdam
691 2965 872 3011 autem
920 2955 1180 3013 studiosis
1207 2957 1323 3027 ejrs
1344 2956 1644 3029 discipulis,
1668 2958 1791 3015 talis

196 3042 378 3101 ἵει-ιω
396 3047 608 3112 relatio,
625 3048 768 3118 quod
793 3062 888 3118 per
908 3049 1092 3119 viginti
1120 3057 1175 3106 et
1199 3052 1436 3121 quinque
1461 3065 1634 3106 annos
1656 3066 1793 3106 nun-

193 3153 362 3208 quam
381 3153 443 3195 se
476 3139 542 3195 ad
560 3138 907 3197 Occidentem
922 3142 1247 3197 converterit
1269 3142 1347 3213 (et
1370 3157 1500 3199 sane
1518 3143 1792 3213 spelunca

197 3230 346 3285 ostio
375 3244 529 3286 mons
553 3232 609 3288 in
637 3232 805 3287 altum
830 3233 1007 3289 editus
1036 3232 1399 3304 imminebat),
1424 3235 1641 3304 etquod
1666 3244 1788 3306 post
1813 3222 1861 3287 C

198 3330 411 3377 sextam
440 3338 657 3394 quoque
685 3324 874 3380 horam
901 3339 931 3379 a
954 3323 1132 3380 medio
1155 3325 1338 3379 mundi
1369 3325 1569 3381 vertice
1591 3326 1644 3380 in
1669 3340 1791 3396 par-

204 3416 295 3469 tes
315 3414 567 3470 occiduas
588 3414 945 3472 declinantem
970 3432 1241 3489 nunquam
1274 3416 1467 3473 viderit
1485 3417 1673 3488 solem,
1700 3435 1795 3475 ne-

200 3522 317 3579 que
338 3509 405 3565 ab
432 3508 724 3567 Occidente
762 3519 1044 3583 surgentes
1073 3512 1414 3583 conspexerit
1456 3513 1661 3573 ate-llas.
1692 3513 1794 3582 Qui

202 3614 280 3657 ex
308 3615 417 3671 quo
446 3610 796 3657 memoratam
828 3604 1137 3673 speluncam
1182 3604 1455 3676 ingressus
1501 3614 1605 3672 est,
1661 3622 1797 3660 nun—

205 3704 372 3761 quam
399 3691 469 3746 de
490 3691 606 3762 ejus
632 3702 821 3749 monte
839 3691 1140 3761 descendit,
1163 3693 1339 3751 donec
1361 3710 1553 3766 corpus
1573 3695 1693 3767 ejus
1713 3712 1800 3753 se-

208 3783 421 3853 pultum
451 3791 554 3840 est.

286 3873 458 3944 Hujus
481 3874 965 3945 ElpidiiSisinuius
993 3876 1211 3933 nomine
1255 3876 1551 3950 discipulus
1581 3878 1799 3950 quidam

217 3964 415 4022 fuitin
440 3967 779 4036 Cappadocia
830 3982 1006 4034 natus,
1032 3985 1097 4025 ex
1136 3971 1315 4025 servili
1352 3971 1563 4041 quidem
1598 3971 1803 4041 origine

217 4072 399 4128 genus
424 4059 643 4127 ducens,
678 4062 773 4116 sed
811 4062 1015 4117 habens
1044 4062 1098 4117 in
1126 4062 1237 4117 Deo
1268 4061 1473 4117 fiducia:
1499 4062 1801 4117 libertatem

210 4148 482 4222 (Palluit,
504 4168 615 4223 cap.
640 4153 785 4223 109).
811 4153 1076 4209 Debemus
1102 4153 1242 4209 enim
1264 4154 1617 4209 humillimum
1640 4156 1802 4210 etiam

210 4256 387 4313 genus
414 4245 769 4313 quorumdam
813 4247 1180 4313 conscribere,
1228 4255 1288 4302 ut
1325 4246 1495 4317 major
1522 4247 1690 4319 gloria
1726 4250 1807 4304 itt-

215 4335 510 4406 geuuitatis
549 4347 837 4409 appareret
892 4355 1012 4409 qua:
1069 4339 1301 4395 donatur
1345 4356 1375 4395 a
1424 4342 1659 4410 Christo,
1714 4359 1808 4412 per

217 4442 389 4499 quam
411 4428 477 4483 ad
506 4444 687 4485 veram
713 4432 1182 4502 atquertelestem
1227 4435 1558 4490 nobilitatem
1590 4435 1809 4491 liberta-

223 4529 451 4589 lusuque
484 4536 783 4581 revocatur.
837 4526 885 4582 ls
935 4527 1113 4596 itaque
1158 4541 1278 4583 cum
1328 4530 1465 4599 apud
1492 4528 1806 4601 magistrum

227 4628 390 4671 suum
420 4630 515 4685 per
549 4631 642 4673 sex
677 4618 760 4673 vel
792 4626 997 4690 septem
1030 4633 1198 4675 annos
1237 4619 1442 4687 fuisset,
1499 4622 1565 4677 ad
1607 4634 1814 4691 postre-
1839 4608 1895 4671 Ῑ)

227 4723 379 4764 mum
410 4711 549 4765 intra
572 4712 877 4780 sepulcrum
910 4728 970 4769 se
999 4714 1267 4770 clauserat
1296 4715 1586 4785 quoddam,
1612 4716 1665 4770 in
1705 4729 1812 4785 quo

218 4803 444 4859 triennii
467 4814 681 4876 tempus
704 4816 856 4861 stans
877 4821 1093 4877 semper
1120 4807 1312 4863 orabat
1343 4827 1356 4863 :
1381 4808 1471 4864 ubi
1504 4825 1606 4864 non
1629 4818 1810 4876 nocte,

220 4909 334 4951 non
359 4896 449 4951 die
472 4905 566 4953 aut
591 4896 976 4968 deambulavit,
1022 4907 1115 4953 aut
1165 4899 1326 4967 sedit,
1358 4910 1449 4955 aut
1469 4898 1655 4970 jacuit.
1684 4900 1814 4966 Qui-

220 4990 586 5060 qoegratiam
622 5005 836 5062 quoque
873 4999 1056 5046 contra
1098 4991 1373 5048 daemones
1421 4992 1619 5047 meruit
1652 4992 1814 5061 spiri-

220 5082 447 5139 tualem.
472 5081 624 5138 Nunc
645 5093 823 5139 autem
850 5098 1129 5155 regressus
1179 5086 1244 5139 ad
1284 5087 1508 5156 patriam
1536 5083 1817 5156 presbyter

222 5175 405 5232 factus
423 5186 528 5243 est,
552 5176 876 5247 collegitque
901 5180 953 5233 in
984 5192 1147 5233 unum
1197 5179 1388 5233 fratres
1425 5180 1622 5249 pariter
1644 5194 1706 5234 ac
1731 5194 1820 5235 so-

223 5284 407 5328 rores.
446 5271 550 5340 Qui
603 5271 741 5327 adeo
789 5271 906 5328 sine
955 5261 1063 5327 ullo
1112 5274 1242 5328 vitio
1271 5274 1465 5329 mentis
1496 5281 1552 5328 et
1581 5271 1819 5343 corporis

220 5364 381 5430 vixit,
413 5365 696 5421 utunllam
733 5366 945 5438 generis
973 5380 1095 5422 esse
1132 5367 1445 5423 distantiam
1475 5367 1615 5424 inter
1640 5383 1819 5423 mares

221 5470 291 5512 ac
318 5452 550 5513 feminas
576 5457 978 5528 comprobaret,
1007 5470 1064 5513 ut
1112 5458 1406 5530 Scriptum
1461 5469 1660 5517 sancta:
1688 5460 1819 5517 illud

224 5548 597 5621 impleretur:
629 5552 685 5607 lu
735 5552 952 5611 Christo
984 5552 1126 5610 enim
1174 5552 1300 5611 Jesu
1338 5570 1510 5626 neque
1549 5556 1818 5612 masculus

226 5657 410 5714 neque
436 5642 637 5700 femina
664 5658 848 5700 sumus
870 5642 1072 5711 (Galat.
1099 5645 1203 5716 Ill).
1256 5646 1351 5700 Est
1377 5655 1552 5701 autem
1582 5657 1636 5703 et
1666 5663 1820 5717 pere-

226 5734 405 5807 grinis
426 5734 675 5793 omnibus
703 5735 1007 5808 hospitalis,
1038 5746 1093 5794 et
1121 5746 1269 5794 certe
1292 5751 1412 5793 cum
1443 5737 1514 5794 sit
1545 5739 1816 5810 cognitum

311 5850 327 5880 ί
355 5846 618 5920 Palladio,
645 5862 765 5922 cap.
800 5848 926 5920 112,
956 5849 1150 5910 dicitur
1176 5850 1474 5907 Sabbatiur.

1877 553 2050 611 brium
2094 568 2253 629 atque
2281 561 2598 629 supplicium
2650 561 2760 630 qui,
2807 576 2926 617 cum
2956 564 3061 618 sint
3092 564 3302 630 divites,
3326 569 3458 624 nihil

1877 662 2108 718 unquam
2137 653 2417 720 egentibus
2443 653 2761 725 largiuntur.

2391 742 2618 798 CAPUT
2658 744 2944 799 XXXVIII.

2311 832 2433 887 Vita
2476 833 2716 888 (Iaddam'
2744 836 2876 889 servi
2920 837 3037 890 Det.

1947 921 2084 976 Novi
2105 936 2204 993 ego
2231 922 2534 981 Palaestina:
2585 927 2875 996 quemdam
2907 926 3224 983 Gaddamtm
3249 931 3465 985 nomine

1878 1026 2059 1069 senem
2091 1013 2360 1083 (Pallad.,
2391 1033 2437 1069 c.
2478 1017 2623 1085 HO),
2650 1018 2738 1087 qui
2766 1018 2879 1072 sine
2908 1027 3051 1072 tecto
3089 1032 3302 1086 semper
3324 1020 3469 1075 circa

1886 1106 1999 1161 loca
2032 1106 2278 1163 Iordanis
2305 1107 2539 1163 ﬂuminis
2566 1110 2717 1162 vixit.
2748 1109 2945 1162 Contra
2994 1123 3148 1178 quem
3179 1107 3342 1179 aliqui
3368 1107 3462 1163 Ju-

1883 1197 2123 1253 dmorum
2155 1198 2362 1253 invidiae
2391 1199 2572 1255 furore
2595 1200 2917 1269 praecipites,
2942 1199 3068 1253 dum
3100 1198 3188 1253 ille
3214 1202 3262 1253 in
3292 1201 3468 1270 regio-

1885 1287 2042 1341 nibus
2075 1288 2267 1341 Mortui
2297 1287 2462 1342 maris
2511 1288 2677 1358 degit,
2732 1290 2921 1343 armati
2988 1289 3162 1358 gladio
3189 1289 3469 1357 aliquando

1886 1386 2166 1443 Venerunt,
2191 1389 2247 1433 et
2269 1395 2390 1433 cum
2416 1386 2553 1434 unus
2576 1395 2641 1434 ex
2669 1380 2797 1449 ipsis
2814 1380 3059 1435 eumdem
3082 1379 3242 1434 ferire
3260 1379 3462 1434 voluis-

1885 1478 1993 1534 set,
2029 1471 2137 1526 tale
2160 1473 2480 1527 miraculum
2516 1472 2658 1527 Deus
2686 1472 2828 1536 fecit,
2858 1483 2913 1526 ut
2932 1474 3152 1526 dextera
3173 1471 3289 1541 ejus
3312 1488 3467 1541 quam

1884 1572 2133 1617 erexerat
2156 1576 2511 1635 percussurus
2541 1572 2831 1630 aresceret,
2864 1564 3179 1635 gladiusque
3218 1579 3283 1619 ex
3328 1563 3470 1620 illius

1882 1653 2086 1726 digitis,
2108 1670 2137 1709 a
2166 1671 2273 1713 auo
2300 1655 2604 1723 tenebatur,
2636 1655 2930 1709 excideret.

2417 1748 2645 1803 CAPUT
2684 1746 2930 1802 XXXIX.

2387 1840 2502 1895 Vita
2542 1841 2672 1895 Elite
2708 1841 2963 1896 menacltt.

1958 1928 2100 1987 Elias
2126 1932 2339 2003 quidam
2363 1937 2579 1990 nomine
2610 1935 2903 1991 monachus
2949 1933 3210 2007 (Pallad.,
3242 1952 3287 1991 ε.
3320 1936 3470 2007 lli),

1889 2023 1943 2077 in
1975 2024 2079 2079 illis
2101 2026 2234 2094 ipsis
2262 2025 2394 2081 locis
2428 2026 2563 2081 intra
2596 2029 2903 2103 speluncam
2934 2030 3121 2085 solitus
3165 2030 3367 2099 vivere,
3392 2031 3477 2087 vir

1887 2117 2271 2188 castigatorum
2302 2118 2366 2172 ad
2393 2119 2681 2188 perlectam
2709 2121 2943 2190 regulam
2973 2136 3204 2189 morum,
3235 2123 3472 2192 hospita-

1891 2209 1958 2265 lis
1984 2219 2038 2265 et
2076 2210 2341 2266 citaritate
2393 2210 2754 2281 plenissimus,
2802 2227 2921 2266 cum
2970 2218 3199 2281 quadam
3228 2213 3314 2267 die
3343 2229 3475 2283 quoa

1895 2302 2141 2357 rumdam
2196 2304 2261 2357 ad
2290 2318 2413 2357 eum
2444 2304 2666 2358 fratrum
2726 2303 3009 2359 multitudo
3063 2306 3298 2361 venisset
3330 2305 3477 2378 (nam

1890 2390 2137 2474 publicus
2186 2392 2294 2448 illic
2341 2395 2595 2449 transitus
2624 2393 2780 2465 erat),
2805 2395 2982 2451 subito
3028 2396 3078 2451 ci
3108 2396 3276 2452 defuit
3298 2398 3472 2467 panis.

1890 2486 1992 2555 Qui
2042 2487 2259 2557 propria
2303 2487 2459 2543 nobis
2512 2487 2742 2544 fideliter
2780 2488 3039 2545 relatione
3083 2491 3481 2563 narravitquod

1891 2595 2013 2634 cum
2037 2580 2325 2636 admodum
2351 2581 2523 2636 tristis
2546 2596 2663 2636 esse
2692 2583 2963 2649 cmpisset,
2997 2582 3378 2653 ingressusque
3399 2597 3483 2638 es-

1894 2681 1977 2728 set
2003 2674 2314 2743 speluncam
2344 2688 2517 2738 suam,
2555 2684 2663 2729 tres
2693 2673 2802 2728 illic
2852 2688 3020 2743 panes
3065 2689 3287 2745 magnos
3326 2682 3485 2744 atquo

1896 2773 2145 2819 recentes
2173 2763 2352 2820 subito
2395 2765 2705 2834 teperisset.
2739 2765 2813 2819 Ex
2847 2765 3043 2833 quibus
3094 2764 3283 2837 viginti
3325 2762 3486 2821 simul

1898 2857 2095 2913 fratres
2122 2873 2292 2929 usque
2319 2858 2384 2911 ad
2411 2861 2714 2913 satietatem
2772 2858 2958 2915 refecti
2993 2870 3138 2914 sunt.
3173 2859 3343 2915 Unum
3390 2874 3483 2914 au-

1899 2958 2006 3006 tem
2048 2968 2115 3007 ex
2177 2954 2307 3021 ipsis
2338 2967 2527 3022 panem
2558 2968 2864 3021 superesse,
2918 2969 3145 3022 cumque
3177 2967 3360 3025 postea
3392 2971 3486 3024 per

1894 3045 2084 3115 v'ginti
2115 3055 2172 3101 et
2196 3047 2434 3117 quinque
2464 3047 2582 3102 dies
2611 3046 2778 3102 victui
2822 3062 2920 3102 suo
2969 3047 3245 3104 etaffecisse
3285 3064 3487 3105 metuo-

1897 3137 2076 3193 rabat.
2126 3136 2129 3137 ⁷

2052 3234 2075 3244 -
2324 3240 2327 3241 ν
2498 3207 2723 3264 CAPUT
2774 3208 2883 3265 XL.

2365 3298 2488 3355 Vita
2536 3301 2692 3357 Saba:
2738 3304 2869 3357 servi
2902 3301 3016 3359 Dci.

1974 3390 2144 3447 dabas
2185 3389 2401 3461 quidam
2463 3392 2679 3446 nomine
2722 3393 2762 3460 ⁸,
2817 3391 3219 3449 Jcricltuntinus
3264 3409 3482 3467 genere,

1901 3484 2182 3540 saecularis
2222 3484 2305 3539 vir
2350 3493 2405 3539 et
2444 3499 2669 3540 uxorem
2725 3484 2947 3549 habens,
2981 3487 3033 3540 in
3062 3495 3268 3542 tantum
3294 3504 3485 3545 omnes

1910 3577 2202 3630 m0uachos
2232 3573 2508 3644 diligebat,
2557 3584 2615 3630 ut
2645 3590 2739 3643 per
2776 3575 3003 3631 deserta
3036 3578 3275 3631 omnium
3325 3579 3493 3634 cellas

1902 3667 2155 3723 noctibus
2184 3665 2460 3735 circuiret,
2491 3673 2547 3721 et
2574 3674 2698 3721 ante
2732 3665 2970 3737 singulas
2998 3683 3236 3738 quasque
3268 3681 3493 3739 poneret

1905 3760 2215 3814 mansiones
2245 3760 2452 3813 modios
2501 3759 2741 3830 singulos
2784 3760 3139 3831 dactylorutn,
3186 3774 3389 3819 tantum
3438 3774 3494 3820 ct

1904 3853 2109 3905 olerum
2159 3861 2417 3919 quantum
2465 3859 2677 3920 putaret
2717 3866 2873 3917 posse
2901 3853 3169 3914 sufficere.
3228 3870 3295 3909 eo
3349 3861 3492 3925 quod

1907 3956 2064 3995 usuin
2098 3942 2249 4009 panis
2282 3942 2528 3997 nesciunt
2558 3943 2590 3996 ii
2622 3943 2866 3998 monachi
2898 3944 2988 4015 qui
3033 3946 3083 4000 in
3132 3946 3383 4005 Jordanis
3409 3965 3495 4005 re-

1907 4032 2154 4103 giouibus
2184 4035 2387 4088 vivunt.
2427 4035 2483 4088 ln
2531 4050 2692 4105 quem
2743 4036 2828 4091 leo
2856 4040 3083 4106 quadam
3110 4040 3197 4096 die
3238 4042 3497 4113 impetum

1910 4126 2058 4191 fecit,
2081 4142 2352 4197 quemque
2384 4127 2524 4181 intra
2552 4143 2716 4182 unum
2744 4129 2976 4200 lapidem
3025 4144 3348 4191 consecutus
3380 4152 3500 4191 cor-

1908 4215 2075 4285 ripuit
2117 4224 2279 4286 atque
2324 4216 2539 4287 dt-jecit,
2598 4226 2652 4273 et
2710 4222 2922 4277 asinum
2966 4226 3337 4281 tantummodo
3377 4225 3497 4298 ejus

1910 4308 2102 4365 avertit
2130 4321 2193 4365 ac
2218 4310 2412 4380 rapuit.

2504 4380 2732 4437 CAPUT
2769 4380 2907 4439 XLI.

2383 4474 2500 4528 Vita
2521 4476 2750 4531 Abramii
2779 4478 3037 4532 monac/ti.

1991 4565 2280 4622 Abramius
2322 4567 2539 4636 quidam
2598 4570 2819 4623 nomine
2845 4567 2944 4624 fuit
2970 4569 3231 4640 (Pallad..
3268 4586 3316 4625 ε.
3350 4572 3501 4641 105),

1921 4654 2209 4727 JEgyptius
2260 4672 2482 4726 genere,
2528 4658 2620 4728 qui
2672 4659 2805 4713 satis
2847 4660 3037 4714 duram
3065 4669 3227 4729 atque
3251 4674 3501 4731 asperam

1920 4751 2086 4804 vitatu
2117 4746 2174 4802 in
2201 4748 2434 4805 desertis
2461 4748 2595 4805 locis
2624 4748 2830 4805 habuit.
2880 4751 2980 4818 Qui
3008 4763 3130 4806 cum
3160 4751 3344 4821 aliquo
3368 4761 3507 4807 tem-

1920 4855 2052 4909 ptrc
2094 4854 2160 4898 ex
2192 4856 2299 4896 una
2342 4843 2573 4910 quadam
2614 4844 3033 4912 praesumptione
3084 4853 3265 4899 mente
3315 4853 3506 4913 captus

1922 4935 2139 5003 fuisset,
2162 4937 2230 4992 ad
2260 4938 2545 4994 ecclesiam
2576 4939 2744 5005 venit,
2776 4946 2831 4993 et
2850 4938 3051 5007 jurgari
3079 4952 3199 4994 cum
3230 4940 3507 5012 presbyte¢

1922 5030 1998 5087 ris
2027 5031 2214 5101 cmpit,
2265 5031 2382 5087 haec
2424 5030 2609 5086 dicens
2651 5047 2663 5084 :
2696 5029 2987 5101 Presbyter
3013 5044 3045 5086 a
3071 5031 3289 5088 Christo
3332 5031 3509 5089 factus

1924 5139 2045 5179 sum
2070 5125 2171 5178 ista
2197 5131 2377 5189 nocte,
2409 5132 2466 5179 et
2488 5125 2728 5192 suscepit
2764 5135 2851 5176 me
2893 5122 3077 5179 divina
3116 5136 3270 5181 sacra
3297 5123 3499 5182 facien-

1923 5225 2050 5272 tem.
2083 5216 2253 5284 Quem
2283 5221 2464 5284 pestes
2486 5213 2676 5269 Patres
2713 5212 2884 5268 sancti
2926 5227 2957 5269 a
3009 5215 3395 5272 solitudinibus
3420 5231 3511 5273 se-

1926 5318 2201 5379 paratum,
2250 5306 2611 5377 traditumque
2654 5305 2897 5360 saeculari
2942 5308 3111 5377 magis
3160 5317 3319 5379 atque
3366 5323 3510 5366 com-

1925 5399 2070 5454 muni
2100 5396 2495 5454 conversationi
2546 5395 2844 5462 hominum,
2890 5396 3215 5453 reduxerunt
3240 5397 3307 5452 ad
3327 5399 3513 5469 pristi-

1930 5505 2055 5545 nam
2086 5488 2251 5545 anitni
2275 5487 2610 5557 sospitatem,
2655 5495 3006 5558 curatumque
3046 5495 3211 5556 atque
3233 5490 3380 5543 omni
3420 5504 3512 5543 su-

1932 5579 2116 5649 pcrbia
2139 5578 2452 5643 liberatum,
2480 5592 2577 5646 per
2624 5591 2783 5647 quam
2832 5577 2983 5632 illum
3022 5577 3237 5633 daemon
3277 5577 3518 5633 illuserat

1932 5670 1997 5726 ad
2027 5670 2355 5740 agnitionem
2389 5668 2701 5727 humilitatis
2723 5667 2952 5742 propria:
2976 5668 3413 5737 infirmitatisch
3432 5683 3518 5725 re-

1931 5770 2278 5819 vocaverunt.
