3982 6354
510 353 612 409 3ἳῖ

1078 454 1306 513 CAPUT
1354 455 1515 512 XLII.

509 580 588 635 De
617 576 846 633 Melania
863 573 1085 637 seniore,
1107 572 1354 696 jun'iore,_
1372 568 1620 633 Piniano,
1656 565 1862 631 Albino,
1895 563 2080 628 Sit‘via,

1221 657 1407 696 ovtmo.

1221 657 1407 697 ovtmo.

585 740 686 815 [De
713 746 897 794 sancta
922 738 1010 793 illa
1033 746 1194 806 atque
1215 732 1511 790 admirabili
1533 731 1753 787 Melania
1780 728 2085 783 summatim

506 813 723 901 quidem
755 829 934 899 aliqua
967 826 1214 897 superius
1258 822 1489 878 iudicavi
1535 819 1801 891 (Pallad.,
1841 833 1890 872 ο.
1939 813 2085 883 118),

517 922 866 977 uiltilomith
899 932 1074 974 tamen
1102 926 1159 972 et
1188 915 1391 983 reliqua
1406 929 1526 982 qua:
1552 912 1745 966 desunt
1772 910 1823 964 in
1854 910 1936 963 Itis
1964 923 2090 963 ser—

510 1000 756 1070 monibus
794 1006 1245 1079 comprehendam
1271 1004 1335 1080 ¹.]
1365 1005 1631 1071 Quantum
1675 1017 1836 1073 opum
1865 1000 1951 1055 illa
1983 999 2093 1052 dis-

512 1104 761 1176 perserit,
811 1104 996 1159 amore
1047 1101 1280 1156 maximo
1328 1086 1447 1165 Dei,
1494 1097 1658 1151 veluti
1714 1096 1930 1150 flamma
1956 1093 2094 1161 ignis

511 1213 760 1259 accensa,
795 1200 971 1250 meum
1004 1202 1209 1248 tantum
1239 1208 1345 1246 non
1389 1199 1471 1246 est
1501 1188 1728 1253 referre,
1757 1185 1851 1240 sed
1881 1184 2090 1238 illorum

517 1302 728 1358 quoque
755 1287 844 1357 qui
875 1286 926 1339 in
960 1283 1198 1339 Persidis
1247 1281 1554 1352 regionibus
1577 1278 1738 1349 977
1765 1277 1968 1329 vivunt.
1988 1274 2095 1326 Cu-

510 1379 595 1447 jus
617 1376 982 1432 memorabilia
1013 1376 1065 1429 in
1090 1373 1248 1429 bonis
1277 1374 1416 1426 facta
1459 1386 1650 1426 omnes
1701 1368 2095 1436 cmli‘quatuor

510 1471 681 1540 plagae
731 1476 929 1522 norunt
961 1473 1123 1535 atque
1169 1474 1475 1520 senserunt.
1527 1462 1630 1516 Per
1684 1459 1898 1528 triginta
1952 1456 2094 1510 enim

509 1570 668 1627 atque
708 1568 914 1628 septem
960 1571 1129 1612 annos
1177 1555 1478 1624 suscipiens
1523 1568 1586 1607 ac
1621 1564 1843 1619 pascens
1884 1562 2096 1615 sempr

512 1652 740 1705 miseros
768 1650 1135 1717 advenasque,
1165 1646 1395 1716 propriis
1424 1644 1726 1713 sumptibus
1755 1643 2008 1695 alimenta
2035 1651 2098 1692 ac

511 1742 812 1796 necessaria
839 1741 1019 1795 omnia
1052 1736 1375 1794 ministravit
1427 1736 1695 1801 ecclesiis,
1729 1729 2094 1797 monasteriis,

509 1836 853 1897 carceribus,
888 1842 1047 1903 atque
1077 1831 1396 1909 peregrinis.
1448 1830 1544 1883 Cui
1605 1837 1855 1896 parentes
1889 1837 2101 1894 quoque
2134 1826 2181 1888 Β

511 1927 649 1998 ejus,
672 1942 735 1982 ac
760 1925 852 1980 lilii
885 1932 1257 1995 procuratores
1287 1922 1474 1993 ipsius,
1502 1937 1566 1976 ex
1601 1918 1944 1976 facultatibus
1971 1932 2093 1986 pro-

513 2019 641 2088 priis
676 2017 840 2072 multa
866 2017 1200 2086 praebebant.
1234 2015 1365 2082 Quae
1388 2014 1441 2069 in
1469 2023 1672 2068 tantum
1715 2020 1875 2081 atque
1919 2010 1987 2061 ita
2015 2008 2098 2076 ju-

520 2109 661 2180 giter
690 2110 743 2164 in
767 2107 1114 2178 suscipiendo
1144 2122 1331 2162 omnes
1354 2121 1414 2160 ac
1444 2103 1675 2159 fovendo
1708 2102 2019 2171 permansit,
2044 2107 2102 2153 ut

519 2218 588 2257 ne
624 2202 780 2255 unius
807 2202 1021 2270 quidem
1048 2201 1100 2253 in
1130 2196 1246 2254 solo
1278 2198 1438 2265 palmi
1466 2196 1698 2266 spatium
1728 2192 1955 2247 voluerit
1981 2207 2103 2257 pos-

516 2293 712 2347 sidere.
748 2289 815 2346 Ut
846 2305 1117 2361 nunquam
1148 2291 1226 2346 sic
1254 2290 1392 2345 unici
1421 2288 1692 2345 desiderio
1724 2286 1815 2340 filii
1840 2294 1896 2340 et
1916 2300 2102 2340 aniure

518 2390 816 2453 caperetur,
867 2393 1134 2454 quatenus
1184 2381 1471 2450 aliquando
1519 2396 1549 2435 a
1588 2379 1878 2435 dilectione
1904 2376 2103 2432 Christi

521 2485 701 2542 posset
716 2474 901 2528 avelli.
916 2472 1079 2542 Cujus
1096 2472 1432 2527 oratiunibus
1450 2471 1617 2540 magis
1635 2481 1791 2539 atque
1811 2469 2103 2538 perpetuis,

520 2573 573 2622 et
595 2564 709 2634 ipse
734 2565 824 2619 ille
844 2564 1059 2635 juvenis
1083 2562 1386 2618 eruditione
1418 2562 1693 2629 laudabili,
1745 2562 1981 2615 moribus
2013 2559 2107 2613 bo-

521 2660 625 2723 uis,
648 2669 699 2713 et
726 2657 1073 2712 smcularibus
1101 2670 1314 2727 quoque
1345 2646 1637 2711 honoribus
1688 2654 1885 2717 crevit,
1919 2668 2107 2722 perve-

521 2753 704 2822 nitque
733 2752 799 2805 ad
830 2749 1090 2805 nobilium
1126 2749 1528 2806 matrimonium
1559 2749 1884 2818 nuptiarum,
1906 2760 1970 2801 es
2001 2759 2109 2815 quo

521 2855 574 2900 et
601 2844 735 2899 πῖιὶος
766 2844 1001 2913 suscepit
1018 2844 1173 2900 duos.

593 2931 719 2987 Post
763 2934 983 2987 multttm
1013 2946 1143 2989 vero
1170 2931 1427 3002 temporis
1457 2944 1578 2986 cum
1612 2928 1848 2985 audisset
1892 2925 2105 2982 cuidam

522 3028 769 3098 nupsisse
815 3036 1027 3097 neptem
1088 3043 1237 3083 suam
1292 3026 1572 3081 Melaniam
1624 3024 1760 3089 viro,
1798 3022 2111 3078 renuntiare

522 3127 699 3174 autem
750 3124 871 3190 post
898 3114 1110 3189 nuptias
1163 3120 1360 3174 saeculo
1410 3118 1532 3173 huic
1562 3116 1701 3172 velle
1747 3115 2111 3183 cognovisset,

524 3221 765 3266 metuens
812 3226 878 3265 ne
919 3212 1007 3281 qui
1040 3211 1192 3264 malae
1236 3208 1635 3263 vitrebomines
1664 3222 1727 3262 ac
1755 3207 1909 3262 mala:
1950 3215 2111 3262 secta:
2140 3191 2188 3256 C

528 3317 901 3374 perversaque
954 3301 1212 3357 doctrina;
1258 3300 1434 3355 eidem
1479 3299 1855 3369 jungercnlur,
1888 3298 1960 3353 ob
2009 3298 2110 3351 hoc

529 3393 704 3463 ipsum
739 3408 861 3449 cum
894 3392 1005 3464 jam
1036 3391 1321 3447 admodum
1351 3405 1539 3457 senex,
1571 3392 1672 3446 hoc
1716 3399 1802 3445 est
1838 3390 2109 3459 sexaginta

528 3495 673 3542 esset
718 3500 1004 3551 annorum,
1033 3485 1102 3540 de
1127 3482 1537 3541 Caesariensium
1567 3484 1783 3539 civitate
1832 3482 1900 3538 ad
1926 3484 2111 3539 urbem

528 3570 750 3633 Romam
782 3576 921 3632 intra
963 3576 1173 3633 dierum
1216 3575 1399 3647 viginti
1430 3576 1662 3644 spatium
1697 3576 1986 3646 navigavit,
2030 3585 2115 3628 at-

528 3680 631 3737 que
666 3669 770 3722 illic
808 3678 1023 3738 propter
1045 3682 1179 3736 quos
1219 3676 1442 3723 venerat
1469 3666 1624 3731 visis,
1668 3666 2006 3721 benedictum
2054 3664 2114 3717 ilo

528 3763 633 3817 lum
655 3760 871 3831 quidem
897 3760 1072 3830 neptis
1100 3776 1212 3816 sum
1234 3761 1510 3825 maritum,
1543 3759 1827 3815 Pinianum
1876 3758 2113 3824 nomine,

528 3853 811 3908 honestum
844 3868 907 3907 ac
930 3852 1159 3907 nobilem
1187 3852 1384 3919 vizum,
1403 3868 1665 3924 paganum
1691 3860 1888 3917 tamen,
1916 3853 2117 3906 instan-

530 3945 735 4000 tissime
779 3945 981 4012 docuit,
1033 3953 1088 4001 et
1125 3945 1486 4000 Christianum
1539 3946 1782 4015 protinus
1830 3944 1976 4008 fecit,
2032 3942 2117 3998 cui

534 4042 859 4112 persuadere
883 4042 1231 4108 spiritualiter
1270 4042 1469 4111 potuit,
1505 4051 1565 4096 ut
1585 4043 1745 4097 etiam
1773 4055 1801 4094 a
1830 4039 2118 4095 concubitu

538 4134 767 4205 propria:
794 4148 850 4187 se
884 4132 1123 4203 conjugis
1139 4134 1450 4189 abstineret.

603 4225 962 4282 Confirmatos
982 4226 1082 4279 bos
1111 4240 1239 4295 ergo
1264 4226 1447 4289 simul,
1478 4224 1579 4280 hoc
1607 4232 1691 4280 est
1716 4223 1996 4279 Melaniam
2027 4237 2122 4278 ne-

534 4325 680 4386 ptem
727 4331 902 4385 suam,
958 4322 1015 4370 et
1060 4315 1339 4370 Pinianum
1386 4314 1503 4383 ejus
1550 4316 1822 4380 maritum,
1873 4314 2120 4370 Albinam

534 4425 746 4481 quoque
770 4425 891 4465 cum
924 4410 1056 4480 ipsis
1108 4420 1300 4465 nurum
1331 4418 1482 4463 suam
1502 4451 1517 4475 ,
1546 4408 1647 4465 hoc
1673 4418 1755 4463 est
1784 4422 2004 4463 uxorem
2033 4406 2124 4461 lilii

533 4503 614 4558 sui
643 4518 739 4572 per
766 4502 948 4557 omnia
977 4500 1184 4556 docuit.
1208 4500 1391 4569 Itaque
1418 4500 1532 4555 istis
1564 4499 1822 4553 omnibus
1852 4498 2041 4563 suasit,
2068 4506 2125 4552 ut

1611 324 1955 397 APPENDIX
1996 335 2089 391 an
2132 320 2331 387 viras
2371 330 2672 386 PATRUM.

2117 447 2167 508 Α
2194 453 2331 500 ceat.
2367 443 2434 499 Et
2461 443 2560 498 bos
2593 442 2751 509 igitur
2781 448 2968 495 omnes
3012 437 3361 494 stecularibus
3408 436 3622 506 laqueis
3649 437 3778 493 libe-

3676 320 3777 382 328

2190 551 2358 608 ratos,
2410 538 2476 593 ad
2524 535 2874 592 solitudinum
2939 533 3105 587 vitam
3153 533 3280 588 fecit
3327 532 3529 586 venire.
3587 529 3779 586 Filium

2188 649 2402 707 quoque
2425 630 2716 686 admodum
2758 628 3014 698 juvenem
3064 625 3291 682 consilio
3322 625 3508 679 docuit
3546 635 3604 679 ut
3634 624 3778 678 vole-

2190 727 2300 791 bat,
2330 734 2387 779 ct
2412 723 2478 778 ad
2506 721 2738 778 Siciliam
2780 733 2948 790 usque
2980 717 3259 788 perduxit;
3290 714 3650 783 omnibusque
3694 728 3779 777 re-

2190 819 2290 874 bus
2312 818 2426 872 suis
2456 816 2526 871 ibi
2557 812 2828 870 distractis
2846 853 2863 877 ,
2894 820 3054 881 atque
3082 824 3213 865 auro
3241 810 3308 864 de
3336 808 3665 879 praediorum
3690 820 3781 869 ano

2192 908 2566 966 uumeratione
2619 905 2869 970 collecto,
2920 902 3313 972 Jerosolymam
3368 912 3556 953 rursus
3608 906 3780 951 trans.

2192 1001 2355 1056 vexit.
2389 999 2487 1055 Ubi
2517 996 2768 1053 omnibus
2801 994 2922 1050 suis
2955 992 3144 1063 opibus
3172 1006 3239 1047 es
3270 988 3486 1060 propria
3515 988 3783 1043 voluntate

2194 1080 2399 1158 divisis,
2431 1093 2568 1147 intra
2597 1090 2951 1160 quadraginta
2981 1087 3119 1152 dies,
3146 1085 3347 1155 optima
3369 1098 3434 1140 ac
3460 1084 3781 1138 mansuetis.

2194 1187 2330 1241 sima
2358 1182 2676 1237 feminarum
2708 1182 2867 1236 beato
2917 1179 3022 1233 line
3071 1178 3371 1246 requievit,
3418 1175 3615 1231 relicto
3644 1172 3779 1243 apud

2195 1275 2582 1347 Jerusolymam
2614 1271 2959 1338 monasterio,
2992 1269 3495 1338 sufficientibusque
3535 1266 3590 1322 ei
3638 1278 3778 1321 sum-

2199 1366 2376 1434 ptibus
2395 1362 2683 1433 deputatis.

2272 1497 2367 1554 Ubi
2401 1511 2531 1553 vero
2578 1511 2769 1552 omnes
2814 1496 2898 1550 isti
2947 1495 3328 1551 abscesserunt
3374 1493 3625 1556 eRoma,
3656 1496 3783 1547 tem-

2200 1599 2378 1660 pestas
2407 1589 2651 1659 quzedam
2675 1604 2737 1643 ac
2764 1588 2997 1657 procella
3023 1588 3304 1642 barbarica
3328 1586 3602 1655 oppressit
3625 1584 3785 1653 ipsani

2204 1683 2391 1735 urbem
2423 1689 2665 1750 repente,
2699 1689 2752 1734 et
2780 1694 2949 1747 usque
2974 1678 3110 1733 adeo
3140 1678 3324 1732 omnia
3347 1677 3465 1747 ejus
3493 1672 3695 1731 invasit
3731 1690 3787 1730 ac

2208 1776 2401 1843 rapuit,
2445 1783 2501 1825 ut
2528 1788 2593 1826 ne
2622 1785 2695 1825 ais
2724 1771 2939 1841 quidem
2968 1770 3109 1839 quod
3140 1772 3192 1825 in
3236 1769 3448 1839 publico
3477 1776 3628 1823 stare
3671 1772 3789 1821 enn-

2208 1874 2479 1930 sueverat,
2495 1865 2801 1935 reliquerit;
2832 1864 2904 1917 ita
2921 1872 3110 1919 cuncta
3124 1862 3335 1918 hostilis
3354 1862 3588 1931 impetus
3607 1860 3791 1929 prada

2211 1960 2477 2016 evertitac
2491 1959 2742 2028 perdidit,
2760 1965 2819 2012 ut
2839 1958 2927 2012 illa
2944 1958 3110 2010 Roma
3126 1970 3242 2025 quae
3263 1956 3316 2008 in
3331 1954 3479 2009 mille
3492 1964 3545 2009 et
3558 1953 3792 2007 ducentis

2209 2053 2366 2108 anuis
2394 2064 2548 2106 sueta
2566 2065 2778 2119 semper
2801 2049 2992 2115 fuerat,
3016 2063 3077 2103 ac
3105 2062 3318 2115 semper
3346 2058 3554 2110 ornata,
3591 2060 3693 2098 una
3716 2060 3792 2098 su.

2206 2145 2317 2201 bito
2335 2145 2579 2215 quaedam
2599 2146 2754 2198 ruina
2769 2158 2833 2197 ac
2848 2141 3080 2197 solitudo
3099 2141 3325 2195 maxima
3342 2137 3792 2193 videretur.Tunc

2215 2240 2375 2311 igitur
2404 2249 2459 2296 et
2491 2238 2564 2295 illi
2597 2238 2687 2311 qui
2718 2239 3089 2294 saluberrime
3117 2236 3375 2292 doctrinae
3395 2236 3795 2305 obtemperave-

2211 2341 2355 2398 rant,
2370 2331 2707 2396 lmtabantur,
2724 2334 2859 2401 quod
2878 2329 3226 2386 intolerandis
3240 2329 3413 2395 malis,
3431 2343 3658 2399 quorum
3690 2342 3794 2379 ma-

2212 2436 2300 2482 ter
2313 2434 2623 2496 estsemper
2638 2426 2872 2490 obsidio,
2886 2424 3136 2480 subtracti
3157 2423 3484 2478 fuissent.Et
3498 2422 3574 2476 illi
3592 2421 3794 2491 quidem

2214 2518 2305 2587 qui
2336 2518 2555 2573 obedire
2603 2518 2913 2585 uoluerunt,
2964 2525 3281 2585 stupuerunt
3310 2517 3564 2569 virtutem
3595 2520 3651 2569 et
3686 2513 3795 2583 glo-

2218 2611 2355 2665 riam
2390 2610 2509 2675 Dei,
2540 2608 2630 2679 qui
2666 2609 2755 2663 tali
2785 2608 3176 2680 permutatione
3222 2618 3399 2660 rerum
3430 2604 3660 2660 credere
3691 2619 3798 2672 per.

2216 2703 2387 2755 suasit
2407 2700 2728 2764 incredulis;
2762 2699 2883 2769 quia
2916 2693 3167 2751 omnibus
3200 2695 3320 2751 aliis
3350 2695 3450 2751 sub
3477 2693 3798 2763 captivitatis

2208 2791 2395 2863 jugum
2425 2792 2622 2856 missis,
2653 2792 2964 2845 memoratae
3009 2789 3138 2844 sola:
3166 2794 3454 2842 evaserunt
3483 2792 3651 2856 atque
3695 2801 3798 2840 ser-

2214 2890 2349 2935 vata:
2377 2890 2500 2935 sunt
2528 2881 2737 2944 domus,
2789 2894 2907 2945 quze
2951 2879 3131 2933 studio
3159 2886 3358 2932 sanctas
3404 2876 3651 2931 Melaniae
3692 2885 3800 2929 tans

2214 2985 2371 3039 quam
2401 2971 2718 3024 sacrificium
2751 2969 2876 3022 illud
2913 2968 3076 3039 (quod
3103 2968 3506 3022 ltolocaustoma
3529 2968 3746 3031 vocant)
3768 2980 3794 3018 a

2219 3063 2329 3117 Deo
2359 3060 2567 3117 fuerant
2586 3071 2888 3125 reservata,
2915 3061 3129 3116 caeteris
3153 3061 3203 3113 in
3230 3060 3360 3114 urbe
3385 3060 3473 3129 qui
3503 3074 3693 3113 eorum
3711 3056 3798 3111 ad-

2219 3153 2574 3209 versabantur
2619 3152 2779 3208 saluti
2854 3158 2972 3209 sera
3022 3155 3330 3223 poenitentia
3371 3153 3802 3221 infructuosaque

2221 3250 2510 3307 conclusis.

2294 3371 2487 3428 Evenit
2512 3380 2688 3427 autem
2707 3379 2764 3426 ut
2781 3380 2962 3442 postea
2985 3370 3141 3426 simul
3167 3370 3232 3426 ad
3250 3368 3542 3442 Egyplum
3573 3384 3642 3424 ex
3669 3367 3798 3423 :Elit

2222 3464 2704 3536 proficisceremur,
2736 3473 2974 3518 sanctam
2997 3461 3215 3519 Silviatu
3245 3465 3264 3494 ²
3292 3462 3627 3517 deducentes
3655 3460 3800 3531 vingi-

2219 3572 2340 3613 nem
2366 3556 2485 3621 Dei,
2518 3554 2718 3611 Bullini
2748 3565 2926 3611 autem
2954 3553 3264 3626 exprmfecti
3293 3570 3559 3611 sororem.

2293 3671 2420 3725 Erat
2472 3670 2635 3724 etiam
2668 3667 2948 3724 nobiscum
2990 3668 3237 3724 Jovinius
3283 3668 3305 3701 ³
3350 3676 3479 3723 tunc
3525 3666 3801 3727 diaconus.

2221 3777 2365 3817 nunc
2393 3776 2523 3816 vero
2551 3760 2782 3816 civitatis
2807 3760 3250 3816 Ascalonensium
3286 3760 3602 3831 episcopus,
3632 3760 3715 3814 vir
3732 3757 3805 3811 ad

2223 3855 2439 3908 modum
2469 3861 2706 3918 sanctus,
2742 3862 2797 3907 et
2842 3862 3053 3907 amator
3100 3862 3157 3908 et
3188 3853 3359 3909 lector
3385 3852 3807 3908 studiosissimus

2223 3946 2546 4000 litterarum.
2578 3944 2712 3998 Cum
2737 3959 2866 4015 ergo
2894 3943 2947 3998 in
2978 3944 3171 4000 itinere
3201 3960 3299 4001 nos
3336 3954 3501 3999 aestus
3530 3946 3810 3999 vehemen-

2223 4036 2468 4093 tissimus
2490 4044 2825 4105 occupasset,
2857 4046 2912 4091 et
2942 4034 3212 4092 Pelusium
3243 4036 3499 4107 oppidum
3529 4036 3811 4092 fuissemus

2224 4131 2473 4201 ingressi,
2502 4140 2718 4186 sanctus
2738 4129 2984 4185 Jovinius
3023 4138 3157 4184 aestu
3208 4127 3371 4183 nimio
3398 4129 3679 4198 fatigatus,
3710 4142 3812 4182 ete-

2226 4236 2376 4296 perat
2415 4239 2605 4278 manus
2651 4238 2714 4279 ac
2744 4223 2909 4292 pedes
2961 4224 3207 4293 proprios
3257 4221 3623 4292 frigidissima
3661 4234 3809 4289 aqua:

2226 4316 2474 4372 refovere
2522 4316 2809 4371 inlusione.
2839 4315 2956 4381 Quo
3001 4315 3070 4368 ita
3104 4324 3162 4369 ut
3204 4314 3614 4369 desideraverat
3659 4312 3796 4368 facto

2227 4425 2390 4479 super
2419 4410 2655 4479 pellitam
2687 4424 2748 4465 se
2792 4420 2954 4479 atque
2997 4408 3049 4463 in
3097 4407 3216 4463 solo
3264 4416 3487 4463 stratam
3518 4407 3816 4476 proiecerat

2228 4502 2486 4571 plumam.
2516 4500 2597 4556 Ad
2628 4515 2786 4571 quem
2814 4509 2997 4555 sancta
3026 4498 3116 4554 illa
3144 4499 3309 4554 Silvia
3333 4499 3496 4554 veluti
3538 4498 3711 4553 filium
3739 4511 3816 4551 τεο

534 4593 697 4649 rebus
725 4606 1074 4664 quascunque
1101 4591 1447 4647 habebantin
1477 4590 1612 4646 urbe
1640 4591 1929 4652 distractis.
1947 4590 2012 4643 ad
2035 4604 2125 4643 ca-
2148 4572 2205 4634 Ῐ)
2235 4613 2354 4653 rum
2383 4598 2597 4665 sapiens
2626 4602 2798 4649 mater
2827 4593 3076 4657 accessit,
3126 4600 3182 4647 et
3227 4591 3505 4646 mollitiem
3539 4591 3711 4659 ipsius
3733 4590 3821 4644 de.

534 4695 676 4741 stum
702 4697 863 4756 atque
893 4684 1237 4753 tranquillum
1268 4686 1392 4739 vitae
1424 4692 1637 4753 portum
1673 4684 1939 4739 venirent.
1985 4682 2125 4736 Con-

539 4788 619 4833 tra
649 4793 839 4834 omnes
868 4785 1043 4833 autem
1076 4776 1213 4831 alios
1241 4776 1465 4830 Romani
1516 4776 1747 4831 nominis
1796 4776 1939 4829 viros
1966 4783 2126 4844 atque

538 4878 832 4935 matronas,
864 4869 1029 4924 veluti
1058 4877 1245 4924 contra
1279 4867 1420 4923 feras
1446 4868 1654 4937 aliquas
1697 4865 1935 4937 quotidie
1963 4866 2125 4919 dirui-

540 4959 717 5013 cabat.
753 4958 1112 5014 Proltibebant
1136 4958 1279 5013 enim
1308 4958 1382 5013 illi
1430 4973 1551 5013 eam
1579 4957 1645 5012 ab
1673 4957 1921 5011 omnibus
1967 4964 2128 5013 caste-

542 5046 639 5112 ris,
672 5058 915 5108 verentes
944 5065 1012 5106 ne
1040 5060 1095 5105 et
1122 5050 1257 5104 alios
1281 5049 1348 5104 ad
1376 5049 1481 5105 tale
1502 5049 1835 5118 pr0positum
1863 5049 2124 5102 doctrinm

545 5151 658 5193 sua:
683 5152 932 5195 sermone
960 5150 1324 5196 converteret.
1355 5140 1448 5196 Illa
1474 5150 1652 5195 autem
1685 5140 1816 5210 ipsis
1842 5141 1942 5195 ista
1975 5140 2125 5196 dice-

545 5227 636 5283 bat
655 5246 670 5282 :
686 5228 956 5299 Scriptum
983 5240 1064 5286 est
1088 5243 1216 5287 ante
1237 5232 1655 5303 quadringentos
1673 5248 1896 5289 numero
1918 5248 2087 5289 annos
2111 5251 2125 5287 :

545 5322 679 5390 Quia
710 5324 843 5379 liora
868 5324 980 5393 jam
1009 5326 1154 5379 venit
1181 5336 1421 5381 extrema
1454 5326 1503 5396 (Ι
1534 5324 1696 5382 Joau.
1725 5328 1807 5398 Ir).
1841 5327 1977 5395 Quid
2002 5343 2129 5398 ergo

551 5427 658 5470 tant
689 5416 917 5471 libenter
945 5420 1228 5474 moramini
1276 5421 1328 5474 in
1377 5422 1612 5476 vanitate
1655 5421 1809 5475 istius
1859 5422 2016 5475 vitae?
2068 5420 2132 5474 ti-

550 5522 699 5563 mere
724 5506 930 5563 debetis
951 5523 1018 5563 ne
1050 5510 1362 5565 Antichristi
1389 5520 1600 5581 tempus
1628 5510 1877 5566 adveniat
1919 5527 1933 5563 :
1965 5524 2138 5579 neque

554 5599 711 5656 vobis
737 5598 937 5656 divitiis
960 5601 1156 5656 vestris
1191 5615 1255 5657 ac
1281 5612 1558 5671 parentum
1589 5602 1744 5659 bonis
1792 5601 1897 5656 frui
1920 5601 2030 5671 jam
2074 5601 2138 5655 li-

632 5739 648 5769 ⁸
682 5736 903 5793 chiuis
933 5736 1140 5795 inclusa
1196 5738 1393 5795 desunt
1448 5738 1709 5795 Heraclidi
1762 5754 1855 5796 seu
1901 5736 2142 5795 Palladio

550 5808 854 5870 Lipomani.

2237 4688 2498 4756 liciasque
2548 4684 2976 4756 reprehendens,
3022 4685 3120 4738 ista
3150 4683 3363 4739 dicebat
3406 4700 3421 4735 :
3465 4682 3820 4749 Quemadmo-

2233 4778 2361 4832 dum
2387 4790 2548 4831 ausus
2576 4791 2657 4840 es,
2684 4776 2821 4830 itane
2842 4786 3053 4831 aetatem
3081 4790 3269 4846 agens,
3298 4774 3350 4830 in
3378 4790 3483 4845 qua
3505 4774 3689 4830 adhuc
3710 4789 3821 4828 sau—

2234 4872 2354 4942 guis
2383 4879 2506 4925 tuus
2538 4870 2689 4935 vivit,
2745 4871 2825 4923 sic
2854 4885 3046 4925 curare
3076 4885 3138 4925 ac
3191 4870 3372 4925 fovere
3412 4884 3615 4939 corpus
3646 4869 3824 4925 tuum?

2237 4974 2343 5018 non
2393 4956 2642 5033 intelligis
2670 4977 2789 5032 qua:
2818 4978 2883 5016 ex
2917 4960 3022 5016 hoc
3072 4961 3217 5017 nasci
3249 4962 3464 5016 soleant
3506 4962 3706 5016 anima
3738 4960 3824 5014 lc-

2245 5056 2465 5110 siones?
2519 5054 2692 5110 Crede
2745 5054 2905 5121 igitur
2960 5053 3091 5109 mihi
3138 5053 3476 5109 confidenter
3554 5054 3826 5124 loquenti.

2235 5148 2376 5219 quod
2421 5148 2812 5217 sexagesimum
2839 5147 2951 5213 ipsa
2991 5145 3089 5200 :evi
3132 5160 3330 5201 annum
3373 5160 3563 5215 agens,
3614 5154 3828 5213 excepta

2235 5238 2543 5295 summitate
2572 5237 2860 5307 digitorum
2900 5248 3165 5301 meorum,
3199 5253 3302 5291 non
3332 5252 3459 5301 ora,
3492 5252 3602 5292 non
3631 5238 3788 5305 pedes
3815 5275 3829 5298 ,

2236 5347 2343 5386 non
2376 5341 2581 5400 partem
2622 5328 2854 5399 aliquam
2887 5328 3253 5383 membrorum
3303 5342 3439 5398 aqua
3490 5327 3623 5395 lavi,
3656 5335 3713 5383 et
3740 5327 3830 5381 hoc

2240 5437 2362 5477 cum
2394 5422 2553 5475 variis
2601 5435 2817 5491 semper
2844 5417 3251 5490 regritudinibus
3296 5419 3621 5486 laborarem,
3673 5430 3731 5475 et
3769 5418 3830 5473 ab

2243 5515 2375 5584 ipsis
2402 5528 2616 5584 quoque
2659 5528 2881 5582 cogerer
2911 5512 3135 5567 medicis
3166 5512 3242 5567 uti
3292 5512 3531 5578 lavacro,
3565 5526 3831 5582 nunquam

2245 5615 2422 5661 tamen
2452 5604 2591 5659 volui
2616 5605 2890 5671 antiquum
2920 5603 3160 5671 corporis
3202 5602 3307 5658 mei
3333 5616 3541 5659 morem
3589 5601 3828 5674 palpare.

2322 5738 2340 5766 '
2374 5731 2627 5795 Palladio,
2658 5746 2707 5787 e.
2738 5729 2863 5795 142,
2896 5729 3094 5786 dicitur
3125 5730 3377 5789 Silenum.

2323 5806 2343 5836 ³
2374 5803 2704 5870 Palladto,'c.
2741 5801 2864 5869 145,
2895 5801 3094 5859 dicitur
3124 5800 3366 5858 lubinus.
