3982 6354
258 554 383 611 Icci.

332 648 457 701 llrec
483 646 596 715 ipsa
613 645 1045 715 eloquentissima
1066 643 1182 709 fuit,
1214 653 1571 710 magnumque
1598 653 1836 693 amorem

255 739 444 796 habuit
468 740 785 803 litterarum,
807 747 865 793 ut
896 739 966 789 ita
988 735 1211 805 legendo
1239 742 1422 787 noctes
1452 734 1504 785 in
1532 732 1649 786 dies
1669 742 1845 785 verte-

256 840 364 897 ret,
396 846 584 884 omnes
627 829 966 897 antiquorum
1015 828 1363 894 interpretum
1416 824 1581 877 libros
1628 823 1843 878 notissi-

257 939 379 977 mos
426 924 649 976 habens.
699 921 843 975 luter
871 935 1006 989 quos
1037 919 1218 973 tricies
1271 927 1496 971 centena
1531 916 1691 969 millia
1722 930 1841 969 ver-

253 1033 413 1071 suum
447 1015 669 1083 legendo
690 1013 973 1067 transierat
998 1029 1012 1065 :
1037 1011 1304 1082 Gregorii,
1336 1008 1495 1063 Pierii
1526 1023 1765 1077 quoque,
1786 1015 1840 1061 et

252 1108 557 1174 Stephani,
610 1105 891 1174 Basiliique
942 1111 997 1159 et
1047 1104 1272 1156 aliorum
1317 1099 1837 1155 studiosiSsimorum

254 1197 493 1250 virorum
519 1196 682 1249 virics
705 1205 928 1249 centena
961 1193 1160 1245 tnLllia.
1199 1193 1328 1256 Quae
1355 1200 1532 1245 tamen
1562 1205 1666 1242 non
1690 1189 1840 1258 quasi

258 1287 621 1354 perfunctorie
637 1285 1055 1348 transcurrebat,
1078 1284 1173 1338 sed
1191 1296 1623 1350 unumquemque
1645 1281 1842 1344 septies

253 1389 529 1434 auctorem
574 1379 875 1433 revolvens.
928 1377 1079 1432 Unde
1130 1374 1390 1431 mendacii
1420 1375 1641 1428 scientia
1672 1374 1843 1427 nomi-

258 1486 389 1524 num
437 1480 597 1539 atque
647 1479 914 1523 sectarum
968 1467 1179 1536 penitus
1232 1466 1479 1531 liberata,
1530 1464 1840 1520 caelestibus

258 1562 452 1629 pennis
482 1577 575 1628 per
601 1560 825 1629 gratiam
853 1560 1151 1613 litterarum
1181 1557 1248 1611 ad
1276 1565 1532 1611 mternam
1558 1572 1708 1623 spem
1722 1556 1841 1611 Sal.

252 1653 476 1713 vaturis.
507 1653 699 1721 gallina
722 1649 1010 1719 spirittnlis
1040 1648 1251 1714 effecta,
1287 1649 1460 1716 potuit
1481 1646 1716 1713 evolare,
1741 1647 1840 1701 im-

252 1745 513 1799 mortales
539 1745 607 1799 ab
628 1758 693 1800 eo
718 1742 1113 1796 vicissitudines
1145 1750 1448 1809 receptura.

812 1833 1041 1889 CAPUT
1081 1833 1265 1887 XLIII.

712 1926 831 1980 Vita
860 1925 1189 1995 Olympiadis
1219 1924 1403 1979 vidua.

327 2019 496 2091 nujus
516 2018 734 2089 vestigia
764 2020 1047 2074 subsecuta
1073 2018 1350 2088 Olympias
1379 2017 1619 2083 nomine,
1650 2019 1842 2073 castis-

250 2113 406 2167 stmis
461 2113 695 2167 moribus
745 2109 939 2165 femina
993 2125 1056 2164 ac
1112 2110 1204 2164 Dei
1260 2125 1445 2165 amore
1497 2109 1844 2179 ﬂagrantibus

252 2206 524 2277 (I’allad.,
550 2222 664 2276 cap.
722 2203 864 2273 144),
899 2204 1172 2273 proposito
1220 2207 1336 2273 ejus
1367 2204 1610 2256 exhibuit
1659 2216 1840 2271 parem

249 2298 444 2359 vitam,
474 2298 525 2350 iu
557 2297 802 2350 onmibus
850 2298 1145 2352 divinarum
1180 2312 1410 2365 sequens
1439 2296 1842 2365 Scripturarum

249 2388 559 2442 consilium.
592 2388 723 2451 Quae
770 2387 995 2442 Selettcii
1026 2388 1239 2455 quidem
1288 2402 1354 2440 ex
1383 2386 1600 2440 comitis
1650 2400 1844 2440 secun-

249 2481 383 2534 dum
415 2495 630 2534 carnezn
665 2481 767 2534 filia
800 2480 934 2547 fuit;
960 2481 1133 2550 neptis
1174 2496 1302 2535 vero
1333 2481 1538 2534 Ahlavii
1577 2479 1841 2547 prmfecli,

251 2585 427 2623 nurus
475 2580 652 2624 autem
709 2571 889 2637 paucis
939 2580 1142 2625 tantum
1192 2571 1381 2625 diebus
1437 2570 1697 2635 Nebridii,
1752 2569 1842 2639 qui

251 2661 541 2732 praafectus
571 2662 1176 2732 Constantinopulitauze
1210 2664 1361 2717 urbis
1415 2662 1533 2724 fuit,
1568 2661 1663 2715 sed
1706 2676 1841 2716 uxor

251 2753 477 2806 omnino
506 2754 735 2817 nullius;
768 2754 947 2807 dicunt
978 2755 1120 2808 enim
1152 2769 1272 2809 eam
1302 2754 1563 2824 virginem
1590 2769 1712 2806 esse
1742 2751 1841 2806 de-

251 2848 519 2912 functam,
562 2846 717 2900 \'erhi
749 2847 913 2917 978
957 2846 1198 2900 veritatis
1237 2847 1406 2915 magis
1434 2846 1685 2915 conjugio
1726 2844 1845 2913 glo-

250 2942 502 2994 riantem.
557 2940 686 3005 Quae
736 2955 922 2993 omnes
977 2940 1257 2993 facultates
1303 2954 1426 2993 suas
1480 2940 1531 2992 in
1578 2952 1841 3007 pauperes

250 3034 450 3084 fratres
479 3030 725 3099 dispersit
756 3042 913 3099 atque
943 3030 1145 3085 divisit.
1198 3030 1296 3084 Cui
1345 3046 1449 3083 non
1487 3046 1707 3098 parvum
1743 3029 1841 3084 fuit

249 3136 470 3190 semper
520 3136 616 3191 pro
657 3122 897 3174 veritatis
946 3124 1241 3175 assertione
1295 3132 1590 3176 certamen.
1648 3121 1843 3175 Multas

251 3184 417 3265 etiam
442 3184 572 3265 alias
602 3213 824 3266 feminas
841 3213 1040 3278 docuit,
1073 3213 1269 3267 multos
1300 3222 1358 3266 ut
1386 3213 1664 3281 oportebat
1685 3228 1836 3281 pres-
1867 3200 1914 3264 C
1944 3184 2240 3240 Videbam"-

250 3300 473 3373 byteros
520 3313 678 3371 atque
739 3304 1018 3372 episcopos
1066 3303 1373 3358 honoravit.
1426 3306 1505 3358 Ad
1557 3304 1837 3359 confesso-

253 3414 374 3452 rnm
403 3414 612 3468 quoque
643 3398 891 3467 palmam,
937 3413 1033 3466 pro
1058 3398 1279 3454 veritate
1316 3415 1474 3469 quam
1498 3400 1679 3465 co'uit,
1715 3416 1837 3455 me-
1908 3406 1917 3415 ‘

252 3489 367 3544 ruit
395 3488 693 3555 pervenire.
730 3488 892 3557 Cujus
939 3503 1132 3541 nomen
1166 3504 1228 3543 ac
1255 3490 1417 3543 vitam
1446 3491 1498 3543 in
1529 3488 1840 3544 Constanti‘

250 3583 557 3650 nopolilant
612 3584 741 3638 urbe
791 3584 1068 3649 degentes,
1121 3584 1269 3652 ipsis,
1325 3596 1383 3637 ut
1427 3585 1561 3647 dixi,
1618 3587 1838 3640 student

254 3673 659 3728 confessoribus
687 3689 1021 3740 comparare.
1075 3673 1206 3729 Nam
1249 3676 1369 3729 talis
1397 3676 1449 3729 in
1506 3676 1609 3730 hoc
1640 3676 1837 3730 mundo

250 3768 380 3824 ﬁnis
406 3784 619 3838 quoque
650 3769 818 3838 ipsius
841 3766 958 3822 fuit.
988 3768 1246 3824 Omnibus
1274 3768 1339 3823 ad
1374 3780 1701 3836 postremum
1743 3785 1841 3839 pe-

248 3860 434 3914 riculis
463 3875 521 3913 se
551 3869 766 3929 propter
791 3873 983 3912 nomen
1016 3857 1104 3912 Dei
1133 3859 1403 3927 opposuit.

810 3947 1037 4003 CAPUT
1079 3949 1261 4004 XLIV.

564 4044 686 4099 Vita
711 4045 959 4100 Candida:
985 4045 1169 4110 vidua’,
1204 4054 1249 4097 et
1280 4044 1516 4100 Gelasiar.

323 4137 496 4201 Quam
526 4152 713 4190 rursus
739 4145 919 4191 secuta
945 4147 1028 4189 est
1050 4136 1240 4189 similis
1267 4137 1506 4190 moribus
1529 4137 1653 4190 vita:
1676 4135 1835 4191 beata

247 4230 470 4292 mulier,
522 4228 737 4285 nomine
786 4228 1025 4283 Candida
1058 4227 1323 4295 (Patlad.,
1356 4246 1474 4297 cap.
1520 4229 1670 4299 “5),
1708 4229 1837 4283 Tra-

247 4320 365 4389 jani
399 4320 630 4387 magistri
666 4321 889 4373 militum
924 4320 1055 4386 ﬁlia,
1110 4334 1296 4389 magna
1330 4318 1614 4373 (thrisziani
1667 4319 1839 4373 nomi-

248 4413 339 4467 nis
366 4421 420 4466 et
445 4415 635 4467 cultrix
668 4415 882 4483 egregia
928 4412 1217 4475 castitatis,
1265 4413 1674 4466 conversatione
1726 4411 1839 4465 lau-

249 4505 474 4566 daltilis,
524 4505 783 4558 ecclesias
832 4515 1043 4559 sanctas
1092 4515 1251 4575 atque
1300 4507 1581 4573 episcopos
1627 4505 1832 4559 colens.

1476 339 1888 398 IIBRACLIDIS
1928 338 2336 397 PARADISUS.

258 476 370 519 non
410 460 463 516 in
492 458 632 515 lecto
663 456 870 529 quievi,
916 469 1022 512 non
1067 454 1120 511 in
1163 454 1353 511 lectica
1382 455 1704 511 recumbens
1732 455 1835 510 iter
1862 457 1915 517 Α
1943 452 2067 507 time
2114 451 2227 521 ipsa
2256 448 2326 504 ab
2350 461 2497 502 omni
2547 442 2861 500 animalium
2903 454 3067 499 carne
3095 454 3297 512 sempe.
3355 438 3523 495 absti-
3610 484 3613 491 ,

1870 1832 1918 1891 Β

3421 328 3529 383 350

1948 545 2083 608 nuit,
2119 544 2330 610 piscemf
2350 547 2527 595 autem
2558 546 2612 594 et
2640 537 2787 592 olera
2814 550 2934 590 cum
2959 535 3077 588 oleo
3110 533 3260 587 festis
3286 545 3353 585 ac
3391 545 3523 585 seu.

1945 638 2047 689 etis
2074 634 2262 687 diebus
2307 645 2524 686 sumere
2568 628 2780 693 solens;
2836 640 2931 695 per
2978 625 3243 693 reliquum
3291 622 3389 675 :evi
3440 618 3523 675 sui

1949 734 2155 792 tempus
2186 738 2343 792 pusca
2376 733 2430 776 et
2457 722 2600 776 sicco
2631 734 2766 789 pane
2793 725 3044 773 contenta
3072 715 3306 771 vivebat.

2018 814 2182 884 Cujus
2203 815 2455 882 deinceps
2480 812 2681 866 imitata
2704 820 2788 865 est
2816 809 3036 880 vestigia
3064 807 3276 863 Gelasia
3306 804 3525 859 nomine

1947 906 2246 959 castissima
2279 905 2489 967 mulier,
2523 918 2641 971 qua:
2692 900 2938 956 sensibus
2968 898 3067 968 piis
3110 897 3177 951 ad
3203 895 3390 966 jugum
3418 892 3527 946 vir-

1947 994 2183 1065 ginitatis
2212 995 2439 1049 accessit
2464 993 2726 1064 (l’allad.,
2758 1008 2874 1060 cap.
2910 988 3056 1059 146).
3088 988 3313 1042 Tribuni
3341 994 3521 1040 autem

1946 1089 2223 1159 cujitsd.«m
2254 1088 2356 1141 tilia
2389 1088 2506 1141 fuit.
2539 1086 2704 1155 llujus
2729 1094 2784 1140 et
2811 1084 3028 1153 optima:
3076 1082 3290 1138 femina:
3319 1094 3523 1136 memo-

1947 1182 2130 1236 rabilis
2158 1182 2325 1234 virtus
2373 1181 2627 1245 refertur,
2669 1180 2809 1245 quod
2866 1192 3137 1246 nunquam
3190 1174 3523 1230 iracundiam

1947 1276 2113 1343 ipsius
2164 1273 2356 1327 viderit
2408 1272 2539 1326 solis
2579 1285 2825 1337 occasus,
2884 1270 2996 1324 sive
3047 1275 3238 1322 contra
3284 1281 3525 1327 servum,

1943 1366 2058 1419 sive
2105 1374 2294 1420 contra
2344 1363 2614 1428 ancillam,
2666 1363 2785 1415 sive
2830 1370 3016 1415 contra
3069 1372 3336 1429 quemque
3364 1358 3526 1412 alium

1941 1455 2129 1511 fuisset
2158 1457 2311 1511 irata.
2356 1455 2614 1523 Fugiebat
2654 1454 2795 1509 enim
2827 1452 2941 1507 haec
2970 1452 3280 1506 beatissima
3326 1466 3530 1505 memo-

1944 1548 2077 1601 riam
2106 1547 2343 1614 malitiae,
2364 1547 2545 1602 sciens
2567 1546 2705 1616 quod
2739 1546 2838 1600 iter
2853 1543 2969 1615 ejus
2987 1542 3050 1597 ad
3079 1554 3334 1599 aeternam
3382 1558 3528 1596 mor-

1945 1648 2049 1695 tem
2079 1639 2412 1710 perduceret.
2513 1710 2739 1766 CAPUT
2780 1709 2914 1766 XLV

2318 1802 2441 1857 Vita
2471 1803 2767 1859 Salomonis
2796 1804 3141 1858 anachoreta.

2018 1894 2074 1949 In
2120 1895 2353 1950 Antinoo
2400 1896 2689 1951 Thebaidis
2721 1897 3007 1965 provincia:
3037 1895 3252 1951 civitate
3299 1904 3527 1965 quatuor

1946 1985 2100 2041 annis
2124 1985 2321 2056 jugiter
2347 1985 2444 2053 fui,
2470 2002 2567 2056 per
2593 1988 2734 2055 quod
2766 2001 2927 2041 omne
2960 1995 3169 2056 tempus
3200 1988 3523 2042 monasteria

1947 2080 2055 2134 illic
2085 2080 2337 2135 universa
2382 2082 2605 2149 cognovi
2636 2079 2900 2150 (Pallad.,
2945 2097 3062 2150 cap.
3105 2078 3224 2149 96).
3276 2079 3528 2134 Habitant

1947 2182 2123 2227 autem
2158 2171 2300 2226 mille
2331 2180 2387 2227 et
2433 2175 2649 2229 ducenti
2696 2174 2793 2228 viri
2825 2174 3184 2244 probatissimi
3236 2175 3289 2228 iu
3322 2190 3528 2229 mentu-

1946 2275 2076 2319 ratze
2107 2266 2375 2320 territorio
2406 2267 2661 2332 civitatis,
2694 2281 2913 2321 suarum
2947 2280 3006 2322 se
3037 2282 3293 2321 manuum
3323 2266 3526 2322 sudore

1946 2366 2246 2425 pascentes.
2295 2358 2375 2410 Ex
2406 2358 2598 2427 quibus
2646 2359 2795 2411 multi
2846 2360 3001 2430 (quos
3043 2357 3397 2414 anachoretas
3436 2377 3528 2412 vn-

1944 2446 2088 2520 cant)
2119 2449 2186 2502 ad
2217 2448 2426 2518 rupium
2457 2457 2512 2504 et
2541 2449 2889 2505 solitudinum
2936 2466 2995 2506 sc
3028 2450 3311 2519 speluncas
3339 2462 3528 2505 contu-

1943 2538 2140 2592 lerunt.

2017 2632 2158 2686 Inter
2187 2647 2322 2702 quos
2372 2633 2630 2689 Salomon
2674 2635 2908 2701 nomine,
2960 2635 3259 2691 monachus
3285 2635 3527 2691 castissi-

1945 2741 2063 2779 tnns
2087 2736 2249 2795 atque
2278 2727 2591 2780 mitissimus
2621 2727 2743 2794 fuit,
2772 2730 2862 2798 qui
2892 2731 3065 2798 gratia
3089 2729 3391 2784 divinitatis
3431 2743 3527 2785 ac-

1943 2824 2158 2883 ceperat
2182 2817 2489 2885 patientiam
2539 2818 2901 2885 singularem;
2935 2820 3132 2888 quique
3161 2833 3220 2874 se
3267 2819 3526 2889 quinqua-

1942 2909 2203 2976 gesimum
2230 2910 2278 2962 in
2306 2912 2561 2979 spelunca
2588 2925 2683 2965 sua
2706 2926 2902 2965 annum
2936 2912 3134 2968 habere
3155 2912 3388 2979 dicebat,
3412 2928 3526 2967 ma-

1944 3000 2098 3053 nibus
2123 3016 2339 3067 semper
2366 3003 2478 3056 suis
2506 3002 2668 3057 victui
2697 3018 2795 3058 suo
2822 3002 3278 3060 sufficientissime
3316 3004 3524 3059 submi-

1944 3092 2194 3147 uistrans.
2228 3095 2533 3166 Scripturas
2580 3108 2759 3152 autem
2789 3106 3005 3153 sanctas
3053 3112 3241 3155 omnes
3270 3097 3529 3157 didicisse

2516 3256 2743 3316 CAPUT
2784 3261 2966 3317 XLVI.

2263 3370 2382 3425 Vita
2406 3371 2600 3427 abbatis
2632 3373 2875 3429 Durat/rei
2903 3384 2951 3431 et
2980 3372 3198 3431 Dioclis.

2011 3486 2311 3544 Dorotheus
2356 3490 2569 3561 quidam
2608 3493 2886 3563 presbyter
2914 3494 2967 3548 in
3015 3494 3267 3561 Spelunca
3298 3495 3400 3550 alia
3428 3495 3527 3553 de-

1941 3591 2072 3645 gens
2116 3578 2393 3633 immensa:
2438 3580 2691 3637 bunitatis
2721 3582 2819 3636 fuit
2870 3580 3131 3653 (Pallad.,
3164 3600 3279 3652 cap.
3308 3586 3424 3657 97),
3473 3601 3529 3644 et

1942 3670 2465 3738 irreprchensilulem
2517 3674 2630 3740 ipse
2677 3673 2841 3728 vitam
2874 3674 3101 3746 peregit.
3146 3675 3245 3742 Qui
3284 3691 3351 3731 eo
3383 3679 3527 3746 quod

1940 3771 2208 3816 meruerat
2260 3762 2555 3818 sacerdotis
2597 3764 2858 3829 officium,
2908 3767 3157 3822 omnibus
3187 3767 3298 3822 illic
3338 3778 3525 3824 sancta

1940 3857 2190 3925 mysteria
2214 3854 2468 3910 fratribus
2499 3856 2857 3911 ministrabat.

2010 3948 2143 4002 Huic
2190 3949 2453 4018 quondam
2504 3949 2687 4019 junior
2717 3949 2806 4004 illa
2852 3950 3074 4006 Melania
3106 3952 3329 4022 majoris
3360 3953 3525 4009 Mela-

1940 4039 2041 4093 niae
2087 4039 2281 4107 neptis,
2337 4039 2404 4094 de
2453 4055 2557 4110 qua
2614 4040 2666 4094 in
2707 4042 3054 4110 sequentibus
3100 4042 3277 4099 dicant
3324 4043 3525 4116 (Infra,

1938 4148 1985 4187 c.
2046 4130 2195 4204 49),
2252 4131 2568 4203 quingentos
2620 4148 2846 4188 numero
2886 4137 3262 4192 transmiserat
3290 4125 3524 4206 solidos,

1938 4243 2132 4299 rogans
2185 4239 2242 4284 ut
2289 4229 2542 4285 fratribus
2591 4229 2697 4286 illic
2750 4232 3064 4302 degentibus
3102 4247 3197 4288 eos
3246 4233 3361 4301 ipse
3386 4232 3525 4288 ιι.νὶ-

1937 4321 2109 4376 deret.
2160 4321 2235 4375 Ex
2265 4322 2457 4391 quibus
2507 4325 2619 4391 ipse
2663 4331 2773 4378 tres
2815 4324 3186 4379 tantummodo
3239 4324 3384 4388 tulit,
3438 4338 3524 4376 re-
3594 4372 3597 4375 .

1940 4414 2110 4483 liquos
2157 4416 2321 4469 Diocli
2373 4415 2584 4469 cuidam
2627 4417 2869 4471 solitario
2890 4418 3151 4472 monacho
3176 4416 3337 4484 jussit
3375 4415 3517 4481 dari,

1941 4508 2055 4559 viro
2100 4509 2337 4559 omnium
2383 4521 2560 4560 rerum
2616 4508 2838 4561 scientia
2880 4508 3123 4576 prtedito,
3166 4521 3325 4576 quem
3358 4506 3518 4575 Iunge

250 4597 385 4662 Quae
415 4595 570 4647 filiam
602 4597 815 4665 quidem
845 4597 1149 4666 propriam,
1182 4597 1442 4651 doctrinae
1482 4612 1592 4651 sua:
1620 4599 1835 4665 virgini-
1870 4571 1917 4629 D
1945 4599 2031 4652 ille
2080 4599 2462 4667 sapientiorem
2494 4613 2552 4653 se
2602 4614 2721 4654 esse
2748 4599 2978 4663 dicebat,
3028 4599 3114 4668 qui
3168 4607 3344 4666 posset
3397 4598 3515 4652 sine

253 4687 383 4738 tatis
436 4687 621 4740 ordine
651 4687 952 4755 copulatam
1004 4686 1259 4754 prtemisit
1309 4689 1375 4741 ad
1423 4687 1723 4754 Christum,
1778 4698 1837 4743 ut

251 4778 546 4833 maximum
588 4778 787 4831 donum
839 4778 1063 4832 laterum
1109 4793 1327 4833 suorum
1360 4787 1519 4847 atque
1557 4779 1832 4834 virtutum.

251 4870 603 4925 Postmodum
633 4883 761 4924 vero
780 4877 1153 4923 consummato
1181 4869 1444 4923 casutatis
1472 4883 1535 4923 ac
1582 4871 1835 4924 sanctita-

250 4965 327 5018 tis
355 4962 549 5029 ofl‘tcio,
581 4963 737 5015 bonis
763 4961 1013 5015 omnibus
1059 4962 1328 5029 rebusque
1356 4962 1467 5014 suis
1511 4962 1833 5029 competenti

250 5055 628 5111 distributione
670 5052 951 5123 dispersis,
982 5060 1038 5107 et
1087 5055 1197 5119 ipsa
1226 5066 1378 5106 suam
1433 5050 1597 5104 filiam
1645 5051 1834 5106 subseo

251 5157 383 5203 Cttln
414 5158 516 5202 est.

333 5239 479 5291 Ilanc
507 5253 606 5307 ego
627 5238 958 5292 laborantem
984 5236 1226 5290 noctibus
1254 5250 1319 5299 ac
1340 5236 1573 5306 prepriis
1597 5237 1843 5291 manibus

252 5330 549 5387 mulentem
579 5346 793 5398 semper
822 5330 889 5384 ad
915 5330 1283 5398 infringendas
1312 5332 1457 5386 vires
1487 5332 1729 5400 corporis
1758 5333 1840 5389 sui

255 5438 547 5485 noveram;
579 5431 741 5490 atque
787 5420 891 5476 boc
935 5420 1256 5475 referentem
1306 5424 1498 5490 saepius
1535 5423 1837 5489 audiebam,

255 5513 383 5582 quia
410 5526 531 5565 cum
578 5511 839 5578 jejunium
884 5512 930 5565 ei
965 5512 1135 5565 solum
1184 5511 1431 5566 sufficere
1481 5526 1585 5566 non
1621 5524 1834 5581 posset,

253 5606 424 5659 etiam
454 5603 744 5655 laboriosas
773 5602 872 5655 sibi
899 5604 1104 5670 vigilias
1134 5602 1447 5667 addidisset,
1482 5620 1602 5671 quin
1647 5606 1837 5659 adver-

254 5711 378 5750 sum
409 5695 750 5760 incorporeas
782 5704 1069 5761 potestates
1100 5710 1200 5747 una
1232 5696 1574 5763 cumjejuujo
1619 5696 1836 5752 dimica-

252 5796 400 5854 rent,
428 5801 534 5856 quo
564 5784 867 5852 superbiam
897 5784 1089 5838 utentis
1122 5794 1492 5857 tumoremque
1522 5788 1831 5857 deponeret.

540 5899 810 5959 PA'I‘BUL.
860 5899 963 5958 LX
977 5898 1058 5958 Χ]
1074 5904 1141 5962 V.

1945 4693 2121 4758 aliqua
2171 4691 2393 4746 laesione
2427 4693 2619 4746 animre
2653 4700 2845 4747 cuncta
2887 4692 3144 4753 dividere,
3182 4704 3303 4742 cum
3349 4687 3514 4743 sciret

1944 4782 2173 4848 amplius
2197 4796 2260 4835 ac
2280 4782 2643 4837 rationabilius
2671 4792 2923 4851 quantum
2953 4782 3150 4849 cuique
3198 4780 3522 4835 distribuere

1946 4875 2239 4939 debuisset,
2270 4874 2456 4930 dicens
2503 4876 2604 4931 sibi
2660 4874 2779 4931 illos
2830 4884 2939 4930 tres
2986 4874 3188 4930 solidos
3219 4888 3375 4942 posse
3400 4874 3518 4930 suf-

1947 4966 2130 5021 ﬁcere.

2021 5057 2116 5111 llic
2147 5056 2259 5125 ipse
2287 5056 2493 5112 Diocles
2522 5055 2901 5127 grammaticus
2928 5054 3141 5123 quidem
3164 5057 3392 5125 primum
3421 5056 3523 5112 fuit

1950 5143 2213 5215 (Pallad.,
2244 5162 2362 5211 cap.
2390 5145 2501 5215 98),
2534 5146 2882 5215 philosophia:
2909 5154 3086 5199 autem
3112 5163 3169 5201 se
3198 5156 3381 5216 postea
3425 5148 3524 5203 deo
3592 5150 3593 5153 “

1948 5238 2098 5290 derat
2120 5253 2133 5299 ;
2155 5237 2247 5291 sed
2276 5247 2516 5305 tempore
2540 5236 2882 5304 procedente,
2901 5251 3022 5291 cum
3046 5239 3359 5308 vigesimum
3380 5251 3523 5295 octa-

1950 5343 2069 5381 vum
2098 5343 2294 5380 annum
2336 5336 2520 5396 ageret
2546 5326 2739 5392 anatis,
2772 5330 2937 5397 gratia
2970 5328 3144 5383 eidem
3194 5330 3371 5385 divina
3402 5345 3523 5398 per-

1950 5419 2138 5484 suasit,
2172 5428 2229 5473 ut
2273 5419 2617 5473 smcularibus
2643 5419 2903 5475 doctrinis
2949 5423 3299 5488 renuntiaret,
3330 5422 3396 5478 ad
3440 5422 3521 5477 ia-

1948 5510 2279 5565 stitntionem
2312 5524 2439 5563 vero
2465 5507 2664 5564 Christi
2703 5511 3089 5581 scientiamque
3130 5512 3363 5569 cmlestis
3406 5512 3521 5581 phi-

1948 5600 2310 5668 losuphim'se
2356 5598 2641 5664 conferret,
2692 5612 2745 5657 et
2778 5602 2891 5671 ipse
2934 5618 2999 5658 eo
3041 5612 3279 5671 tempore
3312 5603 3518 5673 trigesiv

1944 5706 2088 5745 mum
2118 5700 2173 5744 et
2202 5691 2439 5759 quintum
2472 5704 2668 5743 annum
2711 5692 2762 5745 itt
2793 5693 3067 5761 speluncis
3098 5694 3316 5756 habens,
3363 5693 3517 5745 nobis

1943 5784 2043 5841 ista
2072 5781 2319 5839 dicebat:
2352 5782 2555 5836 Sensus
2588 5782 2849 5838 humanus
2878 5799 3000 5837 Clllll
3033 5800 3061 5838 a
3093 5784 3415 5853 cogitatian
3440 5800 3513 5839 ro-

2978 5897 3047 5959 il
