3982 6354
478 251 577 307 551

1582 243 1920 299 APPENDIX
1966 248 2056 301 AD
2099 247 2299 306 VITAS
2339 252 2638 311 PATRUM-

3643 258 3741 313 559.

474 361 694 418 cesserit
723 355 839 425 Déi,
869 367 960 414 aut
988 357 1216 413 dzcmoni
1242 357 1472 414 efficitur
1495 355 1706 421 similis,
1759 364 1852 410 aut
1894 357 2053 411 mutis
2084 365 2134 424 Α
2160 377 2316 432 supra
2342 364 2591 418 humeros
2614 378 2762 418 meos
2792 373 3033 434 poneret,
3068 365 3438 436 stupendaque
3496 364 3606 420 lllic
3629 379 3741 420 erat

471 454 789 510 animalibus
821 461 1176 522 comparatur.

544 546 708 615 Cujus
735 545 863 600 dicti
895 545 1154 599 rationem
1205 558 1326 598 cum
1371 556 1438 598 ao
1465 556 1530 599 eo
1558 557 1880 610 cuperemus
1909 544 2053 599 acci-

471 653 621 706 pere,
656 636 756 691 ista
788 635 1001 691 dicebat
1029 650 1045 690 :
1077 633 1214 702 Quia
1247 636 1291 690 si
1342 637 1460 703 quis
1504 649 1534 688 a
1588 633 1696 688 Deo
1729 635 2052 702 recesserit,

471 746 693 787 necesse
719 742 802 788 est
831 740 886 786 ut
929 741 1024 786 aut
1051 732 1102 785 in
1131 729 1455 785 desiderium
1487 727 1726 797 aliquod,
1761 737 1853 782 aut
1878 729 1930 783 in
1961 727 2056 782 ali—

471 839 625 893 quam
655 823 983 879 iracundiam
1010 831 1148 879 ruat.
1196 819 1530 876 Desiderium
1561 818 1779 890 quidem
1811 820 1946 874 illud
1973 819 2055 873 in-

470 923 802 968 sensatorum
835 910 1160 975 animalium,
1197 909 1524 965 iracundiam
1570 923 1702 964 vero
1747 909 2050 964 daemonum

470 1021 589 1062 esse
629 1006 861 1060 dicebat.
892 1005 973 1059 Me
1014 1013 1191 1058 autem
1224 1002 1647 1068 contradicente,
1698 1002 2054 1070 quemadmo-

469 1101 596 1154 dum
627 1107 806 1169 posset
833 1097 967 1160 fieri,
1003 1105 1058 1149 ut
1083 1110 1204 1149 cum
1254 1095 1364 1149 Deo
1389 1094 1589 1165 jugiter
1622 1102 1842 1148 maneat
1864 1107 2053 1148 sensus

470 1193 761 1253 humanus;
800 1189 901 1242 hoc
932 1197 1055 1241 tunc
1101 1186 1190 1241 ille
1217 1185 1430 1242 diccbat
1463 1205 1475 1239 :
1510 1186 1565 1240 In
1595 1199 1912 1255 quacunque
1956 1199 2050 1238 co-

467 1283 740 1352 gitatione,
773 1280 854 1335 vel
885 1281 935 1334 in
965 1280 1205 1348 quolibet
1245 1287 1365 1333 actu
1410 1279 1587 1333 anima
1619 1276 1848 1331 hominis
1891 1276 2042 1330 illius

466 1370 732 1442 fueritqui
754 1371 1046 1426 secundum
1077 1370 1244 1424 Deum
1271 1369 1423 1437 vivit,
1458 1369 1502 1424 si
1528 1369 1613 1436 pia
1635 1375 1736 1430 est,
1767 1365 2049 1433 eidemque

467 1463 678 1530 placere
705 1461 943 1529 festinat,
975 1476 1097 1517 cum
1126 1461 1238 1516 Deo
1279 1474 1403 1516 eum
1426 1473 1548 1515 esse
1585 1453 1923 1511 manifestum
1948 1464 2048 1509 est.

1015 1594 1247 1651 CAPUT
1290 1593 1498 1648 XLVII.

938 1707 1057 1761 Vita
1085 1706 1279 1762 abbatis
1309 1705 1586 1776 Capitonis.

533 1824 630 1880 Hic
671 1822 884 1895 Juvenis
908 1831 1024 1877 erat
1053 1820 1240 1889 Capito
1268 1819 1486 1888 quidam
1535 1817 1751 1872 nomine
1781 1815 2046 1888 (Pallad.,

465 1933 583 1986 cap.
615 1915 730 1986 99),
763 1915 852 1984 qui
886 1914 1064 1983 priore
1093 1914 1214 1967 vita:
1243 1927 1354 1967 sua:
1394 1921 1635 1979 tempore
1678 1909 1815 1964 latro
1844 1907 2049 1970 fuerat;

467 2010 672 2079 quique
702 2024 822 2062 cum
854 2008 905 2062 in
937 2005 1191 2076 spelunca
1238 2020 1330 2059 sua
1358 2003 1740 2074 quinquaginta
1771 2001 2044 2071 implesset

469 2117 662 2167 annos,
713 2115 810 2156 nec
840 2114 1009 2170 usque
1057 2099 1122 2153 ad
1151 2106 1399 2168 quartum
1450 2096 1680 2164 lapidem
1706 2091 2052 2148 Antinoensis

469 2195 649 2265 Oppidi
681 2211 915 2262 unquam
945 2193 1111 2246 voluit
1163 2190 1442 2255 accedere,
1488 2203 1588 2243 nec
1639 2201 1811 2256 usque
1859 2186 1923 2237 ad
1953 2184 2053 2238 ﬂu-

470 2287 612 2342 vium
658 2286 831 2340 Nilum
879 2287 968 2355 qui
1021 2291 1137 2339 erat
1189 2283 1493 2352 proximuS'
1544 2279 1864 2347 dicebatque
1911 2275 2052 2346 quod

469 2377 695 2432 necdum
746 2391 806 2430 se
859 2374 1250 2430 conversationi
1281 2382 1441 2442 atque
1487 2370 1722 2426 sermoni
1777 2368 2050 2422 hominum

470 2471 817 2540 plurimorum
852 2478 1033 2538 posset
1058 2469 1326 2536 ingerere,
1358 2480 1422 2520 eo
1453 2463 1596 2534 quod
1636 2462 1811 2516 adhuc
1840 2460 2050 2515 fortiter

471 2573 792 2632 repugnaret
823 2562 1123 2616 communis
1151 2560 1415 2613 inimicus.

541 2656 673 2709 Cum
705 2655 806 2707 isto
836 2651 1065 2705 vidimus
1098 2661 1151 2705 et
1180 2652 1342 2703 alium
1371 2647 1658 2718 quemdam
1689 2660 1752 2700 ex
1786 2646 1892 2699 illis
1924 2644 2054 2698 soli-

472 2745 617 2800 tariis
647 2744 777 2798 viris
807 2742 1068 2812 (Pallad.,
1102 2757 1218 2810 cap.
1267 2740 1311 2791 Il
1335 2740 1412 2810 0),
1440 2754 1594 2808 mque
1634 2746 1687 2793 et
1718 2738 1889 2807 ipsum
1914 2737 2050 2790 intra

470 2841 740 2908 speluncm
776 2852 889 2892 suae
937 2843 1141 2891 secreta
1189 2833 1479 2898 viventem,
1534 2831 1624 2900 qui
1671 2845 1822 2884 vana:
1872 2829 2055 2898 g’orizn

471 2928 700 2983 stimulis
730 2929 828 2982 sub
860 2929 1090 2997 imagine
1118 2927 1448 2979 somniorum
1478 2923 1666 2978 illusus
1696 2933 1856 2992 atque
1897 2923 2055 2976 dece-

472 3030 613 3091 plus,
633 3019 791 3074 simili
819 3029 873 3074 et
892 3020 1004 3088 ipse
1024 3017 1182 3072 modo
1210 3017 1526 3071 solebateos
1540 3030 1673 3085 quos
1691 3014 1976 3069 inducebat
1991 3013 2055 3066 il-

2163 457 2213 510 in
2238 457 2448 511 Christo
2472 459 2746 512 immensa:
2771 458 2964 514 fiducia
2994 461 3273 513 castitatis.

2231 545 2286 598 In
2317 546 2416 600 hoc
2439 545 2555 616 ipso
2599 546 2748 617 virgo
2776 547 3019 617 quaedam
3049 547 3190 603 Taor
3215 548 3432 603 nomine
3477 545 3739 618 (Pallad.,

2163 652 2279 706 cap.
2313 637 2462 707 138),
2507 638 2770 708 discipula
2817 639 2981 706 illius,
3045 641 3258 710 triginta
3308 654 3478 696 annos
3529 642 3584 694 in
3629 656 3738 694 mo-

2164 729 2396 783 nasterio
2426 728 2650 795 habens,
2682 744 2791 784 non
2823 731 3018 795 tunica,
3052 745 3156 786 non
3192 741 3434 786 mavorte
3461 729 3600 801 (55),
3635 745 3738 785 non

2159 818 2540 873 calceamentis
2589 833 2821 888 unquam
2851 821 3001 875 novis
3030 819 3105 874 uti
3137 821 3320 882 voluit,
3372 819 3475 874 hoc
3504 819 3685 874 dicens
3714 836 3728 871 :

2159 909 2297 965 Nihil
2328 911 2432 966 tale
2459 910 2731 978 desidero,
2765 927 2834 966 ne
2861 920 3080 981 propter
3101 911 3202 966 hoc
3228 921 3283 966 et
3311 912 3458 966 foras
3490 911 3734 981 progredi

2161 1018 2341 1072 cogar.
2389 1004 2522 1057 Alias
2549 1003 2763 1072 quidem
2812 1019 3002 1059 omnes
3047 1005 3326 1059 Dominico
3370 1013 3574 1059 tantum
3632 1002 3733 1065 die,

2158 1110 2317 1150 causa
2346 1095 2540 1150 divina:
2587 1097 2978 1151 communionis
3019 1095 3311 1164 procedere
3351 1095 3418 1150 ad
3460 1094 3736 1150 ecclesiam

2159 1185 2436 1248 solebant;
2468 1195 2652 1239 sancta
2681 1201 2806 1240 vero
2834 1186 2919 1239 illa
2948 1186 3205 1242 extremis
3231 1185 3414 1240 induta
3444 1184 3658 1253 pannis,
3687 1184 3736 1238 in

2159 1277 2483 1330 monasterio
2534 1276 2647 1330 sola
2707 1276 2996 1341 residebat,
3045 1290 3180 1345 opus
3215 1276 3413 1345 jugiter
3456 1289 3614 1329 suum
3666 1273 3738 1327 fa-

2158 1367 2329 1422 ciens.
2360 1367 2491 1422 Tam
2522 1367 2778 1436 elegantis
2807 1376 2985 1423 autem
3017 1368 3198 1421 forma:
3226 1377 3364 1426 erat,
3419 1376 3477 1418 ut
3506 1364 3738 1419 castissi-

2159 1472 2304 1511 mum
2359 1471 2627 1526 quemque
2676 1466 2732 1513 et
2791 1458 3283 1512 constantissimnm
3335 1457 3511 1509 virum
3565 1455 3741 1509 vultus

2160 1550 2324 1620 ipsius
2348 1566 2411 1605 ac
2440 1551 2779 1620 pulchritudo
2822 1560 3004 1621 posset
3029 1551 3248 1615 illicere,
3281 1549 3380 1605 nisi
3406 1549 3474 1603 ita
3507 1546 3740 1603 moribus

2158 1656 2305 1700 esset
2335 1656 2548 1713 ornata,
2574 1655 2630 1701 ut
2659 1647 2710 1700 in
2736 1646 3022 1714 semetipsa
3069 1644 3290 1698 haberet
3313 1639 3735 1697 inaestimabilem

2082 1751 2127 1810 Β
2157 1739 2439 1808 quemdam
2467 1737 2743 1793 custodem
2775 1739 3002 1808 propria:
3034 1736 3314 1791 castitatis.
3341 1734 3444 1802 Qui
3474 1743 3523 1788 et
3554 1731 3737 1786 oculos

2159 1830 2281 1899 cuju
2299 1846 2486 1900 squam
2514 1831 2738 1901 turpiter
2758 1829 3041 1899 cupientis,
3064 1829 3128 1882 ad
3151 1829 3468 1882 immensum
3488 1824 3738 1894 pudorem

2154 1924 2498 1992 compelleret
2525 1939 2587 1978 ac
2612 1924 2884 1979 timorem.

2226 2014 2342 2069 Alia
2373 2030 2582 2085 quoque
2611 2015 2662 2070 in
2692 2016 2866 2069 vicino
2896 2011 3274 2069 commanebat
3327 2009 3598 2081 (Pallad.,
3627 2024 3735 2076 cap.

2158 2105 2307 2179 I39),
2339 2107 2493 2176 cujus
2541 2123 2639 2178 ego
2697 2107 2887 2162 faciem
2944 2105 3160 2176 quidem
3188 2105 3374 2159 videre
3418 2117 3524 2158 non
3566 2104 3736 2170 potui;

2156 2216 2426 2271 nunquam
2482 2201 2626 2256 enim
2665 2216 2728 2256 ex
2761 2216 2865 2268 quo
2895 2199 3017 2254 huic
3040 2198 3240 2253 mundo
3282 2195 3631 2260 renuntiavit,
3675 2194 3738 2248 de

2157 2295 2481 2351 monasterio
2531 2294 2698 2350 fertur
2744 2308 2983 2364 egressa,
3031 2294 3084 2348 in
3117 2307 3223 2363 quo
3268 2290 3545 2358 sexaginta
3576 2302 3742 2342 annos

2162 2403 2266 2442 una
2289 2402 2412 2441 cum
2437 2394 2606 2440 matre
2628 2399 2722 2440 sua
2749 2385 2995 2440 habitans
3012 2383 3262 2453 implesse
3282 2389 3632 2436 memoratur.
3649 2377 3740 2432 Cui

2159 2480 2224 2534 ad
2257 2490 2586 2549 postremum
2631 2494 2751 2533 cum
2779 2491 3054 2533 recessura
3085 2485 3229 2530 esset
3259 2490 3290 2529 e
3331 2473 3553 2540 saculo,
3588 2471 3644 2524 in
3671 2470 3743 2522 vi-

2160 2571 2310 2624 sione
2339 2569 2544 2623 adstitit
2572 2569 2829 2622 Colothus
2860 2567 3120 2622 vocabulo
3168 2575 3394 2635 martyr,
3437 2563 3529 2633 qui
3562 2563 3618 2616 in
3645 2563 3742 2617 eis-

2159 2662 2281 2718 dem
2311 2661 2590 2716 colebatur
2618 2659 2746 2715 locis
2778 2658 2916 2730 (54),
2951 2659 3074 2713 'hoc
3114 2659 3162 2712 ei
3216 2657 3400 2711 dicens
3438 2673 3450 2706 :
3488 2653 3658 2709 Hodie
3682 2653 3743 2706 ad

2159 2752 2442 2808 Dominum
2474 2763 2620 2806 tuum
2643 2767 2854 2821 perges,
2880 2748 2968 2804 ubi
2992 2759 3042 2802 ct
3064 2758 3277 2802 sanctos
3302 2747 3506 2800 videbis
3527 2758 3741 2806 omnes;

2158 2845 2279 2900 veni
2305 2845 2463 2913 igitur
2488 2844 2541 2897 in
2567 2843 2842 2897 basilicam
2863 2842 3100 2912 martyrii
3128 2840 3252 2905 mei,
3279 2847 3333 2892 ut
3356 2838 3464 2892 illic
3487 2837 3743 2904 prandeas

2161 2950 2389 2990 mecum.
2435 2934 2552 3002 Quo
2584 2934 2788 2999 audito,
2819 2933 2993 3003 prima
3045 2933 3223 2985 statim
3257 2929 3373 2984 luce
3402 2929 3657 2988 surrexit,
3688 2942 3745 2978 ac

2160 3029 2321 3083 solito
2347 3043 2497 3082 more
2528 3028 2741 3094 vestita,
2774 3029 2824 3080 in
2853 3024 3106 3094 sportella
3128 3039 3220 3077 sua
3242 3037 3458 3092 panem,
3478 3029 3533 3075 et
3555 3020 3740 3082 olivas,

472 3114 486 3169 Ι
547 3115 676 3178 lere,
691 3121 743 3166 et
757 3123 935 3181 pastor
947 3109 1339 3179 quodammodo
1359 3108 1617 3176 insipiens
1633 3106 1912 3160 videbatur
1931 3119 2046 3159 esse

2161 3131 2213 3177 et
2240 3122 2384 3177 olera
2415 3120 2736 3174 comminuta
2769 3120 2988 3172 sustulit
3019 3133 3225 3172 secum.
3261 3117 3322 3170 Et
3349 3125 3474 3168 tunc
3520 3114 3744 3182 primum

469 3212 779 3269 Ventorum,
803 3211 961 3268 atque
989 3208 1296 3270 persecutor
1322 3199 1628 3252 nnbrarum
1645 3196 1835 3267 (Eccfi.
1859 3212 2046 3262 xxxiv,

474 3295 556 3362 2),
605 3296 961 3362 incorruptam
991 3292 1203 3362 quidem
1242 3291 1445 3345 habens
1476 3306 1790 3359 corpoream
1831 3292 2050 3345 castita-

477 3398 581 3441 tem
611 3404 622 3438 :
656 3386 771 3440 sine
800 3383 961 3438 dubio
988 3390 1040 3437 et
1070 3391 1286 3452 propter
1313 3381 1479 3450 ipsam
1508 3392 1801 3447 senectam,
1825 3392 1880 3436 et
1925 3395 2020 3450 pro
2041 3410 2059 3421 -

477 3487 594 3548 pter
639 3477 920 3546 plurimum
950 3476 1092 3544 quod
1141 3473 1367 3529 habebat
1404 3473 1458 3528 in
1497 3475 1722 3528 desertis
1751 3473 1881 3528 locis
1913 3483 2049 3528 tem-

476 3588 596 3642 pus,
630 3581 683 3626 et
713 3578 928 3640 prepter
957 3569 1126 3638 ipsam
1155 3568 1381 3622 forsitan
1431 3567 1600 3620 inanis
1631 3565 1813 3635 gloriae
1843 3567 2054 3618 vanita-

479 3676 607 3730 tem,
647 3679 767 3732 quae
794 3675 887 3715 cor
913 3660 1032 3729 ejus
1057 3674 1119 3714 ac
1163 3674 1352 3714 sensus
1382 3671 1763 3728 perversarum
1787 3658 1867 3726 (ut
1895 3656 2052 3724 solet)

476 3771 653 3811 rerum
685 3753 1009 3823 cogitatione
1037 3752 1334 3818 vitiaverat,
1366 3751 1664 3820 divlnmquc
1690 3749 2053 3804 conversatio-

476 3853 558 3906 nis
586 3855 782 3906 fecerat
806 3849 1062 3904 alienum.

1005 3960 1229 4016 CAPUT
1274 3959 1503 4014 XLVIII.

583 4056 703 4109 Vita
732 4055 927 4107 Amata:
958 4053 1070 4124 (3‘2)
1098 4066 1143 4106 et
1176 4052 1330 4116 Taor,
1381 4061 1427 4104 et
1459 4051 1670 4104 alterius
1712 4049 1942 4118 virginis.

545 4149 682 4201 Sunt
709 4160 835 4199 vero
867 4145 918 4199 in
947 4145 1132 4198 eadem
1171 4141 1577 4196 Antinoensium
1609 4139 1829 4194 civitate
1850 4139 2055 4194 duode-

470 4240 570 4293 cim
595 4238 916 4293 monasteria
949 4235 1212 4307 virginum
1243 4233 1560 4289 feminarum
1598 4233 1762 4302 979
1811 4231 2049 4300 perfecta

472 4331 882 4386 conversatione
903 4329 1194 4383 viventium
1221 4326 1482 4398 (Pallad.,
1513 4339 1560 4378 ε.
1595 4324 1717 4389 157)
1742 4339 1757 4387 ;
1782 4322 2051 4393 inquibus

469 4429 714 4478 Amatam
755 4423 1038 4493 quamdam
1070 4421 1304 4484 nomine,
1339 4417 1586 4472 ancillam
1621 4416 1819 4469 Christi
1865 4430 2047 4470 senem

2163 3222 2284 3282 post
2308 3221 2387 3266 tot
2415 3225 2675 3266 annorum
2698 3209 2961 3263 curricula
2999 3207 3316 3278 procedens,
3339 3205 3406 3258 ad
3431 3202 3742 3272 martyrium

2161 3304 2329 3359 sancti
2357 3303 2521 3356 venit.
2559 3301 2659 3355 Chi
2701 3299 3029 3354 orationibus
3075 3300 3175 3352 rite
3206 3296 3473 3366 perfectis,
3504 3291 3736 3363 opperiri

2161 3393 2324 3462 cmpit
2353 3393 2458 3448 tale
2485 3404 2693 3458 tempus
2721 3389 2848 3456 diei,
2883 3405 2986 3459 quo
3017 3403 3204 3442 omnes
3236 3387 3446 3454 penitus
3475 3400 3504 3436 a
3534 3397 3731 3438 memo-

2161 3499 2276 3541 rato
2327 3485 2642 3541 recederent
2689 3485 2826 3536 loco.
2871 3483 3021 3548 Quod
3062 3497 3182 3535 cum
3234 3480 3304 3532 ita
3357 3480 3552 3532 factum
3601 3476 3741 3528 vide.

2163 3590 2265 3646 ret,
2306 3579 2468 3648 cmpit
2521 3578 2709 3632 sedere
2759 3585 2814 3630 ct
2853 3578 3098 3630 invocaze
3147 3583 3388 3628 sanctum
3429 3580 3738 3642 martyrem,

2161 3671 2346 3726 dicens
2380 3689 2391 3722 :
2426 3671 2620 3725 Sancte
2642 3668 2886 3734 Colothe,
2914 3667 3134 3722 benedic
3161 3680 3338 3721 escam
3359 3679 3558 3727 meam,
3588 3671 3739 3732 atque

2158 3766 2551 3822 interventibus
2579 3765 2684 3817 tuis
2707 3777 2916 3817 mecum
2946 3760 3211 3831 proficisci
3244 3760 3487 3829 dignare.
3517 3757 3739 3823 Sumpta

2159 3857 2316 3925 igitur
2340 3856 2482 3921 cibo,
2512 3864 2562 3908 et
2588 3855 2723 3909 facta
2756 3868 2939 3908 rursus
2966 3853 3231 3912 oratione.
3256 3852 3396 3904 circa
3427 3849 3563 3904 solis
3592 3861 3739 3902 occa-

2157 3965 2274 4003 sum
2304 3947 2367 4000 ad
2398 3944 2776 4000 monasterium
2805 3959 2961 3998 suum
3012 3942 3172 3997 rediit.
3223 3957 3238 3996 :
3281 3941 3368 3995 ubi
3402 3939 3558 3993 matri
3611 3952 3735 3995 sure.

2156 4041 2470 4103 Clementis,
2501 4039 2589 4108 qui
2621 4037 2954 4092 Stromateus
2976 4035 3274 4098 dicebatur,
3308 4033 3547 4086 libellum
3572 4029 3738 4095 dedit,

2158 4131 2208 4185 in
2233 4129 2395 4184 Amos
2425 4128 2701 4198 prepheta:
2725 4127 2864 4183 dicta
2892 4126 3275 4196 conscriptum,
3299 4125 3403 4179 hoc
3433 4125 3484 4179 ei
3511 4123 3696 4179 dicens
3721 4140 3732 4175 ;

2157 4224 2314 4280 Istum
2347 4225 2598 4293 episcopo
2644 4223 2734 4292 qui
2764 4221 2893 4275 exul
2940 4229 3070 4288 stat,
3117 4220 3290 4284 dabis,
3320 4218 3576 4286 dicesque
3601 4215 3649 4271 ei
3687 4225 3738 4269 ut

2157 4331 2254 4386 pro
2276 4329 2362 4369 me
2388 4328 2544 4368 orare
2563 4312 2832 4384 dignetur,
2862 4312 3172 4379 proficiscor
3192 4311 3334 4365 enim
3365 4308 3430 4362 ad
3456 4307 3737 4362 Dominum

2159 4419 2356 4460 meum.
2381 4404 2446 4457 Et
2476 4404 2526 4456 in
2553 4403 2665 4472 ipsa
2684 4412 2842 4457 nocte
2860 4401 3078 4466 defecit,
3114 4409 3168 4456 et
3190 4415 3364 4471 neque
3386 4408 3478 4453 aut
3499 4398 3736 4452 dolorem

470 4517 578 4571 vidi
607 4517 881 4585 octoginta
908 4515 1016 4583 jam
1069 4514 1120 4567 in
1155 4512 1476 4566 monasterio
1522 4525 1619 4564 suo
1646 4522 1816 4563 annos
1848 4508 2047 4562 haben-
2078 4513 2130 4574 ι)
2161 4497 2326 4550 unum
2356 4493 2562 4564 εθρίιίε,
2613 4503 2705 4548 θυι
2733 4494 2967 4548 calorem
2999 4493 3238 4562 corporis
3281 4490 3468 4552 5005“.
3502 4490 3599 4544 sed
3629 4487 3738 4558 ipsa
3800 4507 3808 4526 ‘

467 4620 596 4676 tem,
647 4607 807 4665 sicuti
853 4608 1038 4664 vicina:
1067 4605 1237 4676 ipsius
1285 4611 1337 4659 et
1386 4603 1499 4672 ipsa
1546 4601 1870 4656 referebant.
1905 4597 2039 4654 Cum

464 4718 562 4768 qna
597 4700 868 4771 sexaginta
901 4712 1124 4753 numero
1156 4696 1406 4749 mulieres
1436 4693 1763 4759 habitantes,
1794 4700 1954 4762 atque
1987 4692 2039 4745 in

464 4791 797 4844 abstinentia:
830 4789 1056 4858 puritate
1084 4803 1178 4856 per
1202 4785 1319 4855 ejus
1348 4785 1644 4839 doctrinam
1669 4783 1926 4852 viventes,
1957 4786 2041 4836 in-

464 4892 664 4934 tantum
698 4884 886 4936 eadem
914 4895 1100 4934 omnes
1130 4878 1450 4947 diligebant,
1487 4887 1542 4930 ut
1587 4891 1654 4930 ne
1684 4877 1888 4929 clavem
1919 4875 2040 4943 qni—

463 4975 583 5025 dem
630 4971 894 5026 vestibulo
923 4971 1230 5026 monasterii
1261 4969 1326 5022 ad
1378 4967 1782 5022 similitudinem
1815 4977 2038 5021 caetera-

461 5076 576 5115 runt
606 5076 828 5117 necesse
854 5073 994 5116 esset
1040 5062 1206 5131 infigi.
1254 5061 1376 5116 Sola
1407 5059 1551 5114 enim
1583 5059 1691 5113 illic
1718 5073 1906 5113 omnes
1947 5073 2038 5111 eas

463 5154 722 5207 immensa
753 5153 966 5208 dilectio
991 5169 1124 5208 anus
1154 5155 1319 5222 ipsius
1346 5153 1696 5220 doctrinaque
1748 5152 2034 5216 retinebat,

459 5245 523 5299 ad
553 5243 964 5311 incorruptionis
993 5245 1211 5313 gloriam
1242 5258 1464 5311 corpore
1493 5258 1676 5297 earum
1721 5255 2037 5313 mentesque

456 5349 804 5392 conservans.

449 5449 454 5462 ·
482 5441 485 5444 ·
529 5428 652 5483 Ilaec
681 5428 794 5496 ipsa
811 5417 968 5496 quam
992 5423 1102 5479 dixi
1135 5439 1294 5479 senex
1325 5439 1489 5494 usque
1509 5423 1642 5478 adeo
1674 5441 1820 5493 pura:
1835 5428 2029 5481 mentis

451 5528 505 5573 et
533 5520 774 5588 corporis
806 5524 967 5573 erata
998 5515 1323 5585 cogitatione
1349 5525 1402 5570 et
1426 5515 1673 5584 passione
1714 5517 1940 5585 peccati,
1970 5527 2029 5570 nt

450 5610 663 5666 cumad
711 5609 878 5679 ipsam
931 5607 1204 5675 ingressus
1253 5604 1491 5671 fuissem,
1542 5616 1698 5676 atque
1742 5607 2024 5670 sedissem,

451 5705 590 5762 iuxta
645 5718 731 5760 me
773 5699 1139 5756 indifferenter
1166 5697 1399 5766 sederet,
1460 5713 1644 5754 manus
1698 5700 1857 5754 etiam
1906 5714 2028 5754 suas

2153 4601 2212 4642 se
2242 4595 2299 4639 ut
2329 4594 2445 4640 erat
2473 4585 2779 4655 sepelienda
2806 4584 3127 4653 composuit,
3159 4582 3402 4652 spiritum
3447 4597 3603 4636 suum
3631 4594 3736 4634 ων

2147 4675 2301 4728 nibus
2326 4675 2414 4728 Dei
2439 4676 2839 4728 commendans.

2723 4787 2948 4842 CAPUT
2979 4786 3165 4842 XLIX.

2157 4881 2272 4938 Vita
2307 4882 2546 4936 Melania:
2585 4883 2822 4949 iunioris,
2865 4879 3077 4935 Piniani
3105 4883 3214 4953 ejus
3245 4881 3432 4946 mariti,
3466 4889 3513 4935 et
3541 4881 3729 4937 Albim:

2835 4955 3036 5006 matris.

2223 5066 2286 5118 Et
2307 5064 2556 5133 quoniam
2587 5063 2639 5117 in
2668 5063 3034 5132 superioribus
3065 5066 3357 5118 relaturum
3402 5064 3474 5118 de
3513 5062 3723 5133 jnniore

2149 5155 2375 5210 Melania
2431 5169 2519 5208 me
2547 5153 2834 5223 spopondi,
2885 5155 3246 5209 necessarium
3298 5169 3439 5207 nunc
3486 5155 3721 5208 debitum

2148 5248 2366 5302 reddam
2414 5245 2752 5316 (Pallad.,c.
2799 5246 2935 5309 HS);
2983 5262 3165 5312 supra,
3211 5261 3258 5299 c.
3310 5244 3420 5315 46).
3455 5245 3566 5300 Nec
3593 5245 3724 5299 enim

2140 5337 2341 5407 justum
2364 5346 2446 5392 est
2476 5336 2640 5391 veluti
2669 5337 3064 5406 prmtereuntlo,
3091 5336 3320 5390 transire
3348 5345 3456 5388 tam
3487 5333 3724 5388 laudabi.

2142 5431 2243 5482 lem
2270 5429 2434 5496 ipsius
2482 5429 2532 5480 in
2561 5441 2787 5496 corpore
2831 5427 3198 5496 juventntem,
3252 5436 3561 5494 tantamque
3603 5423 3715 5492 ejus

2137 5523 2253 5574 sine
2295 5522 2466 5588 aliqua
2497 5520 2750 5574 memoria
2802 5520 3102 5576 litterarum
3135 5520 3409 5589 praeterire
3444 5519 3714 5579 virtutem,

2137 5626 2256 5680 qua:
2309 5611 2527 5665 senibus
2557 5625 2618 5664 ac
2675 5610 3077 5666 studiosissimis
3121 5614 3264 5666 circa
3321 5612 3484 5665 Deum
3510 5606 3720 5664 feminis

2140 5703 2330 5758 merito
2362 5715 2500 5755 nunc
2529 5701 2828 5770 prmfortur.
