3982 6354
298 414 396 471 S53

1497 411 1908 470 llEBACLIDlS
1947 410 2352 469 PARADISUS.

3450 407 3554 466 εει

366 527 516 580 [lane
564 524 722 596 igitur
770 531 1016 596 parentes
1065 523 1277 594 quidem
1333 522 1500 593 ipsius
1541 524 1591 578 vi
1644 524 1874 578 maxima
1907 528 1951 583 Α
2050 523 2318 592 Propositi
2348 530 2523 576 autem
2557 521 2725 592 ipsius
2774 520 2879 575 vita
2926 519 3229 592 huiusmodi
3262 530 3399 577 erat.
3430 521 3559 579 Post

295 615 500 671 nubere
517 625 822 686 coegerunt,
841 616 1014 683 primo
1026 616 1232 670 cuidam
1248 614 1472 672 Romani
1492 615 1721 669 nominis
1738 616 1881 671 viro.-

288 708 426 775 Quae
455 716 635 763 tamen
664 722 875 778 semper
914 723 1034 763 cum
1062 708 1276 778 iugibus
1316 707 1448 763 avia:
1476 723 1589 765 sua:
1614 707 1875 764 doctrinis

297 799 684 864 stimularetur,
712 815 779 854 eo
830 816 1001 867 usque
1040 800 1387 869 spiritualiter
1413 801 1464 854 in
1507 800 1722 854 civitate
1750 810 1873 870 pro‘

290 891 478 957 cessit,
506 901 565 945 ut
588 906 692 947 non
721 891 810 945 diu
856 893 908 945 in
954 891 1171 960 nuptiali
1206 892 1483 961 proposito
1513 898 1872 959 permaneret.

291 980 427 1036 Nam
459 997 578 1036 cum
604 984 931 1051 suscepisset
972 982 1108 1037 filios
1134 983 1292 1045 duos,
1322 992 1370 1037 et
1403 983 1614 1052 utrique
1641 982 1875 1038 defuncti

294 1073 538 1139 fuissent,
571 1074 715 1128 venit
740 1073 808 1126 ad
857 1081 1061 1127 tantum
1093 1088 1191 1144 pro
1218 1071 1417 1127 ChriSti
1449 1072 1664 1126 nomine
1692 1072 1873 1128 odium

292 1165 617 1234 nuptiarum,
650 1172 705 1217 ut
731 1164 830 1218 hoc
856 1164 1080 1218 Piniano
1108 1164 1299 1218 marito
1329 1178 1426 1219 suo
1462 1164 1644 1220 Severi
1669 1179 1876 1235 etprae-

292 1252 417 1309 fecti
450 1253 559 1308 ﬁlio
586 1253 824 1310 diceret:
857 1256 909 1310 Si
944 1256 1120 1325 diligis
1152 1259 1475 1322 castitatem,
1503 1265 1556 1312 et
1577 1258 1873 1313 monachus

292 1346 374 1398 vis
400 1359 521 1399 esse
545 1359 776 1410 merum,
804 1355 855 1400 te
899 1345 1018 1400 vita:
1052 1342 1187 1400 mea:
1229 1346 1507 1401 dominum
1539 1348 1870 1417 confitebor;

298 1436 343 1487 si
374 1443 551 1488 autem
585 1436 674 1488 tibi
729 1451 893 1504 grave
938 1438 1040 1491 hoc
1091 1437 1302 1493 videtur
1348 1449 1402 1492 ut
1427 1438 1653 1515 iuveni,.
1692 1440 1875 1511 accipe

290 1539 641 1593 quascunque
668 1526 837 1580 habeo
866 1526 1162 1591 facultates,
1195 1537 1250 1581 et.
1282 1528 1507 1584 liberum
1534 1530 1666 1584 mihi
1698 1546 1873 1585 meum

294 1628 493 1684 corpus
521 1615 782 1686 relinque,
811 1617 966 1677 ut.de
993 1627 1192 1673 caetero
1224 1620 1517 1675 secundum
1546 1621 1872 1676 voluntatem

302 1705 397 1761 Dei
427 1706 632 1770 vivens,
657 1710 855 1777 possim
881 1710 1105 1779 implere
1126 1711 1266 1781 quod
1290 1711 1468 1781 cupio.
1496 1712 1562 1767 Et
1586 1713 1661 1767 uti
1690 1721 1873 1767 secuta

292 1801 411 1869 ejus
431 1801 704 1869 virtutem,
750 1804 888 1856 aviae
919 1802 1187 1859 haredem
1220 1820 1305 1859 me
1335 1820 1474 1869 esse,
1506 1805 1661 1874 cuius
1691 1815 1746 1858 et
1774 1821 1873 1859 no-

1978 616 2203 671 alterum
2225 613 2367 669 diem
2392 628 2604 683 semper
2624 612 2799 668 cibum
2823 627 3015 684 capere
3031 625 3411 680 consueverat;
3431 629 3556 670 nam

1979 709 2119 762 inter
2144 708 2255 775 ipsa
2307 704 2566 775 principia
2591 705 2776 775 quinto
2805 719 3020 775 quoque
3064 706 3311 775 gustabat
3340 706 3446 772 die,
3479 706 3560 762 id-

1976 811 2081 866 que
2107 797 2399 852 observans
2424 796 2647 851 faciebat
2675 805 2729 851 et
2752 796 2970 850 diurnas
2998 811 3119 853 cum
3150 797 3415 852 ancillulis
3443 800 3555 853 suis

1977 885 2264 940 ministerii
2291 886 2371 938 sui
2425 886 2598 952 vices,
2632 900 2763 956 quas
2794 895 3043 957 tanquam
3074 888 3135 942 in
3158 889 3481 943 monasterio
3503 899 3562 944 ut

1989 992 2202 1033 sorores
2225 977 2471 1033 habebat.

2048 1067 2176 1122 Erat
2196 1077 2372 1122 autem
2398 1082 2518 1123 cum
2548 1070 2657 1139 ipsa
2676 1071 2919 1123 et‘mater
2940 1070 3055 1139 eius
3080 1070 3267 1125 Albina
3293 1070 3509 1144 (Pallad
3541 1113 3561 1139 ,

1964 1135 2024 1212 ἀ
2054 1158 2199 1229 1‘20),
2233 1175 2411 1226 parem
2443 1162 2603 1215 vitam
2656 1161 2879 1225 habens,
2935 1162 3289 1233 similiterque
3318 1167 3561 1235 proprias

1980 1252 2268 1321 separatim
2299 1267 2428 1321 opes
2463 1261 2517 1306 et
2565 1252 2680 1321 ipsa
2709 1252 3036 1323 dispergens.
3075 1255 3320 1310 Habitant
3349 1272 3478 1311 vero
3508 1257 3563 1313 in

1980 1344 2412 1411 possessionibus
2438 1345 2549 1399 suis
2575 1358 2810 1414 semper,
2864 1356 2918 1400 et
2948 1347 3213 1402 interdum
3264 1349 3402 1403 intra
3432 1349 3566 1404 Sici-

1983 1432 2133 1498 liam,
2187 1449 2565 1504 nonnunquam
2621 1435 2756 1489 intra
2811 1435 3153 1504 Campaniam
3201 1438 3400 1508 degunt
3442 1455 3563 1495 cum

1978 1526 2238 1578 cnnuihis
2275 1526 2599 1595 quindecim,
2633 1536 2687 1581 et
2713 1529 2981 1595 sexaginta
3013 1528 3325 1599 virginibus,
3356 1540 3408 1585 et
3437 1545 3560 1584 cum

1980 1617 2096 1668 aliis
2121 1617 2363 1683 ingenuis
2394 1617 2473 1671 vel
2497 1617 2727 1672 ancillis.
3126 1618 3129 1621 ’

2053 1710 2239 1762 l‘arem
2268 1727 2479 1779 quoque
2508 1720 2562 1766 et
2591 1709 2849 1765 Pinianus
2878 1711 3071 1780 coniux
3119 1714 3283 1782 ipsius
3309 1730 3429 1769 cum
3459 1714 3563 1768 tri-

1982 1801 2129 1868 ginta
2164 1802 2438 1856 monachis
2465 1804 2573 1873 agit
2601 1803 2761 1857 vitam
2782 1802 3048 1873 (Pallad.,
3080 1820 3127 1858 ε.
3153 1804 3312 1873 ηιμ
3343 1806 3432 1875 qui
3473 1817 3563 1861 aut

293 1906 419 1947 men
446 1892 639 1962 haben,
677 1908 1069 1962 recognoscam.
1116 1894 1246 1948 Nam
1290 1895 1336 1949 si
1368 1896 1623 1950 voluisset
1649 1896 1789 1951 Deus
1819 1903 1877 1949 ut
1911 1896 1954 1955 B
1982 1892 2194 1946 luelioni
2229 1902 2529 1948 sanctarum
2555 1893 2946 1963 Scripturarum
2977 1904 3143 1960 vacat,
3172 1904 3260 1948 aut
3286 1895 3563 1950 hortorum

295 1982 401 2038 hoc
427 1985 623 2039 sarculo
637 1982 961 2051 fruercmur,
977 2002 1242 2056 nunquam
1262 1986 1390 2040 mihi
1413 1971 1697 2057 utrumque
1718 2003 1876 2058 quem

296 2074 503 2143 peperi,
529 2076 809 2131 immatura
834 2088 1005 2132 morte
1026 2079 1309 2147 rapuisset.

368 2165 503 2220 Cum
561 2166 652 2221 diu
709 2166 888 2236 itaque
938 2169 1311 2224 altercantium
1362 2170 1636 2225 contentio
1691 2172 1878 2242 iugum

295 2257 533 2325 nuptiale
564 2267 836 2325 vexasset,
860 2260 927 2314 ad
952 2270 1280 2337 postremum
1321 2260 1462 2315 Deus
1490 2261 1775 2317 miseratus
1795 2272 1882 2317 est

289 2348 572 2419 juvenem,
603 2337 877 2422 inspirans
904 2354 1061 2407 etiam
1094 2356 1259 2424 ipsius
1282 2355 1493 2423 animae,
1528 2363 1584 2410 ut
1603 2356 1879 2411 saecularia

294 2455 365 2496 ac
392 2449 604 2496 terrena
634 2442 899 2498 desideria
922 2454 1321 2509 contemneret;
1350 2440 1483 2501 ut'in
1508 2446 1639 2515 ipsis
1669 2462 1881 2517 quoque

296 2543 486 2588 sancta
505 2550 605 2589 vox
622 2544 800 2605 posset
817 2536 1025 2605 impleri
1037 2552 1131 2605 per
1141 2539 1479 2607 Apostolum,
1496 2540 1712 2595 dicens:
1732 2539 1882 2596 Unde

298 2624 432 2693 scis,
448 2626 657 2695 mulier,
679 2629 721 2681 si
744 2628 993 2682 maritum
1008 2629 1215 2683 salvum
1232 2629 1433 2685 facies?
1447 2630 1598 2685 Unde
1610 2633 1740 2697 scis,
1774 2633 1879 2699 vir,

288 2717 339 2772 si
373 2718 651 2773 mulierem
678 2720 876 2773 salvam
904 2718 1073 2774 facies
1102 2717 1160 2792 (1
1183 2718 1302 2774 Cor.
1328 2719 1465 2789 vn)?
1512 2720 1686 2789 Nupta
1720 2722 1880 2790 igitur

294 2807 413 2862 viro
443 2819 525 2863 est
552 2824 671 2864 cum
721 2809 978 2866 tredecim
1025 2820 1170 2867 esset
1199 2827 1483 2881 annorum,
1516 2824 1720 2883 septem
1750 2829 1880 2868 vero

292 2914 465 2954 annos
490 2916 608 2955 cum
628 2916 694 2957 eo
717 2902 866 2967 vixit,
893 2904 1151 2975 vigesimo
1174 2906 1518 2961 renuntiavit.

376 2991 444 3045 Et
463 2993 688 3059 primum
720 2993 934 3063 quidem
961 2995 1214 3065 quidquid
1241 2998 1468 3051 vestium
1499 2997 1792 3053 sericarum
1825 2998 1879 3053 in

296 3083 634 3138 mavortibus
683 3085 887 3151 habuit,
940 3087 1147 3141 sanctis
1174 3088 1433 3143 altaribus
1460 3088 1630 3154 dedit,
1656 3091 1796 3159 quod
1827 3101 1883 3146 et

296 3174 639 3231 benedictam
668 3179 1034 3249 Olympiadem
1088 3180 1283 3235 fecisse
1324 3182 1694 3251 cognovimus.
1737 3183 1884 3239 Reli-

1984 1985 2387 2039 amcenitatibus
2436 1985 2733 2041 delectatur
2770 2025 2784 2050 ,
2829 1996 2922 2038 aut
2977 1985 3354 2056 conspectibus
3406 1996 3565 2055 atque

1981 2075 2318 2130 sermonibus
2344 2076 2538 2131 fruitur
2595 2071 3091 2131 honestissimorum
3139 2077 3413 2144 virorum;
3468 2090 3567 2132 nec

1984 2167 2143 2222 nobis
2185 2168 2399 2237 quidem
2449 2168 2528 2239 (et
2570 2179 2720 2225 certe
2742 2184 2862 2225 cum
2896 2171 3108 2239 plurimi
3140 2170 3298 2225 simul
3327 2185 3569 2226 essemus

1984 2258 2070 2327 qui
2128 2257 2349 2312 Romam
2405 2270 2622 2329 prepter
2668 2262 2886 2316 beatum
2946 2262 3253 2331 episcopum
3310 2262 3569 2319 Joannem

1986 2352 2418 2419 perrexeramus)
2447 2349 2635 2420 exigua
2662 2352 3058 2421 perstiterunt;
3088 2353 3184 2408 sed
3231 2352 3357 2408 dum
3410 2363 3465 2409 et
3511 2356 3565 2408 in

1985 2440 2091 2494 illis
2122 2442 2359 2509 partibus
2387 2441 2724 2510 degeremus,
2764 2442 3159 2500 officiosissime
3190 2458 3288 2499 nos
3318 2458 3570 2514 suscepe-

1988 2542 2110 2583 runt
2140 2532 2392 2598 llOSllil‘O,
2427 2531 2849 2603 largissimisque
2878 2535 3178 2604 sumptibus
3202 2549 3323 2591 cum
3369 2536 3565 2592 exinde

1983 2620 2475 2687 proficisceremur,
2498 2621 2915 2679 ltonuraverunt.
3442 2640 3451 2647 ί

2612 2737 2839 2793 CAPUT
2880 2739 2940 2794 L.

2214 2826 2333 2881 Vita
2384 2826 2724 2897 Pammacltii,
2766 2832 3006 2894 Macarii,
3038 2833 3340 2889 Constantii.

2056 2914 2257 2969 Horum
2288 2933 2482 2987 parens
2507 2918 2621 2989 (55)
2654 2920 3024 2977 Pammachius
3050 2924 3267 2978 nomine
3299 2923 3556 2995 (Pallad.,

1983 3020 2100 3076 cap.
2136 3006 2285 3075 {22),
2315 3008 2396 3061 vir
2446 3010 2863 3076 proconsularis,
2919 3012 3167 3067 similiter
3218 3015 3564 3071 saecularibus

1987 3098 2195 3165 pompis
2224 3100 2561 3163 renuntiavit,
2594 3101 2923 3172 mttlittmque
2950 3102 3303 3161 laudabilibus
3329 3109 3567 3163 moribus

1998 3186 2150 3242 vixit.
2180 3187 2281 3254 Qui
2310 3205 2496 3245 omnes
2528 3193 2771 3270 proprias
2803 3193 3099 3261 facultates,
3132 3196 3323 3264 partim
3354 3197 3479 3253 dum
3511 3200 3567 3255 in

293 3282 435 3337 quas
486 3284 614 3324 vero
654 3285 784 3340 quas
828 3272 1057 3326 habebat.
1092 3272 1295 3327 sericas
1345 3282 1547 3338 vestes,
1594 3288 1689 3343 per
1734 3275 1877 3329 varia
1911 3261 1954 3322 C
1989 3279 2187 3333 saeculo
2242 3291 2385 3336 esset
2430 3282 2546 3350 ipse
2594 3266 2871 3351 dispersit,
2904 3286 3095 3355 partim
3127 3261 3378 3342 fratribus
3408 3299 3569 3359 atque

295 3360 651 3415 ecclesiarum
693 3362 967 3417 distribuit
1004 3371 1341 3418 ornamenta.
1374 3364 1669 3434 Argentum
1718 3377 1879 3433 atque

296 3467 488 3506 aurum
513 3468 666 3507 suum
699 3470 790 3521 per
816 3454 1032 3508 Paulum
1058 3456 1339 3526 quemdam
1363 3455 1656 3511 Dalmatam
1683 3456 1876 3523 civem,

297 3545 622 3599 monacham
657 3555 814 3615 atque
847 3547 1237 3614 presbyterum,
1265 3546 1476 3617 navigio
1504 3548 1667 3602 maris
1695 3548 1881 3602 Orien-

300 3646 413 3691 tem
446 3652 615 3707 usque
644 3634 959 3693 transmisit.
994 3638 1060 3692 Et
1088 3638 1159 3693 ita
1187 3639 1370 3693 divisit
1391 3648 1606 3707 cuncta,
1635 3648 1695 3695 ut
1716 3641 1881 3712 Egy-

292 3734 392 3795 pto
420 3737 576 3795 atque
604 3727 860 3782 Tltebaidi
912 3728 1190 3799 delegaret
1242 3729 1428 3784 decem
1460 3730 1659 3797 millia;
1693 3733 1881 3786 Antio~

295 3818 487 3873 ebeno:
516 3819 714 3873 civitati
756 3826 917 3889 atque
962 3820 1070 3875 illis
1093 3835 1212 3891 quae
1238 3821 1382 3875 circa
1434 3821 1604 3891 ipsam
1633 3821 1885 3877 videntur

290 3924 424 3965 esse
449 3911 774 3981 regionibus,
796 3911 983 3967 decem
1000 3912 1192 3978 millia;
1224 3912 1512 3982 provincias
1537 3928 1751 3985 quoque
1780 3914 1882 3969 Pa-

301 4001 527 4055 laestinae
556 4001 858 4070 quindecim
904 4002 1068 4059 millia
1114 4003 1438 4071 solidorum;
1472 4005 1716 4061 ecclesiis
1762 4021 1882 4076 qua!

302 4106 406 4162 per
418 4092 651 4163 singulas
675 4094 873 4148 insulas
889 4104 1031 4162 sunt,
1059 4109 1159 4149 una
1182 4110 1303 4149 cum
1327 4095 1394 4150 iis
1419 4095 1511 4165 qui
1536 4106 1692 4153 erant
1712 4097 1883 4153 exsilii

300 4183 540 4238 damnati
580 4184 925 4254 relegatione,
966 4186 1152 4241 decem
1186 4188 1388 4255 millia;
1427 4188 1529 4244 illis
1578 4197 1758 4246 autem
1796 4207 1883 4247 ec-

296 4276 497 4341 clesiis,
530 4285 688 4347 atque
743 4279 1099 4349 monasteriis,
1130 4286 1185 4333 et
1214 4279 1561 4336 xenodochiis
1589 4296 1709 4352 quae
1759 4292 1887 4337 sunt

297 4366 405 4421 sub
456 4367 782 4421 Occidentali
839 4368 1031 4438 plaga,
1089 4368 1406 4439 cunctisque
1456 4370 1737 4441 egentibus
1792 4386 1887 4441 per

250 4452 251 4455 “
299 4457 649 4526 semetipsam
696 4458 878 4511 omnia
931 4473 1051 4528 quae
1091 4459 1289 4526 sciret,
1345 4460 1534 4516 iisdem
1580 4463 1882 4517 necessaria

299 4548 649 4603 ministraret.

375 4661 502 4718 Haec
529 4671 705 4717 autem
728 4671 783 4717 et
811 4662 1061 4717 universa
1086 4672 1138 4718 et
1166 4665 1269 4717 alia
1301 4664 1459 4736 longe
1508 4666 1659 4735 plura
1714 4683 1876 4737 quam

294 4751 556 4816 diximus,
585 4762 644 4807 ut
669 4752 807 4807 Deus
825 4739 1015 4819 ‘novit,
1045 4767 1111 4809 ex
1138 4755 1381 4809 manibus
1404 4755 1599 4811 Alarici
1635 4758 1737 4813 fide
1764 4775 1885 4827 pro-

298 4846 416 4915 pria
439 4854 686 4914 tanquam
713 4861 779 4900 ex
805 4860 897 4899 ore
921 4845 1090 4901 leonis
1131 4845 1318 4915 eripuit
1347 4846 1433 4917 (11
1463 4848 1591 4901 Tim.
1618 4865 1692 4914 tv,
1724 4852 1880 4922 xvu).

298 4939 499 5007 Servos
525 4952 652 4992 vero
704 4936 993 5007 promiscui
1045 4952 1204 4992 sexus
1234 4940 1537 5009 quicunque
1581 4942 1881 4997 mantnnitti

295 5031 572 5094 volebant,
604 5045 770 5099 usque
794 5029 861 5083 ad
893 5037 1014 5083 octo
1043 5030 1207 5083 millia
1238 5030 1432 5084 liberos
1462 5030 1608 5086 fecit.
1642 5032 1882 5101 Namque

304 5121 541 5190 reliquos
566 5121 654 5187 qui
676 5123 879 5175 servire
900 5119 1050 5174 fratri
1075 5121 1240 5190 ipsius
1262 5122 1584 5186 maluerunt,
1613 5127 1882 5179 c0ncessit

300 5212 504 5275 eidem,
537 5212 701 5266 ternis
732 5226 823 5279 per
852 5213 1090 5281 singulos
1146 5212 1332 5267 solidis
1361 5214 1529 5284 980
1554 5214 1878 5270 distributis.

304 5305 686 5360 Possessiones
707 5321 893 5362 omnes
914 5322 1255 5375 quascunque
1280 5306 1467 5362 habuit
1497 5308 1549 5362 in
1576 5308 1883 5376 Aquitania,

303 5394 502 5462 Gallia,
529 5397 857 5465 Tarracone,
888 5396 1156 5465 Hispaniis
1184 5396 1475 5466 Galliisque
1489 5396 1755 5453 distraxit.
1784 5400 1888 5454 Eos

302 5502 434 5541 vero
467 5487 835 5543 tantummodo
860 5503 1017 5558 agros
1038 5502 1174 5556 quos
1205 5487 1344 5541 intra
1369 5488 1627 5555 Siciliam,
1661 5490 1888 5557 Campa-

182 5633 205 5643 κ
238 5580 451 5649 Νηίδα]
482 5588 537 5635 et
579 5578 808 5635 Africam
856 5579 1183 5649 possidebat,
1222 5580 1435 5635 sibimet
1465 5582 1787 5649 reservavit;
1821 5597 1885 5637 ex

306 5672 506 5742 quibus
535 5671 857 5729 monasteria
886 5672 1140 5742 deinceps
1168 5671 1337 5726 aleret
1365 5686 1427 5725 ac
1482 5673 1703 5726 foveret.
1761 5673 1884 5727 lirec

304 5766 465 5833 huius
489 5765 697 5821 feminae
718 5766 976 5836 sapientia
1013 5766 1063 5820 in
1091 5763 1457 5819 distribuenle
1472 5780 1633 5819 onere
1675 5765 1884 5819 divitia-

301 5874 419 5913 rum
461 5857 574 5913 fuit.

1990 3374 2317 3442 pauperibus
2345 3376 2580 3430 moriens
2611 3377 2950 3448 migransqne
2981 3378 3046 3433 ad
3100 3378 3387 3436 Dominum
3432 3380 3571 3436 reli-

1985 3467 2120 3533 quit.

2056 3556 2168 3612 Hoc
2215 3557 2352 3613 idem
2383 3568 2438 3613 et
2463 3560 2616 3625 alter,
2648 3559 2909 3616 Macarius
2962 3563 3198 3627 nomine,
3252 3578 3317 3619 ex
3354 3550 3568 3622 vicarii:

1988 3644 2116 3701 fecit
2150 3646 2411 3717 (Pallad.,
2441 3664 2488 3702 c.
2517 3648 2722 3719 cuin).

2062 3738 2130 3793 Et
2156 3738 2498 3794 Constantius
2526 3739 2763 3809 quidam,
2796 3741 2882 3803 qui
2930 3741 3263 3796 consiliarius
3287 3745 3568 3807 praefecto-

1991 3846 2107 3885 rum
2170 3833 2221 3885 in
2272 3832 2434 3885 Italia:
2495 3832 2592 3886 fuit
2640 3831 2945 3903 regionibus
2991 3833 3249 3903 (Pallad.,
3302 3852 3349 3888 c.
3403 3836 3567 3908 124);

1993 3923 2204 3976 nobiles
2232 3922 2388 3976 valde
2407 3931 2460 3977 et
2482 3921 2787 3977 scholastici
2814 3923 2911 3976 viri
2942 3938 3003 3977 ac
3026 3925 3256 3991 plurimo
3281 3926 3371 3981 Dei
3384 3942 3569 3981 amore

1990 4014 2274 4079 sublimes;
2304 4028 2438 4080 quos
2467 4012 2641 4067 adhuc
2683 4014 2845 4069 credo
2876 4018 3180 4085 Superesse,
3202 4022 3416 4089 egregia
3450 4035 3567 4075 mo-

1989 4104 2281 4161 nachorum
2316 4105 2644 4162 institutione
2671 4108 2927 4164 viventes.

2590 4220 2814 4277 CAPUT
2873 4220 2954 4276 ω.

1995 4310 2117 4367 Vita
2138 4311 2346 4383 virginis
2369 4311 2752 4385 Alexandrinae,
2780 4327 2893 4378 qua:
2922 4328 3012 4376 per
3039 4328 3129 4385 sex
3151 4329 3312 4368 annos
3333 4332 3569 4385 maguum

2451 4382 2787 4435 Athanasium
2818 4384 3106 4435 occultavit.

2065 4477 2336 4547 Virginem
2364 4477 2651 4547 quamdam
2687 4478 2738 4531 in
2798 4477 3116 4532 Alexandria
3146 4493 3397 4533 noveram
3439 4478 3570 4532 civi-

1992 4577 2119 4635 tate,
2155 4584 2313 4636 quam
2364 4583 2463 4638 ego
2499 4570 2833 4640 septuaginta
2878 4584 3046 4624 annos
3086 4582 3329 4639 agentem
3375 4571 3571 4626 vidisse

1914 4638 2075 4713 l)me
2105 4659 2325 4712 memini
2365 4658 2625 4728 (Pallad.,
2675 4638 2793 4729 cap.
2854 4653 3001 4719 1'56).
3050 4638 3145 4713 Cui
3200 4661 3567 4715 testimonium

1982 4751 2169 4806 clerici
2231 4752 2341 4807 illic
2372 4767 2561 4808 omnes
2610 4752 2871 4819 ferebant,
2920 4754 3060 4825 quod
3093 4764 3216 4809 tunc
3241 4769 3362 4808 eum
3394 4755 3571 4810 adhuc

1982 4842 2194 4910 juvenis
2216 4843 2504 4908 videretur,
2529 4844 2709 4913 viginti
2742 4844 2984 4900 fortassis
3012 4860 3296 4911 annorum,
3330 4846 3570 4915 pulchri-

1989 4934 2190 4991 tudinis
2214 4949 2441 5005 magnae,
2478 4945 2800 5005 conspectus
2828 4937 3062 4989 omnium
3124 4938 3291 4991 vitare
3339 4953 3568 4994 censue,

1987 5027 2169 5093 visset,
2215 5041 2283 5080 ne
2321 5041 2425 5096 qua
2473 5036 2690 5095 prepter
2735 5027 3047 5081 miraculum
3106 5029 3286 5083 vultus
3338 5029 3458 5098 eius
3499 5045 3570 5086 ex

1985 5116 2289 5185 suspicione
2351 5117 2705 5185 quorumdam
2759 5117 2963 5171 macula
3015 5126 3306 5172 notaretur.
3352 5121 3469 5186 Quo
3518 5121 3574 5179 in

1989 5218 2226 5278 tempore
2248 5209 2439 5263 accidit
2467 5218 2524 5262 ut
2547 5208 2728 5262 Ariani
2768 5210 2865 5262 sub
2898 5206 3570 5283 Constantioimpcratore

1993 5316 2085 5368 per
2152 5301 2491 5368 praepositum
2554 5298 2672 5369 eius
2720 5298 3005 5354 Eusebium
3066 5280 3569 5359 beato‘ﬂAtltanasio

1992 5394 2353 5448 Alexandrino
2400 5392 2652 5461 episcopo
2683 5392 2918 5448 facerent
2969 5392 3275 5459 factionem,
3326 5405 3381 5450 et
3409 5410 3571 5450 exse-

1995 5486 2221 5540 crandas
2250 5486 2295 5538 ei
2328 5485 2612 5537 criminum
2644 5484 2935 5538 calumnias
2964 5486 3281 5541 excitarent.

2068 5579 2216 5633 Tunc
2240 5578 2397 5647 igitur
2430 5577 2521 5631 ille
2574 5578 2918 5643 venerabilis,
2972 5590 3278 5644 corruptum
3309 5578 3568 5646 iudicium

1992 5671 2356 5741 pollutumque
2388 5669 2684 5737 declinans,
2719 5686 2822 5727 non
2868 5672 3041 5724 amico
3082 5686 3161 5735 se,
3202 5687 3306 5724 non
3350 5670 3568 5732 clerico,

1996 5778 2101 5817 non
2127 5762 2355 5831 parenti,
2389 5776 2493 5815 non
2523 5760 2770 5831 cuiquam
2794 5763 2883 5817 alii
2913 5761 3137 5816 credidit
3165 5770 3325 5827 atque
3345 5761 3571 5812 conuiti-

1991 5856 2090 5920 sit;
2120 5854 2213 5911 sed
2245 5869 2365 5910 cum
2397 5853 2571 5911 subito
2612 5855 2827 5923 quidam
2876 5855 3206 5923 prmfeclttrtc
3236 5852 3570 5917 apparitores
