3982 6354
407 286 511 344 335

1548 284 1891 340 AI‘PENDIX
1934 283 2026 338 AD
2069 282 2269 339 VITAS
2308 282 2616 340 PATRUM.

3578 279 3684 338 336

407 405 577 471 ipsum
608 401 1011 472 investigantes,
1042 415 1260 457 oomum
1311 399 1432 471 ejus
1459 398 1769 465 intrassent,
1806 397 1981 452 tunica
2016 405 2066 461 Α
2094 398 2328 453 habebat
2371 398 2424 452 in
2457 397 2634 464 titulo,
2667 396 2976 453 relationem
3007 395 3242 453 historia:
3291 410 3468 451 tnvent
3500 393 3687 467 cujus-

406 491 498 546 ille
531 501 734 546 tantum
784 506 879 547 sua
934 492 1188 561 birroque
1220 491 1467 555 vestitus,
1514 488 1690 544 medio
1717 489 1891 544 noctis
1915 489 1995 542 fu-

402 587 579 656 giens,
598 586 663 641 ad
691 586 827 641 hanc
850 585 1106 655 virginem
1121 584 1287 641 venit.
1306 584 1385 639 Ad
1397 598 1553 653 quam
1579 592 1686 637 tam
1707 582 1994 650 in0pinatte

404 678 482 733 rei
530 679 766 733 novitate
795 677 1160 744 perterritam,
1190 675 1273 731 bis
1297 683 1516 731 sanctus
1536 674 1820 743 episcopus
1841 674 1993 729 locu-

405 779 492 826 tus
530 779 613 824 est
635 770 814 825 verbis
847 786 861 823 :
891 769 974 824 Ab
990 767 1435 836 Arianis,inquit,
1457 765 1740 835 plurimum
1761 779 1994 834 qumror,

409 869 465 914 et
502 859 847 915 calumniosis
884 857 1198 913 criminibus
1225 857 1469 920 incusor;
1512 870 1580 909 ne
1611 856 1775 925 igitur
1815 864 1870 909 et
1897 869 1997 924 ego

414 950 908 1006 irrationabilinota
932 949 1221 1015 deformer,
1247 944 1726 1016 etpruptermequi
1742 943 1809 998 ad
1822 958 1994 998 meam

410 1055 624 1110 poenam
643 1041 823 1110 inique
839 1039 1007 1110 parati
1029 1046 1154 1093 sunt
1175 1037 1228 1092 in
1252 1044 1528 1105 peccatum
1575 1043 1755 1099 ruant,
1782 1033 1995 1101 fugien-

409 1132 538 1185 dum
552 1130 722 1201 magis
733 1129 951 1185 credidi.
969 1130 1109 1185 Deus
1121 1138 1296 1184 autem
1313 1127 1443 1183 mihi
1459 1128 1557 1182 hac
1570 1136 1727 1181 nocte
1754 1125 1997 1180 revelare

411 1224 663 1293 dignatus
688 1230 791 1289 est,
815 1222 1002 1277 dicens
1036 1239 1057 1276 :-
1092 1221 1244 1291 Apud
1273 1220 1476 1275 nullum
1510 1222 1581 1273 ita
1604 1227 1661 1272 ut
1682 1217 1820 1286 apud
1850 1217 1994 1270 illam

413 1316 557 1371 scias
585 1323 636 1370 te
668 1329 824 1383 posse
873 1314 1093 1370 salvari.
1148 1316 1219 1368 At
1273 1313 1359 1368 illa
1389 1328 1509 1368 cum
1560 1310 1753 1382 gaudio
1799 1309 1997 1364 laetitias

412 1409 704 1481 spiritualis
732 1419 934 1475 erecta,
994 1409 1355 1479 projectisque
1383 1405 1793 1477 cogitationibus
1821 1403 1993 1468 vanis,

413 1500 574 1566 erepit
601 1500 724 1552 totis
753 1500 998 1554 sensibus
1026 1513 1146 1553 esse
1168 1513 1285 1553 cum
1303 1498 1433 1563 Deo,
1469 1505 1824 1563 sanctumque
1846 1493 1995 1547 illum

418 1592 591 1645 virum
619 1606 716 1660 per
747 1606 840 1645 sex
872 1604 1042 1644 annos
1067 1590 1202 1643 intra
1231 1589 1385 1644 cellae
1414 1602 1523 1642 sua:
1550 1596 1755 1642 secreta
1781 1584 1994 1648 celavit,

411 1683 584 1751 quoad
611 1691 942 1738 memoratus
968 1680 1315 1737 Constantius
1340 1681 1492 1734 vixit.
1520 1678 1639 1748 Ipsa
1670 1678 1745 1733 illi
1773 1678 1996 1731 abluens

416 1776 599 1843 pedes,
627 1776 740 1845 ipsa
769 1790 864 1845 per
891 1789 952 1830 se
1003 1774 1179 1829 omnia
1215 1782 1270 1828 et
1317 1787 1645 1843 quacunque
1692 1768 1992 1825 necessaria
2029 1762 2074 1823 Β

416 1881 572 1926 erant
608 1885 923 1941 praeparans
960 1885 1023 1925 ac
1045 1870 1377 1935 ministrans,
1431 1869 1597 1924 libros
1626 1883 1835 1938 quoque
1859 1881 1998 1936 quos

412 1966 501 2019 ille
528 1964 822 2032 quaerebat,
846 1972 1030 2018 mutuo
1054 1979 1291 2031 sumens,
1345 1972 1506 2031 atque
1532 1962 1609 2015 illi
1644 1960 1890 2030 praebens
1922 1960 1998 2015 le-

414 2058 639 2125 gendos.
673 2056 860 2111 Nullus
891 2065 1068 2110 tamen
1109 2054 1382 2135 hominum
1432 2054 1485 2107 in
1511 2042 1832 2135 alexandria
1863 2051 1997 2105 civi-

419 2157 551 2212 tate,
580 2161 674 2213 per
702 2145 1012 2200 sexennium
1052 2153 1242 2210 totum,
1280 2129 1493 2199 ubinam
1517 2129 1744 2198 sanctus
1764 2141 1999 2197 Albana-

416 2241 529 2296 sius
556 2239 778 2309 degeret
805 2239 972 2309 potuit
995 2239 1253 2294 invenire.

489 2332 589 2389 Ubi
616 2347 762 2388 mors
789 2341 966 2388 autem
1014 2333 1246 2402 primum
1293 2329 1592 2385 Constantii
1621 2331 1861 2384 nuntiata
1887 2338 1995 2395 est,

418 2423 596 2478 ethoc
619 2422 685 2477 ad
717 2437 874 2478 aures
895 2423 1061 2490 ipsius
1088 2422 1259 2487 venit,
1288 2430 1445 2476 nocte
1473 2434 1680 2485 rursus,
1713 2427 1771 2473 ut
1801 2419 2001 2474 fecerat

417 2512 585 2580 prius,
617 2512 833 2566 indutus
862 2512 998 2567 bene
1022 2511 1250 2580 prepriis
1278 2511 1530 2574 vestibus,
1562 2508 1617 2563 in
1643 2509 1873 2563 ecclesia
1905 2522 2002 2562 su-

417 2602 529 2655 bito
557 2602 892 2669 stupentibus
924 2602 1131 2656 cunctis
1161 2611 1215 2654 et
1256 2599 1644 2654 admirantibus
1703 2600 1997 2654 invenitur.

420 2691 589 2758 Quem
629 2706 818 2747 omnes
857 2701 985 2744 tunc
1033 2690 1195 2745 veluti
1224 2706 1290 2744 ex
1341 2690 1568 2744 mortuis
1596 2690 1910 2745 suscitatum
1940 2703 2001 2743 se

419 2780 602 2835 videre
631 2780 939 2835 credebant.
988 2781 1190 2836 Amicis
1216 2791 1393 2837 autem
1425 2781 1627 2836 intimis
1654 2782 1766 2835 suis
1787 2781 2001 2836 satisfa-

418 2875 616 2937 ciebat,
661 2874 765 2928 hoc
797 2874 980 2930 dicens
1030 2893 1042 2928 :
1087 2874 1377 2945 Propterea
1409 2891 1494 2931 me
1538 2875 1607 2930 ad
1655 2885 1865 2930 vestras
1894 2889 1999 2929 nou

418 2966 618 3021 contuli
670 2966 928 3027 latebras.
982 2976 1040 3021 ut
1084 2976 1198 3021 tuto
1243 2968 1428 3036 jurare
1478 2968 1728 3037 possetis,
1786 2966 2000 3020 ubinam

419 3059 670 3127 degerem
692 3073 788 3113 vos
820 3058 1031 3114 nescire
1054 3058 1316 3113 dicentes.
1347 3060 1412 3114 Et
1452 3070 1731 3129 prOpterea
1758 3059 1879 3126 quia
1910 3075 2002 3112 ne-

2098 490 2241 545 modi
2272 489 2533 558 (Pallad.,
2555 505 2603 543 c.
2632 488 2776 559 148).

2177 599 2520 656 Nobilissima
2543 600 2786 669 quaedam
2817 611 2870 655 et
2896 600 3277 671 pulcherrima,
3308 601 3498 671 inquit,
3519 601 3681 676 θοι

2101 691 2304 760 puella,
2333 692 2606 760 proposito
2628 691 2945 761 virginitatis
2966 706 3026 747 ac
3053 693 3180 759 vita,
3209 694 3261 746 in
3283 691 3683 749 Corinthiorum

2100 782 2321 836 civitate
2339 781 2587 851 degebat.
2605 781 2775 847 Quam
2792 796 2856 837 eo
2870 792 3129 852 tempore,
3152 797 3273 838 cum
3290 783 3427 852 apud
3449 781 3683 853 judicent

2103 886 2365 944 paganum
2389 873 2674 942 quemdam
2699 884 2824 927 tunc
2853 875 3153 943 persecutio
3194 888 3390 930 vesana
3412 874 3680 945 ﬂagraret.

2101 965 2267 1019 veluti
2326 964 2442 1018 dies
2491 963 2728 1033 ipsorum
2762 1004 2779 1032 ,
2838 966 3218 1036 sacrilegisque
3273 966 3685 1035 imperatoribus

2099 1056 2517 1120 conviciantem,
2555 1056 2797 1111 nonnulli
2828 1058 3140 1112 criminibus
3165 1058 3513 1127 impetebant.
3548 1059 3682 1114 lusi-

2098 1148 2387 1202 diahantur
2414 1157 2594 1201 autem
2627 1148 3009 1216 pulchritudini
3039 1149 3155 1218 ejus
3187 1166 3201 1214 ;
3235 1149 3593 1219 volebantque
3619 1165 3683 1205 ex

2101 1256 2162 1295 ea
2197 1242 2401 1294 lucrum
2458 1240 2494 1293 ii
2523 1240 2613 1310 qui
2665 1241 2971 1311 bujusmodi
3024 1243 3284 1298 mercium
3330 1242 3686 1312 negotiatores

2099 1347 2220 1387 CSSO
2243 1340 2657 1387 consueverant.
3382 1338 3385 1339 ν

2169 1441 2341 1498 Judex
2375 1458 2504 1498 vero
2533 1443 2752 1499 insanus
2780 1459 2963 1500 amore
2992 1443 3247 1511 femineo,
3275 1446 3513 1502 votivam
3538 1460 3570 1499 a
3592 1462 3681 1503 ca-

2102 1532 2515 1589 lumniatoribus
2558 1535 2921 1601 occasionem,
2977 1535 3137 1590 veluti
3187 1536 3415 1605 quadam
3464 1538 3686 1607 alicujus

2100 1642 2229 1681 aure
2258 1627 2637 1697 quadrupedis,
2664 1643 2784 1682 mox
2817 1628 3044 1697 accepit.
3077 1628 3180 1684 Sed
3197 1639 3542 1700 posteaquam
3572 1647 3685 1686 ma-

2100 1718 2456 1775 chinamentis
2502 1731 2662 1790 atque
2707 1719 2912 1776 artibus
2952 1722 3111 1776 variis
3144 1737 3246 1776 non
3293 1726 3466 1791 potuit
3512 1724 3683 1779 eidem

2107 1813 2431 1880 persuadere
2461 1812 2602 1882 quod
2633 1813 2821 1878 voluit,
2852 1829 2991 1867 novo
3021 1823 3204 1868 contra
3235 1830 3354 1869 eam
3385 1815 3566 1871 furore
3589 1817 3687 1874 de-

2104 1905 2356 1968 smviens,
2396 1918 2500 1958 non
2531 1914 2623 1957 aut
2670 1920 2841 1973 poena:
2886 1921 3004 1959 eam
3058 1906 3214 1961 alicui
3265 1908 3552 1963 destinavit
3603 1920 3690 1965 aut

2102 1993 2284 2057 morti,
2316 1994 2433 2060 sed,
2472 1995 2613 2062 quod
2643 2006 2756 2049 erat
2779 1996 2991 2061 gravius
3018 2008 3177 2066 atque
3204 1998 3497 2062 crudelius,
3530 2000 3581 2053 iu
3611 2001 3689 2054 lu-

2102 2086 2288 2156 panari
2310 2085 2551 2141 eamdem
2576 2086 2825 2156 prostitui
2848 2089 3121 2157 praecepit,
3149 2090 3433 2159 Ienonique
3460 2091 3688 2160 ipsarum

2102 2177 2514 2247 turpitudinum,
2549 2187 2605 2231 ut
2629 2185 2810 2232 ternos
2838 2178 2902 2232 ad
2934 2193 3056 2252 eum
3095 2194 3190 2248 per
3217 2180 3455 2249 singulos
3483 2180 3600 2235 dies
3625 2195 3689 2235 ex

2102 2269 2389 2324 concubitu
2421 2269 2587 2336 ipsius
2614 2268 2815 2323 solidos
2834 2269 3116 2324 exhiberet
3137 2268 3386 2340 injunxit.
3410 2269 3581 2338 Quam
3606 2286 3691 2342 pe-

2102 2362 2315 2415 cuniam
2348 2374 2469 2414 cum
2496 2374 2525 2413 a
2550 2374 2610 2415 se
2630 2360 2752 2414 leno
2780 2361 2898 2415 sine
2925 2360 3091 2414 dubio
3113 2362 3431 2430 intelligeret
3452 2362 3691 2431 ﬂagitan-

2102 2454 2249 2521 dam,
2283 2452 2335 2508 in
2363 2455 2602 2508 omnium
2626 2468 2744 2508 eam
2773 2455 2862 2525 qui
2888 2456 3085 2511 vellent
3112 2455 3259 2511 dedit
3281 2465 3622 2526 potestatem.

2175 2588 2328 2654 Quod
2357 2588 2444 2643 ubi
2465 2588 2663 2658 praeda:
2687 2589 2805 2645 talis
2830 2591 3108 2661 accipitres
3135 2607 3319 2647 verum
3346 2608 3469 2647 esse
3489 2592 3693 2648 didice-

2103 2688 2247 2742 runt,
2302 2678 2451 2732 ibant
2479 2687 2638 2746 atque
2665 2681 3023 2737 observabant
3054 2683 3367 2751 perditionis
3392 2685 3689 2740 officinam.

2106 2769 2344 2839 Datoque
2386 2770 2770 2826 infelicissima:
2793 2788 2906 2840 spei
2933 2774 3123 2843 pretio,
3171 2774 3530 2843 loquebantur
3572 2791 3692 2831 cum

2104 2882 2165 2922 ea
2191 2867 2502 2935 Optabilium
2524 2869 2626 2924 sibi
2660 2869 2915 2939 principia
2938 2871 3289 2941 voluptatum.
3314 2872 3408 2926 Illa
3424 2888 3553 2927 vero
3575 2889 3694 2942 pre-

2104 2957 2258 3012 cibus
2291 2957 2570 3012 immensis
2615 2959 2851 3028 singulos
2880 2976 3097 3030 rogans,
3126 2961 3316 3016 vulnus
3344 2963 3611 3033 quoddam
3642 2965 3692 3018 in

2108 3048 2452 3104 interioribus
2478 3052 2719 3119 corporis
2749 3053 2832 3106 sui
2860 3067 2918 3107 se
2949 3053 3145 3109 habere
3174 3055 3388 3110 dicebat
3423 3073 3436 3109 :
3468 3056 3624 3125 cujus
3650 3057 3694 3112 si

420 3163 573 3201 resse
596 3160 712 3203 erat
736 3148 936 3217 ubique
958 3163 1045 3203 me
1086 3150 1276 3218 quaeri,
1309 3150 1360 3202 in
1388 3150 1526 3205 cella
1571 3167 1701 3205 vero
1729 3152 1873 3205 ίιιίυε
1899 3151 2006 3205 νὴ..
2032 3141 2079 3202 C
2112 3142 2388 3196 venientes
2413 3142 2477 3195 ad
2508 3156 2626 3196 eam
2659 3142 2879 3198 fetorem
2906 3145 3188 3211 sentirent,
3221 3148 3531 3201 necessario
3555 3162 3694 3202 sem-

419 3230 558 3304 giuis
590 3238 739 3304 latui,
762 3237 849 3292 ubi
880 3253 966 3293 me
996 3238 1159 3293 celari
1202 3239 1344 3294 nulla
1370 3249 1575 3309 poterat
1602 3256 1724 3297 esse
1746 3243 2001 3310 suspicio,

422 3344 489 3382 eo
515 3328 656 3397 quod
682 3337 738 3383 et
779 3327 999 3399 pulchra
1044 3338 1104 3385 et
1126 3330 1340 3398 juvenis
1368 3332 1660 3387 videretur.
1712 3333 2005 3400 Dupliciter

429 3419 533 3472 hoc
565 3434 684 3474 meo
703 3420 930 3474 consilio
958 3421 1221 3491 gaudens,
1249 3422 1391 3491 qund
1418 3431 1475 3477 et
1503 3439 1585 3478 me
1614 3424 2004 3490 lucrifacerem,

425 3519 480 3560 et
530 3508 754 3563 salutem
788 3509 992 3577 ipsius;
1050 3512 1218 3581 profui
1249 3512 1389 3568 enim
1421 3523 1476 3569 et
1504 3514 1624 3584 ipsi,
1655 3524 1709 3570 et
1738 3515 1893 3571 fama
1922 3519 2006 3573 vel

426 3599 610 3669 gloria:
640 3617 792 3655 mea}.

1017 3675 1243 3732 CAPUT
1281 3674 1390 3731 LII.

896 3765 1013 3818 l’t‘ta
1049 3766 1273 3822 Iuliana:
1310 3768 1540 3839 virginis.

497 3840 749 3925 Quaedam
787 3860 976 3914 iterum
1009 3862 1177 3932 virgo,
1212 3861 1425 3916 nomine
1464 3861 1692 3928 Juliana,
1735 3861 1789 3916 in
1832 3860 2009 3916 Caesa—

428 3949 591 4003 riensi
622 3949 972 4019 Cappadocia:
994 3954 1210 4007 civitate
1256 3953 1730 4009 scholasticissima
1777 3968 1899 4009 esse
1945 3969 2009 4008 ac

430 4040 735 4093 ﬁdelissima
766 4041 1042 4097 dicebatur
1087 4042 1346 4113 (Pallad.,
1394 4061 1509 4111 cap.
1555 4044 1704 4115 H7).
1739 4046 1869 4111 ρυω
1889 4045 2009 4100 Ori-

427 4146 619 4200 genem
650 4131 794 4185 illum
822 4135 911 4201 qui
944 4136 1107 4188 multa
1132 4136 1473 4205 conscripsit,
1506 4152 1831 4205 paganorum
1861 4136 2007 4190 sedi~

427 4226 601 4276 tiones
646 4226 931 4279 metuendo
981 4225 1269 4295 fugientem
1304 4268 1319 4292 ,
1375 4244 1473 4297 per
1517 4229 1787 4282 biennium
1838 4236 2007 4281 totum

424 4316 659 4386 suscepit
700 4327 857 4387 atque
886 4318 1096 4384 Ceiavil,
1125 4319 1350 4390 propriis
1392 4321 1442 4375 ei
1490 4320 1791 4387 sumptibus
1823 4334 2010 4375 neces-

425 4406 566 4459 saria
611 4417 801 4462 cuncta
859 4409 1152 4475 sufficiens,
1209 4424 1270 4462 ac
1300 4411 1598 4465 ministerio
1628 4426 1725 4465 suo
1753 4410 2004 4466 eumdem

426 4500 698 4552 recreans.
727 4503 856 4565 Quae
898 4516 997 4570 ego
1050 4502 1102 4554 in
1135 4504 1493 4558 vetustissimo
1527 4504 1758 4574 quodam
1811 4504 2007 4557 Codice
2041 4513 2089 4569 υ

428 4589 625 4656 scripta
661 4591 901 4647 versibus
945 4592 1069 4663 legi,
1105 4596 1154 4646 in
1190 4594 1291 4648 hoc
1322 4605 1563 4649 notatum
1616 4603 1731 4649 erat
1761 4594 2006 4664 Origenis

426 4679 593 4746 ipsius
645 4698 833 4749 manu;
886 4684 1047 4749 hunc,
1096 4684 1288 4755 inquit,
1341 4686 1577 4741 libellum
1636 4685 1810 4740 inveni
1866 4685 2005 4754 apud

426 4769 682 4837 virginem
737 4776 1021 4842 quamdam
1072 4776 1286 4827 nomine
1341 4775 1610 4831 Juliauam
1662 4777 1713 4829 iu
1760 4774 2003 4829 Caesarea

425 4861 659 4926 civitate,
686 4863 809 4915 dum
832 4863 971 4933 apud
1000 4864 1165 4932 ipsam
1196 4866 1442 4931 laterem,
1470 4882 1586 4935 qua:
1619 4866 1761 4918 illum
1790 4867 1857 4918 ab
1886 4866 2004 4932 ipso

426 4953 747 5020 Symmacho
775 4953 1065 5024 interprete
1084 4955 1388 5011 Judmorum
1420 4972 1479 5010 se
1507 4956 1776 5024 accepisse
1809 4953 2007 5009 refere-

427 5039 534 5093 bat.

502 5128 615 5183 Non
643 5130 760 5187 sine
780 5146 937 5187 causa
953 5146 1129 5190 autem
1155 5137 1378 5190 virtutes
1407 5149 1616 5205 quoque
1635 5133 1821 5187 harum
1854 5134 2000 5203 posui

431 5219 767 5287 feminarum,
802 5234 858 5277 ut
885 5226 1116 5281 sciamus
1169 5228 1309 5295 quod
1340 5227 1517 5281 multis
1548 5227 1806 5295 prolicere
1836 5226 2006 5281 modis

433 5325 716 5379 possumus
768 5315 812 5368 si
842 5319 1083 5371 velimus.

1020 5409 1246 5467 CAPUT
1287 5412 1417 5466 Llll.

430 5492 511 5549 De
535 5495 732 5551 Iurene
755 5500 843 5568 qui
870 5499 1045 5554 maluit
1066 5502 1198 5555 mori
1248 5519 1399 5584 quam
1430 5500 1619 5555 Christi
1640 5499 1879 5570 uirginem
1903 5507 2013 5550 stu-

1142 5589 1303 5642 prart.

505 5660 560 5715 In
588 5662 695 5717 alio
723 5676 936 5731 quoque
964 5673 1177 5719 vetusto
1202 5663 1490 5719 admodum
1521 5662 1741 5729 Codice,
1772 5661 1859 5731 qui
1881 5674 2012 5716 sert-

433 5762 585 5819 ptum
608 5770 802 5811 nomen
845 5754 1113 5823 Hippolyti
1169 5756 1286 5822 ejus
1327 5757 1503 5821 (quem
1528 5753 1752 5822 apostoli
1798 5752 2012 5821 norant)

2111 3247 2206 3300 per
2229 3231 2543 3301 eﬂugerent,
2574 3233 2739 3301 ipsius
2769 3236 3100 3304 contagionis
3129 3237 3373 3293 horrore.
3420 3239 3502 3293 Ob
3558 3238 3695 3309 quod

2111 3327 2396 3380 universos
2443 3327 2815 3383 miserabiliter
2845 3330 3162 3397 precabatur
3191 3342 3248 3387 ut
3278 3346 3476 3401 paucos
3523 3333 3694 3388 eidem

2110 3421 2467 3474 concederent
2510 3420 2647 3487 dies,
2695 3421 2931 3476 habituri
2974 3424 3314 3491 postmodum
3347 3425 3514 3494 ipsius
3545 3433 3695 3493 prout

2109 3520 2388 3581 cuperent,
2410 3522 2464 3567 et
2484 3512 2599 3568 sine
2624 3513 2863 3582 pecuniis
2888 3523 3227 3583 potestatem.

2181 3629 2385 3685 Interea
2429 3629 2554 3684 dum
2596 3638 2650 3683 et
2695 3630 2810 3685 istis
2850 3630 2930 3686 sic
2970 3632 3227 3701 loquitur,
3250 3639 3302 3686 et
3326 3632 3600 3687 orationes
3627 3632 3690 3686 ad

2114 3720 2392 3775 Dominum
2450 3730 2733 3790 perpetuas
2786 3736 2850 3777 ac
2909 3723 3170 3777 maximas
3247 3722 3373 3777 facit
3436 3721 3692 3792 (Pallad.,

2109 3828 2153 3867 c.
2203 3811 2348 3882 M9).
2381 3812 2485 3866 illis
2530 3813 2659 3882 ipsis
2696 3813 2885 3868 diebus
2924 3813 3110 3869 videns
3140 3816 3439 3869 castitatem
3501 3824 3694 3870 sancta:

2110 3903 2334 3974 virginis
2357 3904 2515 3968 Deus,
2539 3910 2719 3957 custos
2741 3904 2928 3958 salutis
2951 3904 3221 3971 humanm,
3241 3904 3493 3973 juvenem
3520 3919 3696 3974 quem-

2112 3994 2231 4047 dam
2261 4002 2506 4062 ageutem
2531 3994 2582 4046 in
2616 3994 2774 4048 rebus
2802 3994 2917 4065 (56)
2950 4003 3056 4049 tam
3088 3996 3232 4049 vultu
3257 4010 3413 4062 quam
3464 3994 3695 4048 moribus

2112 4087 2333 4154 bonum,
2359 4088 2427 4141 ita
2452 4096 2631 4143 mente
2654 4088 2965 4151 commovit,
2991 4099 3043 4141 ut
3064 4088 3154 4142 ille
3180 4087 3358 4141 divino
3376 4102 3561 4140 amore
3575 4101 3697 4140 suc-

2110 4195 2327 4248 census,
2360 4195 2455 4247 pro
2479 4194 2542 4235 ea
2567 4189 2788 4250 cuperet
2816 4180 3054 4235 interire.
3085 4180 3196 4234 Sub
3223 4180 3402 4248 specie
3431 4194 3562 4250 ergo
3587 4188 3696 4231 tur-

2112 4272 2367 4342 pitudinis
2399 4273 2787 4341 perpetrandze,
2822 4272 2951 4326 hora
2978 4267 3237 4341 profunda
3258 4272 3429 4325 noctis
3454 4272 3520 4324 ad
3554 4271 3697 4324 leno-

2113 4379 2234 4419 nem
2268 4364 2535 4433 Iupanaris
2567 4364 2733 4433 ipsius
2763 4366 2926 4427 venit,
2958 4365 3192 4434 quinque
3232 4363 3436 4418 solidos
3465 4363 3699 4419 offerens

2112 4457 2183 4520 ei,
2216 4465 2508 4524 petensque
2538 4463 2593 4509 ut
2620 4470 2839 4509 manere
2879 4454 2980 4525 ipsi
3029 4470 3151 4509 cum
3194 4454 3380 4509 eadem
3428 4462 3586 4508 nocte
3615 4454 3699 4507 illa

2114 4546 2449 4600 concederet.
2506 4544 2780 4613 Ingressus
2812 4546 2987 4613 itaque
3028 4546 3095 4599 ad
3140 4546 3484 4599 secretiorem
3512 4544 3701 4599 domus

2111 4647 2336 4707 partem,
2368 4652 2447 4691 διο
2475 4636 2664 4691 affatus
2694 4646 2777 4691 est
2808 4636 3070 4705 virginem
3110 4653 3125 4691 :
3154 4637 3351 4704 Surge,
3384 4636 3535 4689 salva
3563 4645 3615 4691 te
3642 4650 3701 4690 ac

2110 4729 2294 4784 libera.
2319 4727 2683 4797 Spoliavitque
2705 4742 2764 4782 se
2792 4728 3031 4782 vestibus
3053 4729 3166 4782 suis
3194 4728 3320 4797 (.hoc
3349 4738 3433 4781 est
3458 4727 3700 4795 camisia,

2109 4820 2390 4889 chlamyde
2434 4831 2488 4872 et
2527 4818 2646 4873 aliis
2676 4819 2922 4873 virilibus
2953 4819 3114 4873 rebus
3165 4816 3397 4886 cunctis)
3428 4827 3588 4885 atque
3618 4819 3702 4873 in-

2114 4910 2228 4965 duit
2255 4909 2503 4978 puellam,
2529 4908 2717 4962 dicens
2739 4909 2786 4962 ei
2814 4923 2828 4961 :
2853 4908 3075 4963 Summa
3100 4917 3249 4975 parte
3269 4908 3572 4979 chlamydis
3589 4906 3701 4961 vela

2112 5008 2271 5067 eaput
2308 5010 2479 5063 tuum,
2508 5008 2561 5052 et
2588 4999 2758 5052 velata
2791 4998 3006 5053 recede.
3041 4999 3168 5066 Quae
3200 5014 3320 5053 cum
3354 5014 3414 5054 se
3443 5000 3702 5069 signascet

2114 5095 2163 5149 in
2195 5094 2409 5148 nomine
2441 5093 2671 5152 Domini,
2698 5092 2768 5144 ita
2796 5103 2851 5145 ut
2883 5092 3037 5161 jussit
3064 5108 3281 5160 egressa
3304 5101 3406 5147 est.
3440 5095 3610 5159 Quam
3629 5090 3702 5146 sic

2118 5186 2374 5240 Dominus
2404 5184 2653 5239 intactam
2676 5183 3145 5252 iucorruptamque
3168 5183 3423 5239 servavit.
3706 5202 3718 5274 ς

2188 5296 2411 5351 Postero
2460 5304 2637 5349 autem
2686 5295 2795 5359 die.
2847 5295 3063 5364 cognito
3103 5296 3353 5349 omnibus
3410 5295 3512 5349 hoc
3543 5280 3715 5358 faeto,’

2116 5402 2280 5457 agens
2311 5386 2361 5441 in
2389 5389 2545 5441 rebus
2578 5387 2665 5440 ille
2690 5386 2855 5456 judici
2886 5386 3000 5439 trad
3029 5395 3134 5450 tus,
3159 5400 3223 5440 ac
3253 5384 3545 5440 beStiarum
3580 5383 3703 5437 feri-

2121 5486 2230 5531 tate
2275 5476 2573 5546 discerptns
2622 5486 2725 5542 est,
2775 5485 2832 5529 ut
2874 5478 3034 5531 etiam
3069 5476 3119 5529 in
3152 5476 3250 5529 hac
3277 5483 3425 5543 parte
3454 5476 3702 5527 contusus

2122 5569 2463 5624 erubesceret
2490 5569 2723 5637 dmmon,
2757 5570 3068 5637 videretque
3097 5584 3218 5622 eum
3247 5576 3353 5621 tam
3379 5582 3475 5637 pro
3503 5580 3599 5621 sua
3619 5581 3677 5620 sa

2121 5662 2251 5727 lule,
2282 5676 2438 5730 quam
2475 5670 2692 5729 propter
2721 5662 2889 5719 beata:
2934 5660 3076 5718 illius
3112 5674 3309 5716 nomen
3339 5656 3537 5729 duplici
3563 5670 3678 5711 mar

2121 5753 2257 5820 tyrio
2286 5763 2615 5809 coroz-atum.

2852 5840 2970 5866 ,Αἀδ
