  <div class='ocr_page' id='page_1' title='image "/cluster/home/n/w/nwhite01/storage/ocr_20150623/74/hvd.32044015469372/178.png"; bbox 0 0 3982 6354; ppageno 0'>
   <div class='ocr_carea' id='block_1_1' title="bbox 313 406 416 468">
    <p class='ocr_par' dir='ltr' id='par_1_1' title="bbox 313 406 416 468">
     <span class='ocr_line' id='line_1_1' title="bbox 313 406 416 468; baseline 0 -3"><span class='ocrx_word' id='word_1_1' title='bbox 313 406 416 468; x_wconf 67' lang='grc'><strong>537</strong></span> 
     </span>
    </p>
   </div>
   <div class='ocr_carea' id='block_1_2' title="bbox 908 518 1306 579">
    <p class='ocr_par' dir='ltr' id='par_1_2' title="bbox 908 518 1306 579">
     <span class='ocr_line' id='line_1_2' title="bbox 908 518 1306 579; baseline -0.01 0"><span class='ocrx_word' id='word_1_2' title='bbox 908 520 1134 579; x_wconf 71' lang='lat' dir='ltr'><strong>CAPUT</strong></span> <span class='ocrx_word' id='word_1_3' title='bbox 1173 518 1306 576; x_wconf 81' lang='lat' dir='ltr'><strong>LIV.</strong></span> 
     </span>
    </p>
   </div>
   <div class='ocr_carea' id='block_1_3' title="bbox 320 602 1894 683">
    <p class='ocr_par' dir='ltr' id='par_1_3' title="bbox 320 602 1894 683">
     <span class='ocr_line' id='line_1_3' title="bbox 320 602 1894 683; baseline -0.011 -11"><span class='ocrx_word' id='word_1_4' title='bbox 320 612 446 672; x_wconf 78' lang='lat' dir='ltr'><strong>Vita</strong></span> <span class='ocrx_word' id='word_1_5' title='bbox 489 612 768 669; x_wconf 65' lang='lat' dir='ltr'><strong>Excomitis</strong></span> <span class='ocrx_word' id='word_1_6' title='bbox 794 621 838 667; x_wconf 79' lang='lat' dir='ltr'><strong>et</strong></span> <span class='ocrx_word' id='word_1_7' title='bbox 877 610 1176 683; x_wconf 74' lang='lat' dir='ltr'><strong>Bosphoria:</strong></span> <span class='ocrx_word' id='word_1_8' title='bbox 1218 608 1472 681; x_wconf 74' lang='lat' dir='ltr'><strong>conjugis,</strong></span> <span class='ocrx_word' id='word_1_9' title='bbox 1505 619 1759 661; x_wconf 78' lang='lat' dir='ltr'><strong>servorum</strong></span> <span class='ocrx_word' id='word_1_10' title='bbox 1784 602 1894 656; x_wconf 79' lang='lat' dir='ltr'><strong>Dei.</strong></span> 
     </span>
    </p>
   </div>
   <div class='ocr_carea' id='block_1_4' title="bbox 387 696 1897 775">
    <p class='ocr_par' dir='ltr' id='par_1_4' title="bbox 387 696 1897 775">
     <span class='ocr_line' id='line_1_4' title="bbox 387 696 1897 775; baseline -0.009 -13"><span class='ocrx_word' id='word_1_11' title='bbox 387 707 444 762; x_wconf 90' lang='lat' dir='ltr'><strong>In</strong></span> <span class='ocrx_word' id='word_1_12' title='bbox 472 706 682 775; x_wconf 83' lang='lat' dir='ltr'><strong>Ancyra</strong></span> <span class='ocrx_word' id='word_1_13' title='bbox 714 704 935 758; x_wconf 78' lang='lat' dir='ltr'><strong>Galatia:</strong></span> <span class='ocrx_word' id='word_1_14' title='bbox 965 702 1251 772; x_wconf 70' lang='lat' dir='ltr'><strong>provinciae</strong></span> <span class='ocrx_word' id='word_1_15' title='bbox 1278 701 1512 764; x_wconf 89' lang='lat' dir='ltr'><strong>civitate,</strong></span> <span class='ocrx_word' id='word_1_16' title='bbox 1546 696 1897 753; x_wconf 81' lang='lat' dir='ltr'><strong>clarissimum</strong></span> 
     </span>
    </p>
   </div>
   <div class='ocr_carea' id='block_1_5' title="bbox 318 786 1897 869">
    <p class='ocr_par' dir='ltr' id='par_1_5' title="bbox 318 786 1897 869">
     <span class='ocr_line' id='line_1_5' title="bbox 318 786 1897 869; baseline -0.008 -17"><span class='ocrx_word' id='word_1_17' title='bbox 318 796 607 869; x_wconf 82' lang='lat' dir='ltr'><strong>quemdam</strong></span> <span class='ocrx_word' id='word_1_18' title='bbox 637 796 853 850; x_wconf 87' lang='lat' dir='ltr'><strong>nomine</strong></span> <span class='ocrx_word' id='word_1_19' title='bbox 882 794 1209 848; x_wconf 74' lang='lat' dir='ltr'><strong>Excomitem</strong></span> <span class='ocrx_word' id='word_1_20' title='bbox 1237 791 1498 866; x_wconf 86' lang='lat' dir='ltr'><strong>[Pallad.,</strong></span> <span class='ocrx_word' id='word_1_21' title='bbox 1528 786 1897 859; x_wconf 84' lang='lat' dir='ltr'><strong>Severianum]</strong></span> 
     </span>
    </p>
   </div>
   <div class='ocr_carea' id='block_1_6' title="bbox 318 880 1897 957">
    <p class='ocr_par' dir='ltr' id='par_1_6' title="bbox 318 880 1897 957">
     <span class='ocr_line' id='line_1_6' title="bbox 318 880 1897 957; baseline -0.007 -12"><span class='ocrx_word' id='word_1_22' title='bbox 318 906 427 945; x_wconf 90' lang='lat' dir='ltr'><strong>una</strong></span> <span class='ocrx_word' id='word_1_23' title='bbox 477 905 597 944; x_wconf 88' lang='lat' dir='ltr'><strong>cum</strong></span> <span class='ocrx_word' id='word_1_24' title='bbox 645 886 935 957; x_wconf 67' lang='lat' dir='ltr'><strong>Bosphoria</strong></span> <span class='ocrx_word' id='word_1_25' title='bbox 988 886 1214 955; x_wconf 80' lang='lat' dir='ltr'><strong>conjuge</strong></span> <span class='ocrx_word' id='word_1_26' title='bbox 1266 886 1431 954; x_wconf 86' lang='lat' dir='ltr'><strong>ipsius</strong></span> <span class='ocrx_word' id='word_1_27' title='bbox 1478 882 1585 936; x_wconf 89' lang='lat' dir='ltr'><strong>vidi</strong></span> <span class='ocrx_word' id='word_1_28' title='bbox 1638 880 1897 952; x_wconf 84' lang='lat' dir='ltr'><strong>(Pattad.,</strong></span> 
     </span>
    </p>
   </div>
   <div class='ocr_carea' id='block_1_7' title="bbox 300 971 1899 1049">
    <p class='ocr_par' dir='ltr' id='par_1_7' title="bbox 300 971 1899 1049">
     <span class='ocr_line' id='line_1_7' title="bbox 300 971 1899 1049; baseline -0.007 -14"><span class='ocrx_word' id='word_1_29' title='bbox 300 998 367 1037; x_wconf 59' lang='grc' dir='ltr'><strong>ιι.</strong></span> <span class='ocrx_word' id='word_1_30' title='bbox 404 979 557 1049; x_wconf 64' lang='lat' dir='ltr'><strong>Ili).</strong></span> <span class='ocrx_word' id='word_1_31' title='bbox 601 979 946 1047; x_wconf 86' lang='lat' dir='ltr'><strong>Quorumque</strong></span> <span class='ocrx_word' id='word_1_32' title='bbox 972 976 1310 1031; x_wconf 88' lang='lat' dir='ltr'><strong>conversatio</strong></span> <span class='ocrx_word' id='word_1_33' title='bbox 1357 983 1562 1029; x_wconf 89' lang='lat' dir='ltr'><strong>tantum</strong></span> <span class='ocrx_word' id='word_1_34' title='bbox 1615 986 1710 1041; x_wconf 85' lang='lat' dir='ltr'><strong>spe</strong></span> <span class='ocrx_word' id='word_1_35' title='bbox 1758 971 1899 1024; x_wconf 87' lang='lat' dir='ltr'><strong>bona</strong></span> 
     </span>
    </p>
   </div>
   <div class='ocr_carea' id='block_1_8' title="bbox 319 1060 1899 1137">
    <p class='ocr_par' dir='ltr' id='par_1_8' title="bbox 319 1060 1899 1137">
     <span class='ocr_line' id='line_1_8' title="bbox 319 1060 1899 1137; baseline -0.009 -10"><span class='ocrx_word' id='word_1_36' title='bbox 319 1072 532 1137; x_wconf 87' lang='lat' dir='ltr'><strong>fruitur,</strong></span> <span class='ocrx_word' id='word_1_37' title='bbox 566 1082 623 1126; x_wconf 90' lang='lat' dir='ltr'><strong>ut</strong></span> <span class='ocrx_word' id='word_1_38' title='bbox 650 1069 876 1125; x_wconf 77' lang='lat' dir='ltr'><strong>ﬁliorum</strong></span> <span class='ocrx_word' id='word_1_39' title='bbox 906 1082 1120 1137; x_wconf 84' lang='lat' dir='ltr'><strong>quoque</strong></span> <span class='ocrx_word' id='word_1_40' title='bbox 1161 1080 1379 1122; x_wconf 88' lang='lat' dir='ltr'><strong>suorum</strong></span> <span class='ocrx_word' id='word_1_41' title='bbox 1425 1065 1575 1119; x_wconf 86' lang='lat' dir='ltr'><strong>lucra</strong></span> <span class='ocrx_word' id='word_1_42' title='bbox 1619 1060 1899 1132; x_wconf 66' lang='lat' dir='ltr'><strong>praesentia</strong></span> 
     </span>
    </p>
   </div>
   <div class='ocr_carea' id='block_1_9' title="bbox 322 1155 1903 1229">
    <p class='ocr_par' dir='ltr' id='par_1_9' title="bbox 322 1155 1903 1229">
     <span class='ocr_line' id='line_1_9' title="bbox 322 1155 1903 1229; baseline -0.007 -12"><span class='ocrx_word' id='word_1_43' title='bbox 322 1162 621 1217; x_wconf 88' lang='lat' dir='ltr'><strong>futurarum</strong></span> <span class='ocrx_word' id='word_1_44' title='bbox 650 1176 811 1226; x_wconf 87' lang='lat' dir='ltr'><strong>epum</strong></span> <span class='ocrx_word' id='word_1_45' title='bbox 840 1158 1298 1229; x_wconf 65' lang='lat' dir='ltr'><strong>praemeditatione</strong></span> <span class='ocrx_word' id='word_1_46' title='bbox 1340 1172 1401 1211; x_wconf 89' lang='lat' dir='ltr'><strong>ac</strong></span> <span class='ocrx_word' id='word_1_47' title='bbox 1440 1155 1744 1226; x_wconf 80' lang='lat' dir='ltr'><strong>provisione</strong></span> <span class='ocrx_word' id='word_1_48' title='bbox 1773 1168 1903 1210; x_wconf 88' lang='lat' dir='ltr'><strong>con-</strong></span> 
     </span>
    </p>
   </div>
   <div class='ocr_carea' id='block_1_10' title="bbox 321 1244 1898 1318">
    <p class='ocr_par' dir='ltr' id='par_1_10' title="bbox 321 1244 1898 1318">
     <span class='ocr_line' id='line_1_10' title="bbox 321 1244 1898 1318; baseline -0.006 -12"><span class='ocrx_word' id='word_1_49' title='bbox 321 1261 582 1309; x_wconf 87' lang='lat' dir='ltr'><strong>temnant.</strong></span> <span class='ocrx_word' id='word_1_50' title='bbox 636 1251 770 1306; x_wconf 84' lang='lat' dir='ltr'><strong>Nam</strong></span> <span class='ocrx_word' id='word_1_51' title='bbox 814 1249 1207 1318; x_wconf 86' lang='lat' dir='ltr'><strong>possessionum</strong></span> <span class='ocrx_word' id='word_1_52' title='bbox 1249 1247 1483 1301; x_wconf 91' lang='lat' dir='ltr'><strong>omnium</strong></span> <span class='ocrx_word' id='word_1_53' title='bbox 1528 1244 1729 1301; x_wconf 86' lang='lat' dir='ltr'><strong>reditus</strong></span> <span class='ocrx_word' id='word_1_54' title='bbox 1766 1258 1898 1311; x_wconf 85' lang='lat' dir='ltr'><strong>pau—</strong></span> 
     </span>
    </p>
   </div>
   <div class='ocr_carea' id='block_1_11' title="bbox 322 1335 1909 1416">
    <p class='ocr_par' dir='ltr' id='par_1_11' title="bbox 322 1335 1909 1416">
     <span class='ocr_line' id='line_1_11' title="bbox 322 1335 1909 1416; baseline -0.006 -18"><span class='ocrx_word' id='word_1_55' title='bbox 322 1344 538 1416; x_wconf 89' lang='lat' dir='ltr'><strong>peribus</strong></span> <span class='ocrx_word' id='word_1_56' title='bbox 579 1352 635 1398; x_wconf 87' lang='lat' dir='ltr'><strong>et</strong></span> <span class='ocrx_word' id='word_1_57' title='bbox 680 1340 960 1412; x_wconf 82' lang='lat' dir='ltr'><strong>egentibus</strong></span> <span class='ocrx_word' id='word_1_58' title='bbox 1008 1340 1322 1410; x_wconf 85' lang='lat' dir='ltr'><strong>largiuntur,</strong></span> <span class='ocrx_word' id='word_1_59' title='bbox 1375 1345 1605 1407; x_wconf 82' lang='lat' dir='ltr'><strong>quatuor</strong></span> <span class='ocrx_word' id='word_1_60' title='bbox 1644 1335 1909 1389; x_wconf 77' lang='lat' dir='ltr'><strong>habentes.</strong></span> 
     </span>
    </p>
   </div>
   <div class='ocr_carea' id='block_1_12' title="bbox 321 1426 1899 1500">
    <p class='ocr_par' dir='ltr' id='par_1_12' title="bbox 321 1426 1899 1500">
     <span class='ocr_line' id='line_1_12' title="bbox 321 1426 1899 1500; baseline -0.006 -11"><span class='ocrx_word' id='word_1_61' title='bbox 321 1436 487 1500; x_wconf 85' lang='lat' dir='ltr'><strong>filios,</strong></span> <span class='ocrx_word' id='word_1_62' title='bbox 516 1448 580 1488; x_wconf 89' lang='lat' dir='ltr'><strong>ac</strong></span> <span class='ocrx_word' id='word_1_63' title='bbox 607 1433 743 1486; x_wconf 89' lang='lat' dir='ltr'><strong>ﬁlias</strong></span> <span class='ocrx_word' id='word_1_64' title='bbox 765 1433 917 1485; x_wconf 90' lang='lat' dir='ltr'><strong>duas.</strong></span> <span class='ocrx_word' id='word_1_65' title='bbox 949 1429 1149 1497; x_wconf 85' lang='lat' dir='ltr'><strong>Quibus</strong></span> <span class='ocrx_word' id='word_1_66' title='bbox 1172 1446 1241 1483; x_wconf 92' lang='lat' dir='ltr'><strong>ne</strong></span> <span class='ocrx_word' id='word_1_67' title='bbox 1262 1444 1421 1483; x_wconf 86' lang='lat' dir='ltr'><strong>unam</strong></span> <span class='ocrx_word' id='word_1_68' title='bbox 1448 1428 1664 1497; x_wconf 89' lang='lat' dir='ltr'><strong>quidem</strong></span> <span class='ocrx_word' id='word_1_69' title='bbox 1692 1426 1899 1481; x_wconf 90' lang='lat' dir='ltr'><strong>unciam</strong></span> 
     </span>
    </p>
   </div>
   <div class='ocr_carea' id='block_1_13' title="bbox 318 1517 1899 1597">
    <p class='ocr_par' dir='ltr' id='par_1_13' title="bbox 318 1517 1899 1597">
     <span class='ocr_line' id='line_1_13' title="bbox 318 1517 1899 1597; baseline -0.007 -16"><span class='ocrx_word' id='word_1_70' title='bbox 318 1524 584 1597; x_wconf 82' lang='lat' dir='ltr'><strong>(exceptis</strong></span> <span class='ocrx_word' id='word_1_71' title='bbox 607 1524 670 1576; x_wconf 91' lang='lat' dir='ltr'><strong>iis</strong></span> <span class='ocrx_word' id='word_1_72' title='bbox 685 1521 774 1591; x_wconf 89' lang='lat' dir='ltr'><strong>qui</strong></span> <span class='ocrx_word' id='word_1_73' title='bbox 794 1522 903 1591; x_wconf 88' lang='lat' dir='ltr'><strong>jam</strong></span> <span class='ocrx_word' id='word_1_74' title='bbox 924 1518 1237 1588; x_wconf 85' lang='lat' dir='ltr'><strong>nupserant)</strong></span> <span class='ocrx_word' id='word_1_75' title='bbox 1256 1518 1607 1587; x_wconf 90' lang='lat' dir='ltr'><strong>tradiderunt,</strong></span> <span class='ocrx_word' id='word_1_76' title='bbox 1634 1517 1899 1582; x_wconf 89' lang='lat' dir='ltr'><strong>dicentes,</strong></span> 
     </span>
    </p>
   </div>
   <div class='ocr_carea' id='block_1_14' title="bbox 319 1609 1905 1688">
    <p class='ocr_par' dir='ltr' id='par_1_14' title="bbox 319 1609 1905 1688">
     <span class='ocr_line' id='line_1_14' title="bbox 319 1609 1905 1688; baseline -0.006 -17"><span class='ocrx_word' id='word_1_77' title='bbox 319 1616 464 1688; x_wconf 83' lang='lat' dir='ltr'><strong>quod</strong></span> <span class='ocrx_word' id='word_1_78' title='bbox 490 1624 607 1685; x_wconf 92' lang='lat' dir='ltr'><strong>post</strong></span> <span class='ocrx_word' id='word_1_79' title='bbox 633 1621 857 1667; x_wconf 81' lang='lat' dir='ltr'><strong>mortem</strong></span> <span class='ocrx_word' id='word_1_80' title='bbox 887 1622 1162 1680; x_wconf 90' lang='lat' dir='ltr'><strong>parentum</strong></span> <span class='ocrx_word' id='word_1_81' title='bbox 1186 1609 1359 1663; x_wconf 87' lang='lat' dir='ltr'><strong>futura</strong></span> <span class='ocrx_word' id='word_1_82' title='bbox 1390 1610 1697 1664; x_wconf 85' lang='lat' dir='ltr'><strong>necessario</strong></span> <span class='ocrx_word' id='word_1_83' title='bbox 1719 1615 1905 1663; x_wconf 70' lang='lat' dir='ltr'><strong>essent</strong></span> 
     </span>
    </p>
   </div>
   <div class='ocr_carea' id='block_1_15' title="bbox 319 1702 1905 1773">
    <p class='ocr_par' dir='ltr' id='par_1_15' title="bbox 319 1702 1905 1773">
     <span class='ocr_line' id='line_1_15' title="bbox 319 1702 1905 1773; baseline -0.006 -10"><span class='ocrx_word' id='word_1_84' title='bbox 319 1708 500 1768; x_wconf 83' lang='lat' dir='ltr'><strong>omnia</strong></span> <span class='ocrx_word' id='word_1_85' title='bbox 528 1708 776 1760; x_wconf 86' lang='lat' dir='ltr'><strong>ﬁliorum.</strong></span> <span class='ocrx_word' id='word_1_86' title='bbox 800 1704 905 1773; x_wconf 92' lang='lat' dir='ltr'><strong>Ipsi</strong></span> <span class='ocrx_word' id='word_1_87' title='bbox 930 1712 1109 1758; x_wconf 84' lang='lat' dir='ltr'><strong>autem</strong></span> <span class='ocrx_word' id='word_1_88' title='bbox 1137 1716 1385 1771; x_wconf 80' lang='lat' dir='ltr'><strong>agrorum</strong></span> <span class='ocrx_word' id='word_1_89' title='bbox 1411 1717 1626 1755; x_wconf 88' lang='lat' dir='ltr'><strong>suorum</strong></span> <span class='ocrx_word' id='word_1_90' title='bbox 1649 1702 1905 1769; x_wconf 89' lang='lat' dir='ltr'><strong>colligunt</strong></span> 
     </span>
    </p>
   </div>
   <div class='ocr_carea' id='block_1_16' title="bbox 321 1793 1902 1868">
    <p class='ocr_par' dir='ltr' id='par_1_16' title="bbox 321 1793 1902 1868">
     <span class='ocr_line' id='line_1_16' title="bbox 321 1793 1902 1868; baseline -0.007 -10"><span class='ocrx_word' id='word_1_91' title='bbox 321 1804 549 1866; x_wconf 80' lang='lat' dir='ltr'><strong>fructus,</strong></span> <span class='ocrx_word' id='word_1_92' title='bbox 576 1810 630 1855; x_wconf 89' lang='lat' dir='ltr'><strong>ct</strong></span> <span class='ocrx_word' id='word_1_93' title='bbox 672 1815 765 1868; x_wconf 87' lang='lat' dir='ltr'><strong>per</strong></span> <span class='ocrx_word' id='word_1_94' title='bbox 793 1797 1070 1864; x_wconf 85' lang='lat' dir='ltr'><strong>ecclesias,</strong></span> <span class='ocrx_word' id='word_1_95' title='bbox 1102 1805 1157 1851; x_wconf 92' lang='lat' dir='ltr'><strong>et</strong></span> <span class='ocrx_word' id='word_1_96' title='bbox 1185 1793 1526 1859; x_wconf 83' lang='lat' dir='ltr'><strong>monasteria,</strong></span> <span class='ocrx_word' id='word_1_97' title='bbox 1570 1801 1625 1849; x_wconf 91' lang='lat' dir='ltr'><strong>et</strong></span> <span class='ocrx_word' id='word_1_98' title='bbox 1670 1794 1902 1848; x_wconf 78' lang='lat' dir='ltr'><strong>xenodo-</strong></span> 
     </span>
    </p>
   </div>
   <div class='ocr_carea' id='block_1_17' title="bbox 1524 392 3367 458">
    <p class='ocr_par' dir='ltr' id='par_1_17' title="bbox 1524 392 3367 458">
     <span class='ocr_line' id='line_1_17' title="bbox 1524 392 3367 458; baseline -0.021 0"><span class='ocrx_word' id='word_1_99' title='bbox 1524 395 1935 458; x_wconf 76' lang='lat' dir='ltr'><strong>llEttACLlDlS</strong></span> <span class='ocrx_word' id='word_1_100' title='bbox 1972 392 2373 452; x_wconf 75' lang='lat' dir='ltr'><strong>PAItADISUS.</strong></span> <span class='ocrx_word' id='word_1_101' title='bbox 2895 411 2899 414; x_wconf 52' lang='grc' dir='ltr'>μ</span> <span class='ocrx_word' id='word_1_102' title='bbox 3004 410 3007 413; x_wconf 91' lang='grc'><strong><em>-</em></strong></span> <span class='ocrx_word' id='word_1_103' title='bbox 3364 452 3367 455; x_wconf 13' lang='grc' dir='ltr'>ν</span> 
     </span>
    </p>
   </div>
   <div class='ocr_carea' id='block_1_18' title="bbox 1929 507 3586 580">
    <p class='ocr_par' dir='ltr' id='par_1_18' title="bbox 1929 507 3586 580">
     <span class='ocr_line' id='line_1_18' title="bbox 1929 507 3586 580; baseline -0.007 -11"><span class='ocrx_word' id='word_1_104' title='bbox 1929 509 1977 569; x_wconf 80' lang='grc' dir='ltr'><strong>Α</strong></span> <span class='ocrx_word' id='word_1_105' title='bbox 2007 510 2317 580; x_wconf 87' lang='lat' dir='ltr'><strong>peregrinos</strong></span> <span class='ocrx_word' id='word_1_106' title='bbox 2346 523 2408 565; x_wconf 90' lang='lat' dir='ltr'><strong>ac</strong></span> <span class='ocrx_word' id='word_1_107' title='bbox 2435 508 2638 567; x_wconf 86' lang='lat' dir='ltr'><strong>debiles</strong></span> <span class='ocrx_word' id='word_1_108' title='bbox 2656 516 2816 580; x_wconf 87' lang='lat' dir='ltr'><strong>atque</strong></span> <span class='ocrx_word' id='word_1_109' title='bbox 2839 508 3120 579; x_wconf 79' lang='lat' dir='ltr'><strong>episcOpos</strong></span> <span class='ocrx_word' id='word_1_110' title='bbox 3142 513 3482 562; x_wconf 81' lang='lat' dir='ltr'><strong>transeuntes</strong></span> <span class='ocrx_word' id='word_1_111' title='bbox 3502 507 3586 560; x_wconf 85' lang='lat' dir='ltr'><strong>di-</strong></span> 
     </span>
    </p>
   </div>
   <div class='ocr_carea' id='block_1_19' title="bbox 3479 390 3585 446">
    <p class='ocr_par' dir='ltr' id='par_1_19' title="bbox 3479 390 3585 446">
     <span class='ocr_line' id='line_1_19' title="bbox 3479 390 3585 446; baseline 0 -1"><span class='ocrx_word' id='word_1_112' title='bbox 3479 390 3585 446; x_wconf 69' lang='lat'><strong>533</strong></span> 
     </span>
    </p>
   </div>
   <div class='ocr_carea' id='block_1_20' title="bbox 2004 599 3584 674">
    <p class='ocr_par' dir='ltr' id='par_1_20' title="bbox 2004 599 3584 674">
     <span class='ocr_line' id='line_1_20' title="bbox 2004 599 3584 674; baseline -0.003 -18"><span class='ocrx_word' id='word_1_113' title='bbox 2004 603 2188 659; x_wconf 88' lang='lat' dir='ltr'><strong>videre</strong></span> <span class='ocrx_word' id='word_1_114' title='bbox 2217 614 2377 672; x_wconf 84' lang='lat' dir='ltr'><strong>atque</strong></span> <span class='ocrx_word' id='word_1_115' title='bbox 2401 604 2626 674; x_wconf 71' lang='lat' dir='ltr'><strong>erogare</strong></span> <span class='ocrx_word' id='word_1_116' title='bbox 2653 604 2950 658; x_wconf 75' lang='lat' dir='ltr'><strong>consuevit.</strong></span> <span class='ocrx_word' id='word_1_117' title='bbox 2984 601 3167 671; x_wconf 82' lang='lat' dir='ltr'><strong>Neque</strong></span> <span class='ocrx_word' id='word_1_118' title='bbox 3186 599 3324 655; x_wconf 86' lang='lat' dir='ltr'><strong>atali</strong></span> <span class='ocrx_word' id='word_1_119' title='bbox 3354 613 3584 667; x_wconf 81' lang='lat' dir='ltr'><strong>unquam</strong></span> 
     </span>
    </p>
   </div>
   <div class='ocr_carea' id='block_1_21' title="bbox 2001 691 3583 765">
    <p class='ocr_par' dir='ltr' id='par_1_21' title="bbox 2001 691 3583 765">
     <span class='ocr_line' id='line_1_21' title="bbox 2001 691 3583 765; baseline -0.002 -17"><span class='ocrx_word' id='word_1_120' title='bbox 2001 708 2164 762; x_wconf 89' lang='lat' dir='ltr'><strong>opere</strong></span> <span class='ocrx_word' id='word_1_121' title='bbox 2189 694 2414 759; x_wconf 87' lang='lat' dir='ltr'><strong>destitit,</strong></span> <span class='ocrx_word' id='word_1_122' title='bbox 2450 703 2555 751; x_wconf 91' lang='lat' dir='ltr'><strong>tam</strong></span> <span class='ocrx_word' id='word_1_123' title='bbox 2585 706 2681 765; x_wconf 84' lang='lat' dir='ltr'><strong>per</strong></span> <span class='ocrx_word' id='word_1_124' title='bbox 2724 709 2783 750; x_wconf 87' lang='lat' dir='ltr'><strong>se</strong></span> <span class='ocrx_word' id='word_1_125' title='bbox 2826 695 2928 749; x_wconf 88' lang='lat' dir='ltr'><strong>hoc</strong></span> <span class='ocrx_word' id='word_1_126' title='bbox 2978 694 3220 749; x_wconf 86' lang='lat' dir='ltr'><strong>hilariter</strong></span> <span class='ocrx_word' id='word_1_127' title='bbox 3248 702 3304 747; x_wconf 89' lang='lat' dir='ltr'><strong>et</strong></span> <span class='ocrx_word' id='word_1_128' title='bbox 3347 691 3583 755; x_wconf 75' lang='lat' dir='ltr'><strong>occulte,</strong></span> 
     </span>
    </p>
   </div>
   <div class='ocr_carea' id='block_1_22' title="bbox 2005 780 3587 855">
    <p class='ocr_par' dir='ltr' id='par_1_22' title="bbox 2005 780 3587 855">
     <span class='ocr_line' id='line_1_22' title="bbox 2005 780 3587 855; baseline -0.003 -18"><span class='ocrx_word' id='word_1_129' title='bbox 2005 799 2164 853; x_wconf 88' lang='lat' dir='ltr'><strong>quam</strong></span> <span class='ocrx_word' id='word_1_130' title='bbox 2194 800 2288 855; x_wconf 90' lang='lat' dir='ltr'><strong>per</strong></span> <span class='ocrx_word' id='word_1_131' title='bbox 2316 799 2411 840; x_wconf 89' lang='lat' dir='ltr'><strong>eos</strong></span> <span class='ocrx_word' id='word_1_132' title='bbox 2438 785 2595 855; x_wconf 83' lang='lat' dir='ltr'><strong>(quos</strong></span> <span class='ocrx_word' id='word_1_133' title='bbox 2637 785 2974 839; x_wconf 84' lang='lat' dir='ltr'><strong>ﬁdelissimos</strong></span> <span class='ocrx_word' id='word_1_134' title='bbox 3006 783 3174 854; x_wconf 89' lang='lat' dir='ltr'><strong>novit)</strong></span> <span class='ocrx_word' id='word_1_135' title='bbox 3219 782 3461 839; x_wconf 81' lang='lat' dir='ltr'><strong>servulos</strong></span> <span class='ocrx_word' id='word_1_136' title='bbox 3509 780 3587 833; x_wconf 85' lang='lat' dir='ltr'><strong>fa-</strong></span> 
     </span>
    </p>
   </div>
   <div class='ocr_carea' id='block_1_23' title="bbox 2002 875 3586 933">
    <p class='ocr_par' dir='ltr' id='par_1_23' title="bbox 2002 875 3586 933">
     <span class='ocr_line' id='line_1_23' title="bbox 2002 875 3586 933; baseline -0.004 0"><span class='ocrx_word' id='word_1_137' title='bbox 2002 877 2169 933; x_wconf 89' lang='lat' dir='ltr'><strong>ciens.</strong></span> <span class='ocrx_word' id='word_1_138' title='bbox 2227 876 2285 931; x_wconf 92' lang='lat' dir='ltr'><strong>In</strong></span> <span class='ocrx_word' id='word_1_139' title='bbox 2342 877 2616 931; x_wconf 84' lang='lat' dir='ltr'><strong>nocu&#39;rnis</strong></span> <span class='ocrx_word' id='word_1_140' title='bbox 2654 887 2829 932; x_wconf 87' lang='lat' dir='ltr'><strong>tamen</strong></span> <span class='ocrx_word' id='word_1_141' title='bbox 2880 876 3211 931; x_wconf 84' lang='lat' dir='ltr'><strong>orationibus</strong></span> <span class='ocrx_word' id='word_1_142' title='bbox 3246 875 3316 929; x_wconf 84' lang='lat' dir='ltr'><strong>ab</strong></span> <span class='ocrx_word' id='word_1_143' title='bbox 3361 875 3586 928; x_wconf 80' lang='lat' dir='ltr'><strong>ecclesia</strong></span> 
     </span>
    </p>
   </div>
   <div class='ocr_carea' id='block_1_24' title="bbox 2004 965 3585 1038">
    <p class='ocr_par' dir='ltr' id='par_1_24' title="bbox 2004 965 3585 1038">
     <span class='ocr_line' id='line_1_24' title="bbox 2004 965 3585 1038; baseline -0.004 -15"><span class='ocrx_word' id='word_1_144' title='bbox 2004 984 2271 1038; x_wconf 85' lang='lat' dir='ltr'><strong>nunquam</strong></span> <span class='ocrx_word' id='word_1_145' title='bbox 2305 970 2580 1035; x_wconf 73' lang='lat' dir='ltr'><strong>recedens,</strong></span> <span class='ocrx_word' id='word_1_146' title='bbox 2637 971 2688 1023; x_wconf 91' lang='lat' dir='ltr'><strong>in</strong></span> <span class='ocrx_word' id='word_1_147' title='bbox 2717 969 2965 1025; x_wconf 87' lang='lat' dir='ltr'><strong>omnibus</strong></span> <span class='ocrx_word' id='word_1_148' title='bbox 2990 967 3325 1023; x_wconf 60' lang='lat' dir='ltr'><strong>abstinentiae</strong></span> <span class='ocrx_word' id='word_1_149' title='bbox 3353 965 3585 1021; x_wconf 85' lang='lat' dir='ltr'><strong>studium</strong></span> 
     </span>
    </p>
   </div>
   <div class='ocr_carea' id='block_1_25' title="bbox 2004 1059 2988 1130">
    <p class='ocr_par' dir='ltr' id='par_1_25' title="bbox 2004 1059 2988 1130">
     <span class='ocr_line' id='line_1_25' title="bbox 2004 1059 2988 1130; baseline 0.004 -19"><span class='ocrx_word' id='word_1_150' title='bbox 2004 1074 2098 1129; x_wconf 78' lang='lat' dir='ltr'><strong>spe</strong></span> <span class='ocrx_word' id='word_1_151' title='bbox 2125 1059 2249 1114; x_wconf 74' lang='lat' dir='ltr'><strong>vita:</strong></span> <span class='ocrx_word' id='word_1_152' title='bbox 2275 1074 2559 1115; x_wconf 89' lang='lat' dir='ltr'><strong>reservans</strong></span> <span class='ocrx_word' id='word_1_153' title='bbox 2584 1071 2635 1114; x_wconf 89' lang='lat' dir='ltr'><strong>et</strong></span> <span class='ocrx_word' id='word_1_154' title='bbox 2669 1075 2988 1130; x_wconf 84' lang='lat' dir='ltr'><strong>exsequens.</strong></span> 
     </span>
    </p>
   </div>
   <div class='ocr_carea' id='block_1_26' title="bbox 2591 1150 2990 1207">
    <p class='ocr_par' dir='ltr' id='par_1_26' title="bbox 2591 1150 2990 1207">
     <span class='ocr_line' id='line_1_26' title="bbox 2591 1150 2990 1207; baseline 0.003 -2"><span class='ocrx_word' id='word_1_155' title='bbox 2591 1150 2818 1207; x_wconf 80' lang='lat' dir='ltr'><strong>CAPUT</strong></span> <span class='ocrx_word' id='word_1_156' title='bbox 2857 1151 2990 1207; x_wconf 78' lang='lat' dir='ltr'><strong>LVI.</strong></span> 
     </span>
    </p>
   </div>
   <div class='ocr_carea' id='block_1_27' title="bbox 2391 1242 3205 1307">
    <p class='ocr_par' dir='ltr' id='par_1_27' title="bbox 2391 1242 3205 1307">
     <span class='ocr_line' id='line_1_27' title="bbox 2391 1242 3205 1307; baseline 0.004 -10"><span class='ocrx_word' id='word_1_157' title='bbox 2391 1242 2513 1307; x_wconf 80' lang='lat' dir='ltr'><strong>Vita</strong></span> <span class='ocrx_word' id='word_1_158' title='bbox 2551 1243 2899 1299; x_wconf 71' lang='lat' dir='ltr'><strong>Misericordia</strong></span> <span class='ocrx_word' id='word_1_159' title='bbox 2920 1258 2927 1261; x_wconf 78' lang='lat'><em>‘</em></span> <span class='ocrx_word' id='word_1_160' title='bbox 2946 1247 3205 1300; x_wconf 83' lang='lat' dir='ltr'><strong>monachi.</strong></span> 
     </span>
    </p>
   </div>
   <div class='ocr_carea' id='block_1_28' title="bbox 2078 1333 3589 1393">
    <p class='ocr_par' dir='ltr' id='par_1_28' title="bbox 2078 1333 3589 1393">
     <span class='ocr_line' id='line_1_28' title="bbox 2078 1333 3589 1393; baseline 0.002 -5"><span class='ocrx_word' id='word_1_161' title='bbox 2078 1334 2132 1388; x_wconf 92' lang='lat' dir='ltr'><strong>In</strong></span> <span class='ocrx_word' id='word_1_162' title='bbox 2164 1333 2263 1388; x_wconf 89' lang='lat' dir='ltr'><strong>hac</strong></span> <span class='ocrx_word' id='word_1_163' title='bbox 2292 1335 2477 1390; x_wconf 89' lang='lat' dir='ltr'><strong>eadem</strong></span> <span class='ocrx_word' id='word_1_164' title='bbox 2503 1335 2753 1390; x_wconf 83' lang='lat' dir='ltr'><strong>similiter</strong></span> <span class='ocrx_word' id='word_1_165' title='bbox 2787 1338 3003 1391; x_wconf 81' lang='lat' dir='ltr'><strong>civitate</strong></span> <span class='ocrx_word' id='word_1_166' title='bbox 3034 1337 3350 1393; x_wconf 83' lang='lat' dir='ltr'><strong>monachum</strong></span> <span class='ocrx_word' id='word_1_167' title='bbox 3379 1337 3589 1392; x_wconf 84' lang='lat' dir='ltr'><strong>inveni-</strong></span> 
     </span>
    </p>
   </div>
   <div class='ocr_carea' id='block_1_29' title="bbox 2006 1425 3587 1498">
    <p class='ocr_par' dir='ltr' id='par_1_29' title="bbox 2006 1425 3587 1498">
     <span class='ocr_line' id='line_1_29' title="bbox 2006 1425 3587 1498; baseline 0.003 -18"><span class='ocrx_word' id='word_1_168' title='bbox 2006 1441 2124 1491; x_wconf 85' lang='lat' dir='ltr'><strong>mus</strong></span> <span class='ocrx_word' id='word_1_169' title='bbox 2143 1425 2425 1497; x_wconf 88' lang='lat' dir='ltr'><strong>quemdam</strong></span> <span class='ocrx_word' id='word_1_170' title='bbox 2458 1428 2499 1493; x_wconf 76' lang='grc'><strong>⁸,</strong></span> <span class='ocrx_word' id='word_1_171' title='bbox 2522 1428 2608 1495; x_wconf 91' lang='lat' dir='ltr'><strong>qui</strong></span> <span class='ocrx_word' id='word_1_172' title='bbox 2631 1426 2695 1483; x_wconf 89' lang='lat' dir='ltr'><strong>ad</strong></span> <span class='ocrx_word' id='word_1_173' title='bbox 2722 1428 2825 1483; x_wconf 87' lang='lat' dir='ltr'><strong>tale</strong></span> <span class='ocrx_word' id='word_1_174' title='bbox 2852 1429 3181 1497; x_wconf 88' lang='lat' dir='ltr'><strong>propositum</strong></span> <span class='ocrx_word' id='word_1_175' title='bbox 3203 1439 3323 1498; x_wconf 93' lang='lat' dir='ltr'><strong>post</strong></span> <span class='ocrx_word' id='word_1_176' title='bbox 3344 1429 3587 1485; x_wconf 88' lang='lat' dir='ltr'><strong>militiam</strong></span> 
     </span>
    </p>
   </div>
   <div class='ocr_carea' id='block_1_30' title="bbox 2007 1520 3586 1593">
    <p class='ocr_par' dir='ltr' id='par_1_30' title="bbox 2007 1520 3586 1593">
     <span class='ocr_line' id='line_1_30' title="bbox 2007 1520 3586 1593; baseline 0.003 -21"><span class='ocrx_word' id='word_1_177' title='bbox 2007 1520 2151 1588; x_wconf 85' lang='lat' dir='ltr'><strong>parvi</strong></span> <span class='ocrx_word' id='word_1_178' title='bbox 2185 1520 2438 1587; x_wconf 86' lang='lat' dir='ltr'><strong>temporis</strong></span> <span class='ocrx_word' id='word_1_179' title='bbox 2467 1521 2709 1585; x_wconf 87' lang='lat' dir='ltr'><strong>veniens,</strong></span> <span class='ocrx_word' id='word_1_180' title='bbox 2744 1520 3022 1591; x_wconf 89' lang='lat' dir='ltr'><strong>presbyter</strong></span> <span class='ocrx_word' id='word_1_181' title='bbox 3058 1522 3270 1592; x_wconf 90' lang='lat' dir='ltr'><strong>quidem</strong></span> <span class='ocrx_word' id='word_1_182' title='bbox 3301 1523 3414 1577; x_wconf 84' lang='lat' dir='ltr'><strong>ﬁeri</strong></span> <span class='ocrx_word' id='word_1_183' title='bbox 3442 1523 3586 1593; x_wconf 82' lang='lat' dir='ltr'><strong>(cum</strong></span> 
     </span>
    </p>
   </div>
   <div class='ocr_carea' id='block_1_31' title="bbox 2004 1604 3588 1683">
    <p class='ocr_par' dir='ltr' id='par_1_31' title="bbox 2004 1604 3588 1683">
     <span class='ocr_line' id='line_1_31' title="bbox 2004 1604 3588 1683; baseline 0.004 -20"><span class='ocrx_word' id='word_1_184' title='bbox 2004 1610 2198 1678; x_wconf 73' lang='lat' dir='ltr'><strong>saepius</strong></span> <span class='ocrx_word' id='word_1_185' title='bbox 2225 1609 2529 1680; x_wconf 84' lang='lat' dir='ltr'><strong>cogeretur)</strong></span> <span class='ocrx_word' id='word_1_186' title='bbox 2558 1625 2772 1680; x_wconf 88' lang='lat' dir='ltr'><strong>semper</strong></span> <span class='ocrx_word' id='word_1_187' title='bbox 2803 1604 3104 1677; x_wconf 85' lang='lat' dir='ltr'><strong>recusavit;</strong></span> <span class='ocrx_word' id='word_1_188' title='bbox 3133 1615 3390 1683; x_wconf 85' lang='lat' dir='ltr'><strong>v&#39;gesimo</strong></span> <span class='ocrx_word' id='word_1_189' title='bbox 3412 1625 3588 1670; x_wconf 88' lang='lat' dir='ltr'><strong>tamen</strong></span> 
     </span>
    </p>
   </div>
   <div class='ocr_carea' id='block_1_32' title="bbox 2005 1703 3587 1774">
    <p class='ocr_par' dir='ltr' id='par_1_32' title="bbox 2005 1703 3587 1774">
     <span class='ocr_line' id='line_1_32' title="bbox 2005 1703 3587 1774; baseline 0.003 -19"><span class='ocrx_word' id='word_1_190' title='bbox 2005 1717 2147 1756; x_wconf 90' lang='lat' dir='ltr'><strong>anno</strong></span> <span class='ocrx_word' id='word_1_191' title='bbox 2183 1703 2239 1756; x_wconf 91' lang='lat' dir='ltr'><strong>in</strong></span> <span class='ocrx_word' id='word_1_192' title='bbox 2270 1703 2597 1759; x_wconf 85' lang='lat' dir='ltr'><strong>monasterio</strong></span> <span class='ocrx_word' id='word_1_193' title='bbox 2621 1704 2785 1774; x_wconf 88' lang='lat' dir='ltr'><strong>degit,</strong></span> <span class='ocrx_word' id='word_1_194' title='bbox 2815 1704 3118 1773; x_wconf 75' lang='lat' dir='ltr'><strong>huiusmodi</strong></span> <span class='ocrx_word' id='word_1_195' title='bbox 3146 1704 3587 1760; x_wconf 86' lang='lat' dir='ltr'><strong>consuetudinem</strong></span> 
     </span>
    </p>
   </div>
   <div class='ocr_carea' id='block_1_33' title="bbox 2009 1793 3589 1864">
    <p class='ocr_par' dir='ltr' id='par_1_33' title="bbox 2009 1793 3589 1864">
     <span class='ocr_line' id='line_1_33' title="bbox 2009 1793 3589 1864; baseline 0.001 -18"><span class='ocrx_word' id='word_1_196' title='bbox 2009 1794 2231 1849; x_wconf 84' lang='lat' dir='ltr'><strong>habens.</strong></span> <span class='ocrx_word' id='word_1_197' title='bbox 2277 1794 2321 1849; x_wconf 84' lang='lat' dir='ltr'><strong>A</strong></span> <span class='ocrx_word' id='word_1_198' title='bbox 2353 1803 2538 1850; x_wconf 88' lang='lat' dir='ltr'><strong>sancto</strong></span> <span class='ocrx_word' id='word_1_199' title='bbox 2562 1796 2775 1864; x_wconf 86' lang='lat' dir='ltr'><strong>quidem</strong></span> <span class='ocrx_word' id='word_1_200' title='bbox 2805 1796 2919 1849; x_wconf 87' lang='lat' dir='ltr'><strong>viro</strong></span> <span class='ocrx_word' id='word_1_201' title='bbox 2945 1793 3174 1849; x_wconf 86' lang='lat' dir='ltr'><strong>civitatis</strong></span> <span class='ocrx_word' id='word_1_202' title='bbox 3201 1794 3440 1863; x_wconf 85' lang='lat' dir='ltr'><strong>ejusdem</strong></span> <span class='ocrx_word' id='word_1_203' title='bbox 3472 1796 3589 1863; x_wconf 88' lang='lat' dir='ltr'><strong>epi-</strong></span> 
     </span>
    </p>
   </div>
   <div class='ocr_carea' id='block_1_34' title="bbox 320 1881 3591 1959">
    <p class='ocr_par' dir='ltr' id='par_1_34' title="bbox 320 1881 3591 1959">
     <span class='ocr_line' id='line_1_34' title="bbox 320 1881 3591 1959; baseline -0.002 -12"><span class='ocrx_word' id='word_1_204' title='bbox 320 1892 468 1957; x_wconf 86' lang='lat' dir='ltr'><strong>chia,</strong></span> <span class='ocrx_word' id='word_1_205' title='bbox 510 1898 844 1959; x_wconf 85' lang='lat' dir='ltr'><strong>cunctosque</strong></span> <span class='ocrx_word' id='word_1_206' title='bbox 876 1895 1095 1956; x_wconf 81' lang='lat' dir='ltr'><strong>egentes</strong></span> <span class='ocrx_word' id='word_1_207' title='bbox 1124 1884 1401 1942; x_wconf 86' lang='lat' dir='ltr'><strong>civitatum</strong></span> <span class='ocrx_word' id='word_1_208' title='bbox 1432 1886 1779 1955; x_wconf 88' lang='lat' dir='ltr'><strong>vicorumque</strong></span> <span class='ocrx_word' id='word_1_209' title='bbox 1822 1883 1903 1939; x_wconf 58' lang='lat' dir='ltr'><strong>dio</strong></span> <span class='ocrx_word' id='word_1_210' title='bbox 1939 1881 1979 1939; x_wconf 84' lang='grc' dir='ltr'><strong>Β</strong></span> <span class='ocrx_word' id='word_1_211' title='bbox 2007 1898 2171 1953; x_wconf 90' lang='lat' dir='ltr'><strong>scopo</strong></span> <span class='ocrx_word' id='word_1_212' title='bbox 2192 1898 2297 1937; x_wconf 92' lang='lat' dir='ltr'><strong>non</strong></span> <span class='ocrx_word' id='word_1_213' title='bbox 2323 1884 2545 1938; x_wconf 86' lang='lat' dir='ltr'><strong>recedit.</strong></span> <span class='ocrx_word' id='word_1_214' title='bbox 2570 1885 2735 1956; x_wconf 72' lang='lat'><strong>982</strong></span> <span class='ocrx_word' id='word_1_215' title='bbox 2752 1884 2937 1939; x_wconf 74' lang='lat' dir='ltr'><strong>Tanta:</strong></span> <span class='ocrx_word' id='word_1_216' title='bbox 2961 1893 3140 1939; x_wconf 88' lang='lat' dir='ltr'><strong>autem</strong></span> <span class='ocrx_word' id='word_1_217' title='bbox 3172 1884 3486 1939; x_wconf 85' lang='lat' dir='ltr'><strong>humilitatis</strong></span> <span class='ocrx_word' id='word_1_218' title='bbox 3506 1894 3591 1940; x_wconf 89' lang='lat' dir='ltr'><strong>est</strong></span> 
     </span>
    </p>
   </div>
   <div class='ocr_carea' id='block_1_35' title="bbox 320 1984 613 2039">
    <p class='ocr_par' dir='ltr' id='par_1_35' title="bbox 320 1984 613 2039">
     <span class='ocr_line' id='line_1_35' title="bbox 320 1984 613 2039; baseline -0.01 0"><span class='ocrx_word' id='word_1_219' title='bbox 320 1984 613 2039; x_wconf 71' lang='lat' dir='ltr'><strong>stribuunt.</strong></span> 
     </span>
    </p>
   </div>
   <div class='ocr_carea' id='block_1_36' title="bbox 399 2066 1904 2139">
    <p class='ocr_par' dir='ltr' id='par_1_36' title="bbox 399 2066 1904 2139">
     <span class='ocr_line' id='line_1_36' title="bbox 399 2066 1904 2139; baseline -0.003 -12"><span class='ocrx_word' id='word_1_220' title='bbox 399 2073 510 2127; x_wconf 85' lang='lat' dir='ltr'><strong>Hoc</strong></span> <span class='ocrx_word' id='word_1_221' title='bbox 553 2073 713 2125; x_wconf 78' lang='lat' dir='ltr'><strong>etiam</strong></span> <span class='ocrx_word' id='word_1_222' title='bbox 755 2069 823 2125; x_wconf 90' lang='lat' dir='ltr'><strong>de</strong></span> <span class='ocrx_word' id='word_1_223' title='bbox 862 2068 991 2139; x_wconf 87' lang='lat' dir='ltr'><strong>ipsis</strong></span> <span class='ocrx_word' id='word_1_224' title='bbox 1021 2067 1292 2139; x_wconf 84' lang='lat' dir='ltr'><strong>egregium</strong></span> <span class='ocrx_word' id='word_1_225' title='bbox 1319 2075 1372 2122; x_wconf 91' lang='lat' dir='ltr'><strong>et</strong></span> <span class='ocrx_word' id='word_1_226' title='bbox 1401 2066 1771 2122; x_wconf 87' lang='lat' dir='ltr'><strong>admirandum</strong></span> <span class='ocrx_word' id='word_1_227' title='bbox 1802 2066 1904 2123; x_wconf 83' lang='lat' dir='ltr'><strong>sci-</strong></span> 
     </span>
    </p>
   </div>
   <div class='ocr_carea' id='block_1_37' title="bbox 324 2158 1905 2229">
    <p class='ocr_par' dir='ltr' id='par_1_37' title="bbox 324 2158 1905 2229">
     <span class='ocr_line' id='line_1_37' title="bbox 324 2158 1905 2229; baseline -0.005 -11"><span class='ocrx_word' id='word_1_228' title='bbox 324 2179 471 2219; x_wconf 89' lang='lat' dir='ltr'><strong>mus.</strong></span> <span class='ocrx_word' id='word_1_229' title='bbox 499 2163 629 2217; x_wconf 78' lang='lat' dir='ltr'><strong>Nam</strong></span> <span class='ocrx_word' id='word_1_230' title='bbox 660 2178 780 2216; x_wconf 93' lang='lat' dir='ltr'><strong>cum</strong></span> <span class='ocrx_word' id='word_1_231' title='bbox 812 2162 945 2216; x_wconf 87' lang='lat' dir='ltr'><strong>adeo</strong></span> <span class='ocrx_word' id='word_1_232' title='bbox 975 2160 1048 2215; x_wconf 91' lang='lat' dir='ltr'><strong>illi</strong></span> <span class='ocrx_word' id='word_1_233' title='bbox 1080 2159 1219 2214; x_wconf 89' lang='lat' dir='ltr'><strong>fame</strong></span> <span class='ocrx_word' id='word_1_234' title='bbox 1239 2159 1464 2229; x_wconf 89' lang='lat' dir='ltr'><strong>quodam</strong></span> <span class='ocrx_word' id='word_1_235' title='bbox 1494 2168 1733 2227; x_wconf 82' lang='lat' dir='ltr'><strong>tempore</strong></span> <span class='ocrx_word' id='word_1_236' title='bbox 1758 2158 1905 2212; x_wconf 85' lang='lat' dir='ltr'><strong>labu-</strong></span> 
     </span>
    </p>
   </div>
   <div class='ocr_carea' id='block_1_38' title="bbox 325 2251 1906 2319">
    <p class='ocr_par' dir='ltr' id='par_1_38' title="bbox 325 2251 1906 2319">
     <span class='ocr_line' id='line_1_38' title="bbox 325 2251 1906 2319; baseline -0.004 -9"><span class='ocrx_word' id='word_1_237' title='bbox 325 2264 532 2316; x_wconf 84' lang='lat' dir='ltr'><strong>rarent.</strong></span> <span class='ocrx_word' id='word_1_238' title='bbox 580 2262 639 2309; x_wconf 91' lang='lat' dir='ltr'><strong>ut</strong></span> <span class='ocrx_word' id='word_1_239' title='bbox 675 2254 917 2307; x_wconf 86' lang='lat' dir='ltr'><strong>homines</strong></span> <span class='ocrx_word' id='word_1_240' title='bbox 950 2267 1017 2306; x_wconf 88' lang='lat' dir='ltr'><strong>ne</strong></span> <span class='ocrx_word' id='word_1_241' title='bbox 1052 2251 1331 2305; x_wconf 86' lang='lat' dir='ltr'><strong>alfectibus</strong></span> <span class='ocrx_word' id='word_1_242' title='bbox 1367 2251 1578 2319; x_wconf 85' lang='lat' dir='ltr'><strong>quidem</strong></span> <span class='ocrx_word' id='word_1_243' title='bbox 1626 2258 1906 2319; x_wconf 84' lang='lat' dir='ltr'><strong>parcerent</strong></span> 
     </span>
    </p>
   </div>
   <div class='ocr_carea' id='block_1_39' title="bbox 325 2339 1903 2416">
    <p class='ocr_par' dir='ltr' id='par_1_39' title="bbox 325 2339 1903 2416">
     <span class='ocr_line' id='line_1_39' title="bbox 325 2339 1903 2416; baseline -0.004 -17"><span class='ocrx_word' id='word_1_244' title='bbox 325 2345 441 2399; x_wconf 82' lang='lat' dir='ltr'><strong>suis</strong></span> <span class='ocrx_word' id='word_1_245' title='bbox 471 2345 605 2416; x_wconf 77' lang='lat'><strong>(57),</strong></span> <span class='ocrx_word' id='word_1_246' title='bbox 627 2345 842 2413; x_wconf 87' lang='lat' dir='ltr'><strong>proprio</strong></span> <span class='ocrx_word' id='word_1_247' title='bbox 863 2342 936 2396; x_wconf 89' lang='lat' dir='ltr'><strong>illi</strong></span> <span class='ocrx_word' id='word_1_248' title='bbox 960 2342 1217 2396; x_wconf 87' lang='lat' dir='ltr'><strong>beneﬁcio</strong></span> <span class='ocrx_word' id='word_1_249' title='bbox 1234 2341 1510 2412; x_wconf 78' lang='lat' dir='ltr'><strong>largitatis,</strong></span> <span class='ocrx_word' id='word_1_250' title='bbox 1537 2339 1903 2395; x_wconf 83' lang='lat' dir='ltr'><strong>haereticorum</strong></span> 
     </span>
    </p>
   </div>
   <div class='ocr_carea' id='block_1_40' title="bbox 319 2431 1904 2509">
    <p class='ocr_par' dir='ltr' id='par_1_40' title="bbox 319 2431 1904 2509">
     <span class='ocr_line' id='line_1_40' title="bbox 319 2431 1904 2509; baseline -0.004 -17"><span class='ocrx_word' id='word_1_251' title='bbox 319 2452 542 2509; x_wconf 78' lang='lat' dir='ltr'><strong>gregem</strong></span> <span class='ocrx_word' id='word_1_252' title='bbox 589 2438 653 2490; x_wconf 90' lang='lat' dir='ltr'><strong>ad</strong></span> <span class='ocrx_word' id='word_1_253' title='bbox 694 2436 971 2490; x_wconf 67' lang='lat' dir='ltr'><strong>catholicae</strong></span> <span class='ocrx_word' id='word_1_254' title='bbox 1003 2434 1125 2488; x_wconf 89' lang='lat' dir='ltr'><strong>ﬁdei</strong></span> <span class='ocrx_word' id='word_1_255' title='bbox 1154 2444 1352 2489; x_wconf 89' lang='lat' dir='ltr'><strong>rectam</strong></span> <span class='ocrx_word' id='word_1_256' title='bbox 1387 2435 1525 2486; x_wconf 88' lang='lat' dir='ltr'><strong>viam</strong></span> <span class='ocrx_word' id='word_1_257' title='bbox 1576 2440 1632 2487; x_wconf 86' lang='lat' dir='ltr'><strong>et</strong></span> <span class='ocrx_word' id='word_1_258' title='bbox 1678 2431 1904 2502; x_wconf 80' lang='lat' dir='ltr'><strong>gloriam</strong></span> 
     </span>
    </p>
   </div>
   <div class='ocr_carea' id='block_1_41' title="bbox 318 2522 1905 2596">
    <p class='ocr_par' dir='ltr' id='par_1_41' title="bbox 318 2522 1905 2596">
     <span class='ocr_line' id='line_1_41' title="bbox 318 2522 1905 2596; baseline -0.006 -10"><span class='ocrx_word' id='word_1_259' title='bbox 318 2546 513 2587; x_wconf 83' lang='lat' dir='ltr'><strong>veram</strong></span> <span class='ocrx_word' id='word_1_260' title='bbox 536 2531 767 2585; x_wconf 89' lang='lat' dir='ltr'><strong>transire</strong></span> <span class='ocrx_word' id='word_1_261' title='bbox 793 2529 1053 2595; x_wconf 89' lang='lat' dir='ltr'><strong>fecerunt,</strong></span> <span class='ocrx_word' id='word_1_262' title='bbox 1101 2525 1327 2596; x_wconf 90' lang='lat' dir='ltr'><strong>plurima</strong></span> <span class='ocrx_word' id='word_1_263' title='bbox 1371 2524 1426 2577; x_wconf 92' lang='lat' dir='ltr'><strong>in</strong></span> <span class='ocrx_word' id='word_1_264' title='bbox 1476 2522 1905 2591; x_wconf 85' lang='lat' dir='ltr'><strong>possessionibus</strong></span> 
     </span>
    </p>
   </div>
   <div class='ocr_carea' id='block_1_42' title="bbox 320 2615 1909 2686">
    <p class='ocr_par' dir='ltr' id='par_1_42' title="bbox 320 2615 1909 2686">
     <span class='ocr_line' id='line_1_42' title="bbox 320 2615 1909 2686; baseline -0.005 -8"><span class='ocrx_word' id='word_1_265' title='bbox 320 2621 440 2678; x_wconf 71' lang='lat' dir='ltr'><strong>suis</strong></span> <span class='ocrx_word' id='word_1_266' title='bbox 466 2619 730 2676; x_wconf 88' lang='lat' dir='ltr'><strong>frumenta</strong></span> <span class='ocrx_word' id='word_1_267' title='bbox 758 2621 1073 2682; x_wconf 87' lang='lat' dir='ltr'><strong>condentes,</strong></span> <span class='ocrx_word' id='word_1_268' title='bbox 1101 2617 1383 2686; x_wconf 86' lang='lat' dir='ltr'><strong>omniaque</strong></span> <span class='ocrx_word' id='word_1_269' title='bbox 1417 2631 1479 2670; x_wconf 89' lang='lat' dir='ltr'><strong>ea</strong></span> <span class='ocrx_word' id='word_1_270' title='bbox 1511 2615 1828 2683; x_wconf 87' lang='lat' dir='ltr'><strong>pauperibus</strong></span> <span class='ocrx_word' id='word_1_271' title='bbox 1854 2625 1909 2670; x_wconf 91' lang='lat' dir='ltr'><strong>et</strong></span> 
     </span>
    </p>
   </div>
   <div class='ocr_carea' id='block_1_43' title="bbox 322 2694 1909 2783">
    <p class='ocr_par' dir='ltr' id='par_1_43' title="bbox 322 2694 1909 2783">
     <span class='ocr_line' id='line_1_43' title="bbox 322 2694 1909 2783; baseline -0.006 -14"><span class='ocrx_word' id='word_1_272' title='bbox 322 2714 527 2770; x_wconf 84' lang='lat' dir='ltr'><strong>famem</strong></span> <span class='ocrx_word' id='word_1_273' title='bbox 551 2694 873 2783; x_wconf 85' lang='lat' dir='ltr'><strong>patientibus</strong></span> <span class='ocrx_word' id='word_1_274' title='bbox 897 2710 1220 2781; x_wconf 86' lang='lat' dir='ltr'><strong>dividentes.</strong></span> <span class='ocrx_word' id='word_1_275' title='bbox 1249 2708 1363 2777; x_wconf 88' lang='lat' dir='ltr'><strong>Ipsa</strong></span> <span class='ocrx_word' id='word_1_276' title='bbox 1391 2713 1567 2758; x_wconf 88' lang='lat' dir='ltr'><strong>autem</strong></span> <span class='ocrx_word' id='word_1_277' title='bbox 1588 2703 1793 2772; x_wconf 87' lang='lat' dir='ltr'><strong>species</strong></span> <span class='ocrx_word' id='word_1_278' title='bbox 1816 2704 1909 2759; x_wconf 84' lang='lat' dir='ltr'><strong>ba-</strong></span> 
     </span>
    </p>
   </div>
   <div class='ocr_carea' id='block_1_44' title="bbox 323 2796 1908 2872">
    <p class='ocr_par' dir='ltr' id='par_1_44' title="bbox 323 2796 1908 2872">
     <span class='ocr_line' id='line_1_44' title="bbox 323 2796 1908 2872; baseline -0.004 -13"><span class='ocrx_word' id='word_1_279' title='bbox 323 2803 478 2859; x_wconf 83' lang='lat' dir='ltr'><strong>bitus</strong></span> <span class='ocrx_word' id='word_1_280' title='bbox 503 2812 663 2872; x_wconf 85' lang='lat' dir='ltr'><strong>atque</strong></span> <span class='ocrx_word' id='word_1_281' title='bbox 690 2803 915 2858; x_wconf 82' lang='lat' dir='ltr'><strong>vestitus</strong></span> <span class='ocrx_word' id='word_1_282' title='bbox 943 2812 1357 2856; x_wconf 79' lang='lat' dir='ltr'><strong>memoratarum</strong></span> <span class='ocrx_word' id='word_1_283' title='bbox 1388 2807 1492 2852; x_wconf 89' lang='lat' dir='ltr'><strong>tam</strong></span> <span class='ocrx_word' id='word_1_284' title='bbox 1517 2796 1740 2852; x_wconf 89' lang='lat' dir='ltr'><strong>honesta</strong></span> <span class='ocrx_word' id='word_1_285' title='bbox 1763 2797 1908 2853; x_wconf 83' lang='lat' dir='ltr'><strong>vide-</strong></span> 
     </span>
    </p>
   </div>
   <div class='ocr_carea' id='block_1_45' title="bbox 320 2887 1906 2961">
    <p class='ocr_par' dir='ltr' id='par_1_45' title="bbox 320 2887 1906 2961">
     <span class='ocr_line' id='line_1_45' title="bbox 320 2887 1906 2961; baseline -0.002 -16"><span class='ocrx_word' id='word_1_286' title='bbox 320 2900 413 2946; x_wconf 81' lang='lat' dir='ltr'><strong>tur</strong></span> <span class='ocrx_word' id='word_1_287' title='bbox 442 2898 494 2944; x_wconf 90' lang='lat' dir='ltr'><strong>et</strong></span> <span class='ocrx_word' id='word_1_288' title='bbox 523 2905 700 2960; x_wconf 85' lang='lat' dir='ltr'><strong>parca,</strong></span> <span class='ocrx_word' id='word_1_289' title='bbox 732 2900 790 2946; x_wconf 93' lang='lat' dir='ltr'><strong>ut</strong></span> <span class='ocrx_word' id='word_1_290' title='bbox 817 2892 1047 2948; x_wconf 88' lang='lat' dir='ltr'><strong>humiles</strong></span> <span class='ocrx_word' id='word_1_291' title='bbox 1071 2890 1286 2961; x_wconf 89' lang='lat' dir='ltr'><strong>quidam</strong></span> <span class='ocrx_word' id='word_1_292' title='bbox 1311 2897 1471 2958; x_wconf 87' lang='lat' dir='ltr'><strong>atque</strong></span> <span class='ocrx_word' id='word_1_293' title='bbox 1492 2887 1725 2956; x_wconf 87' lang='lat' dir='ltr'><strong>despecti</strong></span> <span class='ocrx_word' id='word_1_294' title='bbox 1747 2889 1906 2942; x_wconf 88' lang='lat' dir='ltr'><strong>etiam</strong></span> 
     </span>
    </p>
   </div>
   <div class='ocr_carea' id='block_1_46' title="bbox 316 2980 1906 3051">
    <p class='ocr_par' dir='ltr' id='par_1_46' title="bbox 316 2980 1906 3051">
     <span class='ocr_line' id='line_1_46' title="bbox 316 2980 1906 3051; baseline -0.004 -13"><span class='ocrx_word' id='word_1_295' title='bbox 316 2996 394 3038; x_wconf 79' lang='lat' dir='ltr'><strong>ex</strong></span> <span class='ocrx_word' id='word_1_296' title='bbox 426 2981 660 3051; x_wconf 89' lang='lat' dir='ltr'><strong>propriis</strong></span> <span class='ocrx_word' id='word_1_297' title='bbox 688 2983 927 3038; x_wconf 86' lang='lat' dir='ltr'><strong>vestibus</strong></span> <span class='ocrx_word' id='word_1_298' title='bbox 954 2982 1359 3045; x_wconf 81' lang='lat' dir='ltr'><strong>existimentur;</strong></span> <span class='ocrx_word' id='word_1_299' title='bbox 1388 2980 1538 3033; x_wconf 85' lang='lat' dir='ltr'><strong>cibus</strong></span> <span class='ocrx_word' id='word_1_300' title='bbox 1565 2993 1695 3034; x_wconf 88' lang='lat' dir='ltr'><strong>vero</strong></span> <span class='ocrx_word' id='word_1_301' title='bbox 1718 2993 1906 3033; x_wconf 89' lang='lat' dir='ltr'><strong>eorum</strong></span> 
     </span>
    </p>
   </div>
   <div class='ocr_carea' id='block_1_47' title="bbox 317 3070 1909 3145">
    <p class='ocr_par' dir='ltr' id='par_1_47' title="bbox 317 3070 1909 3145">
     <span class='ocr_line' id='line_1_47' title="bbox 317 3070 1909 3145; baseline -0.004 -14"><span class='ocrx_word' id='word_1_302' title='bbox 317 3079 461 3131; x_wconf 81' lang='lat' dir='ltr'><strong>satis</strong></span> <span class='ocrx_word' id='word_1_303' title='bbox 484 3090 675 3145; x_wconf 90' lang='lat' dir='ltr'><strong>parvus</strong></span> <span class='ocrx_word' id='word_1_304' title='bbox 702 3089 767 3129; x_wconf 90' lang='lat' dir='ltr'><strong>ac</strong></span> <span class='ocrx_word' id='word_1_305' title='bbox 798 3073 991 3139; x_wconf 89' lang='lat' dir='ltr'><strong>tenuis,</strong></span> <span class='ocrx_word' id='word_1_306' title='bbox 1022 3076 1233 3143; x_wconf 86' lang='lat' dir='ltr'><strong>vitaque</strong></span> <span class='ocrx_word' id='word_1_307' title='bbox 1261 3073 1432 3126; x_wconf 89' lang='lat' dir='ltr'><strong>omnis</strong></span> <span class='ocrx_word' id='word_1_308' title='bbox 1461 3072 1696 3141; x_wconf 89' lang='lat' dir='ltr'><strong>ipsorum</strong></span> <span class='ocrx_word' id='word_1_309' title='bbox 1719 3070 1909 3125; x_wconf 87' lang='lat' dir='ltr'><strong>admo-</strong></span> 
     </span>
    </p>
   </div>
   <div class='ocr_carea' id='block_1_48' title="bbox 316 3166 1231 3236">
    <p class='ocr_par' dir='ltr' id='par_1_48' title="bbox 316 3166 1231 3236">
     <span class='ocr_line' id='line_1_48' title="bbox 316 3166 1231 3236; baseline -0.008 -11"><span class='ocrx_word' id='word_1_310' title='bbox 316 3169 455 3225; x_wconf 83' lang='lat' dir='ltr'><strong>dum</strong></span> <span class='ocrx_word' id='word_1_311' title='bbox 485 3178 629 3221; x_wconf 87' lang='lat' dir='ltr'><strong>casta</strong></span> <span class='ocrx_word' id='word_1_312' title='bbox 654 3182 718 3221; x_wconf 91' lang='lat' dir='ltr'><strong>ac</strong></span> <span class='ocrx_word' id='word_1_313' title='bbox 746 3167 857 3221; x_wconf 90' lang='lat' dir='ltr'><strong>Deo</strong></span> <span class='ocrx_word' id='word_1_314' title='bbox 883 3166 1103 3236; x_wconf 77' lang='lat' dir='ltr'><strong>probata</strong></span> <span class='ocrx_word' id='word_1_315' title='bbox 1131 3174 1231 3222; x_wconf 79' lang='lat' dir='ltr'><strong>est.</strong></span> 
     </span>
    </p>
   </div>
   <div class='ocr_carea' id='block_1_49' title="bbox 400 3243 1983 3328">
    <p class='ocr_par' dir='ltr' id='par_1_49' title="bbox 400 3243 1983 3328">
     <span class='ocr_line' id='line_1_49' title="bbox 400 3243 1983 3328; baseline -0.004 -17"><span class='ocrx_word' id='word_1_316' title='bbox 400 3258 458 3312; x_wconf 93' lang='lat' dir='ltr'><strong>ln</strong></span> <span class='ocrx_word' id='word_1_317' title='bbox 512 3257 934 3328; x_wconf 83' lang='lat' dir='ltr'><strong>possessionibus</strong></span> <span class='ocrx_word' id='word_1_318' title='bbox 984 3256 1213 3311; x_wconf 76' lang='lat' dir='ltr'><strong>maxime</strong></span> <span class='ocrx_word' id='word_1_319' title='bbox 1252 3258 1363 3310; x_wconf 79' lang='lat' dir='ltr'><strong>su‘s</strong></span> <span class='ocrx_word' id='word_1_320' title='bbox 1400 3254 1618 3324; x_wconf 88' lang='lat' dir='ltr'><strong>degunt,</strong></span> <span class='ocrx_word' id='word_1_321' title='bbox 1650 3253 1910 3323; x_wconf 79' lang='lat' dir='ltr'><strong>fugientes</strong></span> <span class='ocrx_word' id='word_1_322' title='bbox 1938 3243 1983 3305; x_wconf 89' lang='lat' dir='ltr'><strong><em>C</em></strong></span> 
     </span>
    </p>
   </div>
   <div class='ocr_carea' id='block_1_50' title="bbox 332 3346 1906 3417">
    <p class='ocr_par' dir='ltr' id='par_1_50' title="bbox 332 3346 1906 3417">
     <span class='ocr_line' id='line_1_50' title="bbox 332 3346 1906 3417; baseline 0.001 -15"><span class='ocrx_word' id='word_1_323' title='bbox 332 3349 792 3402; x_wconf 69' lang='grc' dir='ltr'><strong>εοηνετευιὶοιιειη</strong></span> <span class='ocrx_word' id='word_1_324' title='bbox 820 3355 873 3401; x_wconf 89' lang='lat' dir='ltr'><strong>et</strong></span> <span class='ocrx_word' id='word_1_325' title='bbox 901 3347 1181 3402; x_wconf 80' lang='lat' dir='ltr'><strong>illecebras</strong></span> <span class='ocrx_word' id='word_1_326' title='bbox 1210 3347 1508 3414; x_wconf 83' lang='lat' dir='ltr'><strong>civitatum,</strong></span> <span class='ocrx_word' id='word_1_327' title='bbox 1555 3346 1906 3417; x_wconf 77' lang='lat' dir='ltr'><strong>timentesque</strong></span> 
     </span>
    </p>
   </div>
   <div class='ocr_carea' id='block_1_51' title="bbox 324 3437 1908 3507">
    <p class='ocr_par' dir='ltr' id='par_1_51' title="bbox 324 3437 1908 3507">
     <span class='ocr_line' id='line_1_51' title="bbox 324 3437 1908 3507; baseline -0.001 -15"><span class='ocrx_word' id='word_1_328' title='bbox 324 3452 399 3492; x_wconf 88' lang='lat' dir='ltr'><strong>ne</strong></span> <span class='ocrx_word' id='word_1_329' title='bbox 428 3452 494 3491; x_wconf 78' lang='lat' dir='ltr'><strong>ex</strong></span> <span class='ocrx_word' id='word_1_330' title='bbox 529 3437 761 3505; x_wconf 89' lang='lat' dir='ltr'><strong>ipsarum</strong></span> <span class='ocrx_word' id='word_1_331' title='bbox 794 3453 969 3492; x_wconf 88' lang='lat' dir='ltr'><strong>rerum</strong></span> <span class='ocrx_word' id='word_1_332' title='bbox 999 3449 1161 3507; x_wconf 88' lang='lat' dir='ltr'><strong>atque</strong></span> <span class='ocrx_word' id='word_1_333' title='bbox 1187 3454 1494 3491; x_wconf 88' lang='lat' dir='ltr'><strong>sermonum</strong></span> <span class='ocrx_word' id='word_1_334' title='bbox 1544 3440 1908 3493; x_wconf 84' lang='lat' dir='ltr'><strong>communica-</strong></span> 
     </span>
    </p>
   </div>
   <div class='ocr_carea' id='block_1_52' title="bbox 328 3527 1908 3599">
    <p class='ocr_par' dir='ltr' id='par_1_52' title="bbox 328 3527 1908 3599">
     <span class='ocr_line' id='line_1_52' title="bbox 328 3527 1908 3599; baseline 0.004 -19"><span class='ocrx_word' id='word_1_335' title='bbox 328 3527 500 3590; x_wconf 88' lang='lat' dir='ltr'><strong>tione,</strong></span> <span class='ocrx_word' id='word_1_336' title='bbox 534 3529 846 3598; x_wconf 87' lang='lat' dir='ltr'><strong>participata</strong></span> <span class='ocrx_word' id='word_1_337' title='bbox 874 3543 993 3583; x_wconf 90' lang='lat' dir='ltr'><strong>cum</strong></span> <span class='ocrx_word' id='word_1_338' title='bbox 1024 3529 1153 3597; x_wconf 91' lang='lat' dir='ltr'><strong>ipsis</strong></span> <span class='ocrx_word' id='word_1_339' title='bbox 1182 3531 1407 3599; x_wconf 87' lang='lat' dir='ltr'><strong>quadam</strong></span> <span class='ocrx_word' id='word_1_340' title='bbox 1431 3529 1548 3585; x_wconf 88' lang='lat' dir='ltr'><strong>labe</strong></span> <span class='ocrx_word' id='word_1_341' title='bbox 1579 3530 1849 3598; x_wconf 88' lang='lat' dir='ltr'><strong>vitiorum,</strong></span> <span class='ocrx_word' id='word_1_342' title='bbox 1878 3546 1908 3586; x_wconf 87' lang='lat' dir='ltr'><strong>a</strong></span> 
     </span>
    </p>
   </div>
   <div class='ocr_carea' id='block_1_53' title="bbox 326 3620 1481 3692">
    <p class='ocr_par' dir='ltr' id='par_1_53' title="bbox 326 3620 1481 3692">
     <span class='ocr_line' id='line_1_53' title="bbox 326 3620 1481 3692; baseline 0.002 -19"><span class='ocrx_word' id='word_1_343' title='bbox 326 3620 591 3675; x_wconf 70' lang='lat' dir='ltr'><strong>&#39;ronositi</strong></span> <span class='ocrx_word' id='word_1_344' title='bbox 615 3623 698 3676; x_wconf 89' lang='lat' dir='ltr'><strong>sui</strong></span> <span class='ocrx_word' id='word_1_345' title='bbox 732 3621 944 3676; x_wconf 86' lang='lat' dir='ltr'><strong>tramite</strong></span> <span class='ocrx_word' id='word_1_346' title='bbox 974 3622 1184 3676; x_wconf 83' lang='lat' dir='ltr'><strong>deviare</strong></span> <span class='ocrx_word' id='word_1_347' title='bbox 1206 3631 1481 3692; x_wconf 82' lang='lat' dir='ltr'><strong>cogantur.</strong></span> 
     </span>
    </p>
   </div>
   <div class='ocr_carea' id='block_1_54' title="bbox 939 3712 1314 3768">
    <p class='ocr_par' dir='ltr' id='par_1_54' title="bbox 939 3712 1314 3768">
     <span class='ocr_line' id='line_1_54' title="bbox 939 3712 1314 3768; baseline 0.003 -2"><span class='ocrx_word' id='word_1_348' title='bbox 939 3712 1164 3768; x_wconf 77' lang='lat' dir='ltr'><strong>CAPUT</strong></span> <span class='ocrx_word' id='word_1_349' title='bbox 1200 3712 1314 3767; x_wconf 81' lang='lat' dir='ltr'><strong>LV.</strong></span> 
     </span>
    </p>
   </div>
   <div class='ocr_carea' id='block_1_55' title="bbox 931 3801 1317 3873">
    <p class='ocr_par' dir='ltr' id='par_1_55' title="bbox 931 3801 1317 3873">
     <span class='ocr_line' id='line_1_55' title="bbox 931 3801 1317 3873; baseline 0.005 -19"><span class='ocrx_word' id='word_1_350' title='bbox 931 3801 1049 3854; x_wconf 83' lang='lat' dir='ltr'><strong>Vita</strong></span> <span class='ocrx_word' id='word_1_351' title='bbox 1090 3801 1145 3855; x_wconf 84' lang='grc' dir='ltr'><em>Μ</em></span> <span class='ocrx_word' id='word_1_352' title='bbox 1150 3819 1317 3873; x_wconf 75' lang='lat' dir='ltr'><strong>aguw.</strong></span> 
     </span>
    </p>
   </div>
   <div class='ocr_carea' id='block_1_56' title="bbox 401 3892 1913 3965">
    <p class='ocr_par' dir='ltr' id='par_1_56' title="bbox 401 3892 1913 3965">
     <span class='ocr_line' id='line_1_56' title="bbox 401 3892 1913 3965; baseline 0.002 -18"><span class='ocrx_word' id='word_1_353' title='bbox 401 3892 459 3947; x_wconf 88' lang='lat' dir='ltr'><strong>In</strong></span> <span class='ocrx_word' id='word_1_354' title='bbox 510 3892 611 3947; x_wconf 91' lang='lat' dir='ltr'><strong>hac</strong></span> <span class='ocrx_word' id='word_1_355' title='bbox 653 3892 840 3947; x_wconf 89' lang='lat' dir='ltr'><strong>eadem</strong></span> <span class='ocrx_word' id='word_1_356' title='bbox 883 3892 1102 3946; x_wconf 72' lang='lat' dir='ltr'><strong>Galatia:</strong></span> <span class='ocrx_word' id='word_1_357' title='bbox 1150 3893 1381 3960; x_wconf 84' lang='lat' dir='ltr'><strong>civitate,</strong></span> <span class='ocrx_word' id='word_1_358' title='bbox 1417 3895 1594 3950; x_wconf 77' lang='lat' dir='ltr'><strong>multa:</strong></span> <span class='ocrx_word' id='word_1_359' title='bbox 1619 3894 1833 3965; x_wconf 88' lang='lat' dir='ltr'><strong>quidem</strong></span> <span class='ocrx_word' id='word_1_360' title='bbox 1859 3905 1913 3951; x_wconf 88' lang='lat' dir='ltr'><strong>ct</strong></span> 
     </span>
    </p>
   </div>
   <div class='ocr_carea' id='block_1_57' title="bbox 322 3985 1913 4059">
    <p class='ocr_par' dir='ltr' id='par_1_57' title="bbox 322 3985 1913 4059">
     <span class='ocr_line' id='line_1_57' title="bbox 322 3985 1913 4059; baseline 0.003 -20"><span class='ocrx_word' id='word_1_361' title='bbox 322 3986 452 4046; x_wconf 66' lang='lat' dir='ltr'><strong>alia:</strong></span> <span class='ocrx_word' id='word_1_362' title='bbox 481 3987 734 4055; x_wconf 82' lang='lat' dir='ltr'><strong>virgines,</strong></span> <span class='ocrx_word' id='word_1_363' title='bbox 761 4001 925 4056; x_wconf 87' lang='lat' dir='ltr'><strong>usque</strong></span> <span class='ocrx_word' id='word_1_364' title='bbox 954 3985 1019 4039; x_wconf 89' lang='lat' dir='ltr'><strong>ad</strong></span> <span class='ocrx_word' id='word_1_365' title='bbox 1049 3986 1207 4040; x_wconf 89' lang='lat' dir='ltr'><strong>duum</strong></span> <span class='ocrx_word' id='word_1_366' title='bbox 1240 3988 1460 4042; x_wconf 90' lang='lat' dir='ltr'><strong>millium</strong></span> <span class='ocrx_word' id='word_1_367' title='bbox 1483 3991 1561 4043; x_wconf 82' lang='lat' dir='ltr'><strong>vel</strong></span> <span class='ocrx_word' id='word_1_368' title='bbox 1594 4004 1656 4042; x_wconf 70' lang='lat' dir='ltr'><strong>ev</strong></span> <span class='ocrx_word' id='word_1_369' title='bbox 1684 3989 1913 4059; x_wconf 88' lang='lat' dir='ltr'><strong>amplius</strong></span> 
     </span>
    </p>
   </div>
   <div class='ocr_carea' id='block_1_58' title="bbox 330 4079 1914 4151">
    <p class='ocr_par' dir='ltr' id='par_1_58' title="bbox 330 4079 1914 4151">
     <span class='ocr_line' id='line_1_58' title="bbox 330 4079 1914 4151; baseline 0.002 -18"><span class='ocrx_word' id='word_1_370' title='bbox 330 4094 636 4143; x_wconf 89' lang='lat' dir='ltr'><strong>numerum,</strong></span> <span class='ocrx_word' id='word_1_371' title='bbox 680 4079 998 4133; x_wconf 88' lang='lat' dir='ltr'><strong>abstinentia</strong></span> <span class='ocrx_word' id='word_1_372' title='bbox 1046 4079 1257 4147; x_wconf 86' lang='lat' dir='ltr'><strong>grandi,</strong></span> <span class='ocrx_word' id='word_1_373' title='bbox 1300 4079 1540 4134; x_wconf 84' lang='lat' dir='ltr'><strong>honestis</strong></span> <span class='ocrx_word' id='word_1_374' title='bbox 1576 4081 1727 4135; x_wconf 87' lang='lat' dir='ltr'><strong>valde</strong></span> <span class='ocrx_word' id='word_1_375' title='bbox 1755 4091 1914 4151; x_wconf 89' lang='lat' dir='ltr'><strong>atque</strong></span> 
     </span>
    </p>
   </div>
   <div class='ocr_carea' id='block_1_59' title="bbox 328 4151 1554 4242">
    <p class='ocr_par' dir='ltr' id='par_1_59' title="bbox 328 4151 1554 4242">
     <span class='ocr_line' id='line_1_59' title="bbox 328 4151 1554 4242; baseline 0.002 -18"><span class='ocrx_word' id='word_1_376' title='bbox 328 4170 534 4225; x_wconf 90' lang='lat' dir='ltr'><strong>ornatis</strong></span> <span class='ocrx_word' id='word_1_377' title='bbox 556 4169 792 4224; x_wconf 90' lang='lat' dir='ltr'><strong>moribus</strong></span> <span class='ocrx_word' id='word_1_378' title='bbox 824 4171 1008 4224; x_wconf 86' lang='lat' dir='ltr'><strong>vivunt</strong></span> <span class='ocrx_word' id='word_1_379' title='bbox 1040 4151 1299 4240; x_wconf 44' lang='lat' dir='ltr'><strong>(Pallad...</strong></span> <span class='ocrx_word' id='word_1_380' title='bbox 1332 4186 1378 4225; x_wconf 86' lang='lat' dir='ltr'><strong>c.</strong></span> <span class='ocrx_word' id='word_1_381' title='bbox 1404 4169 1554 4242; x_wconf 81' lang='grc'><strong>155).</strong></span> 
     </span>
    </p>
   </div>
   <div class='ocr_carea' id='block_1_60' title="bbox 406 4260 1913 4330">
    <p class='ocr_par' dir='ltr' id='par_1_60' title="bbox 406 4260 1913 4330">
     <span class='ocr_line' id='line_1_60' title="bbox 406 4260 1913 4330; baseline 0.006 -16"><span class='ocrx_word' id='word_1_382' title='bbox 406 4260 553 4314; x_wconf 86' lang='lat' dir='ltr'><strong>Inter</strong></span> <span class='ocrx_word' id='word_1_383' title='bbox 582 4276 711 4329; x_wconf 89' lang='lat' dir='ltr'><strong>quas</strong></span> <span class='ocrx_word' id='word_1_384' title='bbox 757 4261 943 4330; x_wconf 81' lang='lat' dir='ltr'><strong>Magna</strong></span> <span class='ocrx_word' id='word_1_385' title='bbox 983 4261 1224 4330; x_wconf 70' lang='lat' dir='ltr'><strong>quaedam</strong></span> <span class='ocrx_word' id='word_1_386' title='bbox 1254 4263 1513 4320; x_wconf 89' lang='lat' dir='ltr'><strong>vocabulo</strong></span> <span class='ocrx_word' id='word_1_387' title='bbox 1567 4265 1776 4321; x_wconf 85' lang='lat' dir='ltr'><strong>videtur</strong></span> <span class='ocrx_word' id='word_1_388' title='bbox 1820 4282 1913 4322; x_wconf 78' lang='lat' dir='ltr'><strong>cx-</strong></span> 
     </span>
    </p>
   </div>
   <div class='ocr_carea' id='block_1_61' title="bbox 329 4354 1909 4429">
    <p class='ocr_par' dir='ltr' id='par_1_61' title="bbox 329 4354 1909 4429">
     <span class='ocr_line' id='line_1_61' title="bbox 329 4354 1909 4429; baseline 0.003 -20"><span class='ocrx_word' id='word_1_389' title='bbox 329 4354 528 4410; x_wconf 84' lang='lat' dir='ltr'><strong>cellere</strong></span> <span class='ocrx_word' id='word_1_390' title='bbox 558 4356 748 4409; x_wconf 84' lang='lat' dir='ltr'><strong>merito</strong></span> <span class='ocrx_word' id='word_1_391' title='bbox 777 4356 1092 4421; x_wconf 83' lang='lat' dir='ltr'><strong>sanctitatis,</strong></span> <span class='ocrx_word' id='word_1_392' title='bbox 1142 4358 1335 4413; x_wconf 90' lang='lat' dir='ltr'><strong>femina</strong></span> <span class='ocrx_word' id='word_1_393' title='bbox 1381 4359 1607 4414; x_wconf 89' lang='lat' dir='ltr'><strong>multum</strong></span> <span class='ocrx_word' id='word_1_394' title='bbox 1644 4360 1909 4429; x_wconf 32' lang='lat' dir='ltr'><strong>,probata;</strong></span> 
     </span>
    </p>
   </div>
   <div class='ocr_carea' id='block_1_62' title="bbox 328 4452 1913 4522">
    <p class='ocr_par' dir='ltr' id='par_1_62' title="bbox 328 4452 1913 4522">
     <span class='ocr_line' id='line_1_62' title="bbox 328 4452 1913 4522; baseline 0.005 -19"><span class='ocrx_word' id='word_1_395' title='bbox 328 4466 489 4521; x_wconf 91' lang='lat' dir='ltr'><strong>quam</strong></span> <span class='ocrx_word' id='word_1_396' title='bbox 519 4461 693 4504; x_wconf 89' lang='lat' dir='ltr'><strong>utrum</strong></span> <span class='ocrx_word' id='word_1_397' title='bbox 716 4452 968 4519; x_wconf 76' lang='lat' dir='ltr'><strong>virginem</strong></span> <span class='ocrx_word' id='word_1_398' title='bbox 997 4467 1062 4506; x_wconf 91' lang='lat' dir='ltr'><strong>an</strong></span> <span class='ocrx_word' id='word_1_399' title='bbox 1089 4453 1298 4507; x_wconf 85' lang='lat' dir='ltr'><strong>viduam</strong></span> <span class='ocrx_word' id='word_1_400' title='bbox 1325 4469 1532 4521; x_wconf 89' lang='lat' dir='ltr'><strong>vocem,</strong></span> <span class='ocrx_word' id='word_1_401' title='bbox 1558 4458 1766 4522; x_wconf 88' lang='lat' dir='ltr'><strong>nescio,</strong></span> <span class='ocrx_word' id='word_1_402' title='bbox 1801 4472 1913 4510; x_wconf 89' lang='lat' dir='ltr'><strong>ma-</strong></span> 
     </span>
    </p>
   </div>
   <div class='ocr_carea' id='block_1_63' title="bbox 332 4542 1913 4613">
    <p class='ocr_par' dir='ltr' id='par_1_63' title="bbox 332 4542 1913 4613">
     <span class='ocr_line' id='line_1_63' title="bbox 332 4542 1913 4613; baseline 0.004 -18"><span class='ocrx_word' id='word_1_403' title='bbox 332 4551 415 4597; x_wconf 89' lang='lat' dir='ltr'><strong>ter</strong></span> <span class='ocrx_word' id='word_1_404' title='bbox 434 4543 573 4595; x_wconf 90' lang='lat' dir='ltr'><strong>enim</strong></span> <span class='ocrx_word' id='word_1_405' title='bbox 604 4542 749 4596; x_wconf 90' lang='lat' dir='ltr'><strong>illam</strong></span> <span class='ocrx_word' id='word_1_406' title='bbox 779 4542 1007 4597; x_wconf 78' lang='lat' dir='ltr'><strong>maxima</strong></span> <span class='ocrx_word' id='word_1_407' title='bbox 1037 4544 1085 4597; x_wconf 88' lang='lat' dir='ltr'><strong>vi</strong></span> <span class='ocrx_word' id='word_1_408' title='bbox 1117 4546 1290 4613; x_wconf 88' lang='lat' dir='ltr'><strong>coegit</strong></span> <span class='ocrx_word' id='word_1_409' title='bbox 1311 4554 1367 4599; x_wconf 91' lang='lat' dir='ltr'><strong>ut</strong></span> <span class='ocrx_word' id='word_1_410' title='bbox 1396 4545 1637 4600; x_wconf 80' lang='lat' dir='ltr'><strong>nuberet.</strong></span> <span class='ocrx_word' id='word_1_411' title='bbox 1670 4546 1760 4600; x_wconf 90' lang='lat' dir='ltr'><strong>Illa</strong></span> <span class='ocrx_word' id='word_1_412' title='bbox 1786 4563 1913 4602; x_wconf 87' lang='lat' dir='ltr'><strong>vero</strong></span> 
     </span>
    </p>
   </div>
   <div class='ocr_carea' id='block_1_64' title="bbox 2006 1975 3589 2043">
    <p class='ocr_par' dir='ltr' id='par_1_64' title="bbox 2006 1975 3589 2043">
     <span class='ocr_line' id='line_1_64' title="bbox 2006 1975 3589 2043; baseline 0 -14"><span class='ocrx_word' id='word_1_413' title='bbox 2006 1989 2067 2030; x_wconf 90' lang='lat' dir='ltr'><strong>ac</strong></span> <span class='ocrx_word' id='word_1_414' title='bbox 2096 1984 2258 2030; x_wconf 76' lang='lat' dir='ltr'><strong>tantae</strong></span> <span class='ocrx_word' id='word_1_415' title='bbox 2284 1975 2688 2043; x_wconf 49' lang='lat' dir='ltr'><strong>misericordia,</strong></span> <span class='ocrx_word' id='word_1_416' title='bbox 2711 1985 2767 2031; x_wconf 94' lang='lat' dir='ltr'><strong>ut</strong></span> <span class='ocrx_word' id='word_1_417' title='bbox 2788 1976 2947 2031; x_wconf 90' lang='lat' dir='ltr'><strong>etiam</strong></span> <span class='ocrx_word' id='word_1_418' title='bbox 2976 1976 3030 2030; x_wconf 92' lang='lat' dir='ltr'><strong>in</strong></span> <span class='ocrx_word' id='word_1_419' title='bbox 3060 1975 3302 2031; x_wconf 90' lang='lat' dir='ltr'><strong>noctibus</strong></span> <span class='ocrx_word' id='word_1_420' title='bbox 3330 1976 3454 2030; x_wconf 91' lang='lat' dir='ltr'><strong>totis</strong></span> <span class='ocrx_word' id='word_1_421' title='bbox 3473 1975 3589 2030; x_wconf 84' lang='lat' dir='ltr'><strong>loca</strong></span> 
     </span>
    </p>
   </div>
   <div class='ocr_carea' id='block_1_65' title="bbox 2005 2067 3589 2138">
    <p class='ocr_par' dir='ltr' id='par_1_65' title="bbox 2005 2067 3589 2138">
     <span class='ocr_line' id='line_1_65' title="bbox 2005 2067 3589 2138; baseline -0.001 -15"><span class='ocrx_word' id='word_1_422' title='bbox 2005 2067 2536 2133; x_wconf 86' lang='lat' dir='ltr'><strong>cuncta&#39;circumeat,</strong></span> <span class='ocrx_word' id='word_1_423' title='bbox 2564 2083 2774 2122; x_wconf 87' lang='lat' dir='ltr'><strong>manum</strong></span> <span class='ocrx_word' id='word_1_424' title='bbox 2802 2068 2981 2123; x_wconf 87' lang='lat' dir='ltr'><strong>dando</strong></span> <span class='ocrx_word' id='word_1_425' title='bbox 3006 2069 3325 2138; x_wconf 90' lang='lat' dir='ltr'><strong>petentibus.</strong></span> <span class='ocrx_word' id='word_1_426' title='bbox 3351 2068 3467 2137; x_wconf 88' lang='lat' dir='ltr'><strong>Ipse</strong></span> <span class='ocrx_word' id='word_1_427' title='bbox 3484 2084 3589 2122; x_wconf 84' lang='lat' dir='ltr'><strong>non</strong></span> 
     </span>
    </p>
   </div>
   <div class='ocr_carea' id='block_1_66' title="bbox 2005 2158 3592 2230">
    <p class='ocr_par' dir='ltr' id='par_1_66' title="bbox 2005 2158 3592 2230">
     <span class='ocr_line' id='line_1_66' title="bbox 2005 2158 3592 2230; baseline 0 -18"><span class='ocrx_word' id='word_1_428' title='bbox 2005 2158 2201 2213; x_wconf 87' lang='lat' dir='ltr'><strong>clausis</strong></span> <span class='ocrx_word' id='word_1_429' title='bbox 2228 2173 2465 2223; x_wconf 88' lang='lat' dir='ltr'><strong>carcere,</strong></span> <span class='ocrx_word' id='word_1_430' title='bbox 2495 2173 2598 2213; x_wconf 90' lang='lat' dir='ltr'><strong>non</strong></span> <span class='ocrx_word' id='word_1_431' title='bbox 2626 2160 2939 2228; x_wconf 72' lang='lat' dir='ltr'><strong>aegritudine</strong></span> <span class='ocrx_word' id='word_1_432' title='bbox 2969 2159 3220 2230; x_wconf 80' lang='lat' dir='ltr'><strong>fatigatis,</strong></span> <span class='ocrx_word' id='word_1_433' title='bbox 3256 2175 3361 2214; x_wconf 90' lang='lat' dir='ltr'><strong>non</strong></span> <span class='ocrx_word' id='word_1_434' title='bbox 3389 2174 3592 2228; x_wconf 79' lang='lat' dir='ltr'><strong>paupe-</strong></span> 
     </span>
    </p>
   </div>
   <div class='ocr_carea' id='block_1_67' title="bbox 2006 2250 3593 2321">
    <p class='ocr_par' dir='ltr' id='par_1_67' title="bbox 2006 2250 3593 2321">
     <span class='ocr_line' id='line_1_67' title="bbox 2006 2250 3593 2321; baseline -0.002 -15"><span class='ocrx_word' id='word_1_435' title='bbox 2006 2250 2171 2316; x_wconf 88' lang='lat' dir='ltr'><strong>ribus,</strong></span> <span class='ocrx_word' id='word_1_436' title='bbox 2205 2265 2309 2306; x_wconf 93' lang='lat' dir='ltr'><strong>non</strong></span> <span class='ocrx_word' id='word_1_437' title='bbox 2332 2251 2583 2306; x_wconf 82' lang='lat' dir='ltr'><strong>divitibus</strong></span> <span class='ocrx_word' id='word_1_438' title='bbox 2613 2267 2844 2320; x_wconf 89' lang='lat' dir='ltr'><strong>unquam</strong></span> <span class='ocrx_word' id='word_1_439' title='bbox 2874 2265 3030 2306; x_wconf 89' lang='lat' dir='ltr'><strong>suum</strong></span> <span class='ocrx_word' id='word_1_440' title='bbox 3060 2254 3110 2306; x_wconf 87' lang='lat' dir='ltr'><strong>in</strong></span> <span class='ocrx_word' id='word_1_441' title='bbox 3133 2266 3238 2321; x_wconf 86' lang='lat' dir='ltr'><strong>quo</strong></span> <span class='ocrx_word' id='word_1_442' title='bbox 3260 2251 3478 2306; x_wconf 77' lang='lat' dir='ltr'><strong>deberet</strong></span> <span class='ocrx_word' id='word_1_443' title='bbox 3500 2260 3593 2303; x_wconf 89' lang='lat' dir='ltr'><strong>aut</strong></span> 
     </span>
    </p>
   </div>
   <div class='ocr_carea' id='block_1_68' title="bbox 2006 2342 3593 2413">
    <p class='ocr_par' dir='ltr' id='par_1_68' title="bbox 2006 2342 3593 2413">
     <span class='ocr_line' id='line_1_68' title="bbox 2006 2342 3593 2413; baseline 0.001 -19"><span class='ocrx_word' id='word_1_444' title='bbox 2006 2349 2208 2412; x_wconf 88' lang='lat' dir='ltr'><strong>posset,</strong></span> <span class='ocrx_word' id='word_1_445' title='bbox 2242 2343 2453 2413; x_wconf 82' lang='lat' dir='ltr'><strong>negavit</strong></span> <span class='ocrx_word' id='word_1_446' title='bbox 2473 2343 2729 2397; x_wconf 78' lang='lat' dir='ltr'><strong>auxilium</strong></span> <span class='ocrx_word' id='word_1_447' title='bbox 2752 2359 2766 2408; x_wconf 93' lang='lat'><strong>;</strong></span> <span class='ocrx_word' id='word_1_448' title='bbox 2789 2342 2883 2399; x_wconf 87' lang='lat' dir='ltr'><strong>sed</strong></span> <span class='ocrx_word' id='word_1_449' title='bbox 2906 2343 3155 2398; x_wconf 82' lang='lat' dir='ltr'><strong>omnibus</strong></span> <span class='ocrx_word' id='word_1_450' title='bbox 3173 2342 3437 2397; x_wconf 88' lang='lat' dir='ltr'><strong>consuluit</strong></span> <span class='ocrx_word' id='word_1_451' title='bbox 3456 2356 3593 2397; x_wconf 86' lang='lat' dir='ltr'><strong>sem-</strong></span> 
     </span>
    </p>
   </div>
   <div class='ocr_carea' id='block_1_69' title="bbox 2011 2432 3593 2505">
    <p class='ocr_par' dir='ltr' id='par_1_69' title="bbox 2011 2432 3593 2505">
     <span class='ocr_line' id='line_1_69' title="bbox 2011 2432 3593 2505; baseline -0.001 -17"><span class='ocrx_word' id='word_1_452' title='bbox 2011 2447 2107 2501; x_wconf 86' lang='lat' dir='ltr'><strong>per</strong></span> <span class='ocrx_word' id='word_1_453' title='bbox 2125 2449 2189 2488; x_wconf 90' lang='lat' dir='ltr'><strong>ac</strong></span> <span class='ocrx_word' id='word_1_454' title='bbox 2212 2434 2431 2503; x_wconf 81' lang='lat' dir='ltr'><strong>profuit,</strong></span> <span class='ocrx_word' id='word_1_455' title='bbox 2456 2435 2713 2504; x_wconf 91' lang='lat' dir='ltr'><strong>quosdam</strong></span> <span class='ocrx_word' id='word_1_456' title='bbox 2742 2433 2955 2505; x_wconf 84' lang='lat' dir='ltr'><strong>quidem</strong></span> <span class='ocrx_word' id='word_1_457' title='bbox 2982 2433 3148 2489; x_wconf 90' lang='lat' dir='ltr'><strong>duros</strong></span> <span class='ocrx_word' id='word_1_458' title='bbox 3168 2444 3328 2504; x_wconf 87' lang='lat' dir='ltr'><strong>atque</strong></span> <span class='ocrx_word' id='word_1_459' title='bbox 3347 2432 3593 2489; x_wconf 88' lang='lat' dir='ltr'><strong>crudeles</strong></span> 
     </span>
    </p>
   </div>
   <div class='ocr_carea' id='block_1_70' title="bbox 2006 2523 3594 2596">
    <p class='ocr_par' dir='ltr' id='par_1_70' title="bbox 2006 2523 3594 2596">
     <span class='ocr_line' id='line_1_70' title="bbox 2006 2523 3594 2596; baseline 0.002 -19"><span class='ocrx_word' id='word_1_460' title='bbox 2006 2523 2073 2577; x_wconf 78' lang='lat' dir='ltr'><strong>ad</strong></span> <span class='ocrx_word' id='word_1_461' title='bbox 2123 2525 2541 2578; x_wconf 71' lang='lat' dir='ltr'><strong>misericordiam</strong></span> <span class='ocrx_word' id='word_1_462' title='bbox 2597 2525 2954 2594; x_wconf 88' lang='lat' dir='ltr'><strong>provocando,</strong></span> <span class='ocrx_word' id='word_1_463' title='bbox 2997 2524 3131 2580; x_wconf 92' lang='lat' dir='ltr'><strong>alios</strong></span> <span class='ocrx_word' id='word_1_464' title='bbox 3184 2538 3315 2580; x_wconf 86' lang='lat' dir='ltr'><strong>vero</strong></span> <span class='ocrx_word' id='word_1_465' title='bbox 3370 2524 3441 2596; x_wconf 88' lang='lat' dir='ltr'><strong>(si</strong></span> <span class='ocrx_word' id='word_1_466' title='bbox 3493 2525 3594 2580; x_wconf 78' lang='lat' dir='ltr'><strong>hoc</strong></span> 
     </span>
    </p>
   </div>
   <div class='ocr_carea' id='block_1_71' title="bbox 2007 2614 3596 2687">
    <p class='ocr_par' dir='ltr' id='par_1_71' title="bbox 2007 2614 3596 2687">
     <span class='ocr_line' id='line_1_71' title="bbox 2007 2614 3596 2687; baseline 0.001 -18"><span class='ocrx_word' id='word_1_467' title='bbox 2007 2615 2203 2669; x_wconf 85' lang='lat' dir='ltr'><strong>debere</strong></span> <span class='ocrx_word' id='word_1_468' title='bbox 2231 2614 2345 2669; x_wconf 84' lang='lat' dir='ltr'><strong>ﬁeri</strong></span> <span class='ocrx_word' id='word_1_469' title='bbox 2374 2616 2713 2687; x_wconf 88' lang='lat' dir='ltr'><strong>intelligeret)</strong></span> <span class='ocrx_word' id='word_1_470' title='bbox 2740 2617 3089 2687; x_wconf 89' lang='lat' dir='ltr'><strong>protegendo,</strong></span> <span class='ocrx_word' id='word_1_471' title='bbox 3122 2618 3408 2674; x_wconf 85' lang='lat' dir='ltr'><strong>nonnullos</strong></span> <span class='ocrx_word' id='word_1_472' title='bbox 3451 2618 3596 2687; x_wconf 77' lang='lat' dir='ltr'><strong>paci-</strong></span> 
     </span>
    </p>
   </div>
   <div class='ocr_carea' id='block_1_72' title="bbox 2009 2706 3594 2781">
    <p class='ocr_par' dir='ltr' id='par_1_72' title="bbox 2009 2706 3594 2781">
     <span class='ocr_line' id='line_1_72' title="bbox 2009 2706 3594 2781; baseline 0.004 -22"><span class='ocrx_word' id='word_1_473' title='bbox 2009 2706 2105 2760; x_wconf 86' lang='lat' dir='ltr'><strong>ﬁca</strong></span> <span class='ocrx_word' id='word_1_474' title='bbox 2131 2708 2545 2763; x_wconf 89' lang='lat' dir='ltr'><strong>concordatione</strong></span> <span class='ocrx_word' id='word_1_475' title='bbox 2571 2710 2851 2777; x_wconf 85' lang='lat' dir='ltr'><strong>placando,</strong></span> <span class='ocrx_word' id='word_1_476' title='bbox 2878 2711 3089 2765; x_wconf 60' lang='lat' dir='ltr'><strong>casteria</strong></span> <span class='ocrx_word' id='word_1_477' title='bbox 3130 2726 3344 2781; x_wconf 89' lang='lat' dir='ltr'><strong>quoque</strong></span> <span class='ocrx_word' id='word_1_478' title='bbox 3370 2711 3434 2764; x_wconf 89' lang='lat' dir='ltr'><strong>ad</strong></span> <span class='ocrx_word' id='word_1_479' title='bbox 3465 2726 3560 2765; x_wconf 91' lang='lat' dir='ltr'><strong>cor</strong></span> <span class='ocrx_word' id='word_1_480' title='bbox 3578 2739 3594 2752; x_wconf 83' lang='lat'><strong>-</strong></span> 
     </span>
    </p>
   </div>
   <div class='ocr_carea' id='block_1_73' title="bbox 2009 2800 3586 2871">
    <p class='ocr_par' dir='ltr' id='par_1_73' title="bbox 2009 2800 3586 2871">
     <span class='ocr_line' id='line_1_73' title="bbox 2009 2800 3586 2871; baseline 0.001 -17"><span class='ocrx_word' id='word_1_481' title='bbox 2009 2800 2218 2869; x_wconf 86' lang='lat' dir='ltr'><strong>purales</strong></span> <span class='ocrx_word' id='word_1_482' title='bbox 2248 2803 2616 2867; x_wconf 86' lang='lat' dir='ltr'><strong>necessitates,</strong></span> <span class='ocrx_word' id='word_1_483' title='bbox 2644 2816 2971 2871; x_wconf 68' lang='lat' dir='ltr'><strong>quaecunque</strong></span> <span class='ocrx_word' id='word_1_484' title='bbox 2999 2813 3180 2870; x_wconf 75' lang='lat' dir='ltr'><strong>pastus</strong></span> <span class='ocrx_word' id='word_1_485' title='bbox 3205 2816 3389 2857; x_wconf 89' lang='lat' dir='ltr'><strong>eorum</strong></span> <span class='ocrx_word' id='word_1_486' title='bbox 3425 2810 3586 2871; x_wconf 81' lang='lat' dir='ltr'><strong>atque</strong></span> 
     </span>
    </p>
   </div>
   <div class='ocr_carea' id='block_1_74' title="bbox 2008 2892 3592 2962">
    <p class='ocr_par' dir='ltr' id='par_1_74' title="bbox 2008 2892 3592 2962">
     <span class='ocr_line' id='line_1_74' title="bbox 2008 2892 3592 2962; baseline 0.001 -17"><span class='ocrx_word' id='word_1_487' title='bbox 2008 2893 2231 2946; x_wconf 87' lang='lat' dir='ltr'><strong>vestitus</strong></span> <span class='ocrx_word' id='word_1_488' title='bbox 2259 2894 2397 2947; x_wconf 88' lang='lat' dir='ltr'><strong>ratio</strong></span> <span class='ocrx_word' id='word_1_489' title='bbox 2424 2894 2608 2962; x_wconf 80' lang='lat' dir='ltr'><strong>exigit,</strong></span> <span class='ocrx_word' id='word_1_490' title='bbox 2639 2895 2800 2948; x_wconf 86' lang='lat' dir='ltr'><strong>etiam</strong></span> <span class='ocrx_word' id='word_1_491' title='bbox 2843 2892 3215 2946; x_wconf 72' lang='lat' dir='ltr'><strong>minisuando.</strong></span> <span class='ocrx_word' id='word_1_492' title='bbox 3276 2892 3373 2947; x_wconf 85' lang='lat' dir='ltr'><strong>Est</strong></span> <span class='ocrx_word' id='word_1_493' title='bbox 3411 2901 3592 2947; x_wconf 89' lang='lat' dir='ltr'><strong>autem</strong></span> 
     </span>
    </p>
   </div>
   <div class='ocr_carea' id='block_1_75' title="bbox 2010 2984 3589 3053">
    <p class='ocr_par' dir='ltr' id='par_1_75' title="bbox 2010 2984 3589 3053">
     <span class='ocr_line' id='line_1_75' title="bbox 2010 2984 3589 3053; baseline -0.002 -15"><span class='ocrx_word' id='word_1_494' title='bbox 2010 2984 2137 3049; x_wconf 88' lang='lat' dir='ltr'><strong>ilhc,</strong></span> <span class='ocrx_word' id='word_1_495' title='bbox 2162 2985 2300 3052; x_wconf 90' lang='lat' dir='ltr'><strong>quod</strong></span> <span class='ocrx_word' id='word_1_496' title='bbox 2324 2990 2445 3040; x_wconf 85' lang='lat' dir='ltr'><strong>esse</strong></span> <span class='ocrx_word' id='word_1_497' title='bbox 2468 2986 2518 3039; x_wconf 92' lang='lat' dir='ltr'><strong>in</strong></span> <span class='ocrx_word' id='word_1_498' title='bbox 2538 2984 2828 3053; x_wconf 88' lang='lat' dir='ltr'><strong>majoribus</strong></span> <span class='ocrx_word' id='word_1_499' title='bbox 2853 2998 3061 3051; x_wconf 81' lang='lat' dir='ltr'><strong>semper</strong></span> <span class='ocrx_word' id='word_1_500' title='bbox 3082 2984 3391 3039; x_wconf 86' lang='lat' dir='ltr'><strong>civitatibus</strong></span> <span class='ocrx_word' id='word_1_501' title='bbox 3416 2984 3589 3038; x_wconf 85' lang='lat' dir='ltr'><strong>solet:</strong></span> 
     </span>
    </p>
   </div>
   <div class='ocr_carea' id='block_1_76' title="bbox 2010 3074 3595 3144">
    <p class='ocr_par' dir='ltr' id='par_1_76' title="bbox 2010 3074 3595 3144">
     <span class='ocr_line' id='line_1_76' title="bbox 2010 3074 3595 3144; baseline 0.003 -18"><span class='ocrx_word' id='word_1_502' title='bbox 2010 3074 2062 3127; x_wconf 91' lang='lat' dir='ltr'><strong>in</strong></span> <span class='ocrx_word' id='word_1_503' title='bbox 2086 3075 2294 3143; x_wconf 90' lang='lat' dir='ltr'><strong>porticu</strong></span> <span class='ocrx_word' id='word_1_504' title='bbox 2317 3090 2548 3144; x_wconf 85' lang='lat' dir='ltr'><strong>namque</strong></span> <span class='ocrx_word' id='word_1_505' title='bbox 2567 3075 2811 3131; x_wconf 72' lang='lat' dir='ltr'><strong>ecclesia:</strong></span> <span class='ocrx_word' id='word_1_506' title='bbox 2839 3075 3124 3129; x_wconf 84' lang='lat' dir='ltr'><strong>multitudo</strong></span> <span class='ocrx_word' id='word_1_507' title='bbox 3146 3089 3433 3144; x_wconf 86' lang='lat' dir='ltr'><strong>pauperum</strong></span> <span class='ocrx_word' id='word_1_508' title='bbox 3452 3076 3595 3144; x_wconf 88' lang='lat' dir='ltr'><strong>jacet</strong></span> 
     </span>
    </p>
   </div>
   <div class='ocr_carea' id='block_1_77' title="bbox 2008 3167 3594 3239">
    <p class='ocr_par' dir='ltr' id='par_1_77' title="bbox 2008 3167 3594 3239">
     <span class='ocr_line' id='line_1_77' title="bbox 2008 3167 3594 3239; baseline -0.001 -17"><span class='ocrx_word' id='word_1_509' title='bbox 2008 3175 2170 3237; x_wconf 85' lang='lat' dir='ltr'><strong>atque</strong></span> <span class='ocrx_word' id='word_1_510' title='bbox 2201 3167 2585 3239; x_wconf 86' lang='lat' dir='ltr'><strong>languentium,</strong></span> <span class='ocrx_word' id='word_1_511' title='bbox 2618 3182 2684 3223; x_wconf 78' lang='lat' dir='ltr'><strong>ex</strong></span> <span class='ocrx_word' id='word_1_512' title='bbox 2721 3168 3028 3238; x_wconf 78' lang='lat' dir='ltr'><strong>quibusalii</strong></span> <span class='ocrx_word' id='word_1_513' title='bbox 3056 3167 3271 3232; x_wconf 79' lang='lat' dir='ltr'><strong>quidem</strong></span> <span class='ocrx_word' id='word_1_514' title='bbox 3294 3168 3594 3238; x_wconf 88' lang='lat' dir='ltr'><strong>conjugati,</strong></span> 
     </span>
    </p>
   </div>
   <div class='ocr_carea' id='block_1_78' title="bbox 2016 3260 3208 3331">
    <p class='ocr_par' dir='ltr' id='par_1_78' title="bbox 2016 3260 3208 3331">
     <span class='ocr_line' id='line_1_78' title="bbox 2016 3260 3208 3331; baseline -0.001 -16"><span class='ocrx_word' id='word_1_515' title='bbox 2016 3261 2106 3316; x_wconf 91' lang='lat' dir='ltr'><strong>alii</strong></span> <span class='ocrx_word' id='word_1_516' title='bbox 2134 3276 2261 3316; x_wconf 89' lang='lat' dir='ltr'><strong>vero</strong></span> <span class='ocrx_word' id='word_1_517' title='bbox 2289 3261 2405 3317; x_wconf 89' lang='lat' dir='ltr'><strong>sine</strong></span> <span class='ocrx_word' id='word_1_518' title='bbox 2432 3260 2745 3331; x_wconf 86' lang='lat' dir='ltr'><strong>conjugibus</strong></span> <span class='ocrx_word' id='word_1_519' title='bbox 2772 3274 2892 3315; x_wconf 75' lang='lat' dir='ltr'><strong>esse</strong></span> <span class='ocrx_word' id='word_1_520' title='bbox 2915 3270 3208 3315; x_wconf 90' lang='lat' dir='ltr'><strong>noscuntur</strong></span> 
     </span>
    </p>
   </div>
   <div class='ocr_carea' id='block_1_79' title="bbox 2083 3348 3596 3421">
    <p class='ocr_par' dir='ltr' id='par_1_79' title="bbox 2083 3348 3596 3421">
     <span class='ocr_line' id='line_1_79' title="bbox 2083 3348 3596 3421; baseline -0.003 -14"><span class='ocrx_word' id='word_1_521' title='bbox 2083 3352 2317 3421; x_wconf 89' lang='lat' dir='ltr'><strong>Contigit</strong></span> <span class='ocrx_word' id='word_1_522' title='bbox 2342 3367 2443 3407; x_wconf 88' lang='lat' dir='ltr'><strong>una</strong></span> <span class='ocrx_word' id='word_1_523' title='bbox 2467 3353 2674 3407; x_wconf 88' lang='lat' dir='ltr'><strong>dierum</strong></span> <span class='ocrx_word' id='word_1_524' title='bbox 2714 3350 2902 3404; x_wconf 87' lang='lat' dir='ltr'><strong>hiemis</strong></span> <span class='ocrx_word' id='word_1_525' title='bbox 2925 3360 3187 3419; x_wconf 83' lang='lat' dir='ltr'><strong>tempore,</strong></span> <span class='ocrx_word' id='word_1_526' title='bbox 3215 3348 3358 3405; x_wconf 89' lang='lat' dir='ltr'><strong>horis</strong></span> <span class='ocrx_word' id='word_1_527' title='bbox 3386 3356 3596 3405; x_wconf 72' lang='lat' dir='ltr'><strong>noctur~</strong></span> 
     </span>
    </p>
   </div>
   <div class='ocr_carea' id='block_1_80' title="bbox 2014 3442 3623 3514">
    <p class='ocr_par' dir='ltr' id='par_1_80' title="bbox 2014 3442 3623 3514">
     <span class='ocr_line' id='line_1_80' title="bbox 2014 3442 3623 3514; baseline -0.003 -14"><span class='ocrx_word' id='word_1_528' title='bbox 2014 3444 2117 3511; x_wconf 89' lang='lat' dir='ltr'><strong>nis,</strong></span> <span class='ocrx_word' id='word_1_529' title='bbox 2147 3443 2322 3514; x_wconf 71' lang='lat' dir='ltr'><strong>urgeri</strong></span> <span class='ocrx_word' id='word_1_530' title='bbox 2349 3444 2636 3513; x_wconf 87' lang='lat' dir='ltr'><strong>quamdam</strong></span> <span class='ocrx_word' id='word_1_531' title='bbox 2664 3442 2941 3498; x_wconf 82' lang='lat' dir='ltr'><strong>mulierem</strong></span> <span class='ocrx_word' id='word_1_532' title='bbox 2965 3453 3144 3511; x_wconf 88' lang='lat' dir='ltr'><strong>partus</strong></span> <span class='ocrx_word' id='word_1_533' title='bbox 3169 3442 3454 3511; x_wconf 84' lang='lat' dir='ltr'><strong>angustiis;</strong></span> <span class='ocrx_word' id='word_1_534' title='bbox 3499 3443 3623 3503; x_wconf 89' lang='lat' dir='ltr'><strong>hac_</strong></span> 
     </span>
    </p>
   </div>
   <div class='ocr_carea' id='block_1_81' title="bbox 2015 3534 3597 3604">
    <p class='ocr_par' dir='ltr' id='par_1_81' title="bbox 2015 3534 3597 3604">
     <span class='ocr_line' id='line_1_81' title="bbox 2015 3534 3597 3604; baseline -0.001 -15"><span class='ocrx_word' id='word_1_535' title='bbox 2015 3551 2143 3591; x_wconf 89' lang='lat' dir='ltr'><strong>vero</strong></span> <span class='ocrx_word' id='word_1_536' title='bbox 2175 3551 2286 3604; x_wconf 64' lang='lat' dir='ltr'><strong>prae</strong></span> <span class='ocrx_word' id='word_1_537' title='bbox 2318 3535 2482 3590; x_wconf 80' lang='lat' dir='ltr'><strong>tiimia</strong></span> <span class='ocrx_word' id='word_1_538' title='bbox 2510 3534 2820 3589; x_wconf 89' lang='lat' dir='ltr'><strong>difﬁcultate</strong></span> <span class='ocrx_word' id='word_1_539' title='bbox 2847 3535 3114 3588; x_wconf 88' lang='lat' dir='ltr'><strong>stimulata</strong></span> <span class='ocrx_word' id='word_1_540' title='bbox 3135 3534 3409 3587; x_wconf 81' lang='lat' dir='ltr'><strong>doloribus</strong></span> <span class='ocrx_word' id='word_1_541' title='bbox 3436 3543 3597 3601; x_wconf 87' lang='lat' dir='ltr'><strong>atque</strong></span> 
     </span>
    </p>
   </div>
   <div class='ocr_carea' id='block_1_82' title="bbox 2016 3625 3598 3695">
    <p class='ocr_par' dir='ltr' id='par_1_82' title="bbox 2016 3625 3598 3695">
     <span class='ocr_line' id='line_1_82' title="bbox 2016 3625 3598 3695; baseline -0.004 -11"><span class='ocrx_word' id='word_1_542' title='bbox 2016 3630 2272 3695; x_wconf 87' lang='lat' dir='ltr'><strong>ululante,</strong></span> <span class='ocrx_word' id='word_1_543' title='bbox 2299 3637 2623 3682; x_wconf 88' lang='lat' dir='ltr'><strong>memoratus</strong></span> <span class='ocrx_word' id='word_1_544' title='bbox 2644 3629 2723 3682; x_wconf 92' lang='lat' dir='ltr'><strong>vir</strong></span> <span class='ocrx_word' id='word_1_545' title='bbox 2744 3626 3103 3693; x_wconf 84' lang='lat' dir='ltr'><strong>beatissimus,</strong></span> <span class='ocrx_word' id='word_1_546' title='bbox 3131 3625 3381 3680; x_wconf 86' lang='lat' dir='ltr'><strong>derelicta</strong></span> <span class='ocrx_word' id='word_1_547' title='bbox 3396 3626 3598 3679; x_wconf 90' lang='lat' dir='ltr'><strong>oratio-</strong></span> 
     </span>
    </p>
   </div>
   <div class='ocr_carea' id='block_1_83' title="bbox 2017 3716 3598 3791">
    <p class='ocr_par' dir='ltr' id='par_1_83' title="bbox 2017 3716 3598 3791">
     <span class='ocr_line' id='line_1_83' title="bbox 2017 3716 3598 3791; baseline -0.004 -16"><span class='ocrx_word' id='word_1_548' title='bbox 2017 3736 2103 3787; x_wconf 91' lang='lat' dir='ltr'><strong>ne,</strong></span> <span class='ocrx_word' id='word_1_549' title='bbox 2136 3736 2295 3791; x_wconf 90' lang='lat' dir='ltr'><strong>quam</strong></span> <span class='ocrx_word' id='word_1_550' title='bbox 2318 3722 2518 3788; x_wconf 88' lang='lat' dir='ltr'><strong>positus</strong></span> <span class='ocrx_word' id='word_1_551' title='bbox 2550 3729 2673 3774; x_wconf 91' lang='lat' dir='ltr'><strong>tunc</strong></span> <span class='ocrx_word' id='word_1_552' title='bbox 2702 3720 2754 3773; x_wconf 92' lang='lat' dir='ltr'><strong>in</strong></span> <span class='ocrx_word' id='word_1_553' title='bbox 2780 3717 3011 3773; x_wconf 83' lang='lat' dir='ltr'><strong>ecclesia</strong></span> <span class='ocrx_word' id='word_1_554' title='bbox 3035 3717 3347 3771; x_wconf 89' lang='lat' dir='ltr'><strong>solemniter</strong></span> <span class='ocrx_word' id='word_1_555' title='bbox 3367 3716 3598 3771; x_wconf 62' lang='lat' dir='ltr'><strong>celebra.</strong></span> 
     </span>
    </p>
   </div>
   <div class='ocr_carea' id='block_1_84' title="bbox 2020 3807 3595 3883">
    <p class='ocr_par' dir='ltr' id='par_1_84' title="bbox 2020 3807 3595 3883">
     <span class='ocr_line' id='line_1_84' title="bbox 2020 3807 3595 3883; baseline -0.004 -17"><span class='ocrx_word' id='word_1_556' title='bbox 2020 3813 2130 3878; x_wconf 87' lang='lat' dir='ltr'><strong>bat,</strong></span> <span class='ocrx_word' id='word_1_557' title='bbox 2164 3814 2466 3883; x_wconf 86' lang='lat' dir='ltr'><strong>egrediens,</strong></span> <span class='ocrx_word' id='word_1_558' title='bbox 2488 3811 2777 3879; x_wconf 89' lang='lat' dir='ltr'><strong>vidensque</strong></span> <span class='ocrx_word' id='word_1_559' title='bbox 2803 3810 2940 3878; x_wconf 89' lang='lat' dir='ltr'><strong>quod</strong></span> <span class='ocrx_word' id='word_1_560' title='bbox 2971 3808 3285 3863; x_wconf 72' lang='lat' dir='ltr'><strong>miserandae</strong></span> <span class='ocrx_word' id='word_1_561' title='bbox 3308 3807 3517 3861; x_wconf 90' lang='lat' dir='ltr'><strong>mulieri</strong></span> <span class='ocrx_word' id='word_1_562' title='bbox 3543 3808 3595 3860; x_wconf 92' lang='lat' dir='ltr'><strong>in</strong></span> 
     </span>
    </p>
   </div>
   <div class='ocr_carea' id='block_1_85' title="bbox 2020 3900 3597 3973">
    <p class='ocr_par' dir='ltr' id='par_1_85' title="bbox 2020 3900 3597 3973">
     <span class='ocr_line' id='line_1_85' title="bbox 2020 3900 3597 3973; baseline -0.003 -15"><span class='ocrx_word' id='word_1_563' title='bbox 2020 3905 2322 3973; x_wconf 88' lang='lat' dir='ltr'><strong>lmjusmodi</strong></span> <span class='ocrx_word' id='word_1_564' title='bbox 2371 3904 2555 3958; x_wconf 87' lang='lat' dir='ltr'><strong>dolore</strong></span> <span class='ocrx_word' id='word_1_565' title='bbox 2605 3903 2781 3957; x_wconf 90' lang='lat' dir='ltr'><strong>nullus</strong></span> <span class='ocrx_word' id='word_1_566' title='bbox 2836 3904 3132 3970; x_wconf 83' lang='lat' dir='ltr'><strong>assisteret,</strong></span> <span class='ocrx_word' id='word_1_567' title='bbox 3191 3900 3355 3956; x_wconf 89' lang='lat' dir='ltr'><strong>nimia</strong></span> <span class='ocrx_word' id='word_1_568' title='bbox 3403 3903 3597 3971; x_wconf 84' lang='lat' dir='ltr'><strong>pietate</strong></span> 
     </span>
    </p>
   </div>
   <div class='ocr_carea' id='block_1_86' title="bbox 2017 3994 3597 4065">
    <p class='ocr_par' dir='ltr' id='par_1_86' title="bbox 2017 3994 3597 4065">
     <span class='ocr_line' id='line_1_86' title="bbox 2017 3994 3597 4065; baseline -0.002 -13"><span class='ocrx_word' id='word_1_569' title='bbox 2017 4007 2316 4052; x_wconf 90' lang='lat' dir='ltr'><strong>commotus</strong></span> <span class='ocrx_word' id='word_1_570' title='bbox 2347 3996 2594 4062; x_wconf 83' lang='lat' dir='ltr'><strong>(horrore</strong></span> <span class='ocrx_word' id='word_1_571' title='bbox 2623 3995 2712 4050; x_wconf 87' lang='lat' dir='ltr'><strong>illo</strong></span> <span class='ocrx_word' id='word_1_572' title='bbox 2738 3996 2826 4065; x_wconf 91' lang='lat' dir='ltr'><strong>qui</strong></span> <span class='ocrx_word' id='word_1_573' title='bbox 2854 3994 3257 4064; x_wconf 88' lang='lat' dir='ltr'><strong>parturientium</strong></span> <span class='ocrx_word' id='word_1_574' title='bbox 3286 3994 3597 4051; x_wconf 79' lang='lat' dir='ltr'><strong>feminarum</strong></span> 
     </span>
    </p>
   </div>
   <div class='ocr_carea' id='block_1_87' title="bbox 2017 4086 3592 4157">
    <p class='ocr_par' dir='ltr' id='par_1_87' title="bbox 2017 4086 3592 4157">
     <span class='ocr_line' id='line_1_87' title="bbox 2017 4086 3592 4157; baseline -0.002 -14"><span class='ocrx_word' id='word_1_575' title='bbox 2017 4088 2455 4144; x_wconf 88' lang='lat' dir='ltr'><strong>consuetudinem</strong></span> <span class='ocrx_word' id='word_1_576' title='bbox 2483 4088 2745 4155; x_wconf 89' lang='lat' dir='ltr'><strong>sequitur,</strong></span> <span class='ocrx_word' id='word_1_577' title='bbox 2769 4086 3037 4157; x_wconf 85' lang='lat' dir='ltr'><strong>paulisper</strong></span> <span class='ocrx_word' id='word_1_578' title='bbox 3066 4086 3322 4157; x_wconf 88' lang='lat' dir='ltr'><strong>seposito)</strong></span> <span class='ocrx_word' id='word_1_579' title='bbox 3356 4086 3469 4156; x_wconf 86' lang='lat' dir='ltr'><strong>ipse</strong></span> <span class='ocrx_word' id='word_1_580' title='bbox 3491 4087 3592 4140; x_wconf 90' lang='lat' dir='ltr'><strong>mi-</strong></span> 
     </span>
    </p>
   </div>
   <div class='ocr_carea' id='block_1_88' title="bbox 2018 4180 3599 4252">
    <p class='ocr_par' dir='ltr' id='par_1_88' title="bbox 2018 4180 3599 4252">
     <span class='ocr_line' id='line_1_88' title="bbox 2018 4180 3599 4252; baseline -0.001 -13"><span class='ocrx_word' id='word_1_581' title='bbox 2018 4183 2295 4239; x_wconf 89' lang='lat' dir='ltr'><strong>nisterium</strong></span> <span class='ocrx_word' id='word_1_582' title='bbox 2324 4183 2629 4238; x_wconf 90' lang='lat' dir='ltr'><strong>obstetricis</strong></span> <span class='ocrx_word' id='word_1_583' title='bbox 2655 4181 2962 4252; x_wconf 89' lang='lat' dir='ltr'><strong>assumpsit,</strong></span> <span class='ocrx_word' id='word_1_584' title='bbox 2999 4196 3067 4236; x_wconf 92' lang='lat' dir='ltr'><strong>ne</strong></span> <span class='ocrx_word' id='word_1_585' title='bbox 3107 4180 3486 4237; x_wconf 75' lang='lat' dir='ltr'><strong>misericordiae</strong></span> <span class='ocrx_word' id='word_1_586' title='bbox 3507 4196 3599 4252; x_wconf 84' lang='lat' dir='ltr'><strong>ge-</strong></span> 
     </span>
    </p>
   </div>
   <div class='ocr_carea' id='block_1_89' title="bbox 2018 4275 2433 4331">
    <p class='ocr_par' dir='ltr' id='par_1_89' title="bbox 2018 4275 2433 4331">
     <span class='ocr_line' id='line_1_89' title="bbox 2018 4275 2433 4331; baseline -0.005 0"><span class='ocrx_word' id='word_1_587' title='bbox 2018 4291 2117 4331; x_wconf 88' lang='lat' dir='ltr'><strong>nus</strong></span> <span class='ocrx_word' id='word_1_588' title='bbox 2144 4275 2433 4331; x_wconf 88' lang='lat' dir='ltr'><strong>amitteret.</strong></span> 
     </span>
    </p>
   </div>
   <div class='ocr_carea' id='block_1_90' title="bbox 2086 4364 3597 4438">
    <p class='ocr_par' dir='ltr' id='par_1_90' title="bbox 2086 4364 3597 4438">
     <span class='ocr_line' id='line_1_90' title="bbox 2086 4364 3597 4438; baseline -0.004 -15"><span class='ocrx_word' id='word_1_589' title='bbox 2086 4367 2253 4438; x_wconf 87' lang='lat' dir='ltr'><strong>Cujus</strong></span> <span class='ocrx_word' id='word_1_590' title='bbox 2282 4369 2382 4423; x_wconf 89' lang='lat' dir='ltr'><strong>viri</strong></span> <span class='ocrx_word' id='word_1_591' title='bbox 2410 4369 2572 4423; x_wconf 81' lang='lat' dir='ltr'><strong>vestis</strong></span> <span class='ocrx_word' id='word_1_592' title='bbox 2592 4383 2692 4438; x_wconf 88' lang='lat' dir='ltr'><strong>qua</strong></span> <span class='ocrx_word' id='word_1_593' title='bbox 2716 4367 2970 4433; x_wconf 87' lang='lat' dir='ltr'><strong>induitur,</strong></span> <span class='ocrx_word' id='word_1_594' title='bbox 2997 4368 3198 4437; x_wconf 80' lang='lat' dir='ltr'><strong>abjecta</strong></span> <span class='ocrx_word' id='word_1_595' title='bbox 3226 4366 3383 4419; x_wconf 89' lang='lat' dir='ltr'><strong>nimis</strong></span> <span class='ocrx_word' id='word_1_596' title='bbox 3401 4374 3454 4419; x_wconf 89' lang='lat' dir='ltr'><strong>et</strong></span> <span class='ocrx_word' id='word_1_597' title='bbox 3477 4364 3597 4418; x_wconf 89' lang='lat' dir='ltr'><strong>vilis</strong></span> 
     </span>
    </p>
   </div>
   <div class='ocr_carea' id='block_1_91' title="bbox 2018 4456 3597 4527">
    <p class='ocr_par' dir='ltr' id='par_1_91' title="bbox 2018 4456 3597 4527">
     <span class='ocr_line' id='line_1_91' title="bbox 2018 4456 3597 4527; baseline -0.004 -13"><span class='ocrx_word' id='word_1_598' title='bbox 2018 4468 2118 4525; x_wconf 88' lang='lat' dir='ltr'><strong>est,</strong></span> <span class='ocrx_word' id='word_1_599' title='bbox 2175 4474 2298 4515; x_wconf 86' lang='lat' dir='ltr'><strong>esca</strong></span> <span class='ocrx_word' id='word_1_600' title='bbox 2323 4474 2450 4513; x_wconf 89' lang='lat' dir='ltr'><strong>vero</strong></span> <span class='ocrx_word' id='word_1_601' title='bbox 2500 4460 2753 4527; x_wconf 87' lang='lat' dir='ltr'><strong>castigata</strong></span> <span class='ocrx_word' id='word_1_602' title='bbox 2794 4458 3137 4513; x_wconf 88' lang='lat' dir='ltr'><strong>vehementer</strong></span> <span class='ocrx_word' id='word_1_603' title='bbox 3174 4468 3224 4509; x_wconf 87' lang='lat' dir='ltr'><strong>et</strong></span> <span class='ocrx_word' id='word_1_604' title='bbox 3274 4469 3451 4524; x_wconf 90' lang='lat' dir='ltr'><strong>parca.</strong></span> <span class='ocrx_word' id='word_1_605' title='bbox 3496 4456 3597 4521; x_wconf 82' lang='lat' dir='ltr'><strong>Qui</strong></span> 
     </span>
    </p>
   </div>
   <div class='ocr_carea' id='block_1_92' title="bbox 2019 4548 3598 4619">
    <p class='ocr_par' dir='ltr' id='par_1_92' title="bbox 2019 4548 3598 4619">
     <span class='ocr_line' id='line_1_92' title="bbox 2019 4548 3598 4619; baseline -0.002 -13"><span class='ocrx_word' id='word_1_606' title='bbox 2019 4561 2167 4606; x_wconf 87' lang='lat' dir='ltr'><strong>tanto</strong></span> <span class='ocrx_word' id='word_1_607' title='bbox 2197 4552 2538 4606; x_wconf 86' lang='lat' dir='ltr'><strong>humanitatis</strong></span> <span class='ocrx_word' id='word_1_608' title='bbox 2568 4552 2827 4605; x_wconf 79' lang='lat' dir='ltr'><strong>retinetur</strong></span> <span class='ocrx_word' id='word_1_609' title='bbox 2854 4552 3064 4615; x_wconf 79' lang='lat' dir='ltr'><strong>aHeclu,</strong></span> <span class='ocrx_word' id='word_1_610' title='bbox 3098 4558 3153 4604; x_wconf 89' lang='lat' dir='ltr'><strong>ut</strong></span> <span class='ocrx_word' id='word_1_611' title='bbox 3194 4552 3305 4619; x_wconf 65' lang='lat' dir='ltr'><strong>prae</strong></span> <span class='ocrx_word' id='word_1_612' title='bbox 3330 4548 3598 4604; x_wconf 90' lang='lat' dir='ltr'><strong>desiderio</strong></span> 
     </span>
    </p>
   </div>
   <div class='ocr_carea' id='block_1_93' title="bbox 331 4622 3596 4714">
    <p class='ocr_par' dir='ltr' id='par_1_93' title="bbox 331 4622 3596 4714">
     <span class='ocr_line' id='line_1_93' title="bbox 331 4622 3596 4714; baseline 0.003 -27"><span class='ocrx_word' id='word_1_613' title='bbox 331 4647 548 4702; x_wconf 87' lang='lat' dir='ltr'><strong>semper</strong></span> <span class='ocrx_word' id='word_1_614' title='bbox 577 4634 738 4687; x_wconf 88' lang='lat' dir='ltr'><strong>variis</strong></span> <span class='ocrx_word' id='word_1_615' title='bbox 766 4635 935 4688; x_wconf 90' lang='lat' dir='ltr'><strong>modis</strong></span> <span class='ocrx_word' id='word_1_616' title='bbox 965 4646 1218 4705; x_wconf 71' lang='lat' dir='ltr'><strong>mgrolam</strong></span> <span class='ocrx_word' id='word_1_617' title='bbox 1244 4651 1303 4691; x_wconf 91' lang='lat' dir='ltr'><strong>se</strong></span> <span class='ocrx_word' id='word_1_618' title='bbox 1331 4637 1608 4703; x_wconf 90' lang='lat' dir='ltr'><strong>simulans,</strong></span> <span class='ocrx_word' id='word_1_619' title='bbox 1631 4639 1909 4708; x_wconf 85' lang='lat' dir='ltr'><strong>conjugem</strong></span> <span class='ocrx_word' id='word_1_620' title='bbox 1943 4622 1992 4683; x_wconf 83' lang='lat' dir='ltr'><strong>D</strong></span> <span class='ocrx_word' id='word_1_621' title='bbox 2019 4643 2178 4710; x_wconf 77' lang='lat' dir='ltr'><strong>hujus</strong></span> <span class='ocrx_word' id='word_1_622' title='bbox 2204 4645 2380 4714; x_wconf 90' lang='lat' dir='ltr'><strong>operis</strong></span> <span class='ocrx_word' id='word_1_623' title='bbox 2402 4643 2601 4697; x_wconf 89' lang='lat' dir='ltr'><strong>nullum</strong></span> <span class='ocrx_word' id='word_1_624' title='bbox 2631 4642 2826 4698; x_wconf 89' lang='lat' dir='ltr'><strong>habeat</strong></span> <span class='ocrx_word' id='word_1_625' title='bbox 2847 4642 3079 4697; x_wconf 88' lang='lat' dir='ltr'><strong>studium</strong></span> <span class='ocrx_word' id='word_1_626' title='bbox 3102 4642 3364 4697; x_wconf 89' lang='lat' dir='ltr'><strong>lectionis.</strong></span> <span class='ocrx_word' id='word_1_627' title='bbox 3398 4641 3527 4697; x_wconf 79' lang='lat' dir='ltr'><strong>Nam</strong></span> <span class='ocrx_word' id='word_1_628' title='bbox 3551 4644 3596 4696; x_wconf 90' lang='lat' dir='ltr'><strong>si</strong></span> 
     </span>
    </p>
   </div>
   <div class='ocr_carea' id='block_1_94' title="bbox 332 4722 1913 4801">
    <p class='ocr_par' dir='ltr' id='par_1_94' title="bbox 332 4722 1913 4801">
     <span class='ocr_line' id='line_1_94' title="bbox 332 4722 1913 4801; baseline 0.005 -23"><span class='ocrx_word' id='word_1_629' title='bbox 332 4738 488 4778; x_wconf 85' lang='lat' dir='ltr'><strong>suum</strong></span> <span class='ocrx_word' id='word_1_630' title='bbox 539 4722 747 4790; x_wconf 87' lang='lat' dir='ltr'><strong>fefellit,</strong></span> <span class='ocrx_word' id='word_1_631' title='bbox 798 4739 862 4779; x_wconf 88' lang='lat' dir='ltr'><strong>ac</strong></span> <span class='ocrx_word' id='word_1_632' title='bbox 909 4726 1134 4794; x_wconf 85' lang='lat' dir='ltr'><strong>distulit,</strong></span> <span class='ocrx_word' id='word_1_633' title='bbox 1166 4736 1221 4781; x_wconf 88' lang='lat' dir='ltr'><strong>ut</strong></span> <span class='ocrx_word' id='word_1_634' title='bbox 1249 4743 1377 4797; x_wconf 88' lang='lat' dir='ltr'><strong>pura</strong></span> <span class='ocrx_word' id='word_1_635' title='bbox 1407 4736 1566 4799; x_wconf 88' lang='lat' dir='ltr'><strong>atque</strong></span> <span class='ocrx_word' id='word_1_636' title='bbox 1597 4730 1791 4785; x_wconf 86' lang='lat' dir='ltr'><strong>intacta</strong></span> <span class='ocrx_word' id='word_1_637' title='bbox 1830 4731 1913 4801; x_wconf 91' lang='lat' dir='ltr'><strong>(ut</strong></span> 
     </span>
    </p>
   </div>
   <div class='ocr_carea' id='block_1_95' title="bbox 332 4817 931 4893">
    <p class='ocr_par' dir='ltr' id='par_1_95' title="bbox 332 4817 931 4893">
     <span class='ocr_line' id='line_1_95' title="bbox 332 4817 931 4893; baseline 0.003 -21"><span class='ocrx_word' id='word_1_638' title='bbox 332 4817 548 4893; x_wconf 80' lang='lat' dir='ltr'><strong>dicitur)</strong></span> <span class='ocrx_word' id='word_1_639' title='bbox 575 4828 931 4886; x_wconf 85' lang='lat' dir='ltr'><strong>permaneret.</strong></span> 
     </span>
    </p>
   </div>
   <div class='ocr_carea' id='block_1_96' title="bbox 402 4908 1908 4980">
    <p class='ocr_par' dir='ltr' id='par_1_96' title="bbox 402 4908 1908 4980">
     <span class='ocr_line' id='line_1_96' title="bbox 402 4908 1908 4980; baseline 0.007 -21"><span class='ocrx_word' id='word_1_640' title='bbox 402 4908 533 4974; x_wconf 70' lang='lat' dir='ltr'><strong>Qum</strong></span> <span class='ocrx_word' id='word_1_641' title='bbox 554 4908 846 4977; x_wconf 86' lang='lat' dir='ltr'><strong>postbreve</strong></span> <span class='ocrx_word' id='word_1_642' title='bbox 869 4909 1154 4963; x_wconf 87' lang='lat' dir='ltr'><strong>admodum</strong></span> <span class='ocrx_word' id='word_1_643' title='bbox 1179 4922 1402 4980; x_wconf 84' lang='lat' dir='ltr'><strong>tempus,</strong></span> <span class='ocrx_word' id='word_1_644' title='bbox 1422 4914 1675 4967; x_wconf 82' lang='lat' dir='ltr'><strong>defuncto</strong></span> <span class='ocrx_word' id='word_1_645' title='bbox 1698 4916 1908 4980; x_wconf 76' lang='lat' dir='ltr'><strong>marito,</strong></span> 
     </span>
    </p>
   </div>
   <div class='ocr_carea' id='block_1_97' title="bbox 331 5000 1912 5071">
    <p class='ocr_par' dir='ltr' id='par_1_97' title="bbox 331 5000 1912 5071">
     <span class='ocr_line' id='line_1_97' title="bbox 331 5000 1912 5071; baseline 0.004 -14"><span class='ocrx_word' id='word_1_646' title='bbox 331 5008 642 5057; x_wconf 85' lang='lat' dir='ltr'><strong>cunctarum</strong></span> <span class='ocrx_word' id='word_1_647' title='bbox 674 5000 981 5055; x_wconf 82' lang='lat' dir='ltr'><strong>facultatum</strong></span> <span class='ocrx_word' id='word_1_648' title='bbox 1004 5003 1215 5057; x_wconf 92' lang='lat' dir='ltr'><strong>domina</strong></span> <span class='ocrx_word' id='word_1_649' title='bbox 1239 5004 1400 5058; x_wconf 92' lang='lat' dir='ltr'><strong>simul</strong></span> <span class='ocrx_word' id='word_1_650' title='bbox 1420 5006 1629 5071; x_wconf 74' lang='lat' dir='ltr'><strong>effecta,</strong></span> <span class='ocrx_word' id='word_1_651' title='bbox 1663 5015 1824 5061; x_wconf 88' lang='lat' dir='ltr'><strong>totam</strong></span> <span class='ocrx_word' id='word_1_652' title='bbox 1853 5024 1912 5064; x_wconf 88' lang='lat' dir='ltr'><strong>se</strong></span> 
     </span>
    </p>
   </div>
   <div class='ocr_carea' id='block_1_98' title="bbox 331 5090 1910 5164">
    <p class='ocr_par' dir='ltr' id='par_1_98' title="bbox 331 5090 1910 5164">
     <span class='ocr_line' id='line_1_98' title="bbox 331 5090 1910 5164; baseline 0.007 -22"><span class='ocrx_word' id='word_1_653' title='bbox 331 5091 545 5159; x_wconf 87' lang='lat' dir='ltr'><strong>penitus</strong></span> <span class='ocrx_word' id='word_1_654' title='bbox 572 5092 638 5144; x_wconf 88' lang='lat' dir='ltr'><strong>ad</strong></span> <span class='ocrx_word' id='word_1_655' title='bbox 667 5090 831 5145; x_wconf 88' lang='lat' dir='ltr'><strong>Deum</strong></span> <span class='ocrx_word' id='word_1_656' title='bbox 855 5094 1099 5158; x_wconf 89' lang='lat' dir='ltr'><strong>contulit,</strong></span> <span class='ocrx_word' id='word_1_657' title='bbox 1132 5096 1234 5149; x_wconf 89' lang='lat' dir='ltr'><strong>sub</strong></span> <span class='ocrx_word' id='word_1_658' title='bbox 1260 5095 1532 5164; x_wconf 80' lang='lat' dir='ltr'><strong>proposito</strong></span> <span class='ocrx_word' id='word_1_659' title='bbox 1561 5111 1623 5149; x_wconf 92' lang='lat' dir='ltr'><strong>ac</strong></span> <span class='ocrx_word' id='word_1_660' title='bbox 1650 5097 1757 5151; x_wconf 76' lang='lat' dir='ltr'><strong>vita</strong></span> <span class='ocrx_word' id='word_1_661' title='bbox 1790 5116 1910 5154; x_wconf 88' lang='lat' dir='ltr'><strong>mo-</strong></span> 
     </span>
    </p>
   </div>
   <div class='ocr_carea' id='block_1_99' title="bbox 330 5184 1908 5262">
    <p class='ocr_par' dir='ltr' id='par_1_99' title="bbox 330 5184 1908 5262">
     <span class='ocr_line' id='line_1_99' title="bbox 330 5184 1908 5262; baseline 0.006 -25"><span class='ocrx_word' id='word_1_662' title='bbox 330 5184 650 5249; x_wconf 87' lang='lat' dir='ltr'><strong>nachorum,</strong></span> <span class='ocrx_word' id='word_1_663' title='bbox 682 5186 956 5240; x_wconf 84' lang='lat' dir='ltr'><strong>honestam</strong></span> <span class='ocrx_word' id='word_1_664' title='bbox 987 5188 1217 5256; x_wconf 84' lang='lat' dir='ltr'><strong>propriae</strong></span> <span class='ocrx_word' id='word_1_665' title='bbox 1261 5190 1451 5243; x_wconf 85' lang='lat' dir='ltr'><strong>domus</strong></span> <span class='ocrx_word' id='word_1_666' title='bbox 1480 5205 1662 5244; x_wconf 88' lang='lat' dir='ltr'><strong>curam</strong></span> <span class='ocrx_word' id='word_1_667' title='bbox 1694 5206 1908 5262; x_wconf 84' lang='lat' dir='ltr'><strong>gerens.</strong></span> 
     </span>
    </p>
   </div>
   <div class='ocr_carea' id='block_1_100' title="bbox 330 5276 1912 5351">
    <p class='ocr_par' dir='ltr' id='par_1_100' title="bbox 330 5276 1912 5351">
     <span class='ocr_line' id='line_1_100' title="bbox 330 5276 1912 5351; baseline 0.004 -18"><span class='ocrx_word' id='word_1_668' title='bbox 330 5276 499 5346; x_wconf 81' lang='lat' dir='ltr'><strong>Cujus</strong></span> <span class='ocrx_word' id='word_1_669' title='bbox 546 5278 756 5349; x_wconf 87' lang='lat' dir='ltr'><strong>quoties</strong></span> <span class='ocrx_word' id='word_1_670' title='bbox 783 5278 883 5333; x_wconf 91' lang='lat' dir='ltr'><strong>hoc</strong></span> <span class='ocrx_word' id='word_1_671' title='bbox 924 5280 1058 5334; x_wconf 89' lang='lat' dir='ltr'><strong>ratio</strong></span> <span class='ocrx_word' id='word_1_672' title='bbox 1085 5281 1167 5335; x_wconf 91' lang='lat' dir='ltr'><strong>vel</strong></span> <span class='ocrx_word' id='word_1_673' title='bbox 1214 5281 1547 5336; x_wconf 76' lang='lat' dir='ltr'><strong>neceSsitatis</strong></span> <span class='ocrx_word' id='word_1_674' title='bbox 1595 5284 1912 5351; x_wconf 89' lang='lat' dir='ltr'><strong>postulasset</strong></span> 
     </span>
    </p>
   </div>
   <div class='ocr_carea' id='block_1_101' title="bbox 325 5372 1906 5443">
    <p class='ocr_par' dir='ltr' id='par_1_101' title="bbox 325 5372 1906 5443">
     <span class='ocr_line' id='line_1_101' title="bbox 325 5372 1906 5443; baseline 0.004 -18"><span class='ocrx_word' id='word_1_675' title='bbox 325 5384 514 5436; x_wconf 85' lang='lat' dir='ltr'><strong>causa,</strong></span> <span class='ocrx_word' id='word_1_676' title='bbox 545 5380 727 5425; x_wconf 85' lang='lat' dir='ltr'><strong>castus</strong></span> <span class='ocrx_word' id='word_1_677' title='bbox 742 5372 880 5440; x_wconf 89' lang='lat' dir='ltr'><strong>apud</strong></span> <span class='ocrx_word' id='word_1_678' title='bbox 904 5386 1089 5425; x_wconf 88' lang='lat' dir='ltr'><strong>omnes</strong></span> <span class='ocrx_word' id='word_1_679' title='bbox 1105 5381 1159 5427; x_wconf 88' lang='lat' dir='ltr'><strong>et</strong></span> <span class='ocrx_word' id='word_1_680' title='bbox 1174 5387 1351 5428; x_wconf 88' lang='lat' dir='ltr'><strong>sermo</strong></span> <span class='ocrx_word' id='word_1_681' title='bbox 1367 5385 1417 5429; x_wconf 92' lang='lat' dir='ltr'><strong>et</strong></span> <span class='ocrx_word' id='word_1_682' title='bbox 1438 5384 1753 5443; x_wconf 88' lang='lat' dir='ltr'><strong>conspectus</strong></span> <span class='ocrx_word' id='word_1_683' title='bbox 1774 5388 1906 5432; x_wconf 90' lang='lat' dir='ltr'><strong>erat.</strong></span> 
     </span>
    </p>
   </div>
   <div class='ocr_carea' id='block_1_102' title="bbox 326 5447 1910 5537">
    <p class='ocr_par' dir='ltr' id='par_1_102' title="bbox 326 5447 1910 5537">
     <span class='ocr_line' id='line_1_102' title="bbox 326 5447 1910 5537; baseline 0.004 -19"><span class='ocrx_word' id='word_1_684' title='bbox 326 5461 404 5518; x_wconf 81' lang='lat' dir='ltr'><strong>Ut</strong></span> <span class='ocrx_word' id='word_1_685' title='bbox 426 5447 541 5516; x_wconf 85' lang='lat' dir='ltr'><strong>eam</strong></span> <span class='ocrx_word' id='word_1_686' title='bbox 572 5470 788 5532; x_wconf 87' lang='lat' dir='ltr'><strong>propter</strong></span> <span class='ocrx_word' id='word_1_687' title='bbox 830 5464 1103 5518; x_wconf 69' lang='lat' dir='ltr'><strong>immensae</strong></span> <span class='ocrx_word' id='word_1_688' title='bbox 1149 5466 1396 5520; x_wconf 90' lang='lat' dir='ltr'><strong>meritum</strong></span> <span class='ocrx_word' id='word_1_689' title='bbox 1428 5467 1742 5533; x_wconf 88' lang='lat' dir='ltr'><strong>sanctitatis,</strong></span> <span class='ocrx_word' id='word_1_690' title='bbox 1791 5469 1910 5537; x_wconf 77' lang='lat' dir='ltr'><strong>epi-</strong></span> 
     </span>
    </p>
   </div>
   <div class='ocr_carea' id='block_1_103' title="bbox 323 5553 1911 5629">
    <p class='ocr_par' dir='ltr' id='par_1_103' title="bbox 323 5553 1911 5629">
     <span class='ocr_line' id='line_1_103' title="bbox 323 5553 1911 5629; baseline 0.006 -21"><span class='ocrx_word' id='word_1_691' title='bbox 323 5553 477 5623; x_wconf 88' lang='lat' dir='ltr'><strong>scopi</strong></span> <span class='ocrx_word' id='word_1_692' title='bbox 509 5570 718 5624; x_wconf 88' lang='lat' dir='ltr'><strong>quoque</strong></span> <span class='ocrx_word' id='word_1_693' title='bbox 746 5556 976 5610; x_wconf 89' lang='lat' dir='ltr'><strong>revereri</strong></span> <span class='ocrx_word' id='word_1_694' title='bbox 1002 5563 1171 5626; x_wconf 77' lang='lat' dir='ltr'><strong>atque</strong></span> <span class='ocrx_word' id='word_1_695' title='bbox 1188 5557 1505 5615; x_wconf 88' lang='lat' dir='ltr'><strong>erubescere</strong></span> <span class='ocrx_word' id='word_1_696' title='bbox 1530 5573 1745 5629; x_wconf 88' lang='lat' dir='ltr'><strong>semper</strong></span> <span class='ocrx_word' id='word_1_697' title='bbox 1770 5560 1911 5617; x_wconf 85' lang='lat' dir='ltr'><strong>sole-</strong></span> 
     </span>
    </p>
   </div>
   <div class='ocr_carea' id='block_1_104' title="bbox 321 5655 470 5702">
    <p class='ocr_par' dir='ltr' id='par_1_104' title="bbox 321 5655 470 5702">
     <span class='ocr_line' id='line_1_104' title="bbox 321 5655 470 5702; baseline 0.007 -1"><span class='ocrx_word' id='word_1_698' title='bbox 321 5655 470 5702; x_wconf 87' lang='lat' dir='ltr'><strong>rent.</strong></span> 
     </span>
    </p>
   </div>
   <div class='ocr_carea' id='block_1_105' title="bbox 401 5736 1911 5809">
    <p class='ocr_par' dir='ltr' id='par_1_105' title="bbox 401 5736 1911 5809">
     <span class='ocr_line' id='line_1_105' title="bbox 401 5736 1911 5809; baseline 0.007 -17"><span class='ocrx_word' id='word_1_699' title='bbox 401 5737 592 5792; x_wconf 84' lang='lat' dir='ltr'><strong>Omnia</strong></span> <span class='ocrx_word' id='word_1_700' title='bbox 642 5736 755 5793; x_wconf 83' lang='lat' dir='ltr'><strong>ba-c</strong></span> <span class='ocrx_word' id='word_1_701' title='bbox 806 5739 1137 5808; x_wconf 86' lang='lat' dir='ltr'><strong>propriarum</strong></span> <span class='ocrx_word' id='word_1_702' title='bbox 1187 5741 1453 5809; x_wconf 72' lang='lat' dir='ltr'><strong>superﬂua</strong></span> <span class='ocrx_word' id='word_1_703' title='bbox 1507 5742 1816 5801; x_wconf 82' lang='lat' dir='ltr'><strong>facultatum</strong></span> <span class='ocrx_word' id='word_1_704' title='bbox 1862 5747 1911 5801; x_wconf 92' lang='lat' dir='ltr'><strong>in</strong></span> 
     </span>
    </p>
   </div>
   <div class='ocr_carea' id='block_1_106' title="bbox 400 5849 1534 5921">
    <p class='ocr_par' dir='ltr' id='par_1_106' title="bbox 400 5849 1534 5921">
     <span class='ocr_line' id='line_1_106' title="bbox 400 5849 1534 5921; baseline 0.003 -17"><span class='ocrx_word' id='word_1_705' title='bbox 400 5850 417 5882; x_wconf 83' lang='grc'><strong><em>⁸</em></strong></span> <span class='ocrx_word' id='word_1_706' title='bbox 450 5849 709 5916; x_wconf 83' lang='lat' dir='ltr'><strong>Palladio,</strong></span> <span class='ocrx_word' id='word_1_707' title='bbox 738 5865 854 5921; x_wconf 83' lang='lat' dir='ltr'><strong>cap.</strong></span> <span class='ocrx_word' id='word_1_708' title='bbox 894 5850 1015 5917; x_wconf 71' lang='grc'><strong>113,</strong></span> <span class='ocrx_word' id='word_1_709' title='bbox 1049 5851 1241 5909; x_wconf 84' lang='lat' dir='ltr'><strong>dicitur</strong></span> <span class='ocrx_word' id='word_1_710' title='bbox 1271 5850 1534 5916; x_wconf 80' lang='lat' dir='ltr'><strong>Eleeman.</strong></span> 
     </span>
    </p>
   </div>
   <div class='ocr_carea' id='block_1_107' title="bbox 2017 4732 3599 4804">
    <p class='ocr_par' dir='ltr' id='par_1_107' title="bbox 2017 4732 3599 4804">
     <span class='ocr_line' id='line_1_107' title="bbox 2017 4732 3599 4804; baseline -0.002 -13"><span class='ocrx_word' id='word_1_711' title='bbox 2017 4737 2138 4804; x_wconf 90' lang='lat' dir='ltr'><strong>quis</strong></span> <span class='ocrx_word' id='word_1_712' title='bbox 2163 4738 2211 4790; x_wconf 91' lang='lat' dir='ltr'><strong>ei</strong></span> <span class='ocrx_word' id='word_1_713' title='bbox 2230 4752 2294 4791; x_wconf 80' lang='lat' dir='ltr'><strong>ex</strong></span> <span class='ocrx_word' id='word_1_714' title='bbox 2318 4734 2570 4790; x_wconf 85' lang='lat' dir='ltr'><strong>fratribus</strong></span> <span class='ocrx_word' id='word_1_715' title='bbox 2588 4734 2863 4790; x_wconf 88' lang='lat' dir='ltr'><strong>donaverit</strong></span> <span class='ocrx_word' id='word_1_716' title='bbox 2888 4732 3159 4799; x_wconf 87' lang='lat' dir='ltr'><strong>Codicem,</strong></span> <span class='ocrx_word' id='word_1_717' title='bbox 3183 4734 3437 4787; x_wconf 89' lang='lat' dir='ltr'><strong>continuo</strong></span> <span class='ocrx_word' id='word_1_718' title='bbox 3458 4734 3599 4788; x_wconf 92' lang='lat' dir='ltr'><strong>hunc</strong></span> 
     </span>
    </p>
   </div>
   <div class='ocr_carea' id='block_1_108' title="bbox 2018 4826 3599 4896">
    <p class='ocr_par' dir='ltr' id='par_1_108' title="bbox 2018 4826 3599 4896">
     <span class='ocr_line' id='line_1_108' title="bbox 2018 4826 3599 4896; baseline 0 -15"><span class='ocrx_word' id='word_1_719' title='bbox 2018 4828 2250 4883; x_wconf 87' lang='lat' dir='ltr'><strong>vendere</strong></span> <span class='ocrx_word' id='word_1_720' title='bbox 2279 4827 2576 4882; x_wconf 88' lang='lat' dir='ltr'><strong>consuevit.</strong></span> <span class='ocrx_word' id='word_1_721' title='bbox 2606 4829 2643 4880; x_wconf 80' lang='grc' dir='ltr'><strong>Α</strong></span> <span class='ocrx_word' id='word_1_722' title='bbox 2669 4842 2773 4895; x_wconf 94' lang='lat' dir='ltr'><strong>quo</strong></span> <span class='ocrx_word' id='word_1_723' title='bbox 2800 4827 2927 4880; x_wconf 90' lang='lat' dir='ltr'><strong>dum</strong></span> <span class='ocrx_word' id='word_1_724' title='bbox 2953 4826 3163 4896; x_wconf 89' lang='lat' dir='ltr'><strong>quidam</strong></span> <span class='ocrx_word' id='word_1_725' title='bbox 3191 4841 3405 4880; x_wconf 87' lang='lat' dir='ltr'><strong>causam</strong></span> <span class='ocrx_word' id='word_1_726' title='bbox 3434 4842 3599 4895; x_wconf 88' lang='lat' dir='ltr'><strong>quare</strong></span> 
     </span>
    </p>
   </div>
   <div class='ocr_carea' id='block_1_109' title="bbox 2018 4917 3601 4991">
    <p class='ocr_par' dir='ltr' id='par_1_109' title="bbox 2018 4917 3601 4991">
     <span class='ocr_line' id='line_1_109' title="bbox 2018 4917 3601 4991; baseline -0.001 -16"><span class='ocrx_word' id='word_1_727' title='bbox 2018 4920 2071 4975; x_wconf 91' lang='lat' dir='ltr'><strong>id</strong></span> <span class='ocrx_word' id='word_1_728' title='bbox 2103 4920 2321 4988; x_wconf 89' lang='lat' dir='ltr'><strong>faceret,</strong></span> <span class='ocrx_word' id='word_1_729' title='bbox 2356 4920 2695 4991; x_wconf 89' lang='lat' dir='ltr'><strong>postulasset,</strong></span> <span class='ocrx_word' id='word_1_730' title='bbox 2729 4920 2801 4973; x_wconf 89' lang='lat' dir='ltr'><strong>ita</strong></span> <span class='ocrx_word' id='word_1_731' title='bbox 2830 4918 3105 4987; x_wconf 88' lang='lat' dir='ltr'><strong>respondit</strong></span> <span class='ocrx_word' id='word_1_732' title='bbox 3136 4935 3149 4972; x_wconf 93' lang='lat'><strong>:</strong></span> <span class='ocrx_word' id='word_1_733' title='bbox 3183 4917 3333 4974; x_wconf 89' lang='lat' dir='ltr'><strong>Unde</strong></span> <span class='ocrx_word' id='word_1_734' title='bbox 3362 4919 3601 4989; x_wconf 88' lang='lat' dir='ltr'><strong>probabo</strong></span> 
     </span>
    </p>
   </div>
   <div class='ocr_carea' id='block_1_110' title="bbox 2017 5010 3597 5085">
    <p class='ocr_par' dir='ltr' id='par_1_110' title="bbox 2017 5010 3597 5085">
     <span class='ocr_line' id='line_1_110' title="bbox 2017 5010 3597 5085; baseline -0.002 -16"><span class='ocrx_word' id='word_1_735' title='bbox 2017 5014 2274 5085; x_wconf 80' lang='lat' dir='ltr'><strong>magistro</strong></span> <span class='ocrx_word' id='word_1_736' title='bbox 2303 5029 2441 5078; x_wconf 86' lang='lat' dir='ltr'><strong>meo,</strong></span> <span class='ocrx_word' id='word_1_737' title='bbox 2475 5013 2615 5083; x_wconf 89' lang='lat' dir='ltr'><strong>quod</strong></span> <span class='ocrx_word' id='word_1_738' title='bbox 2642 5013 2757 5079; x_wconf 88' lang='lat' dir='ltr'><strong>ejus</strong></span> <span class='ocrx_word' id='word_1_739' title='bbox 2794 5020 2961 5066; x_wconf 88' lang='lat' dir='ltr'><strong>artem</strong></span> <span class='ocrx_word' id='word_1_740' title='bbox 2987 5010 3269 5081; x_wconf 89' lang='lat' dir='ltr'><strong>diligenter</strong></span> <span class='ocrx_word' id='word_1_741' title='bbox 3295 5012 3597 5080; x_wconf 87' lang='lat' dir='ltr'><strong>didicerim,</strong></span> 
     </span>
    </p>
   </div>
   <div class='ocr_carea' id='block_1_111' title="bbox 2019 5102 3599 5174">
    <p class='ocr_par' dir='ltr' id='par_1_111' title="bbox 2019 5102 3599 5174">
     <span class='ocr_line' id='line_1_111' title="bbox 2019 5102 3599 5174; baseline -0.001 -13"><span class='ocrx_word' id='word_1_742' title='bbox 2019 5105 2121 5160; x_wconf 91' lang='lat' dir='ltr'><strong>nisi</strong></span> <span class='ocrx_word' id='word_1_743' title='bbox 2150 5104 2417 5160; x_wconf 89' lang='lat' dir='ltr'><strong>distractis</strong></span> <span class='ocrx_word' id='word_1_744' title='bbox 2444 5107 2607 5174; x_wconf 85' lang='lat' dir='ltr'><strong>ipsius</strong></span> <span class='ocrx_word' id='word_1_745' title='bbox 2628 5102 2933 5169; x_wconf 88' lang='lat' dir='ltr'><strong>Codicibus,</strong></span> <span class='ocrx_word' id='word_1_746' title='bbox 2966 5103 3094 5157; x_wconf 86' lang='lat' dir='ltr'><strong>artis</strong></span> <span class='ocrx_word' id='word_1_747' title='bbox 3120 5107 3422 5160; x_wconf 83' lang='lat' dir='ltr'><strong>necessaria</strong></span> <span class='ocrx_word' id='word_1_748' title='bbox 3468 5106 3599 5160; x_wconf 91' lang='lat' dir='ltr'><strong>mihi</strong></span> 
     </span>
    </p>
   </div>
   <div class='ocr_carea' id='block_1_112' title="bbox 2020 5182 2956 5268">
    <p class='ocr_par' dir='ltr' id='par_1_112' title="bbox 2020 5182 2956 5268">
     <span class='ocr_line' id='line_1_112' title="bbox 2020 5182 2956 5268; baseline -0.002 -18"><span class='ocrx_word' id='word_1_749' title='bbox 2020 5197 2299 5268; x_wconf 85' lang='lat' dir='ltr'><strong>providere</strong></span> <span class='ocrx_word' id='word_1_750' title='bbox 2329 5182 2619 5251; x_wconf 80' lang='lat' dir='ltr'><strong>festinem?</strong></span> <span class='ocrx_word' id='word_1_751' title='bbox 2672 5192 2675 5197; x_wconf 85' lang='grc'><em>’</em></span> <span class='ocrx_word' id='word_1_752' title='bbox 2953 5189 2956 5193; x_wconf 69' lang='grc'>’</span> 
     </span>
    </p>
   </div>
   <div class='ocr_carea' id='block_1_113' title="bbox 2090 5284 3599 5357">
    <p class='ocr_par' dir='ltr' id='par_1_113' title="bbox 2090 5284 3599 5357">
     <span class='ocr_line' id='line_1_113' title="bbox 2090 5284 3599 5357; baseline 0 -14"><span class='ocrx_word' id='word_1_753' title='bbox 2090 5287 2185 5343; x_wconf 84' lang='lat' dir='ltr'><strong>llic</strong></span> <span class='ocrx_word' id='word_1_754' title='bbox 2220 5303 2346 5357; x_wconf 83' lang='lat' dir='ltr'><strong>ergo</strong></span> <span class='ocrx_word' id='word_1_755' title='bbox 2389 5286 2760 5343; x_wconf 78' lang='lat' dir='ltr'><strong>sanctissimus</strong></span> <span class='ocrx_word' id='word_1_756' title='bbox 2808 5284 3106 5353; x_wconf 89' lang='lat' dir='ltr'><strong>bujusmodi</strong></span> <span class='ocrx_word' id='word_1_757' title='bbox 3151 5287 3412 5356; x_wconf 87' lang='lat' dir='ltr'><strong>hodieque</strong></span> <span class='ocrx_word' id='word_1_758' title='bbox 3442 5303 3599 5343; x_wconf 82' lang='lat' dir='ltr'><strong>exse-</strong></span> 
     </span>
    </p>
   </div>
   <div class='ocr_carea' id='block_1_114' title="bbox 2018 5379 3597 5450">
    <p class='ocr_par' dir='ltr' id='par_1_114' title="bbox 2018 5379 3597 5450">
     <span class='ocr_line' id='line_1_114' title="bbox 2018 5379 3597 5450; baseline 0.002 -16"><span class='ocrx_word' id='word_1_759' title='bbox 2018 5394 2187 5450; x_wconf 90' lang='lat' dir='ltr'><strong>quens</strong></span> <span class='ocrx_word' id='word_1_760' title='bbox 2214 5382 2502 5443; x_wconf 87' lang='lat' dir='ltr'><strong>actionem,</strong></span> <span class='ocrx_word' id='word_1_761' title='bbox 2533 5379 3023 5434; x_wconf 74' lang='lat' dir='ltr'><strong>inmarcescibilem</strong></span> <span class='ocrx_word' id='word_1_762' title='bbox 3051 5379 3133 5434; x_wconf 89' lang='lat' dir='ltr'><strong>sui</strong></span> <span class='ocrx_word' id='word_1_763' title='bbox 3162 5384 3472 5437; x_wconf 78' lang='lat' dir='ltr'><strong>memoriam</strong></span> <span class='ocrx_word' id='word_1_764' title='bbox 3504 5397 3597 5437; x_wconf 82' lang='lat' dir='ltr'><strong>no-</strong></span> 
     </span>
    </p>
   </div>
   <div class='ocr_carea' id='block_1_115' title="bbox 2020 5470 3571 5541">
    <p class='ocr_par' dir='ltr' id='par_1_115' title="bbox 2020 5470 3571 5541">
     <span class='ocr_line' id='line_1_115' title="bbox 2020 5470 3571 5541; baseline -0.001 -14"><span class='ocrx_word' id='word_1_765' title='bbox 2020 5474 2182 5527; x_wconf 86' lang='lat' dir='ltr'><strong>minis</strong></span> <span class='ocrx_word' id='word_1_766' title='bbox 2207 5471 2414 5527; x_wconf 80' lang='lat' dir='ltr'><strong>cuuctis</strong></span> <span class='ocrx_word' id='word_1_767' title='bbox 2444 5470 2544 5524; x_wconf 89' lang='lat' dir='ltr'><strong>illis</strong></span> <span class='ocrx_word' id='word_1_768' title='bbox 2574 5471 2877 5538; x_wconf 86' lang='lat' dir='ltr'><strong>regionibus</strong></span> <span class='ocrx_word' id='word_1_769' title='bbox 2906 5471 3244 5540; x_wconf 88' lang='lat' dir='ltr'><strong>derelinquit,</strong></span> <span class='ocrx_word' id='word_1_770' title='bbox 3283 5474 3397 5541; x_wconf 90' lang='lat' dir='ltr'><strong>ipse</strong></span> <span class='ocrx_word' id='word_1_771' title='bbox 3444 5472 3571 5527; x_wconf 90' lang='lat' dir='ltr'><strong>nimi</strong></span> 
     </span>
    </p>
   </div>
   <div class='ocr_carea' id='block_1_116' title="bbox 2021 5563 3603 5636">
    <p class='ocr_par' dir='ltr' id='par_1_116' title="bbox 2021 5563 3603 5636">
     <span class='ocr_line' id='line_1_116' title="bbox 2021 5563 3603 5636; baseline 0 -16"><span class='ocrx_word' id='word_1_772' title='bbox 2021 5581 2137 5620; x_wconf 87' lang='lat' dir='ltr'><strong>rum</strong></span> <span class='ocrx_word' id='word_1_773' title='bbox 2160 5564 2472 5635; x_wconf 88' lang='lat' dir='ltr'><strong>gaudiorum</strong></span> <span class='ocrx_word' id='word_1_774' title='bbox 2494 5563 2791 5618; x_wconf 81' lang='lat' dir='ltr'><strong>ccelestium</strong></span> <span class='ocrx_word' id='word_1_775' title='bbox 2813 5579 2907 5632; x_wconf 92' lang='lat' dir='ltr'><strong>pro</strong></span> <span class='ocrx_word' id='word_1_776' title='bbox 2921 5566 3001 5619; x_wconf 91' lang='lat' dir='ltr'><strong>his</strong></span> <span class='ocrx_word' id='word_1_777' title='bbox 3023 5583 3143 5635; x_wconf 67' lang='lat' dir='ltr'><strong>qua:</strong></span> <span class='ocrx_word' id='word_1_778' title='bbox 3162 5565 3420 5636; x_wconf 88' lang='lat' dir='ltr'><strong>impendit</strong></span> <span class='ocrx_word' id='word_1_779' title='bbox 3437 5581 3603 5636; x_wconf 77' lang='lat' dir='ltr'><strong>egen-</strong></span> 
     </span>
    </p>
   </div>
   <div class='ocr_carea' id='block_1_117' title="bbox 2020 5653 3052 5722">
    <p class='ocr_par' dir='ltr' id='par_1_117' title="bbox 2020 5653 3052 5722">
     <span class='ocr_line' id='line_1_117' title="bbox 2020 5653 3052 5722; baseline 0.001 -12"><span class='ocrx_word' id='word_1_780' title='bbox 2020 5656 2179 5722; x_wconf 88' lang='lat' dir='ltr'><strong>tibus,</strong></span> <span class='ocrx_word' id='word_1_781' title='bbox 2208 5666 2405 5710; x_wconf 71' lang='lat' dir='ltr'><strong>tcterna</strong></span> <span class='ocrx_word' id='word_1_782' title='bbox 2437 5653 2786 5711; x_wconf 85' lang='lat' dir='ltr'><strong>retributione</strong></span> <span class='ocrx_word' id='word_1_783' title='bbox 2814 5658 3052 5713; x_wconf 86' lang='lat' dir='ltr'><strong>securus.</strong></span> 
     </span>
    </p>
   </div>
   <div class='ocr_carea' id='block_1_118' title="bbox 2089 5748 3617 5822">
    <p class='ocr_par' dir='ltr' id='par_1_118' title="bbox 2089 5748 3617 5822">
     <span class='ocr_line' id='line_1_118' title="bbox 2089 5748 3617 5822; baseline 0 -19"><span class='ocrx_word' id='word_1_784' title='bbox 2089 5748 2238 5805; x_wconf 84' lang='lat' dir='ltr'><strong>Tunc</strong></span> <span class='ocrx_word' id='word_1_785' title='bbox 2262 5749 2421 5805; x_wconf 76' lang='lat' dir='ltr'><strong>etiam</strong></span> <span class='ocrx_word' id='word_1_786' title='bbox 2447 5749 2634 5805; x_wconf 85' lang='lat' dir='ltr'><strong>ancilla</strong></span> <span class='ocrx_word' id='word_1_787' title='bbox 2665 5749 2759 5807; x_wconf 81' lang='lat' dir='ltr'><strong>Dei</strong></span> <span class='ocrx_word' id='word_1_788' title='bbox 2784 5751 3024 5822; x_wconf 64' lang='lat' dir='ltr'><strong>quadam</strong></span> <span class='ocrx_word' id='word_1_789' title='bbox 3041 5752 3195 5820; x_wconf 83' lang='lat' dir='ltr'><strong>virgo</strong></span> <span class='ocrx_word' id='word_1_790' title='bbox 3208 5765 3327 5804; x_wconf 78' lang='lat' dir='ltr'><strong>cum</strong></span> <span class='ocrx_word' id='word_1_791' title='bbox 3352 5748 3468 5804; x_wconf 81' lang='lat' dir='ltr'><strong>aliis</strong></span> <span class='ocrx_word' id='word_1_792' title='bbox 3484 5748 3617 5806; x_wconf 51' lang='grc' dir='ltr'><strong>κενέ</strong></span> 
     </span>
    </p>
   </div>
  </div>
