3982 6354
440 275 545 333 539

1581 273 1923 329 APPENDIX
1963 274 2055 329 AD
2098 274 2303 333 VITAS
2339 276 2625 336 PATRUM

3606 286 3705 346 340

439 390 655 461 ginibus
684 387 890 443 duabus
923 388 1258 458 cohabitans,
1306 389 1789 458 abstinentiamque
1831 403 2019 444 novem
2054 392 2102 453 Α
2130 402 2245 456 sco,
2267 389 2394 461 jube
2423 394 2591 463 ipsam
2632 394 2761 449 mihi
2786 395 2839 450 in
2867 397 3263 456 matrimonium
3289 400 3439 469 dari;
3468 400 3593 471 quia
3616 418 3704 458 ne-

437 483 519 538 vel
545 480 732 536 decem
762 478 917 533 annis
945 480 1270 547 custodiens,
1304 495 1333 533 a
1361 480 1585 550 quodam
1629 488 1845 534 cantore
1875 478 2022 534 solli-

437 575 599 632 citata
619 583 779 645 atque
804 585 1051 645 corrupta
1074 586 1155 632 est
1177 578 1194 647 (
1208 576 1439 641 Pallad.,
1462 592 1507 630 c.
1531 574 1677 646 HO).
1696 576 1825 643 Quae
1838 575 2018 631 statim

438 667 767 735 concipiens,
811 675 962 735 partu
984 666 1234 734 explicito
1264 666 1317 720 in
1346 674 1544 721 tantum
1573 665 1815 735 prorupit
1838 664 2018 721 odium

436 759 789 827 corruptoris,
838 766 896 812 ut
943 758 1105 813 nimia
1156 759 1565 827 compunctione
1615 759 1841 827 peccati,
1882 759 2019 814 ultra
2064 802 2067 803 ν

438 864 742 904 mensuram
755 864 966 919 quoque
980 864 1255 906 resumens
1272 849 1597 920 paenitentiae
1613 851 2018 914 continentiam,

435 940 579 997 fame
608 943 945 1011 semetipsam
977 942 1137 997 vellet
1180 940 1448 1008 occidere,
1492 942 1808 1012 lacrymosis
1851 943 2023 1010 preci-

435 1031 537 1086 bus
553 1032 752 1102 jugiter
772 1032 1054 1087 Dominunt
1072 1032 1437 1101 interpellans,
1456 1042 1512 1087 et
1533 1031 1717 1086 dicens
1738 1047 1754 1084 :
1778 1030 1858 1087 Tu
1880 1032 2022 1087 Deus

439 1138 650 1193 magne,
698 1125 787 1194 qui
834 1133 1048 1193 peccata
1098 1126 1334 1179 omnium
1378 1134 1710 1191 nostrorum,
1757 1123 2021 1193 totiusque

438 1217 621 1271 mundi
651 1216 1053 1271 immoderatam
1083 1217 1336 1271 malitiam
1370 1225 1584 1286 portare
1608 1216 1899 1281 consuesti,
1928 1214 2018 1283 qui

434 1323 545 1364 non
560 1308 639 1363 vis
656 1320 879 1364 mortem
902 1307 1252 1378 peccantium,
1274 1322 1373 1364 nec
1391 1308 1689 1377 perditione
1707 1308 2019 1377 delinquen-

435 1400 568 1455 tium
596 1400 878 1455 delectaris
909 1399 1123 1473 (Ezeclt.
1156 1398 1370 1467 xxxtn),
1401 1398 1493 1454 sed
1528 1399 1790 1452 universa:
1811 1406 2018 1453 creatu-

433 1508 508 1548 ra:
540 1501 642 1547 tua:
672 1493 917 1562 probaris
948 1507 1068 1546 esse
1100 1491 1427 1556 misericors,
1468 1490 1593 1560 quia
1643 1499 1731 1544 tua
1770 1489 2018 1543 voluntas

433 1593 516 1639 est
541 1593 729 1638 cuncta
757 1583 980 1647 salvari;
1017 1597 1102 1637 me
1122 1596 1334 1651 quoque
1357 1581 1616 1648 perditam
1645 1581 1696 1635 in
1722 1580 1823 1635 hoc
1843 1589 2018 1634 osten-

433 1674 517 1742 de,
547 1674 591 1727 si
623 1674 780 1728 saluti
813 1673 1079 1736 restitues,
1108 1681 1164 1725 ut
1191 1670 1333 1740 quod
1359 1685 1428 1725 ex
1462 1670 1565 1725 mei
1597 1670 1797 1736 peccati
1829 1667 2010 1738 perdi-

2125 497 2230 552 que
2261 484 2346 539 illa
2371 485 2479 555 jam
2501 487 2673 558 virgo,
2702 503 2877 559 neque
2907 506 3006 561 ego
3031 492 3261 549 clericus
3298 509 3421 551 esse
3467 511 3703 565 possunt.

2125 574 2420 644 Episcopus
2447 592 2565 632 eam
2591 577 2737 634 dedit
2757 582 3002 649 potestati
3025 583 3162 653 ejus,
3183 592 3375 654 putans
3399 587 3540 656 quod
3565 586 3706 643 illam

2120 666 2331 735 juvenis
2361 668 2473 738 ipse
2495 669 2760 742 diligeret,
2790 675 3040 745 quodque
3065 690 3169 731 non
3205 686 3389 748 posset
3411 678 3522 735 ullo
3549 680 3709 736 modo

2123 760 2191 812 ab
2220 760 2405 814 eadem
2445 765 2705 829 separari.

2197 849 2485 920 Acceptam
2517 854 2675 923 igitur
2699 854 2936 925 juvenis,
2963 867 3016 913 et
3045 867 3151 914 tant
3181 860 3249 916 ab
3278 862 3533 932 episcopo
3552 877 3707 931 quam

2125 953 2156 992 a
2187 950 2340 1008 patre
2366 942 2609 998 traditam
2638 945 2739 999 sibi
2766 949 3159 1004 commendavit
3203 954 3530 1008 monasterio
3557 953 3709 1009 femi-

2124 1046 2311 1086 narum
2348 1049 2360 1085 :
2387 1048 2609 1104 quarum
2639 1036 2963 1093 abbatissam
2993 1040 3309 1109 deprecatus
3333 1053 3419 1101 est
3445 1053 3504 1099 ut
3541 1043 3709 1101 babe-

2124 1133 2204 1177 ret
2225 1122 2333 1178 illie
2355 1139 2495 1190 eam,
2525 1125 2699 1183 donec
2719 1138 2950 1197 pareret,
2973 1133 3394 1190 sustentandam.
3415 1135 3538 1207 ipse
3560 1150 3708 1203 vero,

2120 1227 2184 1267 ea
2213 1213 2465 1270 derelicta
2499 1217 2550 1270 in
2586 1221 2910 1274 monasterio
2937 1232 3255 1291 memorato,
3281 1224 3334 1279 in
3356 1234 3582 1295 angusta
3604 1226 3712 1282 cel-

2122 1306 2229 1361 lula
2258 1322 2317 1361 se
2343 1309 2690 1377 concludens,
2717 1313 3088 1384 arripiensque
3124 1318 3502 1375 abstinentiam
3547 1320 3711 1378 nimis

2120 1396 2415 1468 diflicilem,
2449 1400 2581 1455 adiit
2610 1400 2881 1458 Christum
2909 1394 3072 1461 corde
3095 1409 3347 1476 contrito,
3386 1424 3507 1465 cum
3537 1411 3711 1483 lacry-

2119 1489 2221 1543 mis
2267 1501 2431 1559 atque
2473 1493 2759 1564 gemitibus
2805 1495 2990 1553 dicens
3032 1498 3152 1553 :Tu
3185 1500 3429 1571 Domine,
3458 1504 3545 1559 cui
3582 1514 3709 1561 nota

2118 1594 2243 1637 sunt
2274 1586 2478 1655 omnia,
2509 1596 2661 1644 actus
2689 1605 2903 1662 quoque
2950 1608 3099 1648 meos
3142 1597 3428 1665 agnoscis;
3476 1613 3580 1654 nec
3624 1608 3710 1655 est

2120 1676 2396 1746 quisquam
2428 1678 2595 1745 locus,
2624 1682 2712 1750 qui
2744 1682 3145 1754 omnipotemia:
3185 1696 3289 1743 tute
3318 1690 3488 1745 oculis
3514 1691 3587 1745 sit
3616 1706 3709 1747 oc-

435 1767 581 1820 tione
603 1776 835 1820 creatum
868 1774 949 1821 e~t
979 1765 1173 1833 (solitis
1197 1764 1300 1818 tuis
1326 1762 1594 1818 miraculis
1622 1776 1783 1831 super
1808 1776 1893 1816 me
1918 1762 2018 1814 mi-
2048 1781 2093 1840 Β
2121 1765 2317 1833 cultus,
2360 1768 2449 1837 qui
2499 1770 2747 1826 universa
2779 1775 2916 1828 nosti
2945 1784 3228 1846 antequam
3259 1779 3409 1836 ﬂant.
3441 1781 3520 1836 Tu
3548 1783 3700 1839 solus

430 1872 608 1911 seram
637 1855 1038 1927 demonstratis)
1069 1871 1133 1911 ex
1158 1856 1256 1911 hac
1283 1853 1514 1909 celerius
1543 1854 1663 1909 luce
1692 1855 1924 1919 tollatur,
1951 1867 2019 1908 ne

436 1948 575 2003 forte
604 1949 780 2002 minus
811 1947 1011 2013 audita,
1043 1958 1135 2002 aut
1164 1948 1352 2017 laqueo
1380 1954 1471 2000 aut
1504 1944 1797 2015 prmcipitio
1843 1943 2019 2014 perire

433 2041 744 2109 compellar.
775 2040 935 2110 Cujus
962 2054 1149 2108 preces
1178 2038 1457 2094 exauditas
1484 2045 1707 2093 eventus
1737 2035 1972 2090 ostendit
2001 2051 2017 2098 ;

433 2132 608 2185 statim
638 2146 863 2200 namque
891 2132 1028 2201 quod
1060 2131 1267 2200 peperit
1293 2138 1465 2184 morte
1490 2129 1819 2184 subtractum
1842 2136 1945 2182 est.

508 2222 588 2277 Ex
638 2223 729 2277 illo
774 2223 930 2292 igitur
956 2222 1042 2278 die
1069 2221 1386 2292 eaptivatori
1437 2221 1650 2291 quidem
1679 2233 1777 2277 suo
1803 2233 1908 2274 non
1937 2226 2020 2274 est

435 2312 545 2366 visa
576 2312 821 2380 ulterius,
856 2322 1091 2368 attamen
1132 2314 1353 2368 summis
1379 2312 1710 2381 pmnitentite
1737 2310 2019 2365 continen-

434 2404 700 2474 timquese
718 2402 1223 2474 tradiditangustiis.
1246 2403 1322 2458 Ita
1347 2402 1749 2458 utdivinitatem
1772 2400 1872 2457 sibi
1899 2415 2020 2470 pro-

434 2498 618 2570 pitiam
648 2499 867 2568 cupiens
897 2497 1140 2562 reddere,
1172 2495 1558 2566 elephantiosis
1580 2493 1896 2550 mulieribus
1923 2507 2019 2563 per

433 2604 605 2646 annos
642 2592 857 2660 triginta
892 2591 1137 2646 serviret.
1169 2588 1335 2660 Cujus
1362 2603 1551 2658 preces
1590 2587 1818 2643 humiles
1853 2584 2019 2642 mise-

435 2682 607 2738 ricors
625 2683 883 2737 Dominus
898 2698 1004 2738 non
1024 2681 1243 2748 fefellit;
1278 2682 1534 2737 revelavit
1554 2695 1785 2748 namque
1805 2678 2017 2733 cuidam

432 2784 621 2827 sancto
674 2774 1010 2844 presbytero,
1060 2772 1244 2828 dicens
1281 2790 1295 2827 :
1327 2772 1420 2828 illa
1450 2774 1599 2841 virgo
1649 2772 1764 2840 plus
1798 2767 1933 2824 mihi
1965 2768 2018 2824 in

432 2866 747 2933 pcenitentia
775 2883 932 2937 quam
964 2868 1015 2922 in
1050 2866 1355 2934 virginitate
1384 2882 1478 2921 sua
1528 2865 1746 2935 placuit.
1771 2864 1896 2918 llaec
1924 2878 2018 2916 au-

431 2966 539 3012 tem
561 2973 702 3013 nunc
722 2973 820 3028 ego
840 2959 980 3024 dico,
1004 2967 1061 3013 ut
1087 2974 1243 3014 nemo
1259 2958 1679 3015 contemnendos
1697 2971 1791 3015 eos
1810 2957 2018 3025 credat,

432 3048 521 3118 qui
544 3066 673 3106 vere
694 3050 1057 3120 paenitentiam
1085 3052 1315 3119 egerint.

1011 3198 1237 3254 CAPUT
1276 3198 1434 3254 LVII.

902 3312 1018 3367 Vita
1058 3310 1313 3367 Eustatltt'i
1349 3313 1568 3368 lectoris.

509 3427 815 3491 Presbyteri
852 3428 1126 3497 cujusdam
1155 3429 1262 3483 ﬁlia
1291 3438 1407 3485 erat
1432 3429 1570 3501 apud
1592 3429 1891 3486 Caesaream
1922 3430 2025 3487 Pa-

437 3516 663 3574 lastinae
693 3517 980 3588 provinciae
1006 3519 1294 3585 civitatem,
1327 3535 1446 3588 quae
1468 3535 1587 3573 cum
1619 3520 1671 3573 in
1699 3520 2022 3589 virginitatis

436 3624 557 3665 esse
570 3610 845 3679 proposito
855 3609 1145 3676 videretur,
1166 3625 1404 3680 praeceps
1421 3611 1520 3663 ruit
1537 3614 1553 3679 (
1568 3611 1799 3677 Pallad.,
1817 3611 1966 3666 alii
1980 3616 2021 3681 ).

434 3699 531 3755 Cui
559 3699 669 3766 ille,
702 3716 733 3755 a
772 3715 879 3770 quo
921 3700 1135 3755 inducta
1186 3709 1346 3770 atque
1386 3709 1637 3770 corrupta
1665 3699 1862 3768 fuerat,
1896 3716 2020 3771 per-

434 3793 603 3847 suasit
630 3801 688 3847 ut
712 3790 910 3848 factum
938 3793 1211 3863 proprium
1242 3792 1295 3846 in
1321 3792 1486 3846 alium
1515 3791 1822 3847 mentiendo
1852 3800 2025 3846 trans-

436 3885 643 3951 ferret,
690 3893 746 3939 et
787 3893 842 3939 ut
886 3883 1071 3940 lectori
1117 3884 1326 3939 cuidam
1364 3881 1596 3938 civitatis
1635 3882 2020 3938 calumniosum

438 3976 645 4030 crimen
677 3975 997 4042 imponeret.
1028 3974 1268 4045 Cumque
1304 3973 1417 4042 jam
1463 3972 1683 4043 gravida
1731 3972 2021 4040 videretur,

437 4073 592 4134 patre
638 4075 696 4119 ut
724 4064 974 4133 proderet
999 4065 1129 4118 tanti
1158 4064 1379 4118 sceleris
1404 4073 1677 4118 auctorem
1703 4070 1949 4131 cogente,
1989 4076 2021 4116 a

437 4163 739 4210 memorato
766 4155 965 4209 lectore
991 4156 1230 4208 vitiatam
1267 4167 1387 4209 esse
1414 4168 1474 4208 se
1511 4151 1666 4207 dixit.
1711 4152 2021 4223 Presbyter,

436 4254 499 4302 ut
546 4246 786 4317 putabat,
827 4246 1054 4301 veritate
1094 4255 1390 4314 comperta,
1440 4243 1710 4314 suggessit
1734 4245 2018 4315 episcopo;

435 4340 724 4407 episcopus
753 4337 806 4391 in
836 4345 1154 4392 conventum
1173 4336 1412 4390 omnium
1429 4334 1744 4391 clericorum
1765 4336 2018 4392 lectorem

436 4431 563 4485 fecit
599 4430 870 4485 accersiri.

2123 1856 2382 1923 profunda
2411 1860 2676 1930 prospicis
2723 1864 3119 1933 cogitationum,
3152 1884 3376 1938 quarum
3404 1871 3709 1929 sincerissi-

2121 1963 2239 2002 mus
2285 1959 2445 2021 atque
2488 1954 2831 2011 acutissimus
2874 1956 3037 2027 judex
3072 1974 3192 2016 esse
3232 1966 3578 2021 consuevisti.
3626 1968 3708 2023 Tu

2119 2044 2402 2098 auxiliator
2428 2046 2621 2116 iujusta
2652 2050 2989 2118 patientium,
3034 2062 3087 2106 ιιι
3125 2055 3443 2113 calumniam
3471 2059 3707 2116 subeun-

2122 2132 2251 2187 tium
2275 2136 2617 2205 consolator;
2643 2142 2726 2195 cui
2752 2141 2884 2196 nihil
2911 2143 3081 2211 placet
3102 2143 3358 2215 iniquum,
3383 2150 3521 2217 apud
3542 2166 3704 2219 quem

2117 2240 2365 2283 mensura
2401 2230 2619 2299 justitire
2647 2232 3004 2292 inaccessibili
3034 2251 3252 2307 semper
3274 2239 3393 2294 luce
3423 2242 3707 2311 perspicua

2118 2326 2220 2381 est,
2252 2327 2306 2372 et
2344 2333 2504 2375 omne
2530 2336 2662 2390 opus
2689 2325 2963 2380 hominum
2991 2340 3171 2382 coram
3210 2336 3261 2384 te
3290 2340 3393 2383 est.
3443 2332 3572 2387 Tua:
3621 2342 3706 2389 est

2120 2407 2282 2477 igitur
2324 2412 2588 2480 aequitatis
2636 2415 3195 2490 incommutabilisque
3238 2422 3450 2490 judicii,
3489 2439 3706 2482 causam

2119 2516 2329 2573 quoque
2358 2520 2532 2562 meam
2557 2509 2738 2565 divina
2769 2513 3113 2570 manifestare
3136 2520 3423 2576 sententia.

2192 2595 2375 2664 itaque
2403 2611 2522 2652 cum
2551 2598 2760 2668 juvenis
2780 2601 3182 2675 infatigabiliter
3208 2609 3493 2667 Dominum
3522 2628 3708 2684 preca-

2121 2696 2288 2753 retur,
2307 2688 2630 2761 jejuniisque
2655 2693 2935 2763 vigilanter
2959 2712 3023 2752 ac
3048 2699 3330 2769 diligenter
3350 2704 3706 2773 incumberet,

2120 2780 2257 2834 intra
2288 2779 2450 2868 breve
2481 2789 2709 2852 tempus,
2744 2786 2922 2855 puella
2967 2804 3087 2844 cum
3120 2794 3366 2861 proprios
3400 2797 3564 2868 983
3608 2799 3711 2852 im-

2120 2871 2325 2938 plesset
2369 2865 2507 2937 di'es,
2545 2873 2838 2932 advenerat
2881 2879 2931 2934 ei
2973 2880 3104 2937 hora
3135 2865 3712 2961 pariendiisimulque

2125 2962 2357 3019 instabat
2376 2965 2582 3035 justum
2604 2968 2699 3025 Dei
2716 2970 2974 3039 judicium
2995 2989 3009 3037 ;
3038 2990 3158 3031 nam
3178 2992 3300 3033 cum
3320 2994 3438 3035 eam
3459 2996 3710 3054 urgerent

2121 3054 2471 3113 vehementer
2500 3061 2731 3131 gemitus
2758 3076 2821 3119 ac
2850 3064 3085 3133 dolores,
3117 3078 3275 3139 atque
3323 3071 3430 3141 jam
3469 3073 3584 3144 ipsa
3626 3076 3710 3131 in-

2048 3146 2095 3206 C
2128 3146 2274 3202 ferna
2334 3149 2704 3207 calumniatrix
2762 3155 3059 3211 miseranda
3112 3161 3487 3231 conspiceret,
3537 3181 3711 3236 neque

2128 3236 2381 3306 expedire
2408 3254 2467 3294 se
2487 3249 2669 3309 partus
2698 3242 2863 3312 ipsius
2894 3256 3075 3315 posset
3093 3252 3372 3320 angustiis,
3399 3261 3712 3327 tantumque

2126 3330 2421 3386 cruciatum
2446 3347 2473 3385 a
2502 3333 2676 3402 primo
2705 3350 2874 3404 usque
2901 3338 2966 3392 ad
3000 3341 3288 3410 septimum
3334 3344 3475 3400 diem
3518 3349 3711 3404 mulier

2126 3421 2439 3488 sustineret,
2483 3422 2809 3482 intolerabili
2860 3428 3046 3486 dolore
3100 3439 3393 3504 compulsa,
3439 3451 3562 3492 cum
3598 3437 3709 3509 jam

2125 3509 2244 3565 sine
2273 3512 2437 3568 dubio
2466 3529 2525 3570 se
2552 3516 2759 3572 videret
2787 3533 2907 3575 esse
2933 3522 3264 3591 morituram,
3290 3541 3465 3597 neque
3486 3529 3710 3587 ulterius

2125 3611 2218 3658 aut
2245 3606 2587 3674 manducare,
2618 3618 2709 3690 aut
2738 3610 2942 3679 bibere,
2982 3623 3073 3669 aut
3112 3630 3356 3672 somnum
3403 3619 3547 3674 oculi
3592 3621 3713 3690 ejus

2125 3708 2318 3762 capere
2347 3685 2791 3765 potuissent,‘boc
2813 3702 3039 3757 maxima
3069 3706 3444 3773 proclamando
3467 3724 3599 3765 voce
3623 3685 3711 3764 di-

2125 3786 2277 3840 cebat
2311 3804 2323 3840 ε
2358 3787 2448 3843 Va:
2479 3790 2689 3844 misera:
2720 3792 2872 3859 mihi,
2905 3808 3025 3863 quae
3055 3796 3121 3850 ad
3155 3796 3258 3851 hoc
3288 3798 3582 3868 periculum
3611 3800 3708 3856 du-

2125 3876 2335 3944 pliciter
2365 3881 2578 3946 perveni
2605 3895 2620 3945 ;
2664 3882 2891 3949 primum
2922 3884 3062 3953 quod
3088 3886 3448 3956 virginitatem
3480 3891 3707 3960 perdidi,

2124 3968 2318 4025 deinde
2342 3971 2482 4039 quod
2506 3971 2695 4027 falsum
2725 3974 2913 4029 lectori
2945 3975 3020 4030 illi
3046 3978 3250 4033 crimen
3276 3980 3525 4051 imposui.
3554 3984 3704 4051 Quod

2125 4060 2303 4113 statim
2326 4060 2564 4117 defertur
2588 4063 2654 4118 ad
2683 4073 2886 4133 patrem
2916 4065 3101 4132 ipsius.
3127 4069 3284 4125 Pater
3304 4081 3480 4128 autem
3506 4076 3704 4131 veritus

2123 4168 2193 4209 ne
2236 4155 2385 4224 quasi
2430 4155 2869 4213 calumniatorem
2909 4176 3034 4214 eum
3090 4163 3550 4233 reprehenderent
3594 4166 3700 4231 alii,

2123 4244 2267 4299 velut
2312 4245 2619 4302 incredulus
2668 4247 2869 4317 quievit
2898 4258 2954 4305 et
2982 4252 3165 4308 tacuit.
3220 4255 3322 4310 Per
3362 4256 3509 4312 aliud
3551 4258 3705 4327 igitur

2121 4336 2364 4404 biduum,
2390 4339 2699 4395 lmminente
2719 4340 2769 4395 ei
2793 4340 2976 4397 divino
2998 4343 3222 4415 judicio,
3246 4362 3418 4418 neque
3438 4350 3704 4406 morieba-

2126 4436 2209 4482 tur
2240 4443 2414 4498 neque
2442 4430 2680 4498 pariebat
2711 4431 2905 4500 puella.

509 4527 823 4597 Agitabatur
844 4523 1070 4596 quaestio
1100 4540 1114 4577 :
1147 4523 1511 4593 interrogante
1538 4524 1809 4593 episcopo,
1843 4523 2016 4579 lector

2194 4518 2264 4571 Et
2291 4519 2537 4588 quoniam
2562 4519 2822 4575 clamores
2853 4522 3014 4591 ipsius
3046 4535 3205 4595 atque
3228 4527 3455 4597 gemitus
3505 4530 3702 4587 diutius

436 4619 565 4673 nihil
598 4632 656 4671 se
686 4616 878 4671 fecisse
908 4615 1013 4670 tale
1054 4624 1260 4684 poterat
1286 4614 1552 4672 conliteri.
1582 4614 1713 4669 Nam
1747 4614 2016 4683 quomodo

437 4710 706 4764 confessio
750 4716 1063 4776 sequeretur
1106 4704 1197 4759 ubi
1244 4721 1354 4760 non
1392 4715 1739 4777 praecesserat
1767 4705 2017 4760 crimen?

441 4801 730 4870 Episcopus
760 4799 943 4854 lectori
973 4812 1072 4852 suo
1101 4796 1449 4853 vehementer
1488 4798 1672 4861 iratus,
1717 4799 1866 4867 quasi
1923 4796 2015 4867 qui

437 4890 771 4957 impudenter
800 4897 1037 4958 negaret,
1067 4886 1248 4959 eiista
1277 4886 1489 4942 dicebat
1520 4903 1534 4939 :
1566 4886 1749 4942 Infelix
1779 4895 1835 4941 et
1856 4885 2015 4940 miser

437 4991 598 5051 atque
629 4982 930 5050 impunitate
958 4981 1196 5036 sordium
1228 4983 1405 5050 plene,
1437 4994 1541 5033 non
1572 4979 1877 5033 confiteris?
1908 4979 2015 5033 Re-

439 5074 657 5142 spondit
699 5073 798 5127 hoc
828 5074 992 5128 lector
1024 5092 1036 5126 :
1063 5076 1171 5143 Ego
1211 5074 1425 5143 quidem
1465 5074 1604 5143 quod
1646 5082 1763 5127 erat
1794 5073 1846 5127 in
1888 5086 2016 5127 con-

438 5166 661 5219 scientia
686 5180 799 5217 mea
821 5165 951 5229 dixi,
981 5166 1109 5220 nihil
1129 5181 1211 5221 me
1232 5182 1348 5219 cum
1376 5166 1473 5219 hac
1492 5166 1686 5221 habere
1706 5181 2012 5235 commune,

438 5271 609 5324 neque
634 5265 902 5322 peccatum
935 5271 1019 5310 me
1042 5256 1276 5324 aliquod,
1302 5265 1557 5326 quantum
1575 5257 1640 5311 ad
1665 5265 2012 5312 memoratam

412 5366 415 5369 ·
441 5348 700 5415 virginem
746 5356 970 5413 spectat,
1010 5361 1326 5414 agnoscere;
1356 5348 1447 5402 sed
1477 5348 1521 5401 si
1553 5347 1630 5400 vis
1660 5348 1844 5402 audire
1874 5348 2014 5417 quod

440 5455 544 5491 non
574 5448 677 5503 est,
703 5452 801 5504 ego
824 5438 924 5491 hoc
951 5438 1151 5491 crimen
1183 5438 1391 5492 admisi.
1425 5439 1591 5505 Quem
1621 5439 1722 5494 ista
1745 5440 2013 5495 dicentem

438 5531 610 5604 gradu
637 5529 854 5586 lectoris
884 5529 1126 5601 deposuit
1147 5531 1427 5601 episcopus
1450 5532 1661 5603 statim.,

507 5625 578 5678 At
607 5624 696 5679 ille
723 5632 849 5679 tunc
876 5631 1225 5679 memoratum
1254 5622 1384 5678 adiit
1409 5625 1762 5692 sacerdotem,
1797 5633 1853 5681 et
1894 5641 2011 5681 cum

439 5726 649 5783 rogaret
679 5715 780 5777 hoc
803 5716 984 5773 dicens
1011 5733 1022 5769 :
1053 5714 1311 5784 Quoniam
1330 5720 1417 5784 qui
1437 5731 1520 5770 me
1545 5731 1795 5786 peccasse
1820 5733 2015 5788 cogno-

2125 4609 2529 4665 circumstantes
2556 4626 2769 4667 sorores
2797 4610 2937 4669 ferre
2967 4630 3071 4669 non
3102 4626 3423 4685 potuerunt,
3452 4619 3705 4690 episcopo

2126 4699 2266 4768 quod
2297 4699 2573 4755 audierant
2594 4701 2841 4756 celeriter
2867 4705 3189 4769 retulerunt,
3212 4707 3510 4763 confessam
3534 4711 3589 4765 in
3612 4713 3699 4765 do-

2124 4789 2236 4845 lore
2256 4790 2357 4844 hoc
2379 4792 2542 4846 etiam
2569 4792 2768 4846 dudum
2792 4808 2912 4849 esse
2937 4794 3194 4863 dicentes,
3218 4799 3359 4866 quod
3381 4800 3702 4855 calumniata

2121 4892 2413 4938 memorato
2443 4884 2625 4939 lectori
2656 4885 2858 4951 fuisset,
2908 4895 2963 4941 et
2998 4885 3197 4943 idcirco
3227 4903 3415 4957 parere
3459 4906 3566 4945 non
3616 4907 3703 4944 va-

2120 4974 2274 5030 leret.
2311 4972 2461 5030 Tunc
2510 4976 2575 5030 ad
2605 4991 2726 5030 eum
2748 4976 2997 5032 diaconos
3025 4979 3305 5048 episcopus
3345 4980 3526 5045 mittit,
3557 4996 3704 5035 man-

2120 5066 2315 5135 datque
2340 5064 2391 5120 ei
2433 5083 2448 5119 :
2479 5066 2618 5131 Ora,
2664 5068 2855 5137 inquit,
2905 5076 2963 5122 ut
2992 5069 3361 5124 calumniatrix
3394 5080 3481 5125 tua
3510 5072 3698 5140 pariat.

2121 5158 2328 5225 Quibus
2360 5157 2562 5212 nullum
2593 5157 2735 5213 dedit
2783 5172 3097 5226 responsum
3129 5161 3239 5226 ille,
3280 5175 3455 5230 neque
3500 5161 3699 5230 aperuit

2120 5250 2317 5303 ostium
2367 5248 2597 5318 propria:
2637 5248 2951 5312 mansionis.
3003 5249 3052 5302 in
3080 5265 3180 5318 qua
3216 5250 3437 5319 jugiter,
3485 5267 3551 5306 ex
3600 5264 3700 5320 quo

2118 5341 2292 5396 fuerat
2323 5343 2613 5410 ingressus,
2639 5341 2855 5409 jejuniis
2881 5342 3179 5412 vigiliisque
3211 5343 3490 5398 Dominum
3520 5358 3699 5413 preca-

2119 5434 2297 5489 batur.
2329 5433 2508 5503 Pergit
2542 5431 2700 5501 igitur
2726 5442 2876 5502 pater
2905 5434 3070 5504 ipsius
3100 5438 3164 5489 ad
3208 5437 3549 5505 episcopum;
3582 5452 3697 5491 rur-

2119 5546 2209 5584 sus
2236 5529 2509 5584 orationes
2550 5528 2604 5583 in
2653 5528 2879 5584 ecclesia
2924 5528 3157 5584 maxime
3206 5529 3358 5593 fiunt;
3385 5537 3442 5583 et
3486 5543 3584 5583 nec
3626 5525 3697 5582 sic

2119 5626 2332 5695 quidem
2364 5623 2453 5677 illa
2483 5622 2699 5693 aliquod
2722 5622 3016 5677 remedium
3041 5622 3306 5678 sentiebat

2189 5720 2337 5773 'l‘unc
2384 5716 2545 5788 igitur
2588 5715 2868 5787 cpiscopus
2919 5718 3031 5788 ipse
3077 5718 3144 5772 ad
3194 5716 3445 5773 lectorem
3494 5712 3690 5777 venit:
