3982 6354
284 380 385 437 3H

1488 368 1905 427 llERACLlDlS
1945 368 2356 428 PARADISUS.

3441 364 3547 422 34‘]

284 490 461 558 pulsat
484 490 698 556 ostium,
732 499 781 542 ct
811 489 1099 557 ingressus,
1129 486 1228 542 hoc
1256 485 1384 541 dicit
1414 504 1426 539 :
1458 485 1645 555 Surge,
1692 484 1858 540 frater
1885 483 1933 543 A
1963 483 2132 551 vade,
2167 485 2361 555 inquit,
2391 491 2447 540 et
2477 483 2544 539 ab
2571 482 2662 537 ilio
2693 483 3012 538 frumentum
3043 489 3204 553 atque
3244 479 3418 536 oleum
3451 479 3544 534 tibi

288 578 550 646 Eustatbi,
579 588 633 632 et
667 579 812 632 solve
861 578 1010 647 quod-
1048 577 1240 648 ligasti.
1289 578 1515 647 lpsoqne
1561 583 1852 644 momento,

280 684 404 723 cum
434 669 602 724 lector
629 685 730 722 una
776 683 896 722 cum
942 668 1196 738 episcopo
1242 682 1410 739 genua
1453 683 1548 722 sua
1597 668 1853 736 ﬂexisset,

283 760 475 814 mulier
500 761 654 814 enixa
687 769 787 814 est.
820 759 1155 827 Tantumque
1180 759 1320 829 jugis
1344 757 1665 814 innocentiae
1687 757 1858 812 oratio

283 850 468 915 valuit,
502 859 559 903 ut
581 860 634 904 et
661 849 926 906 calumnia
953 850 1169 920 periret,
1204 857 1259 903 et
1283 848 1654 903 calumniatrix
1676 861 1859 902 emen-

277 939 502 993 daretur
528 941 582 994 in
608 941 799 1009 poenis,
827 952 884 996 et
911 950 966 994 ut
994 955 1270 1009 possemus
1291 954 1584 1007 agnoscere
1604 939 1858 1006 quemad-

278 1034 499 1084 modum
549 1032 796 1086 insistere
844 1031 1175 1086 orationibus
1218 1031 1580 1098 deberemus,
1629 1044 1858 1099 quarum

275 1129 482 1177 tantam
510 1123 708 1178 scimus
732 1137 852 1179 esse
879 1123 1148 1179 virtutem.

847 1214 1073 1271 CAPUT
1114 1215 1293 1270 LVIII.

670 1307 784 1360 Vita
815 1309 992 1377 fratris
1013 1309 1138 1361 socii
1166 1309 1476 1372 Heraclidis.

351 1411 526 1451 .-auca
555 1413 695 1453 nunc
721 1399 788 1454 de
827 1400 990 1455 fratre
1015 1405 1196 1470 loquar
1219 1400 1448 1470 quodam
1468 1441 1482 1465 ,
1515 1416 1605 1470 qut
1651 1414 1859 1456 mecum

272 1504 306 1542 a
332 1489 594 1558 principio
617 1490 910 1559 juventutis
936 1506 1102 1560 usque
1126 1493 1175 1545 in
1201 1491 1512 1548 hodiernum
1535 1492 1676 1546 diem
1707 1491 1857 1559 vixit,

272 1596 442 1652 atque
469 1583 544 1638 ita
579 1598 722 1638 nunc
772 1599 964 1654 ponam
1011 1585 1171 1640 linem
1203 1599 1324 1640 meo
1369 1584 1548 1640 libello
1585 1583 1860 1656 (Pallad.,

267 1689 394 1742 cap.
428 1674 576 1745 151).

353 1764 504 1820 llunc
546 1779 646 1834 ego
675 1766 956 1835 plurimum
990 1767 1242 1837 temporis
1266 1767 1552 1823 admodum
1579 1782 1858 1837 noveram,

1960 575 2137 630 datur.
2166 575 2405 646 Cumque
2433 575 2500 630 ad
2533 590 2652 630 cum
2681 575 2772 630 ille
2798 575 2911 644 ipse
2937 577 3191 642 venisset,
3223 574 3266 628 is
3295 574 3360 628 ad
3383 587 3544 643 quem

1961 665 2131 721 fuerat
2176 668 2288 736 ipse
2336 668 2680 723 transmissus
2723 668 2798 722 ait
2833 666 3008 722 eidem
3053 665 3180 721 :Tu
3230 665 3319 720 ille
3363 664 3549 719 nescio

1961 758 2119 826 quis?
2145 759 2210 812 Et
2240 759 2327 813 ille
2367 773 2427 814 se
2454 773 2572 813 esse
2621 757 2910 827 respondit.
2945 758 3026 812 Ad
3073 770 3232 826 quem
3265 756 3405 810 dixit
3445 754 3551 809 hoc

1963 847 2056 902 ille
2087 864 2100 901 :
2130 848 2300 903 Jussit
2335 848 2528 918 aliquis
2555 855 2609 902 ut
2641 849 2733 902 tibi
2780 847 2992 918 triginta
3019 847 3272 903 fmmenti
3313 845 3543 912 modios,

1963 947 2015 992 et
2041 938 2226 995 decem
2257 939 2362 996 olei
2390 939 2657 995 sextarios
2685 939 2888 995 darem.
2923 940 2998 994 De
3024 939 3124 994 hoc
3144 952 3276 1008 ergo
3304 934 3546 992 maxime

1961 1033 2230 1102 gloriabor
2261 1032 2348 1101 qui
2382 1033 2499 1087 talis
2525 1031 2652 1097 fuit;
2682 1047 2840 1102 quem
2889 1033 3009 1086 novi
3060 1031 3390 1100 frequenter,
3420 1042 3544 1084 cum

1964 1121 2168 1177 videret
2205 1122 2412 1192 aliquos
2469 1123 2790 1178 necessitate
2842 1122 3160 1193 gravissima
3207 1136 3272 1176 ac
3326 1121 3544 1191 penuria

1964 1213 2225 1278 laborare,
2256 1213 2479 1267 multum
2511 1213 2748 1281 ﬂevisse,
2795 1223 2850 1267 et
2890 1213 3101 1269 dedisse
3133 1213 3320 1269 iisdem
3350 1221 3547 1284 praeter

1961 1318 2155 1372 corpus
2184 1318 2338 1357 suum
2377 1317 2708 1374 quacunque
2739 1304 2936 1359 habere
2966 1313 3166 1375 posset.
3198 1304 3331 1359 Novi
3377 1304 3542 1360 etiam

1962 1412 2060 1468 pro
2089 1398 2267 1467 aliquo
2294 1396 2575 1462 monacho,
2605 1395 2693 1466 qui
2721 1396 2978 1452 inciderat
3001 1397 3054 1450 in
3084 1397 3284 1466 peccati
3308 1397 3540 1464 ruinam,

1967 1500 2170 1544 tantum
2205 1491 2256 1544 in
2287 1488 2534 1557 piccibus
2561 1488 2670 1543 suis
2701 1487 2900 1543 fudisse
2927 1488 3304 1557 Iacrymarum,
3337 1496 3396 1541 ut
3419 1501 3542 1542 eum

1966 1581 2031 1635 ad
2064 1581 2428 1650 paenitentiam
2456 1593 2700 1649 magnam
2723 1579 2929 1634 orando
2956 1592 3018 1633 ac
3043 1576 3219 1632 ﬂendo
3246 1587 3540 1632 revocaret.

1969 1675 2064 1728 llic
2093 1673 2232 1728 idem
2261 1670 2697 1741 mihialiquando
2718 1670 2934 1740 juravit,
2967 1669 3066 1724 hoc
3085 1669 3270 1724 dicens
3297 1685 3314 1721 :
3344 1667 3546 1738 Depre-

1965 1776 2118 1821 catus
2155 1780 2274 1819 sum
2308 1764 2608 1826 Dominum.
2637 1777 2705 1819 ne
2733 1777 2963 1832 unquam
3005 1761 3201 1832 aliquid
3247 1761 3479 1817 maxime
3514 1776 3544 1818 a

274 1856 430 1910 nullo
460 1856 726 1913 desiderio
766 1859 959 1913 mentis
1003 1868 1097 1914 aut
1141 1859 1380 1928 corporis
1430 1860 1648 1924 victum,
1679 1859 1761 1914 vel
1791 1858 1859 1913 ad
1890 1857 1938 1918 B
1968 1868 2248 1927 peccatore
2277 1859 2367 1912 vel
2397 1859 2584 1928 divite,
2617 1876 2681 1916 ex
2718 1862 2781 1914 iis
2810 1875 2928 1930 quae
2950 1859 3253 1916 necessaria
3277 1858 3439 1914 victui
3459 1858 3543 1915 vel

267 1946 626 2016 jejunandum
657 1949 893 2004 noluisse
918 1950 1126 2018 placere
1149 1951 1470 2018 hominibus,
1501 1953 1585 2009 vel
1607 1952 1676 2008 ad
1695 1952 1858 2008 eden-

273 2039 408 2093 dum
439 2041 613 2094 carnis
644 2040 894 2096 illecebra
921 2053 1250 2111 superatum.
1280 2045 1485 2100 Vicisse
1525 2057 1702 2102 autem
1733 2061 1858 2102 eum

267 2128 532 2184 existimo
563 2139 670 2186 tam
702 2133 1008 2188 divitiarum
1039 2151 1198 2204 quam
1227 2152 1375 2192 vana:
1399 2137 1587 2207 gloriae
1615 2154 1679 2192 ex
1709 2149 1860 2207 parte

266 2225 481 2290 majore
503 2223 866 2292 cupiditatem,
889 2234 1052 2294 atque
1073 2225 1127 2280 id
1154 2225 1254 2280 sibi
1280 2227 1452 2281 solum
1475 2226 1722 2284 sufﬁcere
1740 2243 1860 2283 cre-

267 2313 516 2378 dentem,
548 2313 686 2382 quod
717 2315 938 2370 haberet
981 2318 1032 2370 in
1063 2317 1325 2373 manibus.
1359 2317 1514 2374 Nullo
1538 2328 1726 2374 ornatu
1767 2333 1860 2375 ve-

267 2401 442 2456 stium
472 2403 852 2459 delectabatur.
887 2407 988 2462 Pro
1033 2417 1341 2478 contemptu
1385 2410 1543 2469 etiam
1571 2425 1689 2477 suo,
1717 2425 1861 2466 sem-

267 2507 377 2560 per
404 2497 598 2564 gratias
627 2512 786 2565 agere
828 2511 1200 2567 consueverat,
1247 2510 1302 2557 et
1343 2517 1437 2570 pro
1486 2505 1625 2557 veris
1673 2503 1858 2559 amicis

263 2584 438 2637 ctiam
467 2584 760 2651 periculum
790 2587 970 2643 subire
997 2589 1259 2656 cupiebat.
1297 2591 1560 2660 Expertus
1585 2601 1668 2647 est
1694 2597 1856 2650 etiam

267 2673 474 2729 millies
503 2684 558 2730 et
597 2677 730 2732 forte
759 2679 982 2747 amplius
1023 2679 1324 2737 daemonum
1351 2693 1663 2754 potestates,
1690 2700 1858 2756 usque

261 2763 412 2818 adeo
443 2765 752 2833 ut.quadam
781 2768 865 2822 die
893 2769 1090 2837 pacisci
1117 2785 1237 2825 cum
1267 2786 1332 2827 eo
1375 2773 1618 2830 diabolus
1674 2776 1854 2844 vellet,

261 2857 384 2912 hoc
405 2859 587 2915 dicens
619 2877 632 2913 :
663 2860 921 2918 Promitte
949 2863 1080 2918 mihi
1112 2865 1193 2920 vel
1214 2867 1385 2921 semel
1412 2876 1464 2924 te
1491 2878 1854 2941 peccaturum,

258 2957 318 3003 et
362 2948 612 3004 feminam
643 2952 735 3005 tibi
763 2968 1075 3025 quacunque
1101 2955 1167 3011 de
1216 2958 1318 3014 hoc
1343 2961 1542 3016 mundo
1571 2961 1857 3019 desidera-

262 3039 440 3107 veris,
468 3041 748 3098 exhibebo.

343 3133 470 3187 Alio
515 3136 741 3202 quodam
786 3145 1024 3206 tempore
1080 3153 1174 3208 per
1226 3141 1622 3210 quatuordecim
1671 3152 1858 3200 noctes

1966 1952 2082 2009 usui
2115 1968 2234 2008 meo
2265 1953 2569 2009 viderentur
2594 1957 2914 2023 acciperem.

2033 2045 2158 2100 Mihi
2186 2053 2364 2100 tamen
2393 2045 2496 2100 hoc
2524 2046 2723 2101 sufficit
2746 2047 2887 2116 quod
2933 2061 3101 2100 merui
3133 2053 3397 2100 tantorum
3429 2059 3543 2099 me-

1964 2136 2185 2193 minisse
2213 2147 2545 2201 sanctorum,
2571 2146 2628 2192 et
2655 2138 2793 2207 quod
2828 2137 3018 2192 tradidi
3043 2152 3135 2192 eos
3162 2137 3433 2193 memoriae
3458 2136 3543 2190 lit.

1967 2236 2244 2293 terarum;
2266 2243 2438 2296 neque
2468 2227 2608 2282 enim
2641 2230 2760 2283 sine
2791 2229 3043 2282 inStinctu
3059 2228 3166 2282 ﬂei
3199 2228 3263 2281 ad
3297 2228 3396 2281 hoc
3423 2234 3543 2280 tuus

1963 2334 2154 2376 sensus
2175 2333 2430 2375 accensus
2451 2328 2551 2385 est,
2580 2327 2637 2372 ut
2664 2319 2830 2373 velles
2856 2333 2886 2371 a
2906 2319 2992 2373 ‘me
3014 2318 3108 2371 tibi
3130 2318 3231 2372 ista
3254 2316 3542 2378 conscribi,

1961 2420 2016 2464 et
2045 2417 2101 2463 nt
2127 2409 2354 2464 istorum
2384 2410 2620 2465 omnium
2650 2407 2786 2462 vitas
2814 2405 3195 2477 comprehendi
3227 2405 3544 2475 praeciperes

1963 2499 2063 2555 hoc
2091 2499 2290 2555 libeilo.

2031 2610 2112 2665 Tu
2138 2623 2286 2677 vero,
2315 2607 2620 2664 felicissime
2643 2607 2842 2663 Christi
2871 2607 3064 2661 famule
3092 2607 3285 2671 Lause,
3318 2606 3543 2660 libenter

1962 2700 2077 2756 haec
2106 2700 2608 2769 recole,maximam
2639 2699 2690 2752 in
2721 2697 2802 2752 his
2831 2697 3113 2766 imaginem
3140 2694 3543 2750 resurrectionis

1961 2807 2280 2861 agnoscens.
2315 2791 2504 2847 Beatas
2533 2799 2835 2843 sanctorum
2867 2789 2999 2842 vitas
3029 2789 3288 2849 virorum,
3319 2794 3372 2840 et
3400 2786 3538 2839 into-

1962 2885 2211 2940 lerandus
2259 2882 2489 2949 labores,
2539 2894 2593 2935 et
2635 2879 3001 2934 admirandam
3052 2878 3355 2946 patientiam
3400 2875 3541 2944 lege,

1963 2975 2326 3045 promotisque
2347 2971 2593 3028 sensibus
2614 2985 2858 3040 sequere,
2885 2978 2938 3024 et
2960 2984 3055 3034 Spe
3081 2982 3257 3022 rerum
3279 2967 3540 3020 bonarum

1962 3065 2366 3132 cmlestiumque
2396 3063 2559 3126 nutri,
2586 3063 2759 3116 sciens
2785 3074 2979 3128 paucos
3000 3059 3113 3113 fore
3140 3059 3224 3129 qui
3254 3067 3544 3126 sequentur

1963 3171 2055 3209 eos
2082 3158 2169 3224 qui
2199 3153 2297 3209 hos
2326 3160 2718 3221 praecesserunt
2745 3150 2878 3206 dies.
2908 3150 3012 3204 Pro
3041 3165 3128 3204 me
3163 3158 3341 3204 autem
3387 3163 3546 3204 orare

265 3224 567 3295 confligens
593 3241 711 3281 cum
738 3242 801 3281 eo
825 3228 1033 3283 diemon
1051 3231 1224 3301 (sicuti
1244 3232 1357 3298 ipse
1381 3233 1514 3286 mihi
1539 3233 1856 3306 referebat),
1884 3230 1931 3294 C
1965 3245 2207 3315 dignare,
2257 3244 2523 3312 talemque
2571 3252 2622 3296 te
2672 3242 2802 3296 mihi
2846 3253 3005 3310 atque
3054 3241 3300 3294 omnibus
3342 3240 3543 3310 prmbe,

265 3331 397 3370 cum
431 3317 652 3386 pedibus
680 3334 800 3372 eum
829 3329 986 3374 nocte
1032 3321 1098 3376 de
1139 3322 1275 3375 cella
1323 3337 1418 3378 sua
1467 3325 1719 3395 traheret,
1761 3326 1864 3383 hu-

269 3423 438 3462 mana
463 3408 512 3462 ei
540 3423 669 3464 voce
711 3410 924 3465 dicebat
968 3428 980 3464 :
1031 3410 1149 3467 Noli
1197 3413 1419 3469 adorare
1463 3413 1758 3483 Christum,
1807 3427 1865 3474 et

271 3513 546 3568 nunquam
580 3500 645 3554 ad
675 3510 724 3555 te
764 3502 987 3557 ulterius
1015 3504 1284 3559 accedam.
1313 3504 1409 3561 Cui
1439 3508 1541 3564 hoc
1568 3509 1729 3565 dabat
1771 3511 1860 3568 ille

269 3602 594 3658 responsum
633 3607 647 3644 :
687 3591 1014 3662 Propterea,
1065 3595 1339 3665 inquiens,
1384 3602 1549 3670 magis
1597 3611 1651 3656 et
1695 3602 1860 3659 adoro

265 3697 434 3749 eum,
465 3691 519 3738 et
541 3683 737 3753 iugiter
782 3686 1037 3753 adorabo,
1084 3697 1138 3742 et
1180 3689 1233 3743 in
1283 3691 1599 3746 immensum
1643 3693 1859 3749 modum

269 3773 583 3830 admirabor
609 3776 834 3844 gloriam
866 3778 1031 3846 ipsius
1056 3793 1119 3834 ac
1149 3781 1393 3849 stupebo,
1435 3783 1558 3852 quia
1601 3786 1703 3840 hoc
1745 3787 1862 3857 ipso

269 3865 422 3934 quod
451 3863 587 3922 facio
616 3869 828 3937 attgeris
857 3870 1080 3923 multum
1109 3880 1267 3941 atque
1297 3875 1572 3929 cruciaris.

342 3959 579 4012 Centum
606 3968 662 4013 et
681 3973 774 4014 sex
801 3961 1046 4016 civitates
1074 3964 1187 4029 ipse
1216 3967 1480 4033 cognovit,
1521 3967 1680 4037 longo
1700 3968 1861 4025 etiam

269 4059 520 4117 tempore
549 4053 600 4103 in
633 4052 873 4120 plurimis
904 4065 1139 4110 moratus
1167 4067 1270 4110 est.
1303 4058 1510 4113 Fat’rore
1552 4067 1609 4114 et
1653 4059 1864 4114 miseri-

267 4139 465 4195 cordia
491 4140 708 4212 Christi,
743 4143 989 4199 feminam
1035 4156 1283 4215 expertus
1312 4157 1394 4203 est
1438 4151 1654 4217 nullam,
1692 4167 1865 4222 neque

270 4233 426 4287 inter
451 4234 676 4300 somnia,
708 4236 808 4290 nisi
842 4238 892 4291 in
921 4240 1229 4294 certaminis
1258 4242 1462 4298 visione
1492 4253 1651 4313 atque
1680 4247 1865 4300 confli-

270 4333 423 4378 ctus.
458 4325 580 4381 Scio
617 4335 672 4381 et
700 4343 820 4382 eum
863 4341 942 4383 ter
983 4334 1254 4398 accepisse
1291 4335 1359 4388 ab
1388 4336 1591 4404 angelis
1635 4337 1812 4392 cibum
1847 4356 1860 4393 :

270 4430 390 4469 uno
421 4426 599 4473 autem
626 4418 712 4472 die
742 4419 793 4472 in
841 4421 1154 4476 vastissimis
1185 4423 1523 4478 solitudinum
1557 4425 1708 4494 locis,
1742 4443 1863 4483 cum

269 4520 345 4560 ne
379 4505 572 4560 micam
603 4507 818 4576 quidem
841 4508 993 4578 panis
1023 4510 1261 4577 haberet,
1288 4521 1395 4568 tres
1423 4515 1625 4570 calidos
1647 4519 1699 4572 in
1722 4519 1864 4588 pelle

1964 3337 2172 3406 qualem
2202 3350 2324 3391 esse
2347 3344 2400 3390 te
2421 3335 2542 3389 novi
2566 3350 2594 3387 a
2622 3334 2899 3389 consulatu
2924 3333 3115 3388 Titiani
3141 3348 3304 3402 usque
3329 3333 3381 3386 in
3410 3348 3546 3401 pra:-

1961 3437 2167 3484 sentem
2192 3428 2358 3494 diem,
2389 3436 2442 3482 et
2469 3427 2675 3496 qualem
2708 3435 2887 3495 postea
2923 3436 2975 3480 te
3005 3425 3286 3494 praesulem
3317 3424 3544 3479 cubiculi

1966 3522 2066 3589 pia:
2093 3519 2240 3575 sedis
2266 3518 2462 3573 inveni.
2493 3520 2728 3586 bamque
2754 3533 2903 3586 opes,
2934 3517 3182 3586 dignitas,
3207 3525 3260 3570 rt
3287 3523 3541 3584 potestas,

1966 3611 2017 3663 in
2047 3609 2196 3663 nullo
2227 3609 2487 3663 minorem
2519 3616 2570 3663 te
2608 3622 2732 3676 erga
2776 3622 3014 3661 amorem
3062 3607 3154 3661 Dei
3193 3608 3548 3674 timoremque

1965 3698 2226 3755 fecerunt.
2259 3700 2424 3753 Totus
2454 3699 2542 3753 ille
2583 3699 2690 3768 jam
2723 3697 2919 3752 Christi
2963 3713 3055 3763 es;
3110 3696 3268 3764 illius,
3317 3697 3403 3752 cui
3443 3697 3548 3750 ali-

1964 3791 2178 3862 quando
2204 3791 2412 3844 dazmon
2446 3790 2546 3844 huc
2584 3789 2764 3842 dixit:
2797 3789 2984 3842 Omnia
3016 3786 3108 3842 tibi
3150 3787 3249 3840 ista
3292 3786 3452 3850 dabo,
3499 3785 3548 3840 si

1969 3896 2052 3936 me
2078 3895 2276 3951 pronus
2306 3881 2538 3935 volueris
2569 3879 2794 3933 adorare
2822 3878 3052 3950 (Matth.
3098 3877 3191 3942 tv).
3226 3875 3374 3950 [Sed
3406 3875 3549 3932 hunc

1967 3974 2224 4027 Dominus
2271 3972 2527 4037 confudit,
2563 3986 2682 4025 cum
2713 3969 2848 4025 dixit
2879 3989 2892 4025 :
2927 3970 3072 4025 Vade
3103 3977 3266 4025 retro.
3296 3969 3465 4036 Quem
3495 3979 3550 4024 tu

1967 4081 2180 4136 quoque
2212 4066 2444 4131 imitans,
2474 4065 2762 4135 repudiatis
2790 4064 2945 4120 ﬂuxis
2973 4065 3172 4120 divitiis
3203 4073 3257 4118 et
3283 4066 3551 4122 umbratili

1969 4159 2091 4213 vita:
2120 4157 2280 4227 hujus
2309 4158 2495 4227 gloria,
2519 4159 2795 4212 ccclestem
2823 4158 2968 4211 illam
2989 4155 3342 4212 immortalem
3367 4156 3550 4222 vitam,

1969 4259 2024 4306 et
2051 4259 2308 4306 aeternum
2338 4264 2581 4319 regnum,
2612 4259 2665 4305 et
2688 4259 2944 4319 perpetuo
2972 4256 3273 4304 manentem
3303 4248 3549 4317 gloriam,

1968 4351 2024 4396 ct
2050 4344 2190 4397 bona
2218 4341 2304 4396 illa
2334 4341 2609 4404 adarnasti,
2639 4356 2755 4409 quae
2785 4355 2954 4408 neque
2977 4341 3162 4394 oculus
3193 4339 3341 4404 vidit,
3376 4353 3550 4408 neque

1969 4432 2113 4486 auris
2140 4431 2361 4499 audivit,
2389 4445 2558 4499 neque
2586 4432 2638 4484 in
2668 4445 2761 4484 cor
2783 4427 3011 4484 hominis
3038 4427 3393 4482 ascenderunt
3416 4424 3549 4496 (lsa.

1971 4539 2113 4588 inv,
2146 4522 2174 4575 Ι
2205 4522 2328 4578 Cor.
2357 4521 2450 4594 2);
2483 4536 2706 4590 quorum
2735 4521 2934 4574 utinam
2970 4518 3209 4573 lueredes
3256 4531 3355 4571 nos
3396 4513 3554 4570 faciat

269 4610 374 4649 sua
403 4597 602 4665 reperit
629 4600 954 4667 paximatcs;
988 4601 1092 4654 alio
1119 4617 1330 4672 quoque
1355 4615 1595 4674 tempore
1611 4609 1793 4663 vinum
1807 4625 1871 4667 ac
1903 4603 1951 4663 Ι)
1978 4631 2078 4670 una
2107 4631 2226 4669 cum
2255 4615 2502 4669 omnibus
2532 4616 2730 4669 sanctis
2760 4613 2869 4668 suis
2898 4610 3215 4682 patriarchis
3243 4619 3295 4664 et
3324 4606 3552 4680 prophe-

275 4703 454 4758 panes
481 4690 679 4758 pariter
703 4691 922 4746 invenit.
948 4694 1188 4761 Quodam
1221 4696 1307 4753 die
1336 4712 1458 4752 eum
1487 4700 1642 4756 alicui
1667 4702 1871 4760 dixisse

276 4780 625 4850 reminiscor,
653 4787 793 4852 quod
819 4789 1008 4855 angelo
1040 4787 1288 4857 loquente
1343 4790 1458 4845 haec
1504 4795 1748 4861 audierit,
1783 4797 1871 4851 Di-

274 4871 392 4928 dici
435 4873 662 4945 etquod
692 4876 942 4933 alimenta
991 4877 1110 4933 vita:
1147 4883 1447 4935 necessaria
1473 4899 1574 4937 non
1601 4886 1822 4944 haberes
1854 4908 1864 4941 :

367 5010 613 5065 ‘Inclusa
642 5013 835 5069 desunt
864 5016 1096 5070 Editioni
1129 5016 1305 5072 Fabri.

1975 4706 2064 4771 tis,
2097 4705 2458 4775 apostolisque
2485 4719 2548 4759 ac
2579 4704 2921 4774 martyribus,
2953 4710 3006 4755 ct
3033 4703 3096 4755 iis
3115 4715 3339 4770 quorum
3371 4699 3422 4752 in
3451 4697 3552 4751 hoc

1977 4799 2113 4853 libro
2154 4799 2466 4852 memoriam
2493 4795 2900 4862 celebravimus,
2930 4793 3099 4866 gratia
3127 4793 3292 4864 ipsius
3315 4791 3550 4847 Salvato«

1974 4891 2047 4944 ris
2075 4889 2243 4945 nostri
2271 4889 2396 4946 Jesu
2430 4889 2647 4944 (Zhristi.
2684 4885 2732 4959 ί]
2758 4888 2778 4918 ²

360 5079 390 5112 ⁸
409 5079 470 5136 ln
499 5080 638 5138 fidit.
665 5084 821 5141 Fabri
845 5087 1167 5158 sequebatur
1193 5089 1278 5143 hic
1324 5095 1612 5160 peroratio.
1644 5093 1736 5147 Est
1770 5095 1958 5150 eadem
1985 5107 2103 5148 cum
2138 5091 2396 5166 proozmio
2418 5104 2600 5161 supra.
