3982 6354
523 387 3737 441 _—-——_——————_———_——___——__—'_—

1478 414 3737 441 ηηρηίῄ--ῄ

1129 555 2081 702 PALLADII
2165 562 3176 714 LAUSIACA

940 831 1545 972 INCEBTO,
1627 832 1866 936 SED
1938 836 2427 941 VETEBI
2484 838 3354 944 INTERPRETE.

1802 1121 2519 1299 Slilrologus.

1762 1387 1965 1411 ...η

573 1465 914 1539 θεωιυιω
937 1467 1148 1536 quidem
1176 1476 1231 1524 et
1257 1467 1400 1524 varia
1427 1466 1654 1522 diversis
1681 1465 2009 1533 temporibus
2036 1481 2064 1520 a
2092 1466 2319 1521 diversis
2343 1468 2647 1537 conscripta
2681 1467 2945 1524 habentur
2965 1467 3032 1524 de
3056 1467 3158 1537 his,
3187 1471 3279 1541 qui
3302 1471 3576 1529 illecebras
3597 1480 3741 1535 saeculi

502 1555 955 1629 derelinquentes.
988 1559 1055 1614 ad
1083 1558 1358 1615 Christum
1385 1559 1562 1614 fecere
1591 1543 1918 1627 confugium,
1951 1571 2176 1625 quorum
2203 1557 2399 1612 bonum
2427 1558 2590 1614 animi
2613 1559 2939 1614 desiderium
2961 1568 3015 1614 et
3037 1561 3298 1631 religiosae
3323 1566 3513 1620 mentis
3533 1567 3740 1626 allectum

500 1665 751 1723 superna:
781 1653 965 1722 gratia:
997 1652 1298 1720 inspiratio,
1327 1652 1478 1721 quasi
1508 1650 1775 1719 adjectum
1806 1649 2035 1704 ﬂamma:
2067 1651 2243 1705 oleum
2275 1651 2566 1714 nutriebat,
2600 1650 2651 1703 in
2682 1650 3089 1706 aediﬁcationem
3129 1667 3313 1707 eorum
3368 1656 3457 1724 qui
3503 1657 3597 1714 ﬁde
3630 1662 3740 1716 inte-

498 1757 590 1814 gra
621 1743 905 1798 voluntarii
936 1753 1247 1812 permanent
1277 1743 1332 1817 in
1363 1740 1604 1796 doctrina
1632 1740 1928 1796 Salvatoris
1955 1740 2127 1795 nostri
2155 1740 2374 1795 Christi.
2402 1739 2778 1796 Consideranti
2806 1752 2985 1796 autem
3025 1758 3183 1812 quam
3226 1753 3436 1812 gratu.n
3463 1749 3529 1802 sit
3558 1751 3651 1806 Deo
3671 1768 3741 1807 sa-

497 1840 779 1906 criﬁcium,
812 1841 1016 1895 lucrum
1044 1838 1363 1903 animarum,
1398 1837 1567 1891 visum
1599 1844 1681 1891 est
1711 1843 1765 1893 et
1792 1834 1922 1888 mihi
1950 1834 2138 1888 humili
2169 1835 2471 1890 reverentia
2517 1849 2613 1903 pro
2644 1833 2998 1903 possibilitate
3027 1851 3142 1889 mea
3173 1835 3429 1892 fraternae
3457 1842 3603 1895 saluti
3640 1858 3742 1898 con'

496 1932 697 1999 sulere,
728 1941 782 1987 et
808 1930 1089 1986 illustrium
1122 1946 1226 1985 non
1259 1929 1629 1984 tantummodo
1658 1930 1919 1995 virorum,
1952 1927 2239 1984 sedetiam
2271 1927 2592 1984 feminarum
2623 1944 2799 1984 mores
2847 1941 2902 1983 et
2944 1930 3105 1984 vitam
3151 1934 3461 2001 ostendere,
3510 1940 3743 2007 propalare

496 2026 747 2093 virtutes,
772 2034 826 2081 et
855 2024 1112 2080 miracula
1141 2023 1439 2089 declarare,
1470 2038 1656 2078 eorum
1684 2022 1890 2077 scilicet
1910 2037 2045 2091 quos
2074 2022 2207 2087 vidi,
2234 2034 2287 2077 et
2315 2022 2383 2078 de
2405 2024 2598 2093 quibus
2624 2023 2823 2087 audivi,
2852 2040 2974 2079 cum
2998 2026 3188 2094 quibus
3213 2038 3269 2081 et
3294 2042 3626 2087 conversatus
3649 2050 3742 2088 sum

497 2126 606 2172 tam
636 2117 688 2171 in
719 2114 935 2185 Egypti
974 2113 1285 2178 solitudine,
1316 2130 1475 2184 quam
1513 2114 1673 2168 etiam
1718 2113 1774 2166 in
1803 2112 1970 2183 Libya
1999 2120 2055 2167 et
2084 2112 2375 2178 Thebaida,
2418 2123 2474 2168 et
2517 2115 2692 2180 Syene
2742 2113 2927 2187 [Vetus
2965 2115 3139 2171 Editio
3170 2119 3384 2175 Sirene.
3416 2126 3491 2176 An
3518 2120 3741 2194 Cymaei]

495 2209 683 2275 simul,
707 2217 761 2263 et
788 2209 878 2278 qui
901 2206 1149 2261 dicuntur
1172 2205 1646 2270 Tabenneosiotaa;
1677 2203 1871 2259 deinde
1898 2204 1952 2258 in
1984 2204 2392 2275 Mesopotamia,
2422 2204 2725 2271 Palestina,
2760 2221 2814 2264 et
2839 2209 3013 2280 Syria,
3047 2223 3101 2267 et
3130 2228 3313 2267 eorum
3341 2215 3433 2285 qui
3473 2218 3520 2270 in
3549 2218 3742 2274 occiduis

497 2303 766 2374 partibus,
793 2300 979 2357 Romae
1002 2309 1056 2355 et
1081 2298 1387 2367 Campania:
1417 2308 1714 2354 morantur.
1743 2297 2023 2353 Desiderio
2044 2297 2310 2366 siquidem
2336 2298 2649 2353 humilitatis
2676 2315 2730 2356 et
2766 2304 3085 2360 obedientiae
3115 2307 3326 2362 auditor
3347 2310 3563 2365 «τιτι-ειυς
3587 2325 3741 2364 mena-

496 2393 648 2451 sticze
675 2390 1041 2476 institutionis,
1076 2391 1404 2461 trigesimum
1435 2400 1489 2445 et
1522 2390 1736 2445 tertium
1766 2405 1928 2460 agens
1955 2392 2126 2445 aetatis
2153 2406 2350 2445 annum
2398 2392 2451 2445 in
2493 2395 2906 2465 congregatione
2951 2397 3197 2465 fratrum,
3234 2402 3576 2457 nihilominus
3613 2414 3659 2457 ct
3696 2403 3739 2459 in

495 2485 737 2540 solitaria
762 2486 868 2540 vita
897 2484 1198 2540 diversatus
1228 2497 1370 2547 sum,
1402 2480 1494 2537 ubi
1523 2481 1750 2551 plurima
1783 2482 1945 2539 didici
1976 2482 2253 2548 imitanda,
2290 2484 2496 2552 pariter.
2533 2494 2585 2539 et
2616 2486 2852 2549 vitanda.
2882 2504 2999 2558 qua:
3031 2492 3082 2544 iu
3114 2491 3214 2546 hoc
3261 2493 3422 2557 libro,
3453 2509 3547 2563 qua
3593 2502 3743 2566 potero

498 2575 782 2642 brevitate,
805 2583 1125 2641 contexam;
1157 2582 1216 2630 ut
1246 2573 1301 2627 in
1332 2571 1656 2641 compendio
1683 2570 1959 2627 salutifere
1987 2571 2323 2637 commoniti,
2352 2572 2737 2629 indeﬁcieutem
2767 2576 2959 2630 anitum
2982 2580 3254 2646 capiamus
3286 2583 3596 2639 medicinam
3618 2603 3630 2649 ς
3651 2598 3742 2637 om.

498 2682 626 2724 nem
657 2668 912 2725 videlicet
935 2667 1317 2723 obliviscamur
1342 2664 1623 2730 desidiam,
1655 2665 1959 2735 mentisque
1984 2663 2396 2719 somnolentiam
2426 2675 2481 2720 et
2505 2666 2721 2720 carnale
2747 2667 3106 2736 desiderium;
3138 2686 3462 2743 omnemque
3490 2674 3739 2730 dissensio-

495 2776 623 2818 nem
647 2760 831 2828 animi,
860 2759 1271 2816 commotionem
1294 2756 1608 2823 iracundiae,
1632 2756 1905 2810 tristitiam
1929 2768 1984 2811 et
2005 2757 2425 2811 irrationabilem
2450 2756 2695 2813 timorem
2721 2774 2814 2829 per
2834 2760 2949 2815 hinc
2973 2763 3318 2831 repellamus;
3346 2782 3531 2822 vanam
3555 2770 3739 2838 gloriam

495 2855 909 2911 otamhitionem
936 2854 1118 2911 saeculi
1137 2854 1519 2923 despiciamus,
1543 2861 1602 2907 ut
1622 2853 1675 2907 iu
1706 2852 1812 2909 ﬁde
1837 2851 2075 2908 veritatis
2100 2859 2155 2905 et
2183 2852 2236 2907 in
2262 2851 2531 2907 desiderio
2558 2854 2874 2909 :cternitatis
2901 2855 3261 2924 proﬁciamus.
3296 2861 3586 2916 Audientes
3611 2863 3739 2933 igitur

494 2944 653 3003 fortia
681 2955 987 3004 sanctorum
1006 2954 1186 3031 gesta,
1217 2945 1559 3015 accingamur
1598 2951 1653 2999 et
1682 2958 1807 3010 nos;
1836 2952 2089 3014 augescat
2115 2945 2166 2999 in
2210 2945 2365 2999 nobis
2391 2944 2545 3014 ﬁdes,
2575 2961 2673 3017 spe
2703 2946 2947 3004 vincendi
2977 2950 3213 3007 charitas
3244 2934 3545 3021 incalescat;
3569 2963 3616 3008 et
3636 2953 3741 3009 certi

493 3037 663 3096 simus
685 3040 805 3112 quia
831 3039 1077 3096 Christus
1105 3037 1395 3094 bellatores
1419 3048 1549 3092 suos
1574 3033 1868 3104 adjuvahit,
1901 3035 2133 3090 victores
2161 3034 2462 3090 coronabit.

496 3178 3733 3213 Μ

1014 3276 1242 3333 CAPUT
1281 3275 1569 3333 PRIMUM.
1850 3286 1853 3289 '
2115 3279 2164 3336 Α
2196 3272 2357 3328 besco
2388 3275 2657 3345 accipiens
2695 3279 3028 3346 corporalem
3056 3297 3234 3337 escam
3276 3284 3416 3339 sicut
3457 3284 3739 3339 irrationalia

495 3390 691 3447 Iu'dori
734 3399 783 3445 et
832 3390 1078 3445 Dorothet’
1118 3391 1432 3473 conversatio
1459 3432 1474 3458 ,
1517 3399 1565 3445 et
1602 3390 1771 3462 pauiu
1816 3387 2086 3459 cujusdam

1181 3477 1396 3532 nrgmu.

570 3552 704 3609 Cum
730 3554 961 3623 primum
1001 3551 1069 3607 ad
1095 3551 1475 3608 Alexandriam
1505 3552 1866 3622 perrexissem
1896 3551 2085 3607 civita—

498 3654 644 3712 tem,
690 3645 868 3715 reperi
914 3644 1085 3700 virum
1138 3643 1472 3706 mirabilem,
1537 3642 1771 3710 undique
1838 3651 2084 3697 ornatum

494 3738 757 3806 moribus,
780 3736 1203 3799 conversatione,
1229 3743 1285 3789 et
1304 3732 1549 3799 scientia,
1575 3732 1833 3788 lsidorum
1861 3734 2085 3806 presby-

494 3840 694 3896 terum,
717 3839 771 3885 et
792 3827 1125 3883 xenodochio
1139 3825 1487 3882 constitutum
1513 3824 1885 3880 Alexandrinae
1907 3825 2081 3880 eccle-

493 3925 588 3979 sia:
617 3922 855 3996 (Hei-act.
887 3938 1002 3991 cap.
1036 3921 1111 3993 l).
1162 3920 1261 3987 Qui
1293 3920 1508 3990 quidem
1561 3919 1749 3989 prima:
1792 3919 2085 3988 juveiitutis

497 4014 784 4069 illecebras
810 4014 1083 4068 dicebatur
1122 4012 1177 4067 in
1221 4011 1507 4068 solitudine
1555 4025 1878 4078 macerasse,
1929 4009 2084 4081 cujus

498 4104 663 4158 etiam
692 4117 789 4157 nos
817 4103 1006 4158 cellam
1052 4102 1281 4157 vidimus
1329 4104 1380 4156 in
1424 4112 1607 4157 monte
1653 4101 1858 4155 Nitriae.
1902 4101 2084 4156 Inveni

498 4204 679 4251 autem
718 4210 841 4250 eum
890 4208 1150 4249 annorum
1196 4194 1526 4263 septuaginta
1573 4208 1780 4260 senem,
1829 4194 1919 4265 qui
1967 4202 2088 4264 post

496 4286 801 4359 quindecim
840 4285 972 4341 alios
1016 4298 1188 4339 annos
1229 4284 1511 4340 defunctus
1555 4287 1740 4347 est.in
1788 4299 1939 4356 pace.
1987 4286 2087 4341 Hic

496 4393 667 4450 usque
695 4378 761 4432 ad
786 4377 984 4433 exitum
1009 4377 1131 4432 vitae
1160 4391 1271 4432 sua:
1298 4393 1405 4432 non
1450 4376 1612 4432 linteo
1652 4392 1779 4433 ttsus
1825 4388 1923 4442 est,
1978 4394 2083 4433 non

496 4459 712 4527 balneo.
743 4469 908 4540 Cujus
932 4483 1127 4540 corpus
1148 4468 1312 4541 gratia
1345 4467 1439 4523 Dei
1461 4468 1531 4522 ita
1557 4466 1809 4523 refertum
1840 4468 1972 4540 [Al.,
2006 4486 2087 4523 re.

499 4564 721 4636 fectum]
766 4572 901 4629 erat,
932 4572 989 4617 ut
1018 4568 1266 4632 putarent
1303 4574 1487 4615 omnes
1518 4562 1828 4631 ignorantes
1856 4556 2083 4615 conver-

2191 3365 2437 3421 animalia
2461 3408 2477 3435 ,
2519 3382 2642 3422 cum
2672 3368 2852 3438 utique
2884 3370 3043 3426 homo
3073 3373 3347 3429 rationalis
3376 3390 3406 3428 a
3438 3375 3540 3431 Deo
3567 3384 3738 3430 creatus

2188 3458 2313 3521 sim,
2343 3466 2397 3511 et
2424 3461 2512 3527 qui
2543 3458 2793 3513 deberem
2824 3462 3053 3530 paradisi
3080 3463 3289 3519 deliciis
3313 3464 3443 3519 frui.

2266 3548 2363 3603 llic
2413 3558 2573 3605 notus
2620 3566 2738 3605 cum
2788 3561 2932 3607 esset
2975 3553 3218 3609 Romano
3263 3558 3493 3620 senatui,
3531 3555 3740 3615 omnibus

2187 3638 2446 3693 matronis
2498 3643 2899 3709 magnilicorum
2948 3653 3004 3698 et
3046 3644 3333 3701 illustrium
3375 3648 3618 3713 \irorum,
3645 3659 3740 3700 cum

2190 3728 2480 3784 Athanasio
2519 3730 2769 3803 episcopo
2813 3749 2971 3788 causa
3015 3733 3137 3790 ﬁuei
3181 3738 3279 3792 l’uit
3326 3739 3532 3805 Rocnre,
3580 3735 3740 3791 deinde

2188 3820 2351 3874 etiam
2381 3834 2502 3874 cum
2546 3824 2816 3878 Demetrio
2858 3826 3145 3895 episcopo;
3177 3837 3233 3883 ct
3259 3829 3534 3884 abundans
3574 3827 3738 3882 divitiis

2190 3909 2242 3963 in
2262 3911 2466 3964 ratione
2488 3913 2826 3983 xenodochii,
2850 3925 2903 3969 et
2924 3917 3296 3974 sul‘licientiam
3321 3921 3542 3984 habens,
3566 3921 3735 3973 nullum

2191 4010 2565 4057 tesmmeutum
2594 4004 2803 4072 scripsit
2831 4008 3098 4074 moriens;
3120 4011 3213 4064 sed
3244 4026 3417 4079 neque
3440 4028 3590 4064 untnu
3618 4023 3739 4062 uunr

2190 4108 2334 4146 mum
2367 4095 2581 4163 reliquit
2610 4098 2662 4151 iu
2703 4098 2838 4152 solat
2861 4115 2947 4152 tnn
2977 4103 3252 4157 sororibus
3280 4104 3428 4169 suis,
3459 4104 3510 4159 in
3555 4101 3742 4171 virgini-

2191 4187 2315 4241 tatis
2372 4191 2643 4271 proposito
2700 4194 3050 4259 constitutis;
3100 4197 3193 4250 sed
3250 4198 3634 4253 commendavit
3670 4207 3742 4248 eas

2187 4277 2403 4334 Christo
2433 4281 2689 4350 Domino,
2717 4285 2899 4340 dicens
2931 4306 2943 4339 ι
2975 4286 3074 4354 Qui
3120 4294 3325 4344 creavit
3366 4307 3485 4359 vos,
3516 4294 3742 4362 gubernet

2190 4373 2351 4426 vitam
2386 4387 2640 4441 veStram,
2673 4378 2809 4431 sicut
2833 4387 2889 4433 ct
2919 4395 3114 4434 meam.
3148 4382 3273 4436 Erat
3301 4396 3478 4438 autem
3501 4399 3612 4438 cum
3639 4394 3740 4451 ger-

2190 4465 2363 4519 manis
2393 4467 2507 4533 ejus
2538 4471 2879 4537 congregatio
2909 4472 3172 4540 virginum
3201 4478 3554 4545 septuaginta.

2266 4556 2378 4610 lluc
2410 4557 2638 4639 venienti
2664 4560 2850 4627 juveni
2880 4562 3006 4617 mihi
3037 4574 3091 4618 et
3123 4565 3431 4633 deprecanti
3459 4583 3574 4621 eum
3604 4573 3653 4619 ut
3675 4563 3743 4616 in-

500 4659 762 4713 sationem
794 4656 931 4727 ejus,
954 4656 1077 4725 quia
1101 4655 1155 4710 in
1181 4652 1384 4709 deliciis
1405 4654 1642 4723 degeret.
1669 4653 1835 4724 llujus
1857 4656 2081 4707 virtutes
2117 4657 2162 4717 Β
2192 4645 2437 4701 stiluen‘t
2468 4664 2572 4712 me,
2620 4652 3069 4723 conﬁrmarctque
3108 4655 3161 4708 in
3204 4657 3581 4713 monachorum
3612 4656 3742 4709 vitam

502 4750 667 4806 animi
696 4750 744 4805 si
773 4748 996 4803 voluero
1038 4762 1325 4818 exponere,
1356 4746 1571 4802 deﬁciet
1600 4761 1685 4800 me
1725 4756 1931 4815 tempus
1961 4761 2085 4799 uar-

500 4857 729 4901 rantem.
763 4845 859 4900 llic
886 4844 1028 4900 inter
1074 4851 1299 4898 caeteras
1328 4842 1555 4898 virtutes
1585 4841 1745 4896 nimis
1775 4842 2085 4895 misericors

500 4937 564 4997 ac
590 4941 848 5012 benignus
878 4949 1013 5008 erat,
1046 4947 1104 4994 ut
1142 4939 1301 4994 etiam
1350 4938 1547 4993 inimici
1592 4939 1707 5006 ejus
1750 4945 1805 4991 et
1844 4935 2086 4991 inﬁdeles

500 5035 726 5104 gentiles
752 5041 1128 5090 revererentur
1156 5047 1300 5087 eum.
1331 5032 1555 5086 Tantam
1587 5039 1764 5085 autem
1804 5028 2083 5083 scientiam

503 5124 1096 5194 habuitScripturarum
1114 5122 1413 5177 divinarum
1436 5122 1781 5177 instruetione
1803 5120 2081 5188 librorum,

502 5227 564 5273 ut
592 5219 732 5274 inter
753 5218 866 5285 ipsa
893 5218 1052 5272 etiam
1083 5216 1325 5271 convivia
1348 5214 1566 5270 fratrum
1596 5222 1774 5271 mente
1801 5215 2087 5270 excederet

501 5308 865 5380 spiritualibus
885 5306 1199 5363 visionibus.
1223 5306 1465 5376 Cumque
1485 5306 1863 5373 deprecaretur
1882 5304 2083 5361 referre

504 5404 625 5476 quis
654 5412 795 5461 esset
840 5418 1099 5460 excessus
1128 5404 1320 5459 mentis
1349 5402 1485 5471 ejus,
1517 5400 1729 5455 diccbat
1758 5415 1879 5454 eum
1911 5399 2085 5470 lacry-

504 5498 608 5554 mis
632 5517 647 5553 :
678 5497 811 5566 Quia
840 5508 1019 5555 mente
1046 5508 1229 5565 raptus
1257 5512 1373 5552 sum
1405 5496 1456 5550 in
1490 5494 1696 5548 visione
1721 5497 1947 5563 quadam
1978 5495 2089 5557 spi-

504 5593 705 5649 rituali.
739 5593 850 5662 Ego
880 5608 1006 5649 vero
1032 5591 1257 5662 cognovi
1286 5595 1427 5645 hunc
1457 5587 1764 5659 frequenter
1791 5590 2093 5659 laeryman-

506 5694 617 5742 tem
647 5700 810 5756 super
849 5701 1110 5751 mensam,
1140 5701 1259 5741 cum
1301 5683 1479 5738 cibum
1506 5691 1753 5751 caperet;
1786 5692 1839 5737 et
1880 5697 2093 5739 causam

508 5776 924 5845 interrogantes,
955 5776 1255 5834 audivimus
1283 5790 1405 5833 eum
1454 5774 1717 5832 dicentem
1745 5789 1759 5831 :
1793 5773 1926 5841 Quia
1970 5787 2094 5831 eru-

2194 4739 2484 4791 lerventcm
2511 4738 2730 4807 juvenili
2760 4750 2935 4807 aetate,
2969 4744 3132 4797 verbo
3164 4744 3379 4813 quidem
3412 4764 3496 4802 me
3545 4761 3639 4799 non
3680 4750 3745 4795 est

2191 4829 2518 4892 consolatus,
2552 4830 2645 4885 sed
2693 4833 2862 4902 magis
2893 4833 3126 4888 laborem
3157 4836 3318 4907 985
3347 4838 3549 4891 induxit
3585 4849 3746 4904 corpo-

2192 4921 2378 4973 ralem.
2411 4918 2603 4975 Eduxit
2632 4923 2774 4977 enim
2806 4940 2891 4977 tne
2925 4922 3070 4978 foras
3096 4925 3164 4980 de
3200 4932 3412 4982 civitate
3441 4918 3507 4981 ad
3548 4943 3605 4981 ea
3648 4938 3745 4993 qua:

2192 5009 2444 5065 dicuntur
2472 5013 2759 5067 secretiora
2792 5014 2929 5080 loca,
2958 5017 3205 5070 tltilliurit)
3227 5021 3431 5086 quinto,
3457 5019 3657 5072 tradens
3676 5028 3744 5067 me

2196 5101 2461 5157 Dorotheo
2476 5105 2684 5159 cuidam
2709 5107 3166 5162 abstinetttissimo
3195 5112 3328 5176 viro,
3347 5111 3744 5174 Theb.:.-o,sexn‘

2191 5195 2452 5263 gesimum
2500 5200 2675 5266 agenti
2736 5214 2930 5253 annum
2979 5201 3030 5254 in
3090 5204 3364 5270 spelunca,
3410 5215 3463 5257 et
3510 5201 3655 5272 jussit
3681 5211 3747 5250 me

2196 5286 2417 5352 implere
2463 5288 2598 5354 apud
2648 5288 2817 5357 ipsum
2872 5300 2987 5344 tres
3022 5307 3226 5357 annos,
3276 5294 3344 5347 ad
3389 5293 3745 5349 edomatiunem

2199 5377 2440 5443 corporis
2471 5380 2774 5446 passionum
2802 5397 2816 5445 ;
2849 5383 3051 5436 sciebat
3079 5386 3222 5439 enim
3252 5401 3434 5441 senem
3474 5383 3644 5453 grandi
3683 5380 3746 5433 di-

2199 5470 2475 5523 strictione
2503 5473 2788 5525 viventem.
2820 5473 3016 5528 lterum
3046 5477 3172 5530 mihi
3212 5478 3403 5532 reverti
3443 5480 3507 5529 ad
3536 5492 3592 5529 se
3632 5485 3745 5542 pra»

2199 5565 2340 5632 cepit
2362 5564 2656 5631 spiritualis
2675 5566 3036 5623 instructionis
3055 5584 3236 5625 causa.
3261 5570 3375 5625 Non
3395 5571 3575 5625 valens
3594 5573 3745 5619 autem

2198 5662 2308 5709 tres
2353 5670 2523 5709 annos
2570 5656 2813 5725 implere,
2864 5658 3172 5717 inﬁrmitate
3209 5662 3482 5732 detentus,
3532 5659 3600 5719 ita
3645 5660 3747 5710 ante

2200 5746 2490 5805 triennium
2516 5764 2767 5808 reversus
2806 5766 2924 5809 sum
2952 5753 3021 5809 ab
3045 5767 3133 5813 co.
