3982 6354
661 298 737 309 σ’ν“
810 292 961 311 κου’-»ν
1004 294 1031 301 -ν
1054 294 1069 300 -

224 366 335 428 ωε

1501 359 1583 419 PA
1593 357 1821 416 LLADH
1856 356 2217 417 LAUSlACA.

3387 364 3495 425 846

138 510 141 511 ν
210 534 215 539 .
301 482 432 538 Erat
457 480 600 538 enim
626 478 743 551 ejus
765 477 869 534 vita
896 475 1027 533 dura
1053 484 1109 532 et
1134 473 1322 531 ardua.
1350 474 1451 530 Per
1471 488 1660 529 omnes
1685 473 1803 542 qui-
1830 473 1884 530 Α
1908 467 2097 525 luntati
2124 471 2324 527 domini
2356 472 2559 541 tui,aut
2587 482 2736 531 certe
2757 474 2973 532 noveris
2990 477 3115 546 quia
3144 478 3196 532 in
3223 475 3361 534 hanc
3380 482 3496 535 cal-

226 574 353 630 dem
381 572 495 629 dies
518 573 569 629 in
595 582 727 627 aestu
752 582 807 627 et
830 568 1118 625 solitudine
1159 582 1317 623 secus
1357 581 1503 622 mare
1525 566 1808 632 colligebat

228 665 455 735 lapides,
479 678 678 733 eosque
708 662 977 717 :edilicans
1000 669 1056 714 et
1075 659 1292 714 cellulas
1322 657 1543 721 faciens,
1567 655 1809 710 tradebat

228 773 339 812 non
369 756 666 811 valentibus
693 756 792 810 sibi
815 756 1100 816 :edilicare,
1130 769 1225 821 per
1243 752 1481 821 singulos
1508 764 1676 805 annos
1699 750 1810 802 sin-

227 851 384 921 gulas
408 866 472 905 ex
501 850 703 919 plicans
726 849 972 903 cellulas.
1003 848 1115 917 Ego
1138 857 1315 901 autem
1337 846 1631 914 deprecans
1657 858 1800 907 eum,

229 944 344 997 dixi
380 943 431 997 ei
459 942 632 1009 :Quid
660 940 810 1002 facis,
843 937 1020 1007 Pater,
1070 939 1121 992 itt
1172 938 1262 991 tali
1300 945 1574 990 senectute
1606 934 1807 987 interfi-

226 1033 381 1088 ciens
406 1048 601 1103 corpus
629 1034 813 1087 tuum?
834 1031 1189 1101 Respondeas
1214 1040 1414 1094 autem,
1456 1028 1590 1081 dixit
1634 1025 1761 1079 mihi
1790 1042 1803 1077 :

225 1122 442 1178 Occidit
473 1140 581 1192 me,
610 1123 798 1179 occido
841 1124 992 1179 illud.
1023 1122 1279 1177 Sutnebat
1306 1128 1486 1174 autem
1532 1120 1585 1173 in
1627 1118 1804 1172 cibum

224 1215 386 1286 panis
416 1216 599 1270 uncias
623 1230 741 1281 sex,
770 1223 824 1269 et
863 1215 930 1269 de
958 1214 1179 1268 minutis
1216 1213 1422 1267 olerum
1448 1210 1806 1265 condimentis

224 1305 568 1361 fasciculum.
612 1306 833 1361 Bibebat
903 1316 1079 1361 autem
1126 1320 1190 1361 ex
1233 1320 1367 1375 aqua
1420 1320 1602 1373 parum
1656 1303 1804 1374 quid.

222 1399 422 1455 Nescio
446 1415 575 1454 vero
614 1401 919 1456 extendisse
960 1415 1082 1454 eum
1130 1400 1326 1469 pedes;
1356 1400 1540 1453 nescio
1570 1398 1808 1467 requies-

220 1500 437 1547 centem
464 1507 587 1547 eum
630 1506 792 1560 super
820 1494 1095 1546 mattulam
1128 1505 1302 1561 neque
1346 1504 1511 1561 super
1554 1490 1753 1544 lectum
1786 1528 1801 1552 ,

221 1584 324 1639 sed
375 1599 468 1652 per
507 1598 697 1639 omnes
759 1594 943 1639 noctes
1013 1584 1207 1639 sedens
1258 1590 1314 1637 et
1370 1596 1639 1651 operans,
1694 1580 1807 1649 ple-

221 1676 405 1731 ctebat
436 1692 498 1730 ex
550 1677 846 1745 palmarum
888 1677 1028 1731 foliis
1067 1686 1298 1747 sportas,
1328 1676 1379 1729 in
1407 1679 1669 1729 rationem
1699 1673 1805 1729 cibi

219 1769 331 1823 sui.
362 1769 641 1823 Arbitrans
669 1780 844 1825 autem
872 1785 995 1839 ego,
1021 1786 1088 1824 ne
1115 1769 1333 1823 forsitan
1367 1780 1584 1838 propter
1614 1783 1698 1821 me
1718 1781 1805 1819 so-

1914 564 2118 619 dariam
2149 577 2199 620 te
2222 566 2383 633 jubeo
2407 566 2563 621 mitti.
2598 567 2688 622 llla
2711 578 2887 625 autem
2914 570 3233 637 respondit,
3266 570 3452 626 dicens
3478 590 3490 625 :

1912 658 2027 713 Non
2063 659 2189 713 fiant
2217 660 2502 729 aliquando
2531 661 2662 715 tales
2687 662 2918 729 iudices,
2951 663 3039 731 qui
3064 662 3287 730 jubeant
3329 662 3489 717 subdi

1912 751 2156 808 luxuriae.
2192 752 2455 809 Fremens
2480 769 2610 823 ergo
2634 753 2793 822 jussit
2817 769 2935 808 eam
2967 755 3313 821 exSpuliatam
3352 754 3495 808 mitti

1912 845 1965 899 in
2005 846 2293 899 caldarium
2337 848 2631 903 ferventem
2676 850 2808 917 pice.
2836 850 2926 902 llla
2966 860 3143 902 autem
3182 848 3360 903 emisit
3399 862 3495 903 vo-

1911 950 2049 1001 cem,
2079 937 2265 991 dicens
2290 956 2303 992 :
2331 939 2432 994 Per
2461 950 2619 1006 caput
2649 942 2720 994 lui
2753 942 3094 1008 imperatoris
3142 952 3193 995 te
3236 940 3485 1009 conjuro,

1910 1042 2068 1096 quem
2098 1029 2251 1091 colis,
2280 1030 2327 1083 si
2376 1031 2607 1084 Statuisti
2658 1032 2739 1084 sic
2784 1041 3034 1098 torquere
3079 1047 3200 1095 me,
3232 1030 3361 1100 jube
3405 1044 3493 1084 me

1912 1120 2164 1188 paulatim
2211 1122 2406 1188 deponi
2452 1125 2505 1177 in
2550 1123 2836 1177 caldariam
2865 1163 2880 1189 ,
2913 1133 2970 1176 ut
3005 1123 3187 1176 videas
3235 1132 3490 1190 quautam

1911 1213 2040 1267 mihi
2068 1214 2370 1282 patientiam
2402 1217 2620 1270 donavit
2646 1216 2913 1280 Christus,
2940 1232 3097 1286 quem
3145 1227 3199 1271 tu
3253 1218 3492 1286 ignoras.

1911 1304 1975 1357 Et
1999 1305 2236 1371 deposita
2269 1306 2526 1373 paulatim
2584 1306 2636 1360 in
2682 1317 3040 1375 praeparatum
3071 1306 3367 1360 ferventem
3398 1320 3493 1360 ca-

1914 1396 2133 1462 cabum,
2168 1399 2355 1453 eadem
2384 1398 2515 1453 hora
2549 1399 2791 1469 refriguit
2834 1402 2921 1469 pix
2968 1415 3088 1454 cum
3130 1402 3269 1455 circa
3295 1400 3492 1454 collunt

1910 1488 2025 1557 ejus
2051 1492 2311 1557 pet-venit.
2338 1493 2721 1560 Quamplurimi
2765 1502 2943 1548 autem
2987 1493 3230 1547 videntes
3260 1494 3365 1547 tale
3394 1493 3493 1545 mi-

1920 1583 2183 1647 raculum,
2209 1582 2506 1637 conﬁrmati
2556 1594 2680 1637 sunt
2704 1587 2754 1639 in
2800 1586 2903 1640 lide
2930 1586 3139 1640 Domini
3173 1584 3340 1639 nostri
3365 1584 3494 1642 Jesu

1910 1669 2108 1725 Christi
2160 1673 2211 1727 in
2258 1673 2621 1729 Alexandrina
2654 1676 2885 1731 ecclesia
2912 1717 2927 1741 ,
2966 1678 3055 1743 qui
3085 1676 3229 1746 digni
3279 1676 3493 1731 fuerunt

1913 1771 2069 1814 terra:
2098 1774 2522 1831 tnansuetorum,
2555 1766 2696 1821 sicut
2720 1768 2849 1822 dicit
2878 1767 3137 1822 Dominus
3171 1769 3224 1820 in
3257 1768 3494 1837 Evange-

222 1860 339 1914 lunt
369 1862 470 1914 hoc
498 1860 713 1926 faceret,
754 1862 883 1913 satis
912 1863 1035 1931 egi,
1067 1871 1120 1917 et
1160 1865 1225 1915 ab
1249 1862 1367 1915 aliis
1394 1861 1665 1930 discipulis
1692 1862 1809 1931 ejus
1841 1847 1885 1906 Β
1916 1849 1986 1903 lio
2010 1868 2025 1906 :
2052 1854 2201 1907 Beati
2235 1857 2498 1911 mansueti
2526 1897 2542 1925 ,
2570 1859 2822 1928 quoniam
2863 1860 2961 1927 ipsi
3005 1859 3355 1935 possidebunt
3384 1867 3492 1914 ter-

220 1952 520 2007 scrutando
566 1954 656 2022 qui
702 1965 1109 2021 permanserunt
1155 1956 1498 2023 singulariter
1540 1954 1803 2021 cognovi,

219 2043 479 2111 quoniam
509 2058 539 2094 a
563 2044 842 2109 juventule
869 2059 1082 2114 setttper
1119 2046 1277 2098 talem
1310 2044 1495 2098 habuit
1520 2058 1809 2098 conversa-

222 2134 450 2201 tionem,
483 2152 750 2205 nnnquain
780 2137 1052 2191 dormiens
1075 2153 1138 2191 ex
1164 2153 1322 2191 causa
1358 2139 1458 2192 nisi
1487 2140 1762 2207 operando
1785 2179 1802 2203 ,

222 2236 318 2279 aut
348 2236 497 2280 certe
529 2227 855 2280 tuanducans
885 2228 1165 2283 claudebat
1200 2228 1385 2283 oculos
1429 2244 1525 2295 per
1552 2229 1806 2281 dormita-

221 2316 453 2381 tionem,
488 2319 556 2371 ita
584 2328 639 2371 nt
684 2319 995 2387 frequenter
1023 2320 1174 2387 panis
1207 2320 1424 2374 caderet
1450 2320 1519 2373 de
1563 2334 1661 2373 ore
1688 2320 1806 2387 ejus

222 2425 343 2479 pra:
371 2410 531 2463 nimia
559 2410 889 2465 dormitione
919 2414 970 2464 in
1004 2422 1245 2480 tempore
1286 2413 1610 2464 refectionis.
1650 2411 1806 2464 Com-

221 2498 467 2568 pelleute
494 2508 671 2552 autem
713 2516 798 2553 me
840 2515 964 2554 eum
1012 2500 1296 2569 aliquando
1334 2515 1620 2569 parumper
1648 2514 1809 2567 suprr

219 2598 447 2646 matiam
486 2590 765 2657 reclinari,
809 2592 1152 2645 rontristatus
1200 2592 1410 2645 diccbat
1435 2612 1446 2643 :
1472 2591 1526 2646 Si
1568 2592 1807 2646 suaseris

218 2687 447 2752 angelos
471 2684 726 2748 dormire,
750 2688 944 2739 suades
970 2695 1027 2739 et
1049 2686 1342 2739 ferventem
1373 2686 1641 2754 spiritum.

296 2772 495 2829 Verum
523 2776 807 2843 aliquando
834 2791 953 2829 cum
980 2791 1156 2831 essem
1195 2779 1331 2845 apud
1374 2792 1493 2831 eum
1536 2780 1678 2832 circa
1708 2775 1809 2830 ho-

221 2882 347 2924 ram
378 2882 596 2933 nonam,
623 2869 838 2923 mittens
869 2884 955 2924 me
984 2871 1210 2938 impero
1252 2885 1344 2924 vas
1388 2885 1540 2939 aquae
1565 2870 1632 2925 ad
1677 2889 1806 2929 usus

224 2957 540 3015 refectiuuis
565 2974 784 3025 nostrae,
814 2962 991 3015 evenit
1018 2977 1105 3017 me
1126 2962 1356 3017 abeunte
1381 2964 1623 3033 aspidem
1650 2966 1810 3021 deur-

221 3065 349 3105 sum
378 3050 556 3105 videre
577 3050 629 3105 in
655 3063 835 3120 puteo,
859 3065 912 3107 et
945 3068 1037 3106 vas
1076 3068 1178 3106 non
1209 3054 1480 3123 impletum
1512 3070 1648 3124 aqua
1674 3059 1809 3126 abji-

219 3146 376 3202 ciens
402 3146 514 3200 dixi
544 3147 593 3201 ei
618 3165 632 3198 :
659 3149 921 3214 Quoniam
964 3150 1159 3203 mortui
1203 3164 1405 3211 smnus,
1442 3150 1632 3217 Pater;
1659 3167 1804 3221 aspl-

218 3238 345 3292 detn
375 3239 519 3291 enim
556 3239 663 3293 vidi
710 3241 762 3293 in
803 3252 984 3309 puteo.
1012 3242 1113 3306 Qui
1148 3241 1435 3295 subridens
1459 3282 1475 3306 ,
1508 3244 1680 3297 solum
1711 3218 1801 3297 diu
1830 3218 1876 3281 ο

220 3331 476 3399 intendit,
505 3342 559 3385 et
590 3347 807 3386 movens
837 3342 997 3403 caput
1028 3334 1273 3388 dicebat:
1304 3336 1357 3389 Si
1392 3336 1561 3402 placet
1588 3336 1806 3391 diabolo

223 3437 327 3493 per
354 3424 595 3493 singulos
633 3434 818 3491 puteos
850 3436 1126 3493 serpentes
1158 3427 1468 3493 immittere,
1501 3432 1619 3482 sive
1645 3432 1804 3484 aliam

221 3517 459 3587 aliquam
490 3518 735 3583 be~tiam,
769 3534 865 3572 nos
893 3534 1161 3589 nunquam
1195 3520 1448 3574 habemus
1477 3521 1704 3575 bibere?
1739 3522 1802 3577 Et

222 3612 530 3680 egrediens,
566 3628 659 3681 per
688 3615 1035 3680 semetipsum
1086 3616 1294 3681 hausit;
1323 3616 1644 3685 jejunusqne
1682 3616 1801 3684 pri-

224 3720 347 3760 mus
381 3707 495 3773 ipse
517 3706 727 3774 bibens,
752 3709 824 3761 ait
848 3724 863 3762 :
892 3708 987 3764 Ubi
1018 3724 1148 3763 crux
1177 3709 1375 3764 Christi
1406 3712 1802 3779 superducitur,

223 3811 335 3851 non
363 3814 375 3862 |
399 3798 671 3852 revalebtt
700 3800 898 3854 malitia
929 3801 1147 3855 diaboli.

298 3888 495 3943 Beatus
522 3901 699 3944 autem
733 3891 965 3945 Isidorus
1004 3893 1266 3946 referebat
1312 3894 1494 3959 nobis,
1520 3896 1647 3963 quia
1682 3909 1804 3947 cum

222 3981 455 4036 vidisset
486 3982 699 4037 beatum
750 3986 1039 4038 Antonium
1076 3987 1342 4040 hominem
1378 3988 1497 4050 Dei,
1528 3988 1807 4055 scriptun-te

223 4075 440 4143 dignam
473 4077 651 4130 retnl;t
683 4077 810 4130 mihi
856 4091 1069 4132 cauam
1096 4119 1109 4138 ,
1144 4080 1365 4132 audiens
1396 4080 1465 4133 ab
1496 4082 1640 4147 ipso,
1673 4099 1807 4149 quo-

225 4165 393 4220 modo
425 4176 666 4231 tempore
699 4167 1003 4222 Maximiani
1040 4173 1421 4236 persecutoris,
1449 4173 1807 4237 pulcherrima

226 4258 408 4327 puclla
440 4257 537 4312 fuit
565 4260 756 4312 ancilla
787 4259 1060 4328 cujusdam
1088 4262 1126 4323 ³,
1159 4276 1316 4329 quam
1362 4264 1542 4316 multis
1574 4256 1807 4318 invitatis

225 4349 674 4419 promissionibus
705 4352 951 4405 dominus
981 4353 1117 4418 ejus,
1145 4354 1389 4421 decipere
1419 4368 1541 4408 eam
1577 4369 1681 4408 non
1713 4371 1809 4423 po-

224 4450 350 4498 tutt.
404 4442 697 4497 Novissime
744 4452 918 4496 autem
950 4445 1305 4499 exardesceus
1349 4448 1400 4505 in
1432 4447 1759 4500 iracundiam
1790 4490 1804 4512 ,

227 4534 451 4588 tradidit
498 4550 616 4589 eam
667 4547 792 4589 tunc
823 4539 1114 4590 constituto
1168 4537 1420 4606 praefecto
1466 4540 1804 4594 Alexandriae

230 4628 661 4681 interlicicndam
686 4630 835 4695 quasi
861 4627 1238 4694 Christianam,
1266 4630 1722 4697 blasphemantem
1754 4646 1808 4686 et

227 4729 474 4785 tempora
504 4731 558 4773 et
604 4720 1005 4788 imperatorem.
1049 4720 1105 4773 lu
1155 4722 1285 4789 ipsis
1313 4738 1440 4775 vero
1476 4724 1810 4789 persecutio-

226 4811 392 4868 nibus
418 4811 736 4864 submittens
763 4812 809 4865 ei
834 4812 1090 4880 quosdam
1114 4826 1233 4865 cum
1267 4813 1526 4879 peruniis.
1554 4814 1690 4866 dixit
1715 4830 1729 4867 :
1753 4814 1809 4868 Si

226 4910 576 4959 consens‘cris
607 4904 865 4955 voluntati
917 4917 1051 4956 mea:
1081 4945 1094 4967 ,
1127 4919 1156 4955 ει
1190 4904 1362 4971 pomis
1394 4913 1443 4956 te
1473 4904 1809 4970 custodiam;

225 4996 274 5050 si
307 5007 484 5049 autent
517 5009 797 5063 pertttanes
828 4995 879 5048 in
907 4996 1099 5049 duritia
1127 5005 1239 5061 tua,
1267 4996 1465 5063 rogabo
1488 4996 1721 5062 judicent
1755 5007 1814 5050 ut

176 5076 185 5081 ’
231 5096 486 5152 torqueat
517 5098 569 5140 te
601 5101 766 5155 usque
809 5087 872 5139 ad
907 5097 1155 5151 mortem,
1190 5097 1250 5141 ut
1277 5102 1381 5139 nou
1411 5088 1526 5139 viva
1556 5087 1804 5141 deridcas

225 5179 557 5230 voluntatem
593 5193 784 5230 meam.
817 5178 1054 5231 Adducta
1078 5191 1256 5232 autem
1289 5180 1354 5232 ad
1399 5180 1626 5233 tribunal
1665 5180 1809 5248 judi-

227 5271 336 5330 cis,
361 5267 572 5322 diversa
603 5284 880 5339 plenarum
911 5280 1176 5325 tormenta
1206 5273 1411 5326 fortiter
1436 5274 1813 5328 contemnebat

227 5365 559 5419 conscientia
589 5368 724 5417 bona
760 5366 983 5420 munita.
1016 5366 1069 5419 In
1097 5366 1289 5432 quibus
1320 5369 1599 5421 tormentis
1623 5378 1676 5422 et
1704 5370 1814 5422 cal-

227 5457 438 5510 dariam
465 5472 706 5526 magnam
736 5462 941 5526 p!enaut
978 5459 1220 5514 fervente
1247 5462 1531 5531 picejuSsit
1558 5462 1810 5517 succendi

224 5546 415 5617 iudex.
472 5548 734 5603 Fervente
764 5551 1050 5618 ergo,pice
1095 5560 1149 5605 et
1191 5552 1349 5604 nimis
1410 5557 1818 5618 exardescente,

229 5642 571 5712 pr0p0nebat
598 5642 645 5697 ei
672 5642 856 5712 iudex,
889 5644 1072 5700 dit-ens
1100 5664 1112 5699 :
1146 5646 1309 5711 Vade,
1343 5657 1433 5701 aut
1457 5648 1687 5704 subdere
1722 5665 1813 5703 vo-

307 5752 331 5828 ξ
360 5753 644 5828 ﬂeraclidi,
677 5772 794 5828 cap.
832 5759 882 5823 1,
914 5759 1061 5823 virgo
1091 5759 1203 5815 ιι,Ρο
1242 5760 1438 5816 dicitur
1486 5761 1813 5819 Pammenia.

1914 1960 2025 1999 ram
2054 1946 2265 2016 (Matth.
2296 1950 2375 2017 v).

2528 2061 2754 2118 CAPUT
2794 2064 2857 2118 ll.

1965 2197 2044 2251 De
2071 2196 2261 2263 Pasca,
2302 2207 2348 2252 et
2376 2176 2631 2270 quomodo
2662 2209 2983 2253 tentantenta
3015 2200 3187 2255 carnis
3217 2201 3437 2256 evicerit.

1983 2334 2151 2389 Pasco
2172 2335 2385 2403 quidam
2419 2335 2633 2387 nomine
2657 2336 2678 2365 ¹
2702 2343 2817 2387 erat
2843 2335 3291 2405 septuagesimum
3318 2347 3485 2406 agens

1910 2440 2106 2479 annum
2131 2428 2303 2479 natalis
2332 2428 2381 2479 in
2408 2426 2647 2497 Scythia.
2676 2425 2838 2493 Igitur
2859 2428 2982 2479 dum
3007 2427 3239 2495 graviter
3266 2418 3485 2495 me'spi-

1909 2519 2042 2573 ritus
2070 2519 2436 2573 fornicationis
2460 2528 2707 2585 tentaret,
2734 2533 2893 2587 super
2918 2521 3347 2585 concupiscentia
3374 2533 3489 2571 tuu-

1910 2611 2062 2665 lieltri
2088 2612 2480 2680 exagitantibus
2514 2626 2600 2665 me
2622 2611 3053 2679 cogitationibus,
3079 2625 3212 2675 pene
3240 2622 3490 2678 egressus

1907 2720 2026 2759 sunt
2045 2705 2109 2759 de
2124 2720 2323 2767 eremo,
2338 2706 2691 2771 cutnpellente
2716 2721 2800 2758 me
2822 2704 2981 2757 nimia
3004 2705 3267 2769 passione.
3292 2704 3353 2756 Et
3372 2703 3492 2757 vicio

1910 2798 1993 2850 nis
2010 2797 2219 2862 quidem
2236 2795 2362 2849 mihi
2381 2798 2654 2849 ιιιοιιδρΙιὶς
2680 2811 2783 2848 non
2801 2795 3027 2848 iudicavi
3050 2809 3296 2857 causam;
3321 2794 3489 2847 laten-

1910 2896 1993 2941 ter
2019 2900 2192 2942 autem
2223 2893 2429 2958 perrexi
2457 2888 2507 2939 in
2531 2887 2872 2940 solitudinem
2892 2927 2907 2950 ,
2936 2895 2989 2938 et
3017 2886 3234 2939 circuivi
3267 2892 3481 2938 sanctos

1913 2980 2101 3033 Patres
2128 2996 2293 3049 usque
2316 2981 2432 3034 dies
2472 2980 2797 3047 quindecim,
2841 2992 2933 3029 ens
2956 2979 3042 3046 qui
3090 2976 3138 3029 in
3167 2975 3382 3045 Scythia
3408 2989 3489 3028 se-

1910 3072 2173 3126 nuissent.
2209 3071 2264 3123 In
2292 3071 2487 3140 quibus
2514 3072 2683 3137 reperi
2713 3071 2955 3131 Pascunt,
2985 3082 3141 3134 quem
3179 3080 3364 3118 omnes
3399 3064 3487 3133 qui

1910 3179 1964 3217 tu
2013 3163 2103 3215 illa
2152 3179 2335 3217 eremo
2376 3172 2530 3215 erant
2575 3164 2796 3225 Patres,
2842 3159 3253 3213 venerabantur.
3306 3156 3488 3225 Itaque

1907 3255 2221 3324 praesumpsi
2254 3269 2369 3322 ego,
2422 3263 2475 3306 et
2524 3269 2643 3307 cum
2695 3254 2947 3322 lacrymis
2995 3251 3290 3319 deprecans
3337 3262 3489 3312 eum,

1906 3346 2184 3400 cutifessus
2217 3362 2332 3397 sum
2363 3348 2408 3398 ei
2440 3346 2757 3410 passionem,
2791 3361 2907 3414 qua:
2936 3360 3020 3396 me
3051 3343 3205 3396 nimis
3233 3349 3288 3394 et
3314 3340 3488 3392 inces-

1906 3446 2088 3491 santer
2115 3453 2218 3490 non
2249 3437 2519 3489 desinebat
2554 3438 2881 3504 impugnare.
2933 3435 2998 3487 Et
3040 3435 3152 3500 ipse
3202 3434 3273 3484 ait
3314 3429 3490 3484 mihi:

1906 3531 2021 3586 Non
2054 3530 2335 3583 conturbet
2364 3540 2414 3582 te
2445 3529 2558 3583 haec
2598 3545 2757 3583 causa
2784 3547 2799 3595 ;
2832 3544 2928 3581 nec
2962 3530 3102 3581 enim
3155 3526 3348 3595 pateris
3378 3524 3490 3579 haec

1908 3639 1936 3675 a
1970 3623 2327 3690 negligentia;
2357 3630 2637 3675 attestatur
2663 3621 2857 3690 quippe
2888 3622 2978 3674 tibi
3012 3632 3064 3674 et
3088 3620 3263 3678 locus.
3295 3631 3345 3671 et
3376 3614 3492 3669 dif-

1909 3713 2116 3768 ficultas
2144 3730 2342 3776 rerum,
2375 3722 2428 3766 et
2457 3714 2575 3782 quia
2609 3728 2713 3767 non
2744 3726 2821 3766 est
2855 3715 2904 3766 in
2938 3712 3068 3765 locis
3100 3710 3200 3761 illis
3234 3709 3336 3760 ulla
3370 3705 3491 3760 visi-

1910 3804 2038 3858 tatio
2071 3802 2406 3868 feminarum,
2438 3803 2530 3858 sed
2560 3802 2724 3868 magis
2757 3802 2949 3855 invidia
2981 3801 3201 3863 diaboli,
3230 3799 3316 3867 qui
3349 3811 3491 3849 sem-

1908 3910 2003 3964 per
2032 3893 2313 3948 insidiatur
2343 3903 2397 3947 et
2424 3896 2672 3961 decipere
2704 3895 2917 3948 festinat
2947 3898 3150 3946 animas
3183 3890 3485 3945 hominum.

1915 3990 2068 4050 hcce,
2105 3994 2161 4038 ιιι
2188 3986 2333 4039 vides
2365 4000 2449 4038 tue
2473 3986 2582 4052 jam
2615 4001 2794 4039 seuera
2824 3984 3114 4045 hominem,
3150 3982 3493 4051 quadragesi'

1914 4091 2057 4130 mum
2107 4091 2302 4128 attuntn
2335 4075 2506 4129 habeo
2531 4068 2581 4129 i'n
2615 4076 2711 4128 hac
2743 4075 2896 4138 cella,
2930 4086 2981 4129 et
3013 4075 3299 4128 auxiliante
3324 4073 3492 4142 gratia

1912 4167 2145 4231 Christi,
2199 4166 2457 4219 Sollicitus
2504 4166 2571 4219 de
2622 4169 2794 4219 salute
2844 4167 3031 4218 auium:
3085 4180 3265 4228 mete;
3318 4172 3495 4218 tamen

1913 4272 2078 4324 usque
2104 4260 2245 4309 nunc
2288 4258 2634 4309 tentationem
2664 4257 2923 4309 sustineo.
2972 4255 3101 4308 Nam
3147 4269 3267 4308 cum
3317 4267 3493 4305 sacra-

1913 4360 2092 4403 mento
2120 4350 2329 4401 dicebat
2353 4349 2481 4401 ttttlti
2507 4366 2519 4401 :
2547 4350 2679 4414 Quia
2709 4364 2867 4415 super
2886 4347 3163 4401 (Iuodccittt
3187 4359 3355 4397 anuos
3377 4351 3495 4411 post

1912 4443 2405 4511 quinquagesimum
2437 4454 2656 4503 annum,
2700 4456 2802 4493 nou
2851 4449 3006 4493 nocte
3055 4437 3205 4500 tnihi,
3255 4450 3357 4487 non
3408 4434 3497 4488 die

1916 4538 2185 4605 pepercit;
2216 4538 2267 4587 itt
2301 4545 2523 4598 tantum,
2555 4546 2607 4586 ut
2636 4543 2875 4600 putarem
2905 4532 3026 4599 quia
3052 4529 3185 4581 forte
3214 4525 3497 4593 dereliquit

1917 4645 2002 4681 me
2050 4630 2207 4694 Deus,
2256 4635 2311 4679 ct
2358 4624 2479 4679 ideo
2531 4626 2788 4678 instanter
2831 4623 2947 4677 sine
2991 4620 3287 4674 cessatione
3341 4616 3497 4685 hujus

1915 4720 2176 4786 passionis
2209 4716 2507 4769 molestiam
2542 4724 2771 4783 paterer.
2805 4712 2949 4775 Elegi
2992 4724 3119 4777 ergo
3166 4707 3331 4774 magis
3362 4706 3497 4761 mori

1915 4810 2371 4871 irrationabiliter,
2398 4823 2554 4876 quam
2586 4806 2743 4859 talem
2775 4804 2880 4872 pati
2908 4802 3150 4870 corporis
3175 4790 3494 4864 passionem.

1916 4902 2174 4969 EgresSuS
2202 4916 2349 4968 ergo,
2380 4898 2666 4952 cirrnibattt
2710 4912 2844 4964 pene
2886 4908 3098 4947 omnem
3131 4890 3494 4953 solitudinem,

1917 5006 1969 5048 ct
1998 4992 2171 5047 iuveni
2204 4995 2379 5045 leasna:
2410 4991 2827 5057 SpeluttCatu,et
2875 4985 3023 5054 posui
3072 4999 3155 5036 me
3200 4985 3378 5046 jacere
3429 4980 3499 5034 ibi

1920 5101 2013 5153 per
2045 5093 2206 5135 tntttttt
2239 5081 2377 5134 diem
2412 5082 2632 5143 nudum,
2663 5088 2720 5131 ιιι
2767 5077 3125 5144 ingredientes
3157 5074 3282 5127 ferte
3313 5088 3502 5125 come-

1918 5174 2106 5227 derent
2134 5189 2236 5225 me.
2266 5175 2396 5226 Cum
2424 5187 2550 5238 ergo
2582 5170 2713 5221 facta
2745 5175 2889 5221 esset
2933 5181 3171 5230 vespera,
3204 5162 3497 5219 secundum

1919 5266 2058 5332 quod
2089 5263 2343 5332 scriptum
2376 5271 2477 5326 cst,
2510 5260 2689 5314 l‘osnit
2718 5258 2982 5320 tenebras,
3011 5269 3062 5311 et
3094 5258 3227 5310 facta
3259 5265 3341 5309 est
3371 5269 3495 5322 nox,

1922 5357 1972 5410 in
2016 5359 2125 5423 ipsa
2158 5354 2547 5420 ret-transibunt
2577 5366 2762 5405 omnes
2794 5352 2973 5404 be~ti.e
3009 5352 3259 5403 silvarum
3303 5344 3495 5416 (Ptol.

1918 5451 2069 5513 cm);
2099 5448 2428 5515 egredientes
2459 5443 2642 5496 bestia:
2670 5445 2939 5496 masculus
2967 5452 3019 5495 et
3062 5440 3252 5495 femina
3293 5436 3501 5492 odorati

1919 5559 2042 5604 sunt
2072 5566 2156 5603 mc
2187 5566 2213 5600 a
2246 5550 2418 5617 capite
2450 5562 2616 5615 usque
2660 5546 2725 5601 ad
2775 5548 2958 5613 pedes,
3005 5557 3058 5601 et
3102 5544 3364 5611 lingeutes
3414 5554 3501 5594 me

1922 5662 2109 5719 totum,
2143 5659 2482 5706 recesserunt
2511 5667 2539 5708 a
2572 5667 2675 5707 me.
2711 5651 2824 5723 Ego
2856 5661 3030 5706 autem
3062 5648 3310 5720 putabam
3358 5642 3498 5715 quod

309 5826 331 5859 ⁸
362 5825 645 5896 Heraclidi,
695 5825 812 5899 cap.
846 5830 930 5901 ll,
958 5832 1151 5887 dicitur
1182 5831 1522 5901 Fac/tanaim;
1557 5834 1810 5904 Palladio,
1854 5850 1972 5907 cap.
2001 5829 2090 5899 29,
2122 5828 2352 5886 Pachou.
