  <div class='ocr_page' id='page_1' title='image "/cluster/home/n/w/nwhite01/storage/ocr_20150623/74/hvd.32044015469372/183.png"; bbox 0 0 3982 6354; ppageno 0'>
   <div class='ocr_carea' id='block_1_1' title="bbox 24 2735 32 3572">
    <p class='ocr_par' dir='ltr' id='par_1_1' title="bbox 24 2735 32 3572">
     <span class='ocr_line' id='line_1_1' title="bbox 24 2735 26 2756; baseline 0 0"><span class='ocrx_word' id='word_1_1' title='bbox 24 2735 26 2756; x_wconf 97' lang='grc' dir='ltr'><strong>Ι</strong></span> 
     </span>
     <span class='ocr_line' id='line_1_2' title="bbox 24 2941 29 3002; baseline 0 0"><span class='ocrx_word' id='word_1_2' title='bbox 24 2941 29 3002; x_wconf 68' lang='lat' dir='ltr'><strong>i</strong></span> 
     </span>
     <span class='ocr_line' id='line_1_3' title="bbox 24 3005 30 3072; baseline 0 0"><span class='ocrx_word' id='word_1_3' title='bbox 24 3005 30 3072; x_wconf 68' lang='grc' dir='ltr'><strong>ἱ</strong></span> 
     </span>
     <span class='ocr_line' id='line_1_4' title="bbox 24 3079 30 3132; baseline 0 0"><span class='ocrx_word' id='word_1_4' title='bbox 24 3079 30 3132; x_wconf 66' lang='grc' dir='ltr'><strong>ρ</strong></span> 
     </span>
     <span class='ocr_line' id='line_1_5' title="bbox 24 3143 31 3196; baseline 0 0"><span class='ocrx_word' id='word_1_5' title='bbox 24 3143 31 3196; x_wconf 64' lang='lat' dir='ltr'><strong>.l</strong></span> 
     </span>
     <span class='ocr_line' id='line_1_6' title="bbox 24 3219 28 3252; baseline 0 0"><span class='ocrx_word' id='word_1_6' title='bbox 24 3219 28 3252; x_wconf 89' lang='lat' dir='ltr'><strong>I</strong></span> 
     </span>
     <span class='ocr_line' id='line_1_7' title="bbox 24 3483 32 3572; baseline 0 -4"><span class='ocrx_word' id='word_1_7' title='bbox 24 3483 32 3572; x_wconf 63' lang='grc' dir='ltr'><strong>ἕ</strong></span> 
     </span>
    </p>
   </div>
   <div class='ocr_carea' id='block_1_2' title="bbox 509 360 3790 433">
    <p class='ocr_par' dir='ltr' id='par_1_2' title="bbox 509 360 3790 433">
     <span class='ocr_line' id='line_1_8' title="bbox 509 360 3790 433; baseline 0 -16"><span class='ocrx_word' id='word_1_8' title='bbox 509 361 610 418; x_wconf 68' lang='grc'><strong>547</strong></span> <span class='ocrx_word' id='word_1_9' title='bbox 1655 361 2006 417; x_wconf 77' lang='lat' dir='ltr'><strong>APPENDIX</strong></span> <span class='ocrx_word' id='word_1_10' title='bbox 2044 362 2137 418; x_wconf 81' lang='lat' dir='ltr'><strong>AD</strong></span> <span class='ocrx_word' id='word_1_11' title='bbox 2181 360 2378 416; x_wconf 75' lang='lat' dir='ltr'><strong>\‘lTAS</strong></span> <span class='ocrx_word' id='word_1_12' title='bbox 2420 363 2718 421; x_wconf 78' lang='lat' dir='ltr'><strong>PATllUM.</strong></span> <span class='ocrx_word' id='word_1_13' title='bbox 3693 375 3790 433; x_wconf 70' lang='grc' dir='ltr'><strong>διε</strong></span> 
     </span>
    </p>
   </div>
   <div class='ocr_carea' id='block_1_3' title="bbox 510 474 3790 560">
    <p class='ocr_par' dir='ltr' id='par_1_3' title="bbox 510 474 3790 560">
     <span class='ocr_line' id='line_1_9' title="bbox 510 474 3790 560; baseline -0.001 -15"><span class='ocrx_word' id='word_1_14' title='bbox 510 489 832 545; x_wconf 84' lang='lat' dir='ltr'><strong>devorarent</strong></span> <span class='ocrx_word' id='word_1_15' title='bbox 860 495 963 535; x_wconf 91' lang='lat' dir='ltr'><strong>me.</strong></span> <span class='ocrx_word' id='word_1_16' title='bbox 1003 474 1151 536; x_wconf 86' lang='lat' dir='ltr'><strong>Jacui</strong></span> <span class='ocrx_word' id='word_1_17' title='bbox 1183 490 1310 546; x_wconf 83' lang='lat' dir='ltr'><strong>ergo</strong></span> <span class='ocrx_word' id='word_1_18' title='bbox 1333 475 1401 529; x_wconf 86' lang='lat' dir='ltr'><strong>ibi</strong></span> <span class='ocrx_word' id='word_1_19' title='bbox 1427 489 1520 544; x_wconf 90' lang='lat' dir='ltr'><strong>per</strong></span> <span class='ocrx_word' id='word_1_20' title='bbox 1543 483 1704 530; x_wconf 89' lang='lat' dir='ltr'><strong>totam</strong></span> <span class='ocrx_word' id='word_1_21' title='bbox 1738 483 1965 542; x_wconf 91' lang='lat' dir='ltr'><strong>noctem,</strong></span> <span class='ocrx_word' id='word_1_22' title='bbox 1999 474 2090 530; x_wconf 91' lang='lat' dir='ltr'><strong>sed</strong></span> <span class='ocrx_word' id='word_1_23' title='bbox 2122 478 2171 536; x_wconf 83' lang='grc' dir='ltr'>Α</span> <span class='ocrx_word' id='word_1_24' title='bbox 2197 474 2540 543; x_wconf 77' lang='lat' dir='ltr'><strong>Alexandria,</strong></span> <span class='ocrx_word' id='word_1_25' title='bbox 2562 491 2680 547; x_wconf 86' lang='lat' dir='ltr'><strong>quae</strong></span> <span class='ocrx_word' id='word_1_26' title='bbox 2703 476 2958 533; x_wconf 86' lang='lat' dir='ltr'><strong>derelicta</strong></span> <span class='ocrx_word' id='word_1_27' title='bbox 2979 479 3197 539; x_wconf 89' lang='lat' dir='ltr'><strong>civitate</strong></span> <span class='ocrx_word' id='word_1_28' title='bbox 3220 483 3271 539; x_wconf 94' lang='lat' dir='ltr'><strong>in</strong></span> <span class='ocrx_word' id='word_1_29' title='bbox 3293 486 3545 555; x_wconf 88' lang='lat' dir='ltr'><strong>sepulcro</strong></span> <span class='ocrx_word' id='word_1_30' title='bbox 3563 491 3790 560; x_wconf 82' lang='lat' dir='ltr'><strong>quodam</strong></span> 
     </span>
    </p>
   </div>
   <div class='ocr_carea' id='block_1_4' title="bbox 511 572 1222 638">
    <p class='ocr_par' dir='ltr' id='par_1_4' title="bbox 511 572 1222 638">
     <span class='ocr_line' id='line_1_10' title="bbox 511 572 1222 638; baseline -0.021 0"><span class='ocrx_word' id='word_1_31' title='bbox 511 597 619 638; x_wconf 91' lang='lat' dir='ltr'><strong>non</strong></span> <span class='ocrx_word' id='word_1_32' title='bbox 647 581 991 634; x_wconf 89' lang='lat' dir='ltr'><strong>accesserunt</strong></span> <span class='ocrx_word' id='word_1_33' title='bbox 1018 572 1084 627; x_wconf 92' lang='lat' dir='ltr'><strong>ad</strong></span> <span class='ocrx_word' id='word_1_34' title='bbox 1117 585 1222 625; x_wconf 89' lang='lat' dir='ltr'><strong>me.</strong></span> 
     </span>
    </p>
   </div>
   <div class='ocr_carea' id='block_1_5' title="bbox 579 658 2096 742">
    <p class='ocr_par' dir='ltr' id='par_1_5' title="bbox 579 658 2096 742">
     <span class='ocr_line' id='line_1_11' title="bbox 579 658 2096 742; baseline -0.01 -16"><span class='ocrx_word' id='word_1_35' title='bbox 579 669 819 742; x_wconf 73' lang='lat' dir='ltr'><strong>Cogitavi</strong></span> <span class='ocrx_word' id='word_1_36' title='bbox 849 681 975 737; x_wconf 89' lang='lat' dir='ltr'><strong>ergo</strong></span> <span class='ocrx_word' id='word_1_37' title='bbox 1001 664 1122 734; x_wconf 97' lang='lat' dir='ltr'><strong>quia</strong></span> <span class='ocrx_word' id='word_1_38' title='bbox 1158 664 1392 730; x_wconf 90' lang='lat' dir='ltr'><strong>pepercit</strong></span> <span class='ocrx_word' id='word_1_39' title='bbox 1420 658 1546 714; x_wconf 92' lang='lat' dir='ltr'><strong>mihi</strong></span> <span class='ocrx_word' id='word_1_40' title='bbox 1580 659 1738 725; x_wconf 87' lang='lat' dir='ltr'><strong>Deus,</strong></span> <span class='ocrx_word' id='word_1_41' title='bbox 1769 668 1822 712; x_wconf 93' lang='lat' dir='ltr'><strong>et</strong></span> <span class='ocrx_word' id='word_1_42' title='bbox 1848 673 2096 713; x_wconf 82' lang='lat' dir='ltr'><strong>reversus</strong></span> 
     </span>
    </p>
   </div>
   <div class='ocr_carea' id='block_1_6' title="bbox 507 751 2097 836">
    <p class='ocr_par' dir='ltr' id='par_1_6' title="bbox 507 751 2097 836">
     <span class='ocr_line' id='line_1_12' title="bbox 507 751 2097 836; baseline -0.008 -18"><span class='ocrx_word' id='word_1_43' title='bbox 507 764 673 836; x_wconf 77' lang='lat'><strong>986</strong></span> <span class='ocrx_word' id='word_1_44' title='bbox 698 775 815 836; x_wconf 79' lang='lat' dir='ltr'><strong>sum</strong></span> <span class='ocrx_word' id='word_1_45' title='bbox 846 760 897 813; x_wconf 93' lang='lat' dir='ltr'><strong>in</strong></span> <span class='ocrx_word' id='word_1_46' title='bbox 924 758 1111 813; x_wconf 83' lang='lat' dir='ltr'><strong>cellam</strong></span> <span class='ocrx_word' id='word_1_47' title='bbox 1142 770 1339 811; x_wconf 83' lang='lat' dir='ltr'><strong>meam.</strong></span> <span class='ocrx_word' id='word_1_48' title='bbox 1373 754 1498 807; x_wconf 86' lang='lat' dir='ltr'><strong>Post</strong></span> <span class='ocrx_word' id='word_1_49' title='bbox 1538 765 1735 820; x_wconf 90' lang='lat' dir='ltr'><strong>paucos</strong></span> <span class='ocrx_word' id='word_1_50' title='bbox 1776 760 1951 806; x_wconf 91' lang='lat' dir='ltr'><strong>autem</strong></span> <span class='ocrx_word' id='word_1_51' title='bbox 1983 751 2097 805; x_wconf 90' lang='lat' dir='ltr'><strong>dies</strong></span> 
     </span>
    </p>
   </div>
   <div class='ocr_carea' id='block_1_7' title="bbox 506 822 2097 914">
    <p class='ocr_par' dir='ltr' id='par_1_7' title="bbox 506 822 2097 914">
     <span class='ocr_line' id='line_1_13' title="bbox 506 822 2097 914; baseline -0.01 -1"><span class='ocrx_word' id='word_1_52' title='bbox 506 822 698 914; x_wconf 47' lang='lat' dir='ltr'><strong>i&#39;te&#39;riIm</strong></span> <span class='ocrx_word' id='word_1_53' title='bbox 725 822 912 908; x_wconf 71' lang='lat' dir='ltr'><strong>eadem</strong></span> <span class='ocrx_word' id='word_1_54' title='bbox 945 851 1166 906; x_wconf 88' lang='lat' dir='ltr'><strong>tentatio</strong></span> <span class='ocrx_word' id='word_1_55' title='bbox 1193 847 1480 903; x_wconf 91' lang='lat' dir='ltr'><strong>insurrexit</strong></span> <span class='ocrx_word' id='word_1_56' title='bbox 1507 845 1754 909; x_wconf 90' lang='lat' dir='ltr'><strong>validius,</strong></span> <span class='ocrx_word' id='word_1_57' title='bbox 1780 844 1849 897; x_wconf 90' lang='lat' dir='ltr'><strong>ita</strong></span> <span class='ocrx_word' id='word_1_58' title='bbox 1877 852 1933 896; x_wconf 89' lang='lat' dir='ltr'><strong>ut</strong></span> <span class='ocrx_word' id='word_1_59' title='bbox 1962 858 2097 912; x_wconf 89' lang='lat' dir='ltr'><strong>pene</strong></span> 
     </span>
    </p>
   </div>
   <div class='ocr_carea' id='block_1_8' title="bbox 507 937 2094 1017">
    <p class='ocr_par' dir='ltr' id='par_1_8' title="bbox 507 937 2094 1017">
     <span class='ocr_line' id='line_1_14' title="bbox 507 937 2094 1017; baseline -0.007 -14"><span class='ocrx_word' id='word_1_60' title='bbox 507 949 574 1004; x_wconf 88' lang='lat' dir='ltr'><strong>ad</strong></span> <span class='ocrx_word' id='word_1_61' title='bbox 597 947 982 1017; x_wconf 82' lang='lat' dir='ltr'><strong>blasphemiam</strong></span> <span class='ocrx_word' id='word_1_62' title='bbox 1008 943 1359 1013; x_wconf 83' lang='lat' dir='ltr'><strong>pervenirem.</strong></span> <span class='ocrx_word' id='word_1_63' title='bbox 1390 941 1689 995; x_wconf 84' lang='lat' dir='ltr'><strong>Conversus</strong></span> <span class='ocrx_word' id='word_1_64' title='bbox 1713 938 1856 992; x_wconf 87' lang='lat' dir='ltr'><strong>enim</strong></span> <span class='ocrx_word' id='word_1_65' title='bbox 1882 937 2094 992; x_wconf 75' lang='lat' dir='ltr'><strong>dzemon</strong></span> 
     </span>
    </p>
   </div>
   <div class='ocr_carea' id='block_1_9' title="bbox 507 1030 2098 1110">
    <p class='ocr_par' dir='ltr' id='par_1_9' title="bbox 507 1030 2098 1110">
     <span class='ocr_line' id='line_1_15' title="bbox 507 1030 2098 1110; baseline -0.008 -11"><span class='ocrx_word' id='word_1_66' title='bbox 507 1043 563 1099; x_wconf 85' lang='lat' dir='ltr'><strong>in</strong></span> <span class='ocrx_word' id='word_1_67' title='bbox 592 1040 975 1110; x_wconf 60' lang='lat' dir='ltr'><strong>Ethiopissam</strong></span> <span class='ocrx_word' id='word_1_68' title='bbox 1007 1037 1258 1107; x_wconf 84' lang='lat' dir='ltr'><strong>puellam,</strong></span> <span class='ocrx_word' id='word_1_69' title='bbox 1287 1049 1445 1103; x_wconf 90' lang='lat' dir='ltr'><strong>quam</strong></span> <span class='ocrx_word' id='word_1_70' title='bbox 1476 1031 1713 1086; x_wconf 81' lang='lat' dir='ltr'><strong>videram</strong></span> <span class='ocrx_word' id='word_1_71' title='bbox 1746 1031 1797 1085; x_wconf 91' lang='lat' dir='ltr'><strong>in</strong></span> <span class='ocrx_word' id='word_1_72' title='bbox 1825 1030 2098 1100; x_wconf 89' lang='lat' dir='ltr'><strong>juventute</strong></span> 
     </span>
    </p>
   </div>
   <div class='ocr_carea' id='block_1_10' title="bbox 509 1127 2098 1204">
    <p class='ocr_par' dir='ltr' id='par_1_10' title="bbox 509 1127 2098 1204">
     <span class='ocr_line' id='line_1_16' title="bbox 509 1127 2098 1204; baseline -0.009 -15"><span class='ocrx_word' id='word_1_73' title='bbox 509 1147 628 1189; x_wconf 89' lang='lat' dir='ltr'><strong>mea</strong></span> <span class='ocrx_word' id='word_1_74' title='bbox 657 1133 830 1204; x_wconf 90' lang='lat' dir='ltr'><strong>spicas</strong></span> <span class='ocrx_word' id='word_1_75' title='bbox 858 1131 1215 1200; x_wconf 82' lang='lat' dir='ltr'><strong>colligentem,</strong></span> <span class='ocrx_word' id='word_1_76' title='bbox 1266 1127 1408 1182; x_wconf 89' lang='lat' dir='ltr'><strong>sedit</strong></span> <span class='ocrx_word' id='word_1_77' title='bbox 1454 1138 1615 1192; x_wconf 87' lang='lat' dir='ltr'><strong>super</strong></span> <span class='ocrx_word' id='word_1_78' title='bbox 1659 1137 1832 1192; x_wconf 86' lang='lat' dir='ltr'><strong>genua</strong></span> <span class='ocrx_word' id='word_1_79' title='bbox 1876 1137 2012 1186; x_wconf 88' lang='lat' dir='ltr'><strong>mea,</strong></span> <span class='ocrx_word' id='word_1_80' title='bbox 2046 1131 2098 1176; x_wconf 91' lang='lat' dir='ltr'><strong>et</strong></span> 
     </span>
    </p>
   </div>
   <div class='ocr_carea' id='block_1_11' title="bbox 507 1214 2098 1281">
    <p class='ocr_par' dir='ltr' id='par_1_11' title="bbox 507 1214 2098 1281">
     <span class='ocr_line' id='line_1_17' title="bbox 507 1214 2098 1281; baseline -0.007 0"><span class='ocrx_word' id='word_1_81' title='bbox 507 1224 854 1281; x_wconf 78' lang='lat' dir='ltr'><strong>vehementer</strong></span> <span class='ocrx_word' id='word_1_82' title='bbox 893 1238 976 1276; x_wconf 88' lang='lat' dir='ltr'><strong>me</strong></span> <span class='ocrx_word' id='word_1_83' title='bbox 1011 1220 1319 1277; x_wconf 89' lang='lat' dir='ltr'><strong>commovit.</strong></span> <span class='ocrx_word' id='word_1_84' title='bbox 1355 1216 1506 1272; x_wconf 90' lang='lat' dir='ltr'><strong>Unde</strong></span> <span class='ocrx_word' id='word_1_85' title='bbox 1537 1231 1658 1269; x_wconf 92' lang='lat' dir='ltr'><strong>cum</strong></span> <span class='ocrx_word' id='word_1_86' title='bbox 1707 1215 1876 1270; x_wconf 90' lang='lat' dir='ltr'><strong>nimio</strong></span> <span class='ocrx_word' id='word_1_87' title='bbox 1920 1214 2098 1270; x_wconf 64' lang='lat' dir='ltr'><strong>furore</strong></span> 
     </span>
    </p>
   </div>
   <div class='ocr_carea' id='block_1_12' title="bbox 508 1307 2096 1385">
    <p class='ocr_par' dir='ltr' id='par_1_12' title="bbox 508 1307 2096 1385">
     <span class='ocr_line' id='line_1_18' title="bbox 508 1307 2096 1385; baseline -0.007 -16"><span class='ocrx_word' id='word_1_88' title='bbox 508 1316 634 1371; x_wconf 88' lang='lat' dir='ltr'><strong>dedi</strong></span> <span class='ocrx_word' id='word_1_89' title='bbox 679 1317 964 1385; x_wconf 81' lang='lat' dir='ltr'><strong>ei&#39;pugnos</strong></span> <span class='ocrx_word' id='word_1_90' title='bbox 994 1321 1046 1368; x_wconf 91' lang='lat' dir='ltr'><strong>et</strong></span> <span class='ocrx_word' id='word_1_91' title='bbox 1078 1313 1262 1379; x_wconf 81' lang='lat' dir='ltr'><strong>alapas</strong></span> <span class='ocrx_word' id='word_1_92' title='bbox 1292 1310 1344 1363; x_wconf 91' lang='lat' dir='ltr'><strong>in</strong></span> <span class='ocrx_word' id='word_1_93' title='bbox 1374 1307 1636 1370; x_wconf 79' lang='lat' dir='ltr'><strong>maxillas,</strong></span> <span class='ocrx_word' id='word_1_94' title='bbox 1667 1317 1721 1360; x_wconf 91' lang='lat' dir='ltr'><strong>et</strong></span> <span class='ocrx_word' id='word_1_95' title='bbox 1768 1307 1952 1360; x_wconf 82' lang='lat' dir='ltr'><strong>statim</strong></span> <span class='ocrx_word' id='word_1_96' title='bbox 1992 1321 2096 1360; x_wconf 90' lang='lat' dir='ltr'><strong>non</strong></span> 
     </span>
    </p>
   </div>
   <div class='ocr_carea' id='block_1_13' title="bbox 507 1397 2097 1476">
    <p class='ocr_par' dir='ltr' id='par_1_13' title="bbox 507 1397 2097 1476">
     <span class='ocr_line' id='line_1_19' title="bbox 507 1397 2097 1476; baseline -0.008 -15"><span class='ocrx_word' id='word_1_97' title='bbox 507 1406 806 1476; x_wconf 87' lang='lat' dir='ltr'><strong>comparuit</strong></span> <span class='ocrx_word' id='word_1_98' title='bbox 835 1405 1148 1473; x_wconf 86' lang='lat' dir='ltr'><strong>phantasma</strong></span> <span class='ocrx_word' id='word_1_99' title='bbox 1179 1401 1346 1464; x_wconf 86' lang='lat' dir='ltr'><strong>illud;</strong></span> <span class='ocrx_word' id='word_1_100' title='bbox 1377 1414 1472 1469; x_wconf 89' lang='lat' dir='ltr'><strong>per</strong></span> <span class='ocrx_word' id='word_1_101' title='bbox 1507 1397 1777 1451; x_wconf 91' lang='lat' dir='ltr'><strong>biennium</strong></span> <span class='ocrx_word' id='word_1_102' title='bbox 1798 1397 1939 1450; x_wconf 88' lang='lat' dir='ltr'><strong>enim</strong></span> <span class='ocrx_word' id='word_1_103' title='bbox 1980 1413 2097 1450; x_wconf 90' lang='lat' dir='ltr'><strong>ma-</strong></span> 
     </span>
    </p>
   </div>
   <div class='ocr_carea' id='block_1_14' title="bbox 512 1487 2099 1564">
    <p class='ocr_par' dir='ltr' id='par_1_14' title="bbox 512 1487 2099 1564">
     <span class='ocr_line' id='line_1_20' title="bbox 512 1487 2099 1564; baseline -0.006 -12"><span class='ocrx_word' id='word_1_104' title='bbox 512 1514 612 1554; x_wconf 90' lang='lat' dir='ltr'><strong>nus</strong></span> <span class='ocrx_word' id='word_1_105' title='bbox 640 1512 774 1553; x_wconf 73' lang='lat' dir='ltr'><strong>mea:</strong></span> <span class='ocrx_word' id='word_1_106' title='bbox 804 1497 944 1551; x_wconf 89' lang='lat' dir='ltr'><strong>unde</strong></span> <span class='ocrx_word' id='word_1_107' title='bbox 968 1496 1206 1564; x_wconf 89' lang='lat' dir='ltr'><strong>percussi</strong></span> <span class='ocrx_word' id='word_1_108' title='bbox 1234 1493 1384 1562; x_wconf 90' lang='lat' dir='ltr'><strong>quasi</strong></span> <span class='ocrx_word' id='word_1_109' title='bbox 1410 1491 1596 1544; x_wconf 80' lang='lat' dir='ltr'><strong>faelem</strong></span> <span class='ocrx_word' id='word_1_110' title='bbox 1619 1487 1759 1557; x_wconf 84' lang='lat' dir='ltr'><strong>ejus,</strong></span> <span class='ocrx_word' id='word_1_111' title='bbox 1790 1487 2014 1544; x_wconf 82' lang='lat' dir='ltr'><strong>fetorem</strong></span> <span class='ocrx_word' id='word_1_112' title='bbox 2046 1497 2099 1542; x_wconf 90' lang='lat' dir='ltr'><strong>et</strong></span> 
     </span>
    </p>
   </div>
   <div class='ocr_carea' id='block_1_15' title="bbox 509 1581 2098 1659">
    <p class='ocr_par' dir='ltr' id='par_1_15' title="bbox 509 1581 2098 1659">
     <span class='ocr_line' id='line_1_21' title="bbox 509 1581 2098 1659; baseline -0.006 -13"><span class='ocrx_word' id='word_1_113' title='bbox 509 1591 755 1646; x_wconf 89' lang='lat' dir='ltr'><strong>brumum</strong></span> <span class='ocrx_word' id='word_1_114' title='bbox 782 1589 861 1659; x_wconf 91' lang='lat' dir='ltr'><strong>(l)</strong></span> <span class='ocrx_word' id='word_1_115' title='bbox 889 1587 1112 1643; x_wconf 82' lang='lat' dir='ltr'><strong>sufferre</strong></span> <span class='ocrx_word' id='word_1_116' title='bbox 1142 1601 1247 1640; x_wconf 90' lang='lat' dir='ltr'><strong>non</strong></span> <span class='ocrx_word' id='word_1_117' title='bbox 1281 1593 1541 1654; x_wconf 88' lang='lat' dir='ltr'><strong>poteram.</strong></span> <span class='ocrx_word' id='word_1_118' title='bbox 1570 1581 1927 1652; x_wconf 85' lang='lat' dir='ltr'><strong>Desperabam</strong></span> <span class='ocrx_word' id='word_1_119' title='bbox 1970 1596 2098 1650; x_wconf 89' lang='lat' dir='ltr'><strong>ergo</strong></span> 
     </span>
    </p>
   </div>
   <div class='ocr_carea' id='block_1_16' title="bbox 507 1674 2098 1746">
    <p class='ocr_par' dir='ltr' id='par_1_16' title="bbox 507 1674 2098 1746">
     <span class='ocr_line' id='line_1_22' title="bbox 507 1674 2098 1746; baseline -0.006 -9"><span class='ocrx_word' id='word_1_120' title='bbox 507 1684 575 1738; x_wconf 90' lang='lat' dir='ltr'><strong>de</strong></span> <span class='ocrx_word' id='word_1_121' title='bbox 597 1682 771 1738; x_wconf 88' lang='lat' dir='ltr'><strong>salute</strong></span> <span class='ocrx_word' id='word_1_122' title='bbox 799 1683 990 1736; x_wconf 69' lang='lat' dir='ltr'><strong>anima:</strong></span> <span class='ocrx_word' id='word_1_123' title='bbox 1021 1695 1152 1735; x_wconf 69' lang='lat' dir='ltr'><strong>mete</strong></span> <span class='ocrx_word' id='word_1_124' title='bbox 1171 1719 1185 1743; x_wconf 88' lang='lat'><strong>,</strong></span> <span class='ocrx_word' id='word_1_125' title='bbox 1218 1687 1272 1732; x_wconf 92' lang='lat' dir='ltr'><strong>et</strong></span> <span class='ocrx_word' id='word_1_126' title='bbox 1298 1693 1406 1746; x_wconf 80' lang='lat' dir='ltr'><strong>prae</strong></span> <span class='ocrx_word' id='word_1_127' title='bbox 1438 1675 1648 1730; x_wconf 88' lang='lat' dir='ltr'><strong>tristitia</strong></span> <span class='ocrx_word' id='word_1_128' title='bbox 1678 1675 1837 1729; x_wconf 85' lang='lat' dir='ltr'><strong>nimia</strong></span> <span class='ocrx_word' id='word_1_129' title='bbox 1866 1674 2098 1729; x_wconf 86' lang='lat' dir='ltr'><strong>defectio</strong></span> 
     </span>
    </p>
   </div>
   <div class='ocr_carea' id='block_1_17' title="bbox 507 1769 2089 1844">
    <p class='ocr_par' dir='ltr' id='par_1_17' title="bbox 507 1769 2089 1844">
     <span class='ocr_line' id='line_1_23' title="bbox 507 1769 2089 1844; baseline -0.004 -16"><span class='ocrx_word' id='word_1_130' title='bbox 507 1776 670 1830; x_wconf 89' lang='lat' dir='ltr'><strong>animi</strong></span> <span class='ocrx_word' id='word_1_131' title='bbox 699 1773 966 1844; x_wconf 82' lang='lat' dir='ltr'><strong>affligebat</strong></span> <span class='ocrx_word' id='word_1_132' title='bbox 995 1789 1100 1838; x_wconf 87' lang='lat' dir='ltr'><strong>me.</strong></span> <span class='ocrx_word' id='word_1_133' title='bbox 1141 1781 1196 1827; x_wconf 91' lang='lat' dir='ltr'><strong>et</strong></span> <span class='ocrx_word' id='word_1_134' title='bbox 1237 1772 1404 1826; x_wconf 91' lang='lat' dir='ltr'><strong>nimio</strong></span> <span class='ocrx_word' id='word_1_135' title='bbox 1447 1783 1679 1824; x_wconf 73' lang='lat' dir='ltr'><strong>maerore</strong></span> <span class='ocrx_word' id='word_1_136' title='bbox 1723 1769 2089 1822; x_wconf 83' lang='lat' dir='ltr'><strong>tabescebam.</strong></span> 
     </span>
    </p>
   </div>
   <div class='ocr_carea' id='block_1_18' title="bbox 2200 570 3788 655">
    <p class='ocr_par' dir='ltr' id='par_1_18' title="bbox 2200 570 3788 655">
     <span class='ocr_line' id='line_1_24' title="bbox 2200 570 3788 655; baseline 0.011 -31"><span class='ocrx_word' id='word_1_137' title='bbox 2200 570 2481 625; x_wconf 90' lang='lat' dir='ltr'><strong>recludens</strong></span> <span class='ocrx_word' id='word_1_138' title='bbox 2508 571 2875 640; x_wconf 84' lang='lat' dir='ltr'><strong>semetipsam,</strong></span> <span class='ocrx_word' id='word_1_139' title='bbox 2904 587 3000 642; x_wconf 87' lang='lat' dir='ltr'><strong>per</strong></span> <span class='ocrx_word' id='word_1_140' title='bbox 3029 575 3268 632; x_wconf 78' lang='lat' dir='ltr'><strong>foramen</strong></span> <span class='ocrx_word' id='word_1_141' title='bbox 3293 580 3564 648; x_wconf 82' lang='lat' dir='ltr'><strong>quoddam</strong></span> <span class='ocrx_word' id='word_1_142' title='bbox 3594 588 3788 655; x_wconf 86' lang='lat' dir='ltr'><strong>recepit</strong></span> 
     </span>
    </p>
   </div>
   <div class='ocr_carea' id='block_1_19' title="bbox 2200 660 3791 740">
    <p class='ocr_par' dir='ltr' id='par_1_19' title="bbox 2200 660 3791 740">
     <span class='ocr_line' id='line_1_25' title="bbox 2200 660 3791 740; baseline 0.01 -25"><span class='ocrx_word' id='word_1_143' title='bbox 2200 660 2422 731; x_wconf 77' lang='lat' dir='ltr'><strong>panem,‘</strong></span> <span class='ocrx_word' id='word_1_144' title='bbox 2444 663 2533 732; x_wconf 91' lang='lat' dir='ltr'><strong>qui</strong></span> <span class='ocrx_word' id='word_1_145' title='bbox 2580 664 2917 718; x_wconf 69' lang='lat' dir='ltr'><strong>necessarius</strong></span> <span class='ocrx_word' id='word_1_146' title='bbox 2943 673 3060 720; x_wconf 88' lang='lat' dir='ltr'><strong>erat</strong></span> <span class='ocrx_word' id='word_1_147' title='bbox 3088 667 3268 734; x_wconf 83' lang='lat' dir='ltr'><strong>victui,</strong></span> <span class='ocrx_word' id='word_1_148' title='bbox 3298 684 3468 740; x_wconf 89' lang='lat' dir='ltr'><strong>usque</strong></span> <span class='ocrx_word' id='word_1_149' title='bbox 3507 674 3580 728; x_wconf 88' lang='lat' dir='ltr'><strong>ad</strong></span> <span class='ocrx_word' id='word_1_150' title='bbox 3625 690 3791 732; x_wconf 87' lang='lat' dir='ltr'><strong>annos</strong></span> 
     </span>
    </p>
   </div>
   <div class='ocr_carea' id='block_1_20' title="bbox 2197 754 3789 829">
    <p class='ocr_par' dir='ltr' id='par_1_20' title="bbox 2197 754 3789 829">
     <span class='ocr_line' id='line_1_26' title="bbox 2197 754 3789 829; baseline 0.008 -21"><span class='ocrx_word' id='word_1_151' title='bbox 2197 755 2514 820; x_wconf 88' lang='lat' dir='ltr'><strong>duodecim;</strong></span> <span class='ocrx_word' id='word_1_152' title='bbox 2541 754 2860 811; x_wconf 87' lang='lat' dir='ltr'><strong>duodecimo</strong></span> <span class='ocrx_word' id='word_1_153' title='bbox 2887 767 3063 812; x_wconf 91' lang='lat' dir='ltr'><strong>autem</strong></span> <span class='ocrx_word' id='word_1_154' title='bbox 3093 772 3236 815; x_wconf 87' lang='lat' dir='ltr'><strong>anno</strong></span> <span class='ocrx_word' id='word_1_155' title='bbox 3262 763 3414 829; x_wconf 89' lang='lat' dir='ltr'><strong>quasi</strong></span> <span class='ocrx_word' id='word_1_156' title='bbox 3439 763 3789 822; x_wconf 83' lang='lat' dir='ltr'><strong>dormientem</strong></span> 
     </span>
    </p>
   </div>
   <div class='ocr_carea' id='block_1_21' title="bbox 2199 848 3789 922">
    <p class='ocr_par' dir='ltr' id='par_1_21' title="bbox 2199 848 3789 922">
     <span class='ocr_line' id='line_1_27' title="bbox 2199 848 3789 922; baseline 0.008 -21"><span class='ocrx_word' id='word_1_157' title='bbox 2199 860 2258 902; x_wconf 91' lang='lat' dir='ltr'><strong>se</strong></span> <span class='ocrx_word' id='word_1_158' title='bbox 2287 849 2672 914; x_wconf 90' lang='lat' dir='ltr'><strong>composuisse.</strong></span> <span class='ocrx_word' id='word_1_159' title='bbox 2704 848 2770 902; x_wconf 83' lang='lat' dir='ltr'><strong>Et</strong></span> <span class='ocrx_word' id='word_1_160' title='bbox 2818 864 2939 904; x_wconf 88' lang='lat' dir='ltr'><strong>cum</strong></span> <span class='ocrx_word' id='word_1_161' title='bbox 2986 851 3188 908; x_wconf 90' lang='lat' dir='ltr'><strong>abisset</strong></span> <span class='ocrx_word' id='word_1_162' title='bbox 3226 855 3315 922; x_wconf 90' lang='lat' dir='ltr'><strong>qui</strong></span> <span class='ocrx_word' id='word_1_163' title='bbox 3348 858 3789 913; x_wconf 86' lang='lat' dir='ltr'><strong>consuetudinem</strong></span> 
     </span>
    </p>
   </div>
   <div class='ocr_carea' id='block_1_22' title="bbox 2199 938 3789 1020">
    <p class='ocr_par' dir='ltr' id='par_1_22' title="bbox 2199 938 3789 1020">
     <span class='ocr_line' id='line_1_28' title="bbox 2199 938 3789 1020; baseline 0.008 -31"><span class='ocrx_word' id='word_1_164' title='bbox 2199 938 2433 992; x_wconf 83' lang='lat' dir='ltr'><strong>habebat</strong></span> <span class='ocrx_word' id='word_1_165' title='bbox 2462 940 2766 995; x_wconf 88' lang='lat' dir='ltr'><strong>ministrare</strong></span> <span class='ocrx_word' id='word_1_166' title='bbox 2792 939 2865 1004; x_wconf 90' lang='lat' dir='ltr'><strong>ei,</strong></span> <span class='ocrx_word' id='word_1_167' title='bbox 2894 950 2947 996; x_wconf 90' lang='lat' dir='ltr'><strong>et</strong></span> <span class='ocrx_word' id='word_1_168' title='bbox 2977 957 3082 998; x_wconf 90' lang='lat' dir='ltr'><strong>non</strong></span> <span class='ocrx_word' id='word_1_169' title='bbox 3126 945 3421 1014; x_wconf 81' lang='lat' dir='ltr'><strong>accepisset</strong></span> <span class='ocrx_word' id='word_1_170' title='bbox 3449 962 3789 1020; x_wconf 83' lang='lat' dir='ltr'><strong>responsum,</strong></span> 
     </span>
    </p>
   </div>
   <div class='ocr_carea' id='block_1_23' title="bbox 2199 1030 3786 1109">
    <p class='ocr_par' dir='ltr' id='par_1_23' title="bbox 2199 1030 3786 1109">
     <span class='ocr_line' id='line_1_29' title="bbox 2199 1030 3786 1109; baseline 0.008 -26"><span class='ocrx_word' id='word_1_171' title='bbox 2199 1030 2460 1084; x_wconf 83' lang='lat' dir='ltr'><strong>nuntiavit</strong></span> <span class='ocrx_word' id='word_1_172' title='bbox 2485 1030 2656 1086; x_wconf 90' lang='lat' dir='ltr'><strong>nobis.</strong></span> <span class='ocrx_word' id='word_1_173' title='bbox 2699 1030 3046 1087; x_wconf 88' lang='lat' dir='ltr'><strong>Destruentes</strong></span> <span class='ocrx_word' id='word_1_174' title='bbox 3074 1043 3252 1089; x_wconf 93' lang='lat' dir='ltr'><strong>autem</strong></span> <span class='ocrx_word' id='word_1_175' title='bbox 3281 1037 3474 1090; x_wconf 83' lang='lat' dir='ltr'><strong>ostium</strong></span> <span class='ocrx_word' id='word_1_176' title='bbox 3506 1048 3559 1092; x_wconf 87' lang='lat' dir='ltr'><strong>et</strong></span> <span class='ocrx_word' id='word_1_177' title='bbox 3607 1041 3786 1109; x_wconf 84' lang='lat' dir='ltr'><strong>ingre-</strong></span> 
     </span>
    </p>
   </div>
   <div class='ocr_carea' id='block_1_24' title="bbox 2199 1123 3788 1199">
    <p class='ocr_par' dir='ltr' id='par_1_24' title="bbox 2199 1123 3788 1199">
     <span class='ocr_line' id='line_1_30' title="bbox 2199 1123 3788 1199; baseline 0.006 -23"><span class='ocrx_word' id='word_1_178' title='bbox 2199 1123 2428 1188; x_wconf 88' lang='lat' dir='ltr'><strong>dientes,</strong></span> <span class='ocrx_word' id='word_1_179' title='bbox 2455 1123 2752 1178; x_wconf 88' lang='lat' dir='ltr'><strong>invenimus</strong></span> <span class='ocrx_word' id='word_1_180' title='bbox 2773 1138 2890 1178; x_wconf 88' lang='lat' dir='ltr'><strong>eam</strong></span> <span class='ocrx_word' id='word_1_181' title='bbox 2912 1123 3243 1180; x_wconf 80' lang='lat' dir='ltr'><strong>defunctam.</strong></span> <span class='ocrx_word' id='word_1_182' title='bbox 3269 1127 3492 1183; x_wconf 87' lang='lat' dir='ltr'><strong>Dicebat</strong></span> <span class='ocrx_word' id='word_1_183' title='bbox 3512 1139 3569 1183; x_wconf 91' lang='lat' dir='ltr'><strong>et</strong></span> <span class='ocrx_word' id='word_1_184' title='bbox 3590 1130 3660 1184; x_wconf 85' lang='lat' dir='ltr'><strong>de</strong></span> <span class='ocrx_word' id='word_1_185' title='bbox 3682 1133 3788 1199; x_wconf 88' lang='lat' dir='ltr'><strong>ipsa</strong></span> 
     </span>
    </p>
   </div>
   <div class='ocr_carea' id='block_1_25' title="bbox 2199 1215 3788 1292">
    <p class='ocr_par' dir='ltr' id='par_1_25' title="bbox 2199 1215 3788 1292">
     <span class='ocr_line' id='line_1_31' title="bbox 2199 1215 3788 1292; baseline 0.004 -22"><span class='ocrx_word' id='word_1_186' title='bbox 2199 1217 2351 1270; x_wconf 82' lang='lat' dir='ltr'><strong>beata</strong></span> <span class='ocrx_word' id='word_1_187' title='bbox 2381 1215 2625 1283; x_wconf 81' lang='lat' dir='ltr'><strong>Melania,</strong></span> <span class='ocrx_word' id='word_1_188' title='bbox 2657 1216 2725 1272; x_wconf 89' lang='lat' dir='ltr'><strong>de</strong></span> <span class='ocrx_word' id='word_1_189' title='bbox 2750 1232 2853 1286; x_wconf 90' lang='lat' dir='ltr'><strong>qua</strong></span> <span class='ocrx_word' id='word_1_190' title='bbox 2881 1227 3065 1286; x_wconf 89' lang='lat' dir='ltr'><strong>postea</strong></span> <span class='ocrx_word' id='word_1_191' title='bbox 3095 1217 3290 1272; x_wconf 89' lang='lat' dir='ltr'><strong>dicturi</strong></span> <span class='ocrx_word' id='word_1_192' title='bbox 3336 1234 3542 1284; x_wconf 88' lang='lat' dir='ltr'><strong>sumus,</strong></span> <span class='ocrx_word' id='word_1_193' title='bbox 3576 1222 3699 1292; x_wconf 81' lang='lat' dir='ltr'><strong>quia</strong></span> <span class='ocrx_word' id='word_1_194' title='bbox 3725 1221 3788 1277; x_wconf 88' lang='lat' dir='ltr'><strong>ad</strong></span> 
     </span>
    </p>
   </div>
   <div class='ocr_carea' id='block_1_26' title="bbox 2199 1305 3786 1375">
    <p class='ocr_par' dir='ltr' id='par_1_26' title="bbox 2199 1305 3786 1375">
     <span class='ocr_line' id='line_1_32' title="bbox 2199 1305 3786 1375; baseline 0.004 -16"><span class='ocrx_word' id='word_1_195' title='bbox 2199 1305 2389 1360; x_wconf 78' lang='lat' dir='ltr'><strong>faciem</strong></span> <span class='ocrx_word' id='word_1_196' title='bbox 2438 1306 2653 1375; x_wconf 90' lang='lat' dir='ltr'><strong>quidem</strong></span> <span class='ocrx_word' id='word_1_197' title='bbox 2700 1322 2803 1360; x_wconf 86' lang='lat' dir='ltr'><strong>non</strong></span> <span class='ocrx_word' id='word_1_198' title='bbox 2848 1308 2954 1361; x_wconf 92' lang='lat' dir='ltr'><strong>vidi</strong></span> <span class='ocrx_word' id='word_1_199' title='bbox 2996 1322 3157 1375; x_wconf 83' lang='lat' dir='ltr'><strong>eam;</strong></span> <span class='ocrx_word' id='word_1_200' title='bbox 3211 1309 3276 1362; x_wconf 88' lang='lat' dir='ltr'><strong>ad</strong></span> <span class='ocrx_word' id='word_1_201' title='bbox 3319 1311 3567 1365; x_wconf 81' lang='lat' dir='ltr'><strong>foramen</strong></span> <span class='ocrx_word' id='word_1_202' title='bbox 3614 1322 3786 1366; x_wconf 82' lang='lat' dir='ltr'><strong>tamen</strong></span> 
     </span>
    </p>
   </div>
   <div class='ocr_carea' id='block_1_27' title="bbox 2198 1397 3784 1474">
    <p class='ocr_par' dir='ltr' id='par_1_27' title="bbox 2198 1397 3784 1474">
     <span class='ocr_line' id='line_1_33' title="bbox 2198 1397 3784 1474; baseline 0.006 -23"><span class='ocrx_word' id='word_1_203' title='bbox 2198 1408 2367 1463; x_wconf 88' lang='lat' dir='ltr'><strong>stans,</strong></span> <span class='ocrx_word' id='word_1_204' title='bbox 2399 1397 2726 1468; x_wconf 78' lang='lat' dir='ltr'><strong>interrogavi</strong></span> <span class='ocrx_word' id='word_1_205' title='bbox 2750 1414 2868 1454; x_wconf 89' lang='lat' dir='ltr'><strong>eam</strong></span> <span class='ocrx_word' id='word_1_206' title='bbox 2901 1409 2957 1453; x_wconf 93' lang='lat' dir='ltr'><strong>ut</strong></span> <span class='ocrx_word' id='word_1_207' title='bbox 2981 1402 3184 1456; x_wconf 88' lang='lat' dir='ltr'><strong>diceret</strong></span> <span class='ocrx_word' id='word_1_208' title='bbox 3210 1403 3340 1456; x_wconf 90' lang='lat' dir='ltr'><strong>mihi</strong></span> <span class='ocrx_word' id='word_1_209' title='bbox 3364 1417 3582 1458; x_wconf 88' lang='lat' dir='ltr'><strong>causam</strong></span> <span class='ocrx_word' id='word_1_210' title='bbox 3607 1422 3784 1474; x_wconf 89' lang='lat' dir='ltr'><strong>quare,</strong></span> 
     </span>
    </p>
   </div>
   <div class='ocr_carea' id='block_1_28' title="bbox 2199 1491 3785 1564">
    <p class='ocr_par' dir='ltr' id='par_1_28' title="bbox 2199 1491 3785 1564">
     <span class='ocr_line' id='line_1_34' title="bbox 2199 1491 3785 1564; baseline 0.005 -20"><span class='ocrx_word' id='word_1_211' title='bbox 2199 1491 2455 1546; x_wconf 87' lang='lat' dir='ltr'><strong>secedens</strong></span> <span class='ocrx_word' id='word_1_212' title='bbox 2481 1491 2550 1546; x_wconf 89' lang='lat' dir='ltr'><strong>de</strong></span> <span class='ocrx_word' id='word_1_213' title='bbox 2578 1492 2810 1558; x_wconf 85' lang='lat' dir='ltr'><strong>civitate,</strong></span> <span class='ocrx_word' id='word_1_214' title='bbox 2845 1492 3083 1561; x_wconf 85' lang='lat' dir='ltr'><strong>ingressa</strong></span> <span class='ocrx_word' id='word_1_215' title='bbox 3117 1492 3303 1548; x_wconf 89' lang='lat' dir='ltr'><strong>fuisset</strong></span> <span class='ocrx_word' id='word_1_216' title='bbox 3329 1497 3676 1564; x_wconf 84' lang='lat' dir='ltr'><strong>sepulcrum?</strong></span> <span class='ocrx_word' id='word_1_217' title='bbox 3700 1497 3785 1552; x_wconf 87' lang='lat' dir='ltr'><strong>Illa</strong></span> 
     </span>
    </p>
   </div>
   <div class='ocr_carea' id='block_1_29' title="bbox 2199 1580 3787 1654">
    <p class='ocr_par' dir='ltr' id='par_1_29' title="bbox 2199 1580 3787 1654">
     <span class='ocr_line' id='line_1_35' title="bbox 2199 1580 3787 1654; baseline 0.005 -21"><span class='ocrx_word' id='word_1_218' title='bbox 2199 1591 2377 1634; x_wconf 90' lang='lat' dir='ltr'><strong>autem</strong></span> <span class='ocrx_word' id='word_1_219' title='bbox 2427 1595 2524 1650; x_wconf 89' lang='lat' dir='ltr'><strong>per</strong></span> <span class='ocrx_word' id='word_1_220' title='bbox 2552 1580 2793 1636; x_wconf 91' lang='lat' dir='ltr'><strong>foramen</strong></span> <span class='ocrx_word' id='word_1_221' title='bbox 2840 1583 3014 1637; x_wconf 82' lang='lat' dir='ltr'><strong>locuta</strong></span> <span class='ocrx_word' id='word_1_222' title='bbox 3064 1593 3147 1638; x_wconf 68' lang='lat' dir='ltr'><strong>est</strong></span> <span class='ocrx_word' id='word_1_223' title='bbox 3189 1584 3342 1649; x_wconf 89' lang='lat' dir='ltr'><strong>mihi,</strong></span> <span class='ocrx_word' id='word_1_224' title='bbox 3393 1584 3628 1641; x_wconf 85' lang='lat' dir='ltr'><strong>dicens:</strong></span> <span class='ocrx_word' id='word_1_225' title='bbox 3659 1586 3787 1654; x_wconf 80' lang='lat' dir='ltr'><strong>Quia</strong></span> 
     </span>
    </p>
   </div>
   <div class='ocr_carea' id='block_1_30' title="bbox 2201 1674 3788 1743">
    <p class='ocr_par' dir='ltr' id='par_1_30' title="bbox 2201 1674 3788 1743">
     <span class='ocr_line' id='line_1_36' title="bbox 2201 1674 3788 1743; baseline 0.005 -16"><span class='ocrx_word' id='word_1_226' title='bbox 2201 1684 2452 1743; x_wconf 86' lang='lat' dir='ltr'><strong>gravatus</strong></span> <span class='ocrx_word' id='word_1_227' title='bbox 2480 1674 2575 1728; x_wconf 89' lang='lat' dir='ltr'><strong>fuit</strong></span> <span class='ocrx_word' id='word_1_228' title='bbox 2602 1675 2818 1743; x_wconf 89' lang='lat' dir='ltr'><strong>quidam</strong></span> <span class='ocrx_word' id='word_1_229' title='bbox 2848 1684 3026 1730; x_wconf 89' lang='lat' dir='ltr'><strong>mente</strong></span> <span class='ocrx_word' id='word_1_230' title='bbox 3053 1677 3103 1730; x_wconf 93' lang='lat' dir='ltr'><strong>iu</strong></span> <span class='ocrx_word' id='word_1_231' title='bbox 3128 1692 3234 1742; x_wconf 89' lang='lat' dir='ltr'><strong>me,</strong></span> <span class='ocrx_word' id='word_1_232' title='bbox 3267 1686 3321 1731; x_wconf 91' lang='lat' dir='ltr'><strong>et</strong></span> <span class='ocrx_word' id='word_1_233' title='bbox 3351 1686 3408 1730; x_wconf 92' lang='lat' dir='ltr'><strong>ut</strong></span> <span class='ocrx_word' id='word_1_234' title='bbox 3439 1693 3546 1732; x_wconf 90' lang='lat' dir='ltr'><strong>non</strong></span> <span class='ocrx_word' id='word_1_235' title='bbox 3577 1693 3788 1735; x_wconf 83' lang='lat' dir='ltr'><strong>accusa-</strong></span> 
     </span>
    </p>
   </div>
   <div class='ocr_carea' id='block_1_31' title="bbox 2200 1769 3786 1841">
    <p class='ocr_par' dir='ltr' id='par_1_31' title="bbox 2200 1769 3786 1841">
     <span class='ocr_line' id='line_1_37' title="bbox 2200 1769 3786 1841; baseline 0.004 -20"><span class='ocrx_word' id='word_1_236' title='bbox 2200 1783 2311 1823; x_wconf 87' lang='lat' dir='ltr'><strong>rem</strong></span> <span class='ocrx_word' id='word_1_237' title='bbox 2341 1784 2484 1831; x_wconf 90' lang='lat' dir='ltr'><strong>eum,</strong></span> <span class='ocrx_word' id='word_1_238' title='bbox 2509 1769 2641 1838; x_wconf 85' lang='lat' dir='ltr'><strong>elegi</strong></span> <span class='ocrx_word' id='word_1_239' title='bbox 2669 1769 2836 1837; x_wconf 85' lang='lat' dir='ltr'><strong>magis</strong></span> <span class='ocrx_word' id='word_1_240' title='bbox 2863 1771 3036 1822; x_wconf 90' lang='lat' dir='ltr'><strong>vivam</strong></span> <span class='ocrx_word' id='word_1_241' title='bbox 3062 1770 3319 1837; x_wconf 83' lang='lat' dir='ltr'><strong>meipsam</strong></span> <span class='ocrx_word' id='word_1_242' title='bbox 3346 1771 3397 1823; x_wconf 91' lang='lat' dir='ltr'><strong>in</strong></span> <span class='ocrx_word' id='word_1_243' title='bbox 3421 1773 3668 1841; x_wconf 86' lang='lat' dir='ltr'><strong>sepulcro</strong></span> <span class='ocrx_word' id='word_1_244' title='bbox 3692 1774 3786 1829; x_wconf 86' lang='lat' dir='ltr'><strong>hoc</strong></span> 
     </span>
    </p>
   </div>
   <div class='ocr_carea' id='block_1_32' title="bbox 507 1847 3782 1936">
    <p class='ocr_par' dir='ltr' id='par_1_32' title="bbox 507 1847 3782 1936">
     <span class='ocr_line' id='line_1_38' title="bbox 507 1847 3782 1936; baseline 0.001 -17"><span class='ocrx_word' id='word_1_245' title='bbox 507 1866 697 1921; x_wconf 79' lang='lat' dir='ltr'><strong>Audivi</strong></span> <span class='ocrx_word' id='word_1_246' title='bbox 726 1875 905 1921; x_wconf 91' lang='lat' dir='ltr'><strong>autem</strong></span> <span class='ocrx_word' id='word_1_247' title='bbox 939 1879 1122 1920; x_wconf 91' lang='lat' dir='ltr'><strong>vocem</strong></span> <span class='ocrx_word' id='word_1_248' title='bbox 1155 1867 1342 1918; x_wconf 88' lang='lat' dir='ltr'><strong>factam</strong></span> <span class='ocrx_word' id='word_1_249' title='bbox 1375 1863 1428 1917; x_wconf 93' lang='lat' dir='ltr'><strong>in</strong></span> <span class='ocrx_word' id='word_1_250' title='bbox 1458 1876 1617 1918; x_wconf 88' lang='lat' dir='ltr'><strong>sensu</strong></span> <span class='ocrx_word' id='word_1_251' title='bbox 1651 1875 1790 1925; x_wconf 91' lang='lat' dir='ltr'><strong>meo,</strong></span> <span class='ocrx_word' id='word_1_252' title='bbox 1824 1869 1875 1914; x_wconf 91' lang='lat' dir='ltr'><strong>ct</strong></span> <span class='ocrx_word' id='word_1_253' title='bbox 1906 1861 2088 1914; x_wconf 86' lang='lat' dir='ltr'><strong>dicen-</strong></span> <span class='ocrx_word' id='word_1_254' title='bbox 2121 1847 2167 1907; x_wconf 80' lang='grc' dir='ltr'><strong>Β</strong></span> <span class='ocrx_word' id='word_1_255' title='bbox 2200 1861 2486 1926; x_wconf 88' lang='lat' dir='ltr'><strong>includere,</strong></span> <span class='ocrx_word' id='word_1_256' title='bbox 2519 1877 2678 1930; x_wconf 84' lang='lat' dir='ltr'><strong>quam</strong></span> <span class='ocrx_word' id='word_1_257' title='bbox 2725 1862 3090 1917; x_wconf 85' lang='lat' dir='ltr'><strong>scandalizare</strong></span> <span class='ocrx_word' id='word_1_258' title='bbox 3120 1865 3354 1917; x_wconf 90' lang='lat' dir='ltr'><strong>animam</strong></span> <span class='ocrx_word' id='word_1_259' title='bbox 3386 1864 3454 1918; x_wconf 91' lang='lat' dir='ltr'><strong>ad</strong></span> <span class='ocrx_word' id='word_1_260' title='bbox 3500 1866 3782 1936; x_wconf 76' lang='lat' dir='ltr'><strong>imaginem</strong></span> 
     </span>
    </p>
   </div>
   <div class='ocr_carea' id='block_1_33' title="bbox 509 1949 2091 2021">
    <p class='ocr_par' dir='ltr' id='par_1_33' title="bbox 509 1949 2091 2021">
     <span class='ocr_line' id='line_1_39' title="bbox 509 1949 2091 2021; baseline -0.002 -13"><span class='ocrx_word' id='word_1_261' title='bbox 509 1964 664 2008; x_wconf 92' lang='lat' dir='ltr'><strong>tem:</strong></span> <span class='ocrx_word' id='word_1_262' title='bbox 701 1954 866 2016; x_wconf 84' lang='lat' dir='ltr'><strong>Vade,</strong></span> <span class='ocrx_word' id='word_1_263' title='bbox 916 1954 1110 2019; x_wconf 89' lang='lat' dir='ltr'><strong>Pasce,</strong></span> <span class='ocrx_word' id='word_1_264' title='bbox 1164 1961 1411 2016; x_wconf 87' lang='lat' dir='ltr'><strong>certare;</strong></span> <span class='ocrx_word' id='word_1_265' title='bbox 1463 1959 1746 2021; x_wconf 88' lang='lat' dir='ltr'><strong>propterea</strong></span> <span class='ocrx_word' id='word_1_266' title='bbox 1778 1949 1921 2004; x_wconf 88' lang='lat' dir='ltr'><strong>enim</strong></span> <span class='ocrx_word' id='word_1_267' title='bbox 1977 1951 2091 2005; x_wconf 78' lang='lat' dir='ltr'><strong>haec</strong></span> 
     </span>
    </p>
   </div>
   <div class='ocr_carea' id='block_1_34' title="bbox 506 2041 2092 2114">
    <p class='ocr_par' dir='ltr' id='par_1_34' title="bbox 506 2041 2092 2114">
     <span class='ocr_line' id='line_1_40' title="bbox 506 2041 2092 2114; baseline 0.001 -18"><span class='ocrx_word' id='word_1_268' title='bbox 506 2045 723 2114; x_wconf 86' lang='lat' dir='ltr'><strong>permisi</strong></span> <span class='ocrx_word' id='word_1_269' title='bbox 755 2053 806 2099; x_wconf 92' lang='lat' dir='ltr'><strong>te</strong></span> <span class='ocrx_word' id='word_1_270' title='bbox 837 2044 962 2112; x_wconf 88' lang='lat' dir='ltr'><strong>pati,</strong></span> <span class='ocrx_word' id='word_1_271' title='bbox 997 2052 1056 2097; x_wconf 92' lang='lat' dir='ltr'><strong>ut</strong></span> <span class='ocrx_word' id='word_1_272' title='bbox 1080 2059 1186 2097; x_wconf 92' lang='lat' dir='ltr'><strong>non</strong></span> <span class='ocrx_word' id='word_1_273' title='bbox 1210 2044 1379 2097; x_wconf 91' lang='lat' dir='ltr'><strong>altum</strong></span> <span class='ocrx_word' id='word_1_274' title='bbox 1424 2043 1621 2110; x_wconf 82' lang='lat' dir='ltr'><strong>sapias,</strong></span> <span class='ocrx_word' id='word_1_275' title='bbox 1669 2056 1763 2098; x_wconf 86' lang='lat' dir='ltr'><strong>nec</strong></span> <span class='ocrx_word' id='word_1_276' title='bbox 1813 2041 2092 2097; x_wconf 72' lang='lat' dir='ltr'><strong>CXIOHnI’lS</strong></span> 
     </span>
    </p>
   </div>
   <div class='ocr_carea' id='block_1_35' title="bbox 506 2137 2091 2207">
    <p class='ocr_par' dir='ltr' id='par_1_35' title="bbox 506 2137 2091 2207">
     <span class='ocr_line' id='line_1_41' title="bbox 506 2137 2091 2207; baseline 0.001 -18"><span class='ocrx_word' id='word_1_277' title='bbox 506 2137 656 2206; x_wconf 89' lang='lat' dir='ltr'><strong>quasi</strong></span> <span class='ocrx_word' id='word_1_278' title='bbox 686 2137 738 2190; x_wconf 93' lang='lat' dir='ltr'><strong>in</strong></span> <span class='ocrx_word' id='word_1_279' title='bbox 768 2137 1050 2192; x_wconf 90' lang='lat' dir='ltr'><strong>virtutibus</strong></span> <span class='ocrx_word' id='word_1_280' title='bbox 1078 2137 1181 2190; x_wconf 88' lang='lat' dir='ltr'><strong>tuis</strong></span> <span class='ocrx_word' id='word_1_281' title='bbox 1222 2137 1395 2205; x_wconf 83' lang='lat' dir='ltr'><strong>(Rom.</strong></span> <span class='ocrx_word' id='word_1_282' title='bbox 1443 2137 1548 2207; x_wconf 85' lang='lat' dir='ltr'><strong>xl);</strong></span> <span class='ocrx_word' id='word_1_283' title='bbox 1597 2140 1689 2192; x_wconf 90' lang='lat' dir='ltr'><strong>sed</strong></span> <span class='ocrx_word' id='word_1_284' title='bbox 1735 2151 2091 2206; x_wconf 82' lang='lat' dir='ltr'><strong>recognoscas</strong></span> 
     </span>
    </p>
   </div>
   <div class='ocr_carea' id='block_1_36' title="bbox 505 2227 2091 2292">
    <p class='ocr_par' dir='ltr' id='par_1_36' title="bbox 505 2227 2091 2292">
     <span class='ocr_line' id='line_1_42' title="bbox 505 2227 2091 2292; baseline 0.001 -11"><span class='ocrx_word' id='word_1_285' title='bbox 505 2227 866 2284; x_wconf 86' lang='lat' dir='ltr'><strong>inﬁrmitatem</strong></span> <span class='ocrx_word' id='word_1_286' title='bbox 898 2238 1072 2292; x_wconf 91' lang='lat' dir='ltr'><strong>tuam;</strong></span> <span class='ocrx_word' id='word_1_287' title='bbox 1105 2237 1156 2281; x_wconf 88' lang='lat' dir='ltr'><strong>et</strong></span> <span class='ocrx_word' id='word_1_288' title='bbox 1203 2242 1308 2281; x_wconf 89' lang='lat' dir='ltr'><strong>non</strong></span> <span class='ocrx_word' id='word_1_289' title='bbox 1337 2227 1572 2281; x_wconf 91' lang='lat' dir='ltr'><strong>conﬁdas</strong></span> <span class='ocrx_word' id='word_1_290' title='bbox 1603 2229 1654 2282; x_wconf 92' lang='lat' dir='ltr'><strong>in</strong></span> <span class='ocrx_word' id='word_1_291' title='bbox 1688 2228 2091 2283; x_wconf 89' lang='lat' dir='ltr'><strong>conversatione</strong></span> 
     </span>
    </p>
   </div>
   <div class='ocr_carea' id='block_1_37' title="bbox 503 2317 2087 2388">
    <p class='ocr_par' dir='ltr' id='par_1_37' title="bbox 503 2317 2087 2388">
     <span class='ocr_line' id='line_1_43' title="bbox 503 2317 2087 2388; baseline 0.003 -18"><span class='ocrx_word' id='word_1_292' title='bbox 503 2327 617 2383; x_wconf 84' lang='lat' dir='ltr'><strong>tua,</strong></span> <span class='ocrx_word' id='word_1_293' title='bbox 648 2319 742 2374; x_wconf 87' lang='lat' dir='ltr'><strong>sed</strong></span> <span class='ocrx_word' id='word_1_294' title='bbox 765 2319 1007 2373; x_wconf 90' lang='lat' dir='ltr'><strong>subditus</strong></span> <span class='ocrx_word' id='word_1_295' title='bbox 1033 2327 1085 2374; x_wconf 90' lang='lat' dir='ltr'><strong>et</strong></span> <span class='ocrx_word' id='word_1_296' title='bbox 1115 2317 1328 2372; x_wconf 89' lang='lat' dir='ltr'><strong>humilis</strong></span> <span class='ocrx_word' id='word_1_297' title='bbox 1355 2319 1428 2372; x_wconf 91' lang='lat' dir='ltr'><strong>sis</strong></span> <span class='ocrx_word' id='word_1_298' title='bbox 1458 2319 1511 2372; x_wconf 92' lang='lat' dir='ltr'><strong>in</strong></span> <span class='ocrx_word' id='word_1_299' title='bbox 1539 2320 1803 2388; x_wconf 88' lang='lat' dir='ltr'><strong>adjutorio</strong></span> <span class='ocrx_word' id='word_1_300' title='bbox 1834 2319 1928 2374; x_wconf 81' lang='lat' dir='ltr'><strong>Dei</strong></span> <span class='ocrx_word' id='word_1_301' title='bbox 1959 2333 2087 2374; x_wconf 87' lang='lat' dir='ltr'><strong>con-</strong></span> 
     </span>
    </p>
   </div>
   <div class='ocr_carea' id='block_1_38' title="bbox 505 2408 2089 2466">
    <p class='ocr_par' dir='ltr' id='par_1_38' title="bbox 505 2408 2089 2466">
     <span class='ocr_line' id='line_1_44' title="bbox 505 2408 2089 2466; baseline 0.001 -4"><span class='ocrx_word' id='word_1_302' title='bbox 505 2408 697 2464; x_wconf 88' lang='lat' dir='ltr'><strong>ﬁdens.</strong></span> <span class='ocrx_word' id='word_1_303' title='bbox 747 2411 821 2464; x_wconf 82' lang='lat' dir='ltr'><strong>ita</strong></span> <span class='ocrx_word' id='word_1_304' title='bbox 850 2420 1026 2466; x_wconf 88' lang='lat' dir='ltr'><strong>certus</strong></span> <span class='ocrx_word' id='word_1_305' title='bbox 1056 2410 1276 2464; x_wconf 74' lang='lat' dir='ltr'><strong>effectus</strong></span> <span class='ocrx_word' id='word_1_306' title='bbox 1307 2409 1375 2465; x_wconf 91' lang='lat' dir='ltr'><strong>de</strong></span> <span class='ocrx_word' id='word_1_307' title='bbox 1401 2411 1692 2466; x_wconf 83' lang='lat' dir='ltr'><strong>auxiliante</strong></span> <span class='ocrx_word' id='word_1_308' title='bbox 1722 2412 2089 2466; x_wconf 89' lang='lat' dir='ltr'><strong>misericordia</strong></span> 
     </span>
    </p>
   </div>
   <div class='ocr_carea' id='block_1_39' title="bbox 505 2503 1943 2575">
    <p class='ocr_par' dir='ltr' id='par_1_39' title="bbox 505 2503 1943 2575">
     <span class='ocr_line' id='line_1_45' title="bbox 505 2503 1943 2575; baseline 0 -18"><span class='ocrx_word' id='word_1_309' title='bbox 505 2504 713 2560; x_wconf 90' lang='lat' dir='ltr'><strong>Domini</strong></span> <span class='ocrx_word' id='word_1_310' title='bbox 739 2505 1052 2572; x_wconf 86' lang='lat' dir='ltr'><strong>Salvatoris,</strong></span> <span class='ocrx_word' id='word_1_311' title='bbox 1075 2504 1324 2575; x_wconf 82' lang='lat' dir='ltr'><strong>paciﬁcos</strong></span> <span class='ocrx_word' id='word_1_312' title='bbox 1356 2503 1516 2557; x_wconf 86' lang='lat' dir='ltr'><strong>habui</strong></span> <span class='ocrx_word' id='word_1_313' title='bbox 1547 2504 1777 2574; x_wconf 90' lang='lat' dir='ltr'><strong>reliquos</strong></span> <span class='ocrx_word' id='word_1_314' title='bbox 1805 2504 1943 2558; x_wconf 90' lang='lat' dir='ltr'><strong>dies.</strong></span> 
     </span>
    </p>
   </div>
   <div class='ocr_carea' id='block_1_40' title="bbox 1128 2596 1480 2654">
    <p class='ocr_par' dir='ltr' id='par_1_40' title="bbox 1128 2596 1480 2654">
     <span class='ocr_line' id='line_1_46' title="bbox 1128 2596 1480 2654; baseline -0.006 -2"><span class='ocrx_word' id='word_1_315' title='bbox 1128 2596 1352 2654; x_wconf 79' lang='lat' dir='ltr'><strong>CAPUT</strong></span> <span class='ocrx_word' id='word_1_316' title='bbox 1394 2597 1480 2651; x_wconf 82' lang='grc' dir='ltr'><strong>ιιι.</strong></span> 
     </span>
    </p>
   </div>
   <div class='ocr_carea' id='block_1_41' title="bbox 503 2687 2086 2761">
    <p class='ocr_par' dir='ltr' id='par_1_41' title="bbox 503 2687 2086 2761">
     <span class='ocr_line' id='line_1_47' title="bbox 503 2687 2086 2761; baseline 0 -20"><span class='ocrx_word' id='word_1_317' title='bbox 503 2687 582 2744; x_wconf 85' lang='lat' dir='ltr'><strong>De</strong></span> <span class='ocrx_word' id='word_1_318' title='bbox 599 2689 845 2761; x_wconf 67' lang='lat' dir='ltr'><strong>Didyme,</strong></span> <span class='ocrx_word' id='word_1_319' title='bbox 869 2701 916 2744; x_wconf 82' lang='lat' dir='ltr'><strong>et</strong></span> <span class='ocrx_word' id='word_1_320' title='bbox 938 2692 1094 2745; x_wconf 82' lang='lat' dir='ltr'><strong>beatis</strong></span> <span class='ocrx_word' id='word_1_321' title='bbox 1116 2690 1392 2760; x_wconf 77' lang='lat' dir='ltr'><strong>virginibus</strong></span> <span class='ocrx_word' id='word_1_322' title='bbox 1417 2689 1729 2743; x_wconf 79' lang='lat' dir='ltr'><strong>Alexandria</strong></span> <span class='ocrx_word' id='word_1_323' title='bbox 1750 2705 1811 2742; x_wconf 89' lang='lat' dir='ltr'><strong>ac</strong></span> <span class='ocrx_word' id='word_1_324' title='bbox 1835 2689 2086 2742; x_wconf 76' lang='lat' dir='ltr'><strong>Melania.</strong></span> 
     </span>
    </p>
   </div>
   <div class='ocr_carea' id='block_1_42' title="bbox 579 2782 2085 2854">
    <p class='ocr_par' dir='ltr' id='par_1_42' title="bbox 579 2782 2085 2854">
     <span class='ocr_line' id='line_1_48' title="bbox 579 2782 2085 2854; baseline 0.001 -20"><span class='ocrx_word' id='word_1_325' title='bbox 579 2782 632 2835; x_wconf 90' lang='lat' dir='ltr'><strong>In</strong></span> <span class='ocrx_word' id='word_1_326' title='bbox 662 2784 860 2838; x_wconf 86' lang='lat' dir='ltr'><strong>sanctis</strong></span> <span class='ocrx_word' id='word_1_327' title='bbox 888 2783 1130 2838; x_wconf 85' lang='lat' dir='ltr'><strong>Patribus</strong></span> <span class='ocrx_word' id='word_1_328' title='bbox 1161 2783 1417 2854; x_wconf 82' lang='lat' dir='ltr'><strong>Didymus</strong></span> <span class='ocrx_word' id='word_1_329' title='bbox 1443 2785 1458 2814; x_wconf 85' lang='grc'>¹</span> <span class='ocrx_word' id='word_1_330' title='bbox 1490 2783 1584 2836; x_wconf 88' lang='lat' dir='ltr'><strong>fuit</strong></span> <span class='ocrx_word' id='word_1_331' title='bbox 1616 2797 1889 2836; x_wconf 89' lang='lat' dir='ltr'><strong>sacrorum</strong></span> <span class='ocrx_word' id='word_1_332' title='bbox 1915 2797 2085 2850; x_wconf 86' lang='lat' dir='ltr'><strong>expo-</strong></span> 
     </span>
    </p>
   </div>
   <div class='ocr_carea' id='block_1_43' title="bbox 502 2870 2088 2942">
    <p class='ocr_par' dir='ltr' id='par_1_43' title="bbox 502 2870 2088 2942">
     <span class='ocr_line' id='line_1_49' title="bbox 502 2870 2088 2942; baseline -0.001 -16"><span class='ocrx_word' id='word_1_333' title='bbox 502 2870 634 2926; x_wconf 88' lang='lat' dir='ltr'><strong>sitor</strong></span> <span class='ocrx_word' id='word_1_334' title='bbox 660 2870 938 2940; x_wconf 89' lang='lat' dir='ltr'><strong>librorum,</strong></span> <span class='ocrx_word' id='word_1_335' title='bbox 962 2875 1052 2942; x_wconf 92' lang='lat' dir='ltr'><strong>qui</strong></span> <span class='ocrx_word' id='word_1_336' title='bbox 1077 2873 1273 2926; x_wconf 89' lang='lat' dir='ltr'><strong>multos</strong></span> <span class='ocrx_word' id='word_1_337' title='bbox 1303 2873 1468 2928; x_wconf 84' lang='lat' dir='ltr'><strong>libros</strong></span> <span class='ocrx_word' id='word_1_338' title='bbox 1493 2888 1556 2927; x_wconf 91' lang='lat' dir='ltr'><strong>ex</strong></span> <span class='ocrx_word' id='word_1_339' title='bbox 1579 2871 1772 2926; x_wconf 88' lang='lat' dir='ltr'><strong>divinis</strong></span> <span class='ocrx_word' id='word_1_340' title='bbox 1798 2871 2088 2939; x_wconf 83' lang='lat' dir='ltr'><strong>Scripturis</strong></span> 
     </span>
    </p>
   </div>
   <div class='ocr_carea' id='block_1_44' title="bbox 502 2964 2086 3037">
    <p class='ocr_par' dir='ltr' id='par_1_44' title="bbox 502 2964 2086 3037">
     <span class='ocr_line' id='line_1_50' title="bbox 502 2964 2086 3037; baseline -0.003 -17"><span class='ocrx_word' id='word_1_341' title='bbox 502 2966 748 3033; x_wconf 80' lang='lat' dir='ltr'><strong>exposuit</strong></span> <span class='ocrx_word' id='word_1_342' title='bbox 791 2965 1056 3037; x_wconf 83' lang='lat' dir='ltr'><strong>(Ileracl.,</strong></span> <span class='ocrx_word' id='word_1_343' title='bbox 1087 2983 1202 3036; x_wconf 78' lang='lat' dir='ltr'><strong>cap.</strong></span> <span class='ocrx_word' id='word_1_344' title='bbox 1236 2966 1312 3033; x_wconf 82' lang='lat' dir='ltr'><strong>l).</strong></span> <span class='ocrx_word' id='word_1_345' title='bbox 1367 2965 1463 3019; x_wconf 93' lang='lat' dir='ltr'><strong>llic</strong></span> <span class='ocrx_word' id='word_1_346' title='bbox 1511 2965 1710 3034; x_wconf 89' lang='lat' dir='ltr'><strong>absque</strong></span> <span class='ocrx_word' id='word_1_347' title='bbox 1754 2964 1927 3018; x_wconf 90' lang='lat' dir='ltr'><strong>oculis</strong></span> <span class='ocrx_word' id='word_1_348' title='bbox 1969 2964 2086 3031; x_wconf 89' lang='lat' dir='ltr'><strong>fuit,</strong></span> 
     </span>
    </p>
   </div>
   <div class='ocr_carea' id='block_1_45' title="bbox 501 3056 2088 3128">
    <p class='ocr_par' dir='ltr' id='par_1_45' title="bbox 501 3056 2088 3128">
     <span class='ocr_line' id='line_1_51' title="bbox 501 3056 2088 3128; baseline -0.001 -16"><span class='ocrx_word' id='word_1_349' title='bbox 501 3056 651 3126; x_wconf 87' lang='lat' dir='ltr'><strong>cujus</strong></span> <span class='ocrx_word' id='word_1_350' title='bbox 679 3067 732 3112; x_wconf 91' lang='lat' dir='ltr'><strong>et</strong></span> <span class='ocrx_word' id='word_1_351' title='bbox 757 3058 1002 3112; x_wconf 90' lang='lat' dir='ltr'><strong>notitiam</strong></span> <span class='ocrx_word' id='word_1_352' title='bbox 1035 3058 1213 3114; x_wconf 89' lang='lat' dir='ltr'><strong>habui.</strong></span> <span class='ocrx_word' id='word_1_353' title='bbox 1249 3058 1345 3112; x_wconf 90' lang='lat' dir='ltr'><strong>llic</strong></span> <span class='ocrx_word' id='word_1_354' title='bbox 1376 3057 1710 3128; x_wconf 83' lang='lat' dir='ltr'><strong>septuaginta</strong></span> <span class='ocrx_word' id='word_1_355' title='bbox 1737 3058 1970 3127; x_wconf 85' lang='lat' dir='ltr'><strong>quinque</strong></span> <span class='ocrx_word' id='word_1_356' title='bbox 1995 3072 2088 3111; x_wconf 92' lang='lat' dir='ltr'><strong>an-</strong></span> 
     </span>
    </p>
   </div>
   <div class='ocr_carea' id='block_1_46' title="bbox 502 3151 2088 3221">
    <p class='ocr_par' dir='ltr' id='par_1_46' title="bbox 502 3151 2088 3221">
     <span class='ocr_line' id='line_1_52' title="bbox 502 3151 2088 3221; baseline 0.002 -17"><span class='ocrx_word' id='word_1_357' title='bbox 502 3167 692 3205; x_wconf 86' lang='lat' dir='ltr'><strong>norum</strong></span> <span class='ocrx_word' id='word_1_358' title='bbox 737 3151 1018 3207; x_wconf 87' lang='lat' dir='ltr'><strong>defunctus</strong></span> <span class='ocrx_word' id='word_1_359' title='bbox 1046 3162 1145 3207; x_wconf 89' lang='lat' dir='ltr'><strong>est.</strong></span> <span class='ocrx_word' id='word_1_360' title='bbox 1179 3152 1284 3207; x_wconf 89' lang='lat' dir='ltr'><strong>Iste</strong></span> <span class='ocrx_word' id='word_1_361' title='bbox 1322 3167 1496 3207; x_wconf 75' lang='lat' dir='ltr'><strong>czecus</strong></span> <span class='ocrx_word' id='word_1_362' title='bbox 1525 3168 1642 3206; x_wconf 86' lang='lat' dir='ltr'><strong>cum</strong></span> <span class='ocrx_word' id='word_1_363' title='bbox 1675 3162 1836 3218; x_wconf 90' lang='lat' dir='ltr'><strong>esset,</strong></span> <span class='ocrx_word' id='word_1_364' title='bbox 1887 3162 1945 3206; x_wconf 93' lang='lat' dir='ltr'><strong>ut</strong></span> <span class='ocrx_word' id='word_1_365' title='bbox 1975 3155 2088 3221; x_wconf 86' lang='lat' dir='ltr'><strong>ipse</strong></span> 
     </span>
    </p>
   </div>
   <div class='ocr_carea' id='block_1_47' title="bbox 2199 1951 3786 2022">
    <p class='ocr_par' dir='ltr' id='par_1_47' title="bbox 2199 1951 3786 2022">
     <span class='ocr_line' id='line_1_53' title="bbox 2199 1951 3786 2022; baseline 0.004 -17"><span class='ocrx_word' id='word_1_366' title='bbox 2199 1951 2294 2006; x_wconf 92' lang='lat' dir='ltr'><strong>Dei</strong></span> <span class='ocrx_word' id='word_1_367' title='bbox 2343 1952 2559 2006; x_wconf 87' lang='lat' dir='ltr'><strong>factam.</strong></span> <span class='ocrx_word' id='word_1_368' title='bbox 2594 1952 2678 2008; x_wconf 83' lang='lat' dir='ltr'><strong>Mc</strong></span> <span class='ocrx_word' id='word_1_369' title='bbox 2724 1959 2900 2007; x_wconf 91' lang='lat' dir='ltr'><strong>autem</strong></span> <span class='ocrx_word' id='word_1_370' title='bbox 2949 1952 3161 2010; x_wconf 88' lang='lat' dir='ltr'><strong>dicente</strong></span> <span class='ocrx_word' id='word_1_371' title='bbox 3207 1954 3260 2010; x_wconf 88' lang='lat' dir='ltr'><strong>ei</strong></span> <span class='ocrx_word' id='word_1_372' title='bbox 3289 1955 3610 2022; x_wconf 89' lang='lat' dir='ltr'><strong>:Quomodo</strong></span> <span class='ocrx_word' id='word_1_373' title='bbox 3650 1973 3786 2012; x_wconf 87' lang='lat' dir='ltr'><strong>nunc</strong></span> 
     </span>
    </p>
   </div>
   <div class='ocr_carea' id='block_1_48' title="bbox 2197 2042 3782 2116">
    <p class='ocr_par' dir='ltr' id='par_1_48' title="bbox 2197 2042 3782 2116">
     <span class='ocr_line' id='line_1_54' title="bbox 2197 2042 3782 2116; baseline 0.005 -21"><span class='ocrx_word' id='word_1_374' title='bbox 2197 2057 2530 2111; x_wconf 88' lang='lat' dir='ltr'><strong>perseveras,</strong></span> <span class='ocrx_word' id='word_1_375' title='bbox 2561 2056 2667 2097; x_wconf 92' lang='lat' dir='ltr'><strong>non</strong></span> <span class='ocrx_word' id='word_1_376' title='bbox 2693 2042 2879 2098; x_wconf 88' lang='lat' dir='ltr'><strong>videns</strong></span> <span class='ocrx_word' id='word_1_377' title='bbox 2907 2058 3246 2114; x_wconf 85' lang='lat' dir='ltr'><strong>quemquam,</strong></span> <span class='ocrx_word' id='word_1_378' title='bbox 3276 2046 3372 2101; x_wconf 88' lang='lat' dir='ltr'><strong>sed</strong></span> <span class='ocrx_word' id='word_1_379' title='bbox 3394 2046 3656 2116; x_wconf 84' lang='lat' dir='ltr'><strong>afﬁigeris</strong></span> <span class='ocrx_word' id='word_1_380' title='bbox 3681 2057 3782 2103; x_wconf 87' lang='lat' dir='ltr'><strong>tam</strong></span> 
     </span>
    </p>
   </div>
   <div class='ocr_carea' id='block_1_49' title="bbox 2197 2133 3786 2204">
    <p class='ocr_par' dir='ltr' id='par_1_49' title="bbox 2197 2133 3786 2204">
     <span class='ocr_line' id='line_1_55' title="bbox 2197 2133 3786 2204; baseline 0.005 -18"><span class='ocrx_word' id='word_1_381' title='bbox 2197 2134 2346 2204; x_wconf 90' lang='lat' dir='ltr'><strong>gravi</strong></span> <span class='ocrx_word' id='word_1_382' title='bbox 2375 2134 2607 2188; x_wconf 65' lang='lat' dir='ltr'><strong>maxime</strong></span> <span class='ocrx_word' id='word_1_383' title='bbox 2638 2133 2874 2188; x_wconf 86' lang='lat' dir='ltr'><strong>inertia?</strong></span> <span class='ocrx_word' id='word_1_384' title='bbox 2909 2135 3043 2188; x_wconf 86' lang='lat' dir='ltr'><strong>dixit</strong></span> <span class='ocrx_word' id='word_1_385' title='bbox 3071 2135 3201 2189; x_wconf 87' lang='lat' dir='ltr'><strong>mihi</strong></span> <span class='ocrx_word' id='word_1_386' title='bbox 3227 2151 3243 2188; x_wconf 91' lang='lat'><strong>:</strong></span> <span class='ocrx_word' id='word_1_387' title='bbox 3274 2137 3410 2202; x_wconf 84' lang='lat' dir='ltr'><strong>Quia</strong></span> <span class='ocrx_word' id='word_1_388' title='bbox 3455 2152 3486 2190; x_wconf 89' lang='lat' dir='ltr'><strong>a</strong></span> <span class='ocrx_word' id='word_1_389' title='bbox 3515 2152 3677 2193; x_wconf 85' lang='lat' dir='ltr'><strong>mane</strong></span> <span class='ocrx_word' id='word_1_390' title='bbox 3706 2154 3786 2194; x_wconf 83' lang='lat' dir='ltr'><strong>us-</strong></span> 
     </span>
    </p>
   </div>
   <div class='ocr_carea' id='block_1_50' title="bbox 2195 2224 3788 2296">
    <p class='ocr_par' dir='ltr' id='par_1_50' title="bbox 2195 2224 3788 2296">
     <span class='ocr_line' id='line_1_56' title="bbox 2195 2224 3788 2296; baseline 0.003 -18"><span class='ocrx_word' id='word_1_391' title='bbox 2195 2239 2301 2293; x_wconf 89' lang='lat' dir='ltr'><strong>que</strong></span> <span class='ocrx_word' id='word_1_392' title='bbox 2339 2224 2404 2277; x_wconf 89' lang='lat' dir='ltr'><strong>ad</strong></span> <span class='ocrx_word' id='word_1_393' title='bbox 2430 2224 2618 2278; x_wconf 87' lang='lat' dir='ltr'><strong>horam</strong></span> <span class='ocrx_word' id='word_1_394' title='bbox 2649 2238 2842 2278; x_wconf 91' lang='lat' dir='ltr'><strong>nonam</strong></span> <span class='ocrx_word' id='word_1_395' title='bbox 2873 2239 2970 2280; x_wconf 93' lang='lat' dir='ltr'><strong>oro</strong></span> <span class='ocrx_word' id='word_1_396' title='bbox 3001 2239 3096 2294; x_wconf 91' lang='lat' dir='ltr'><strong>per</strong></span> <span class='ocrx_word' id='word_1_397' title='bbox 3137 2227 3375 2296; x_wconf 88' lang='lat' dir='ltr'><strong>singulas</strong></span> <span class='ocrx_word' id='word_1_398' title='bbox 3424 2227 3610 2296; x_wconf 87' lang='lat' dir='ltr'><strong>horas,</strong></span> <span class='ocrx_word' id='word_1_399' title='bbox 3661 2244 3788 2285; x_wconf 76' lang='lat' dir='ltr'><strong>neris</strong></span> 
     </span>
    </p>
   </div>
   <div class='ocr_carea' id='block_1_51' title="bbox 2196 2316 3788 2388">
    <p class='ocr_par' dir='ltr' id='par_1_51' title="bbox 2196 2316 3788 2388">
     <span class='ocr_line' id='line_1_57' title="bbox 2196 2316 3788 2388; baseline 0.005 -18"><span class='ocrx_word' id='word_1_400' title='bbox 2196 2316 2396 2380; x_wconf 85' lang='lat' dir='ltr'><strong>linum;</strong></span> <span class='ocrx_word' id='word_1_401' title='bbox 2426 2316 2660 2386; x_wconf 88' lang='lat' dir='ltr'><strong>reliquas</strong></span> <span class='ocrx_word' id='word_1_402' title='bbox 2709 2324 2886 2371; x_wconf 90' lang='lat' dir='ltr'><strong>autem</strong></span> <span class='ocrx_word' id='word_1_403' title='bbox 2917 2317 3078 2372; x_wconf 88' lang='lat' dir='ltr'><strong>horas</strong></span> <span class='ocrx_word' id='word_1_404' title='bbox 3121 2317 3306 2387; x_wconf 89' lang='lat' dir='ltr'><strong>jejuna</strong></span> <span class='ocrx_word' id='word_1_405' title='bbox 3353 2333 3699 2388; x_wconf 85' lang='lat' dir='ltr'><strong>percurrens,</strong></span> <span class='ocrx_word' id='word_1_406' title='bbox 3739 2333 3788 2378; x_wconf 91' lang='lat' dir='ltr'><strong>et</strong></span> 
     </span>
    </p>
   </div>
   <div class='ocr_carea' id='block_1_52' title="bbox 2196 2408 3782 2482">
    <p class='ocr_par' dir='ltr' id='par_1_52' title="bbox 2196 2408 3782 2482">
     <span class='ocr_line' id='line_1_58' title="bbox 2196 2408 3782 2482; baseline 0.004 -21"><span class='ocrx_word' id='word_1_407' title='bbox 2196 2408 2325 2462; x_wconf 86' lang='lat' dir='ltr'><strong>hora</strong></span> <span class='ocrx_word' id='word_1_408' title='bbox 2358 2409 2680 2478; x_wconf 89' lang='lat' dir='ltr'><strong>competenti</strong></span> <span class='ocrx_word' id='word_1_409' title='bbox 2710 2410 2999 2464; x_wconf 88' lang='lat' dir='ltr'><strong>comedens</strong></span> <span class='ocrx_word' id='word_1_410' title='bbox 3027 2409 3204 2464; x_wconf 89' lang='lat' dir='ltr'><strong>cibum</strong></span> <span class='ocrx_word' id='word_1_411' title='bbox 3254 2426 3433 2465; x_wconf 86' lang='lat' dir='ltr'><strong>meum</strong></span> <span class='ocrx_word' id='word_1_412' title='bbox 3487 2415 3782 2482; x_wconf 85' lang='lat' dir='ltr'><strong>requiesco,</strong></span> 
     </span>
    </p>
   </div>
   <div class='ocr_carea' id='block_1_53' title="bbox 2193 2500 3786 2572">
    <p class='ocr_par' dir='ltr' id='par_1_53' title="bbox 2193 2500 3786 2572">
     <span class='ocr_line' id='line_1_59' title="bbox 2193 2500 3786 2572; baseline 0.003 -17"><span class='ocrx_word' id='word_1_413' title='bbox 2193 2509 2248 2555; x_wconf 90' lang='lat' dir='ltr'><strong>ct</strong></span> <span class='ocrx_word' id='word_1_414' title='bbox 2275 2500 2426 2554; x_wconf 88' lang='lat' dir='ltr'><strong>video</strong></span> <span class='ocrx_word' id='word_1_415' title='bbox 2452 2501 2502 2555; x_wconf 92' lang='lat' dir='ltr'><strong>in</strong></span> <span class='ocrx_word' id='word_1_416' title='bbox 2518 2503 2719 2554; x_wconf 89' lang='lat' dir='ltr'><strong>somnis</strong></span> <span class='ocrx_word' id='word_1_417' title='bbox 2743 2500 3093 2570; x_wconf 89' lang='lat' dir='ltr'><strong>patriarchas,</strong></span> <span class='ocrx_word' id='word_1_418' title='bbox 3117 2502 3411 2570; x_wconf 87' lang='lat' dir='ltr'><strong>prophetas</strong></span> <span class='ocrx_word' id='word_1_419' title='bbox 3438 2513 3493 2556; x_wconf 88' lang='lat' dir='ltr'><strong>et</strong></span> <span class='ocrx_word' id='word_1_420' title='bbox 3516 2505 3786 2572; x_wconf 86' lang='lat' dir='ltr'><strong>apostolos</strong></span> 
     </span>
    </p>
   </div>
   <div class='ocr_carea' id='block_1_54' title="bbox 2196 2591 3786 2665">
    <p class='ocr_par' dir='ltr' id='par_1_54' title="bbox 2196 2591 3786 2665">
     <span class='ocr_line' id='line_1_60' title="bbox 2196 2591 3786 2665; baseline 0.004 -20"><span class='ocrx_word' id='word_1_421' title='bbox 2196 2607 2316 2646; x_wconf 93' lang='lat' dir='ltr'><strong>cum</strong></span> <span class='ocrx_word' id='word_1_422' title='bbox 2349 2591 2695 2661; x_wconf 86' lang='lat' dir='ltr'><strong>martyribus.</strong></span> <span class='ocrx_word' id='word_1_423' title='bbox 2725 2592 3025 2646; x_wconf 87' lang='lat' dir='ltr'><strong>Persevero</strong></span> <span class='ocrx_word' id='word_1_424' title='bbox 3050 2600 3250 2660; x_wconf 90' lang='lat' dir='ltr'><strong>autem,</strong></span> <span class='ocrx_word' id='word_1_425' title='bbox 3281 2594 3442 2649; x_wconf 85' lang='lat' dir='ltr'><strong>ﬁnem</strong></span> <span class='ocrx_word' id='word_1_426' title='bbox 3470 2605 3786 2665; x_wconf 79' lang='lat' dir='ltr'><strong>exspectan-</strong></span> 
     </span>
    </p>
   </div>
   <div class='ocr_carea' id='block_1_55' title="bbox 2196 2683 3209 2752">
    <p class='ocr_par' dir='ltr' id='par_1_55' title="bbox 2196 2683 3209 2752">
     <span class='ocr_line' id='line_1_61' title="bbox 2196 2683 3209 2752; baseline 0.001 -15"><span class='ocrx_word' id='word_1_427' title='bbox 2196 2684 2285 2752; x_wconf 93' lang='lat' dir='ltr'><strong>do,</strong></span> <span class='ocrx_word' id='word_1_428' title='bbox 2320 2698 2438 2738; x_wconf 91' lang='lat' dir='ltr'><strong>cum</strong></span> <span class='ocrx_word' id='word_1_429' title='bbox 2470 2698 2564 2752; x_wconf 87' lang='lat' dir='ltr'><strong>spe</strong></span> <span class='ocrx_word' id='word_1_430' title='bbox 2593 2684 2648 2737; x_wconf 92' lang='lat' dir='ltr'><strong>in</strong></span> <span class='ocrx_word' id='word_1_431' title='bbox 2679 2684 2846 2738; x_wconf 88' lang='lat' dir='ltr'><strong>Demn</strong></span> <span class='ocrx_word' id='word_1_432' title='bbox 2873 2683 3209 2738; x_wconf 89' lang='lat' dir='ltr'><strong>suavissime.</strong></span> 
     </span>
    </p>
   </div>
   <div class='ocr_carea' id='block_1_56' title="bbox 2812 2773 3168 2828">
    <p class='ocr_par' dir='ltr' id='par_1_56' title="bbox 2812 2773 3168 2828">
     <span class='ocr_line' id='line_1_62' title="bbox 2812 2773 3168 2828; baseline 0 0"><span class='ocrx_word' id='word_1_433' title='bbox 2812 2773 3037 2828; x_wconf 79' lang='lat' dir='ltr'><strong>CAPUT</strong></span> <span class='ocrx_word' id='word_1_434' title='bbox 3077 2773 3168 2828; x_wconf 81' lang='lat' dir='ltr'><strong>IV.</strong></span> 
     </span>
    </p>
   </div>
   <div class='ocr_carea' id='block_1_57' title="bbox 2199 2865 3785 2940">
    <p class='ocr_par' dir='ltr' id='par_1_57' title="bbox 2199 2865 3785 2940">
     <span class='ocr_line' id='line_1_63' title="bbox 2199 2865 3785 2940; baseline 0.001 -19"><span class='ocrx_word' id='word_1_435' title='bbox 2199 2865 2276 2926; x_wconf 85' lang='lat' dir='ltr'><strong>De</strong></span> <span class='ocrx_word' id='word_1_436' title='bbox 2286 2868 2578 2931; x_wconf 85' lang='lat' dir='ltr'><strong>Ammonio,</strong></span> <span class='ocrx_word' id='word_1_437' title='bbox 2596 2866 2840 2936; x_wconf 78' lang='lat' dir='ltr'><strong>fratribus</strong></span> <span class='ocrx_word' id='word_1_438' title='bbox 2855 2869 3058 2935; x_wconf 83' lang='lat' dir='ltr'><strong>ejus,ac</strong></span> <span class='ocrx_word' id='word_1_439' title='bbox 3073 2867 3227 2920; x_wconf 80' lang='lat' dir='ltr'><strong>tribus</strong></span> <span class='ocrx_word' id='word_1_440' title='bbox 3243 2867 3501 2921; x_wconf 78' lang='lat' dir='ltr'><strong>sororibus</strong></span> <span class='ocrx_word' id='word_1_441' title='bbox 3517 2869 3785 2940; x_wconf 74' lang='lat' dir='ltr'><strong>religiosis.</strong></span> 
     </span>
    </p>
   </div>
   <div class='ocr_carea' id='block_1_58' title="bbox 2271 2961 3788 3032">
    <p class='ocr_par' dir='ltr' id='par_1_58' title="bbox 2271 2961 3788 3032">
     <span class='ocr_line' id='line_1_64' title="bbox 2271 2961 3788 3032; baseline 0 -15"><span class='ocrx_word' id='word_1_442' title='bbox 2271 2962 2465 3017; x_wconf 84' lang='lat' dir='ltr'><strong>Beatus</strong></span> <span class='ocrx_word' id='word_1_443' title='bbox 2509 2963 2828 3016; x_wconf 81' lang='lat' dir='ltr'><strong>Ammonius</strong></span> <span class='ocrx_word' id='word_1_444' title='bbox 2859 2961 3045 3016; x_wconf 89' lang='lat' dir='ltr'><strong>habuit</strong></span> <span class='ocrx_word' id='word_1_445' title='bbox 3090 2962 3225 3016; x_wconf 92' lang='lat' dir='ltr'><strong>duos</strong></span> <span class='ocrx_word' id='word_1_446' title='bbox 3269 2961 3462 3017; x_wconf 81' lang='lat' dir='ltr'><strong>fratres</strong></span> <span class='ocrx_word' id='word_1_447' title='bbox 3507 2977 3788 3032; x_wconf 83' lang='lat' dir='ltr'><strong>germanos</strong></span> 
     </span>
    </p>
   </div>
   <div class='ocr_carea' id='block_1_59' title="bbox 2199 3054 3785 3125">
    <p class='ocr_par' dir='ltr' id='par_1_59' title="bbox 2199 3054 3785 3125">
     <span class='ocr_line' id='line_1_65' title="bbox 2199 3054 3785 3125; baseline 0 -17"><span class='ocrx_word' id='word_1_448' title='bbox 2199 3068 2348 3118; x_wconf 90' lang='lat' dir='ltr'><strong>suos,</strong></span> <span class='ocrx_word' id='word_1_449' title='bbox 2378 3055 2465 3123; x_wconf 91' lang='lat' dir='ltr'><strong>qui</strong></span> <span class='ocrx_word' id='word_1_450' title='bbox 2495 3069 2615 3107; x_wconf 86' lang='lat' dir='ltr'><strong>cum</strong></span> <span class='ocrx_word' id='word_1_451' title='bbox 2645 3068 2709 3106; x_wconf 87' lang='lat' dir='ltr'><strong>eo</strong></span> <span class='ocrx_word' id='word_1_452' title='bbox 2741 3055 2939 3121; x_wconf 90' lang='lat' dir='ltr'><strong>pariter</strong></span> <span class='ocrx_word' id='word_1_453' title='bbox 2967 3054 3018 3106; x_wconf 89' lang='lat' dir='ltr'><strong>iu</strong></span> <span class='ocrx_word' id='word_1_454' title='bbox 3046 3064 3231 3108; x_wconf 89' lang='lat' dir='ltr'><strong>sancto</strong></span> <span class='ocrx_word' id='word_1_455' title='bbox 3262 3057 3535 3125; x_wconf 87' lang='lat' dir='ltr'><strong>proposito</strong></span> <span class='ocrx_word' id='word_1_456' title='bbox 3563 3069 3785 3108; x_wconf 83' lang='lat' dir='ltr'><strong>conver—</strong></span> 
     </span>
    </p>
   </div>
   <div class='ocr_carea' id='block_1_60' title="bbox 2199 3146 3790 3217">
    <p class='ocr_par' dir='ltr' id='par_1_60' title="bbox 2199 3146 3790 3217">
     <span class='ocr_line' id='line_1_66' title="bbox 2199 3146 3790 3217; baseline -0.001 -15"><span class='ocrx_word' id='word_1_457' title='bbox 2199 3148 2456 3204; x_wconf 88' lang='lat' dir='ltr'><strong>sabautur</strong></span> <span class='ocrx_word' id='word_1_458' title='bbox 2477 3146 2826 3217; x_wconf 78' lang='lat' dir='ltr'><strong>(Heraclides,</strong></span> <span class='ocrx_word' id='word_1_459' title='bbox 2851 3164 2965 3217; x_wconf 89' lang='lat' dir='ltr'><strong>cap.</strong></span> <span class='ocrx_word' id='word_1_460' title='bbox 2985 3148 3060 3215; x_wconf 70' lang='lat'><strong>2).</strong></span> <span class='ocrx_word' id='word_1_461' title='bbox 3080 3147 3207 3202; x_wconf 86' lang='lat' dir='ltr'><strong>Nam</strong></span> <span class='ocrx_word' id='word_1_462' title='bbox 3223 3150 3404 3202; x_wconf 80' lang='lat' dir='ltr'><strong>senior</strong></span> <span class='ocrx_word' id='word_1_463' title='bbox 3418 3163 3608 3202; x_wconf 89' lang='lat' dir='ltr'><strong>eorum</strong></span> <span class='ocrx_word' id='word_1_464' title='bbox 3629 3147 3790 3201; x_wconf 82' lang='lat' dir='ltr'><strong>frater</strong></span> 
     </span>
    </p>
   </div>
   <div class='ocr_carea' id='block_1_61' title="bbox 507 3229 3785 3312">
    <p class='ocr_par' dir='ltr' id='par_1_61' title="bbox 507 3229 3785 3312">
     <span class='ocr_line' id='line_1_67' title="bbox 507 3229 3785 3312; baseline -0 -19"><span class='ocrx_word' id='word_1_465' title='bbox 507 3240 638 3294; x_wconf 90' lang='lat' dir='ltr'><strong>mihi</strong></span> <span class='ocrx_word' id='word_1_466' title='bbox 666 3243 919 3306; x_wconf 89' lang='lat' dir='ltr'><strong>narravit,</strong></span> <span class='ocrx_word' id='word_1_467' title='bbox 971 3251 1199 3312; x_wconf 90' lang='lat' dir='ltr'><strong>quatuor</strong></span> <span class='ocrx_word' id='word_1_468' title='bbox 1245 3257 1502 3296; x_wconf 87' lang='lat' dir='ltr'><strong>annorum</strong></span> <span class='ocrx_word' id='word_1_469' title='bbox 1550 3244 1602 3296; x_wconf 89' lang='lat' dir='ltr'><strong>in</strong></span> <span class='ocrx_word' id='word_1_470' title='bbox 1651 3243 1869 3298; x_wconf 86' lang='lat' dir='ltr'><strong>infantia</strong></span> <span class='ocrx_word' id='word_1_471' title='bbox 1916 3244 2088 3297; x_wconf 90' lang='lat' dir='ltr'><strong>visum</strong></span> <span class='ocrx_word' id='word_1_472' title='bbox 2117 3229 2164 3293; x_wconf 87' lang='lat' dir='ltr'><strong>C</strong></span> <span class='ocrx_word' id='word_1_473' title='bbox 2200 3242 2486 3296; x_wconf 85' lang='lat' dir='ltr'><strong>Dioscorus</strong></span> <span class='ocrx_word' id='word_1_474' title='bbox 2513 3241 2565 3293; x_wconf 90' lang='lat' dir='ltr'><strong>in</strong></span> <span class='ocrx_word' id='word_1_475' title='bbox 2605 3240 2968 3309; x_wconf 83' lang='lat' dir='ltr'><strong>episcopatum</strong></span> <span class='ocrx_word' id='word_1_476' title='bbox 2998 3242 3206 3294; x_wconf 89' lang='lat' dir='ltr'><strong>electus</strong></span> <span class='ocrx_word' id='word_1_477' title='bbox 3235 3250 3334 3294; x_wconf 86' lang='lat' dir='ltr'><strong>est.</strong></span> <span class='ocrx_word' id='word_1_478' title='bbox 3373 3240 3586 3294; x_wconf 87' lang='lat' dir='ltr'><strong>Habent</strong></span> <span class='ocrx_word' id='word_1_479' title='bbox 3611 3250 3785 3292; x_wconf 88' lang='lat' dir='ltr'><strong>autem</strong></span> 
     </span>
    </p>
   </div>
   <div class='ocr_carea' id='block_1_62' title="bbox 503 3330 2091 3405">
    <p class='ocr_par' dir='ltr' id='par_1_62' title="bbox 503 3330 2091 3405">
     <span class='ocr_line' id='line_1_68' title="bbox 503 3330 2091 3405; baseline 0.004 -22"><span class='ocrx_word' id='word_1_480' title='bbox 503 3330 774 3398; x_wconf 89' lang='lat' dir='ltr'><strong>amiserat,</strong></span> <span class='ocrx_word' id='word_1_481' title='bbox 816 3347 914 3387; x_wconf 91' lang='lat' dir='ltr'><strong>nec</strong></span> <span class='ocrx_word' id='word_1_482' title='bbox 953 3332 1158 3387; x_wconf 89' lang='lat' dir='ltr'><strong>litteras</strong></span> <span class='ocrx_word' id='word_1_483' title='bbox 1181 3344 1422 3397; x_wconf 90' lang='lat' dir='ltr'><strong>noverat,</strong></span> <span class='ocrx_word' id='word_1_484' title='bbox 1448 3350 1618 3403; x_wconf 90' lang='lat' dir='ltr'><strong>neque</strong></span> <span class='ocrx_word' id='word_1_485' title='bbox 1639 3336 1778 3403; x_wconf 91' lang='lat' dir='ltr'><strong>apud</strong></span> <span class='ocrx_word' id='word_1_486' title='bbox 1805 3336 2091 3405; x_wconf 81' lang='lat' dir='ltr'><strong>magistros</strong></span> 
     </span>
    </p>
   </div>
   <div class='ocr_carea' id='block_1_63' title="bbox 504 3419 2092 3494">
    <p class='ocr_par' dir='ltr' id='par_1_63' title="bbox 504 3419 2092 3494">
     <span class='ocr_line' id='line_1_69' title="bbox 504 3419 2092 3494; baseline 0.006 -20"><span class='ocrx_word' id='word_1_487' title='bbox 504 3419 622 3474; x_wconf 79' lang='lat' dir='ltr'><strong>fuit.</strong></span> <span class='ocrx_word' id='word_1_488' title='bbox 653 3420 846 3475; x_wconf 82' lang='lat' dir='ltr'><strong>Habuit</strong></span> <span class='ocrx_word' id='word_1_489' title='bbox 891 3431 1070 3476; x_wconf 89' lang='lat' dir='ltr'><strong>autem</strong></span> <span class='ocrx_word' id='word_1_490' title='bbox 1100 3424 1392 3478; x_wconf 87' lang='lat' dir='ltr'><strong>naturalem</strong></span> <span class='ocrx_word' id='word_1_491' title='bbox 1423 3426 1730 3494; x_wconf 75' lang='lat' dir='ltr'><strong>magistrum</strong></span> <span class='ocrx_word' id='word_1_492' title='bbox 1783 3427 2092 3482; x_wconf 89' lang='lat' dir='ltr'><strong>robustissi-</strong></span> 
     </span>
    </p>
   </div>
   <div class='ocr_carea' id='block_1_64' title="bbox 507 3513 2092 3585">
    <p class='ocr_par' dir='ltr' id='par_1_64' title="bbox 507 3513 2092 3585">
     <span class='ocr_line' id='line_1_70' title="bbox 507 3513 2092 3585; baseline 0.003 -21"><span class='ocrx_word' id='word_1_493' title='bbox 507 3527 654 3565; x_wconf 91' lang='lat' dir='ltr'><strong>mum</strong></span> <span class='ocrx_word' id='word_1_494' title='bbox 686 3513 953 3583; x_wconf 87' lang='lat' dir='ltr'><strong>propriam</strong></span> <span class='ocrx_word' id='word_1_495' title='bbox 985 3514 1404 3579; x_wconf 88' lang='lat' dir='ltr'><strong>conscientiam;</strong></span> <span class='ocrx_word' id='word_1_496' title='bbox 1438 3515 1526 3584; x_wconf 91' lang='lat' dir='ltr'><strong>qui</strong></span> <span class='ocrx_word' id='word_1_497' title='bbox 1559 3525 1698 3570; x_wconf 89' lang='lat' dir='ltr'><strong>tanta</strong></span> <span class='ocrx_word' id='word_1_498' title='bbox 1730 3518 1900 3585; x_wconf 87' lang='lat' dir='ltr'><strong>gratia</strong></span> <span class='ocrx_word' id='word_1_499' title='bbox 1930 3530 2092 3571; x_wconf 89' lang='lat' dir='ltr'><strong>orna-</strong></span> 
     </span>
    </p>
   </div>
   <div class='ocr_carea' id='block_1_65' title="bbox 509 3605 2092 3669">
    <p class='ocr_par' dir='ltr' id='par_1_65' title="bbox 509 3605 2092 3669">
     <span class='ocr_line' id='line_1_71' title="bbox 509 3605 2092 3669; baseline 0.004 -11"><span class='ocrx_word' id='word_1_500' title='bbox 509 3605 667 3659; x_wconf 87' lang='lat' dir='ltr'><strong>batur</strong></span> <span class='ocrx_word' id='word_1_501' title='bbox 712 3606 975 3669; x_wconf 70' lang='lat' dir='ltr'><strong>scientire,</strong></span> <span class='ocrx_word' id='word_1_502' title='bbox 1022 3615 1078 3662; x_wconf 92' lang='lat' dir='ltr'><strong>ut</strong></span> <span class='ocrx_word' id='word_1_503' title='bbox 1129 3607 1294 3661; x_wconf 86' lang='lat' dir='ltr'><strong>Vetus</strong></span> <span class='ocrx_word' id='word_1_504' title='bbox 1339 3615 1393 3663; x_wconf 91' lang='lat' dir='ltr'><strong>et</strong></span> <span class='ocrx_word' id='word_1_505' title='bbox 1436 3606 1643 3662; x_wconf 86' lang='lat' dir='ltr'><strong>Novum</strong></span> <span class='ocrx_word' id='word_1_506' title='bbox 1693 3609 2092 3665; x_wconf 86' lang='lat' dir='ltr'><strong>Testamentum</strong></span> 
     </span>
    </p>
   </div>
   <div class='ocr_carea' id='block_1_66' title="bbox 507 3695 2090 3765">
    <p class='ocr_par' dir='ltr' id='par_1_66' title="bbox 507 3695 2090 3765">
     <span class='ocr_line' id='line_1_72' title="bbox 507 3695 2090 3765; baseline 0.004 -17"><span class='ocrx_word' id='word_1_507' title='bbox 507 3695 952 3765; x_wconf 87' lang='lat' dir='ltr'><strong>interpretaretur</strong></span> <span class='ocrx_word' id='word_1_508' title='bbox 978 3696 1043 3750; x_wconf 93' lang='lat' dir='ltr'><strong>ad</strong></span> <span class='ocrx_word' id='word_1_509' title='bbox 1075 3696 1319 3754; x_wconf 90' lang='lat' dir='ltr'><strong>verbum.</strong></span> <span class='ocrx_word' id='word_1_510' title='bbox 1362 3697 1605 3753; x_wconf 86' lang='lat' dir='ltr'><strong>Liberale</strong></span> <span class='ocrx_word' id='word_1_511' title='bbox 1637 3708 1812 3753; x_wconf 83' lang='lat' dir='ltr'><strong>autem</strong></span> <span class='ocrx_word' id='word_1_512' title='bbox 1856 3701 2090 3756; x_wconf 87' lang='lat' dir='ltr'><strong>studium</strong></span> 
     </span>
    </p>
   </div>
   <div class='ocr_carea' id='block_1_67' title="bbox 505 3784 2095 3857">
    <p class='ocr_par' dir='ltr' id='par_1_67' title="bbox 505 3784 2095 3857">
     <span class='ocr_line' id='line_1_73' title="bbox 505 3784 2095 3857; baseline 0.003 -18"><span class='ocrx_word' id='word_1_513' title='bbox 505 3784 577 3839; x_wconf 89' lang='lat' dir='ltr'><strong>ita</strong></span> <span class='ocrx_word' id='word_1_514' title='bbox 603 3796 884 3842; x_wconf 85' lang='lat' dir='ltr'><strong>exsecutus</strong></span> <span class='ocrx_word' id='word_1_515' title='bbox 912 3796 996 3842; x_wconf 90' lang='lat' dir='ltr'><strong>est</strong></span> <span class='ocrx_word' id='word_1_516' title='bbox 1025 3786 1324 3853; x_wconf 88' lang='lat' dir='ltr'><strong>subtiliter,</strong></span> <span class='ocrx_word' id='word_1_517' title='bbox 1352 3795 1406 3841; x_wconf 89' lang='lat' dir='ltr'><strong>et</strong></span> <span class='ocrx_word' id='word_1_518' title='bbox 1433 3787 1790 3844; x_wconf 89' lang='lat' dir='ltr'><strong>minutissime</strong></span> <span class='ocrx_word' id='word_1_519' title='bbox 1821 3804 2095 3857; x_wconf 90' lang='lat' dir='ltr'><strong>exponens</strong></span> 
     </span>
    </p>
   </div>
   <div class='ocr_carea' id='block_1_68' title="bbox 505 3881 2092 3949">
    <p class='ocr_par' dir='ltr' id='par_1_68' title="bbox 505 3881 2092 3949">
     <span class='ocr_line' id='line_1_74' title="bbox 505 3881 2092 3949; baseline 0.004 -18"><span class='ocrx_word' id='word_1_520' title='bbox 505 3891 809 3932; x_wconf 90' lang='lat' dir='ltr'><strong>sermonem</strong></span> <span class='ocrx_word' id='word_1_521' title='bbox 835 3919 850 3943; x_wconf 97' lang='lat'><strong>,</strong></span> <span class='ocrx_word' id='word_1_522' title='bbox 901 3887 958 3933; x_wconf 91' lang='lat' dir='ltr'><strong>ut</strong></span> <span class='ocrx_word' id='word_1_523' title='bbox 999 3893 1188 3933; x_wconf 89' lang='lat' dir='ltr'><strong>omnes</strong></span> <span class='ocrx_word' id='word_1_524' title='bbox 1231 3890 1510 3948; x_wconf 89' lang='lat' dir='ltr'><strong>superaret</strong></span> <span class='ocrx_word' id='word_1_525' title='bbox 1554 3881 1802 3949; x_wconf 87' lang='lat' dir='ltr'><strong>antiquos</strong></span> <span class='ocrx_word' id='word_1_526' title='bbox 1845 3881 2092 3937; x_wconf 90' lang='lat' dir='ltr'><strong>scientia.</strong></span> 
     </span>
    </p>
   </div>
   <div class='ocr_carea' id='block_1_69' title="bbox 506 3956 2098 4038">
    <p class='ocr_par' dir='ltr' id='par_1_69' title="bbox 506 3956 2098 4038">
     <span class='ocr_line' id='line_1_75' title="bbox 506 3956 2098 4038; baseline 0.003 -18"><span class='ocrx_word' id='word_1_527' title='bbox 506 3956 868 4037; x_wconf 83' lang='lat' dir='ltr'><strong>Compellebat</strong></span> <span class='ocrx_word' id='word_1_528' title='bbox 897 3978 1072 4024; x_wconf 90' lang='lat' dir='ltr'><strong>autem</strong></span> <span class='ocrx_word' id='word_1_529' title='bbox 1105 3984 1210 4032; x_wconf 92' lang='lat' dir='ltr'><strong>me,</strong></span> <span class='ocrx_word' id='word_1_530' title='bbox 1244 3977 1300 4023; x_wconf 89' lang='lat' dir='ltr'><strong>ut</strong></span> <span class='ocrx_word' id='word_1_531' title='bbox 1328 3970 1379 4022; x_wconf 93' lang='lat' dir='ltr'><strong>in</strong></span> <span class='ocrx_word' id='word_1_532' title='bbox 1411 3970 1548 4025; x_wconf 91' lang='lat' dir='ltr'><strong>cella</strong></span> <span class='ocrx_word' id='word_1_533' title='bbox 1576 3970 1691 4038; x_wconf 88' lang='lat' dir='ltr'><strong>ejus</strong></span> <span class='ocrx_word' id='word_1_534' title='bbox 1725 3971 1955 4028; x_wconf 89' lang='lat' dir='ltr'><strong>facerem</strong></span> <span class='ocrx_word' id='word_1_535' title='bbox 1979 3989 2098 4027; x_wconf 79' lang='lat' dir='ltr'><strong>ora-</strong></span> 
     </span>
    </p>
   </div>
   <div class='ocr_carea' id='block_1_70' title="bbox 507 4057 2099 4130">
    <p class='ocr_par' dir='ltr' id='par_1_70' title="bbox 507 4057 2099 4130">
     <span class='ocr_line' id='line_1_76' title="bbox 507 4057 2099 4130; baseline 0.006 -21"><span class='ocrx_word' id='word_1_536' title='bbox 507 4057 726 4112; x_wconf 89' lang='lat' dir='ltr'><strong>tionem.</strong></span> <span class='ocrx_word' id='word_1_537' title='bbox 755 4059 822 4112; x_wconf 82' lang='lat' dir='ltr'><strong>Et</strong></span> <span class='ocrx_word' id='word_1_538' title='bbox 848 4075 952 4113; x_wconf 89' lang='lat' dir='ltr'><strong>non</strong></span> <span class='ocrx_word' id='word_1_539' title='bbox 985 4059 1358 4128; x_wconf 84' lang='lat' dir='ltr'><strong>acquiescente</strong></span> <span class='ocrx_word' id='word_1_540' title='bbox 1390 4076 1494 4126; x_wconf 90' lang='lat' dir='ltr'><strong>mc,</strong></span> <span class='ocrx_word' id='word_1_541' title='bbox 1528 4061 1735 4116; x_wconf 85' lang='lat' dir='ltr'><strong>dicebat</strong></span> <span class='ocrx_word' id='word_1_542' title='bbox 1762 4063 1913 4130; x_wconf 90' lang='lat' dir='ltr'><strong>mihi,</strong></span> <span class='ocrx_word' id='word_1_543' title='bbox 1962 4063 2099 4119; x_wconf 87' lang='lat' dir='ltr'><strong>refe-</strong></span> 
     </span>
    </p>
   </div>
   <div class='ocr_carea' id='block_1_71' title="bbox 510 4147 2100 4222">
    <p class='ocr_par' dir='ltr' id='par_1_71' title="bbox 510 4147 2100 4222">
     <span class='ocr_line' id='line_1_77' title="bbox 510 4147 2100 4222; baseline 0.006 -22"><span class='ocrx_word' id='word_1_544' title='bbox 510 4159 636 4201; x_wconf 88' lang='lat' dir='ltr'><strong>rens</strong></span> <span class='ocrx_word' id='word_1_545' title='bbox 669 4164 680 4199; x_wconf 91' lang='lat'><strong>:</strong></span> <span class='ocrx_word' id='word_1_546' title='bbox 714 4147 846 4214; x_wconf 85' lang='lat' dir='ltr'><strong>Quia</strong></span> <span class='ocrx_word' id='word_1_547' title='bbox 895 4149 948 4202; x_wconf 89' lang='lat' dir='ltr'><strong>in</strong></span> <span class='ocrx_word' id='word_1_548' title='bbox 995 4150 1238 4204; x_wconf 89' lang='lat' dir='ltr'><strong>cellulam</strong></span> <span class='ocrx_word' id='word_1_549' title='bbox 1287 4151 1440 4204; x_wconf 86' lang='lat' dir='ltr'><strong>istam</strong></span> <span class='ocrx_word' id='word_1_550' title='bbox 1495 4151 1651 4206; x_wconf 92' lang='lat' dir='ltr'><strong>tertio</strong></span> <span class='ocrx_word' id='word_1_551' title='bbox 1697 4152 1969 4222; x_wconf 83' lang='lat' dir='ltr'><strong>ingressus</strong></span> <span class='ocrx_word' id='word_1_552' title='bbox 2015 4165 2100 4210; x_wconf 88' lang='lat' dir='ltr'><strong>est</strong></span> 
     </span>
    </p>
   </div>
   <div class='ocr_carea' id='block_1_72' title="bbox 509 4239 2095 4315">
    <p class='ocr_par' dir='ltr' id='par_1_72' title="bbox 509 4239 2095 4315">
     <span class='ocr_line' id='line_1_78' title="bbox 509 4239 2095 4315; baseline 0.006 -22"><span class='ocrx_word' id='word_1_553' title='bbox 509 4239 701 4295; x_wconf 87' lang='lat' dir='ltr'><strong>beatus</strong></span> <span class='ocrx_word' id='word_1_554' title='bbox 730 4241 1012 4307; x_wconf 84' lang='lat' dir='ltr'><strong>Antonius,</strong></span> <span class='ocrx_word' id='word_1_555' title='bbox 1046 4242 1268 4297; x_wconf 86' lang='lat' dir='ltr'><strong>visitans</strong></span> <span class='ocrx_word' id='word_1_556' title='bbox 1296 4257 1408 4308; x_wconf 91' lang='lat' dir='ltr'><strong>me;</strong></span> <span class='ocrx_word' id='word_1_557' title='bbox 1442 4252 1497 4298; x_wconf 91' lang='lat' dir='ltr'><strong>et</strong></span> <span class='ocrx_word' id='word_1_558' title='bbox 1537 4243 1851 4313; x_wconf 84' lang='lat' dir='ltr'><strong>deprecatus</strong></span> <span class='ocrx_word' id='word_1_559' title='bbox 1894 4261 1926 4300; x_wconf 93' lang='lat' dir='ltr'><strong>a</strong></span> <span class='ocrx_word' id='word_1_560' title='bbox 1975 4263 2095 4315; x_wconf 87' lang='lat' dir='ltr'><strong>me,</strong></span> 
     </span>
    </p>
   </div>
   <div class='ocr_carea' id='block_1_73' title="bbox 511 4334 2100 4409">
    <p class='ocr_par' dir='ltr' id='par_1_73' title="bbox 511 4334 2100 4409">
     <span class='ocr_line' id='line_1_79' title="bbox 511 4334 2100 4409; baseline 0.004 -22"><span class='ocrx_word' id='word_1_561' title='bbox 511 4344 568 4388; x_wconf 91' lang='lat' dir='ltr'><strong>ut</strong></span> <span class='ocrx_word' id='word_1_562' title='bbox 593 4334 889 4389; x_wconf 89' lang='lat' dir='ltr'><strong>orationem</strong></span> <span class='ocrx_word' id='word_1_563' title='bbox 925 4335 1144 4403; x_wconf 87' lang='lat' dir='ltr'><strong>faceret,</strong></span> <span class='ocrx_word' id='word_1_564' title='bbox 1174 4336 1356 4390; x_wconf 88' lang='lat' dir='ltr'><strong>statim</strong></span> <span class='ocrx_word' id='word_1_565' title='bbox 1399 4335 1674 4392; x_wconf 89' lang='lat' dir='ltr'><strong>inclinavit</strong></span> <span class='ocrx_word' id='word_1_566' title='bbox 1701 4353 1868 4409; x_wconf 78' lang='lat' dir='ltr'><strong>genua</strong></span> <span class='ocrx_word' id='word_1_567' title='bbox 1899 4338 1953 4393; x_wconf 90' lang='lat' dir='ltr'><strong>in</strong></span> <span class='ocrx_word' id='word_1_568' title='bbox 1999 4340 2100 4395; x_wconf 92' lang='lat' dir='ltr'><strong>hoc</strong></span> 
     </span>
    </p>
   </div>
   <div class='ocr_carea' id='block_1_74' title="bbox 513 4424 2096 4499">
    <p class='ocr_par' dir='ltr' id='par_1_74' title="bbox 513 4424 2096 4499">
     <span class='ocr_line' id='line_1_80' title="bbox 513 4424 2096 4499; baseline 0.006 -21"><span class='ocrx_word' id='word_1_569' title='bbox 513 4424 806 4493; x_wconf 87' lang='lat' dir='ltr'><strong>domicilio,</strong></span> <span class='ocrx_word' id='word_1_570' title='bbox 840 4434 894 4480; x_wconf 92' lang='lat' dir='ltr'><strong>et</strong></span> <span class='ocrx_word' id='word_1_571' title='bbox 923 4441 1028 4481; x_wconf 91' lang='lat' dir='ltr'><strong>non</strong></span> <span class='ocrx_word' id='word_1_572' title='bbox 1057 4428 1317 4497; x_wconf 93' lang='lat' dir='ltr'><strong>compulit</strong></span> <span class='ocrx_word' id='word_1_573' title='bbox 1347 4444 1432 4483; x_wconf 93' lang='lat' dir='ltr'><strong>me</strong></span> <span class='ocrx_word' id='word_1_574' title='bbox 1477 4438 1723 4498; x_wconf 88' lang='lat' dir='ltr'><strong>repetere</strong></span> <span class='ocrx_word' id='word_1_575' title='bbox 1771 4444 2096 4499; x_wconf 90' lang='lat' dir='ltr'><strong>sermonem,</strong></span> 
     </span>
    </p>
   </div>
   <div class='ocr_carea' id='block_1_75' title="bbox 511 4518 2094 4579">
    <p class='ocr_par' dir='ltr' id='par_1_75' title="bbox 511 4518 2094 4579">
     <span class='ocr_line' id='line_1_81' title="bbox 511 4518 2094 4579; baseline 0.004 -7"><span class='ocrx_word' id='word_1_576' title='bbox 511 4518 760 4573; x_wconf 90' lang='lat' dir='ltr'><strong>erudiens</strong></span> <span class='ocrx_word' id='word_1_577' title='bbox 792 4535 877 4574; x_wconf 92' lang='lat' dir='ltr'><strong>me</strong></span> <span class='ocrx_word' id='word_1_578' title='bbox 897 4521 962 4573; x_wconf 91' lang='lat' dir='ltr'><strong>ad</strong></span> <span class='ocrx_word' id='word_1_579' title='bbox 993 4519 1370 4575; x_wconf 88' lang='lat' dir='ltr'><strong>obedientiam.</strong></span> <span class='ocrx_word' id='word_1_580' title='bbox 1404 4521 1648 4576; x_wconf 86' lang='lat' dir='ltr'><strong>Narravit</strong></span> <span class='ocrx_word' id='word_1_581' title='bbox 1673 4532 1849 4578; x_wconf 90' lang='lat' dir='ltr'><strong>autem</strong></span> <span class='ocrx_word' id='word_1_582' title='bbox 1882 4524 2010 4578; x_wconf 90' lang='lat' dir='ltr'><strong>mihi</strong></span> <span class='ocrx_word' id='word_1_583' title='bbox 2039 4536 2094 4579; x_wconf 90' lang='lat' dir='ltr'><strong>et</strong></span> 
     </span>
    </p>
   </div>
   <div class='ocr_carea' id='block_1_76' title="bbox 2201 3330 3787 3400">
    <p class='ocr_par' dir='ltr' id='par_1_76' title="bbox 2201 3330 3787 3400">
     <span class='ocr_line' id='line_1_82' title="bbox 2201 3330 3787 3400; baseline -0.001 -14"><span class='ocrx_word' id='word_1_584' title='bbox 2201 3341 2310 3387; x_wconf 87' lang='lat' dir='ltr'><strong>tres</strong></span> <span class='ocrx_word' id='word_1_585' title='bbox 2335 3345 2548 3386; x_wconf 77' lang='lat' dir='ltr'><strong>sorores</strong></span> <span class='ocrx_word' id='word_1_586' title='bbox 2597 3330 2647 3382; x_wconf 91' lang='lat' dir='ltr'><strong>in</strong></span> <span class='ocrx_word' id='word_1_587' title='bbox 2701 3331 3004 3400; x_wconf 79' lang='lat' dir='ltr'><strong>virginitate</strong></span> <span class='ocrx_word' id='word_1_588' title='bbox 3052 3331 3278 3384; x_wconf 90' lang='lat' dir='ltr'><strong>Domino</strong></span> <span class='ocrx_word' id='word_1_589' title='bbox 3321 3332 3638 3396; x_wconf 85' lang='lat' dir='ltr'><strong>servientes,</strong></span> <span class='ocrx_word' id='word_1_590' title='bbox 3687 3346 3787 3385; x_wconf 89' lang='lat' dir='ltr'><strong>non</strong></span> 
     </span>
    </p>
   </div>
   <div class='ocr_carea' id='block_1_77' title="bbox 2199 3423 3790 3492">
    <p class='ocr_par' dir='ltr' id='par_1_77' title="bbox 2199 3423 3790 3492">
     <span class='ocr_line' id='line_1_83' title="bbox 2199 3423 3790 3492; baseline -0.001 -12"><span class='ocrx_word' id='word_1_591' title='bbox 2199 3429 2378 3481; x_wconf 91' lang='lat' dir='ltr'><strong>minus</strong></span> <span class='ocrx_word' id='word_1_592' title='bbox 2408 3440 2437 3478; x_wconf 91' lang='lat' dir='ltr'><strong>a</strong></span> <span class='ocrx_word' id='word_1_593' title='bbox 2468 3424 2720 3479; x_wconf 83' lang='lat' dir='ltr'><strong>fratribus</strong></span> <span class='ocrx_word' id='word_1_594' title='bbox 2773 3423 2886 3478; x_wconf 88' lang='lat' dir='ltr'><strong>suis</strong></span> <span class='ocrx_word' id='word_1_595' title='bbox 2928 3426 2981 3478; x_wconf 89' lang='lat' dir='ltr'><strong>in</strong></span> <span class='ocrx_word' id='word_1_596' title='bbox 3026 3425 3171 3478; x_wconf 91' lang='lat' dir='ltr'><strong>omni</strong></span> <span class='ocrx_word' id='word_1_597' title='bbox 3217 3425 3480 3492; x_wconf 88' lang='lat' dir='ltr'><strong>spirituali</strong></span> <span class='ocrx_word' id='word_1_598' title='bbox 3521 3423 3702 3479; x_wconf 78' lang='lat' dir='ltr'><strong>studio</strong></span> <span class='ocrx_word' id='word_1_599' title='bbox 3739 3434 3790 3480; x_wconf 88' lang='lat' dir='ltr'><strong>et</strong></span> 
     </span>
    </p>
   </div>
   <div class='ocr_carea' id='block_1_78' title="bbox 2198 3514 3784 3584">
    <p class='ocr_par' dir='ltr' id='par_1_78' title="bbox 2198 3514 3784 3584">
     <span class='ocr_line' id='line_1_84' title="bbox 2198 3514 3784 3584; baseline -0.002 -13"><span class='ocrx_word' id='word_1_600' title='bbox 2198 3516 2520 3573; x_wconf 87' lang='lat' dir='ltr'><strong>abstinentia</strong></span> <span class='ocrx_word' id='word_1_601' title='bbox 2544 3524 2943 3570; x_wconf 87' lang='lat' dir='ltr'><strong>conversantes.</strong></span> <span class='ocrx_word' id='word_1_602' title='bbox 2965 3514 3184 3584; x_wconf 85' lang='lat' dir='ltr'><strong>Septem</strong></span> <span class='ocrx_word' id='word_1_603' title='bbox 3214 3517 3356 3569; x_wconf 80' lang='lat' dir='ltr'><strong>enim</strong></span> <span class='ocrx_word' id='word_1_604' title='bbox 3385 3523 3529 3578; x_wconf 82' lang='lat' dir='ltr'><strong>sunt,</strong></span> <span class='ocrx_word' id='word_1_605' title='bbox 3555 3523 3784 3584; x_wconf 82' lang='lat' dir='ltr'><strong>quatuor</strong></span> 
     </span>
    </p>
   </div>
   <div class='ocr_carea' id='block_1_79' title="bbox 2201 3607 3787 3674">
    <p class='ocr_par' dir='ltr' id='par_1_79' title="bbox 2201 3607 3787 3674">
     <span class='ocr_line' id='line_1_85' title="bbox 2201 3607 3787 3674; baseline -0.001 -12"><span class='ocrx_word' id='word_1_606' title='bbox 2201 3609 2299 3662; x_wconf 91' lang='lat' dir='ltr'><strong>viri</strong></span> <span class='ocrx_word' id='word_1_607' title='bbox 2329 3617 2384 3661; x_wconf 77' lang='lat' dir='ltr'><strong>et</strong></span> <span class='ocrx_word' id='word_1_608' title='bbox 2413 3616 2523 3661; x_wconf 89' lang='lat' dir='ltr'><strong>tres</strong></span> <span class='ocrx_word' id='word_1_609' title='bbox 2551 3619 2768 3660; x_wconf 89' lang='lat' dir='ltr'><strong>sorores</strong></span> <span class='ocrx_word' id='word_1_610' title='bbox 2817 3620 3024 3672; x_wconf 87' lang='lat' dir='ltr'><strong>eorum,</strong></span> <span class='ocrx_word' id='word_1_611' title='bbox 3053 3621 3240 3661; x_wconf 86' lang='lat' dir='ltr'><strong>omnes</strong></span> <span class='ocrx_word' id='word_1_612' title='bbox 3267 3607 3500 3674; x_wconf 81' lang='lat' dir='ltr'><strong>virgines</strong></span> <span class='ocrx_word' id='word_1_613' title='bbox 3546 3620 3613 3659; x_wconf 87' lang='lat' dir='ltr'><strong>ex</strong></span> <span class='ocrx_word' id='word_1_614' title='bbox 3644 3615 3787 3660; x_wconf 87' lang='lat' dir='ltr'><strong>utero</strong></span> 
     </span>
    </p>
   </div>
   <div class='ocr_carea' id='block_1_80' title="bbox 2203 3699 3786 3764">
    <p class='ocr_par' dir='ltr' id='par_1_80' title="bbox 2203 3699 3786 3764">
     <span class='ocr_line' id='line_1_86' title="bbox 2203 3699 3786 3764; baseline -0.001 -10"><span class='ocrx_word' id='word_1_615' title='bbox 2203 3702 2388 3756; x_wconf 75' lang='lat' dir='ltr'><strong>matris</strong></span> <span class='ocrx_word' id='word_1_616' title='bbox 2435 3714 2569 3755; x_wconf 83' lang='lat' dir='ltr'><strong>sme.</strong></span> <span class='ocrx_word' id='word_1_617' title='bbox 2619 3699 2783 3753; x_wconf 82' lang='lat' dir='ltr'><strong>Aiunt</strong></span> <span class='ocrx_word' id='word_1_618' title='bbox 2829 3705 2994 3764; x_wconf 72' lang='lat' dir='ltr'><strong>enim,</strong></span> <span class='ocrx_word' id='word_1_619' title='bbox 3033 3701 3298 3754; x_wconf 87' lang='lat' dir='ltr'><strong>seniorem</strong></span> <span class='ocrx_word' id='word_1_620' title='bbox 3329 3713 3578 3754; x_wconf 89' lang='lat' dir='ltr'><strong>sororum</strong></span> <span class='ocrx_word' id='word_1_621' title='bbox 3607 3712 3786 3754; x_wconf 88' lang='lat' dir='ltr'><strong>eorum</strong></span> 
     </span>
    </p>
   </div>
   <div class='ocr_carea' id='block_1_81' title="bbox 2202 3791 3786 3859">
    <p class='ocr_par' dir='ltr' id='par_1_81' title="bbox 2202 3791 3786 3859">
     <span class='ocr_line' id='line_1_87' title="bbox 2202 3791 3786 3859; baseline -0.003 -11"><span class='ocrx_word' id='word_1_622' title='bbox 2202 3803 2402 3848; x_wconf 91' lang='lat' dir='ltr'><strong>tantam</strong></span> <span class='ocrx_word' id='word_1_623' title='bbox 2429 3792 2706 3846; x_wconf 89' lang='lat' dir='ltr'><strong>scientiam</strong></span> <span class='ocrx_word' id='word_1_624' title='bbox 2733 3791 2996 3859; x_wconf 82' lang='lat' dir='ltr'><strong>Scriptor.</strong></span> <span class='ocrx_word' id='word_1_625' title='bbox 3012 3807 3125 3846; x_wconf 92' lang='lat' dir='ltr'><strong>rum</strong></span> <span class='ocrx_word' id='word_1_626' title='bbox 3153 3792 3352 3846; x_wconf 90' lang='lat' dir='ltr'><strong>habere</strong></span> <span class='ocrx_word' id='word_1_627' title='bbox 3378 3791 3707 3857; x_wconf 90' lang='lat' dir='ltr'><strong>divinarum,</strong></span> <span class='ocrx_word' id='word_1_628' title='bbox 3733 3801 3786 3844; x_wconf 82' lang='lat' dir='ltr'><strong>ut</strong></span> 
     </span>
    </p>
   </div>
   <div class='ocr_carea' id='block_1_82' title="bbox 2201 3883 3785 3952">
    <p class='ocr_par' dir='ltr' id='par_1_82' title="bbox 2201 3883 3785 3952">
     <span class='ocr_line' id='line_1_88' title="bbox 2201 3883 3785 3952; baseline -0.002 -13"><span class='ocrx_word' id='word_1_629' title='bbox 2201 3884 2594 3939; x_wconf 87' lang='lat' dir='ltr'><strong>admirarentur</strong></span> <span class='ocrx_word' id='word_1_630' title='bbox 2617 3883 2806 3937; x_wconf 85' lang='lat' dir='ltr'><strong>fratres</strong></span> <span class='ocrx_word' id='word_1_631' title='bbox 2830 3883 2964 3950; x_wconf 89' lang='lat' dir='ltr'><strong>ejus.</strong></span> <span class='ocrx_word' id='word_1_632' title='bbox 2990 3883 3121 3937; x_wconf 75' lang='lat' dir='ltr'><strong>Nam</strong></span> <span class='ocrx_word' id='word_1_633' title='bbox 3150 3899 3370 3952; x_wconf 88' lang='lat' dir='ltr'><strong>vespere</strong></span> <span class='ocrx_word' id='word_1_634' title='bbox 3391 3884 3553 3938; x_wconf 90' lang='lat' dir='ltr'><strong>nimis</strong></span> <span class='ocrx_word' id='word_1_635' title='bbox 3575 3884 3785 3938; x_wconf 78' lang='lat' dir='ltr'><strong>lectioni</strong></span> 
     </span>
    </p>
   </div>
   <div class='ocr_carea' id='block_1_83' title="bbox 2201 3973 3787 4042">
    <p class='ocr_par' dir='ltr' id='par_1_83' title="bbox 2201 3973 3787 4042">
     <span class='ocr_line' id='line_1_89' title="bbox 2201 3973 3787 4042; baseline -0.001 -12"><span class='ocrx_word' id='word_1_636' title='bbox 2201 3975 2470 4039; x_wconf 86' lang='lat' dir='ltr'><strong>insistens,</strong></span> <span class='ocrx_word' id='word_1_637' title='bbox 2505 3981 2624 4042; x_wconf 91' lang='lat' dir='ltr'><strong>post</strong></span> <span class='ocrx_word' id='word_1_638' title='bbox 2649 3973 2930 4027; x_wconf 88' lang='lat' dir='ltr'><strong>lectionem</strong></span> <span class='ocrx_word' id='word_1_639' title='bbox 2961 3983 3137 4028; x_wconf 84' lang='lat' dir='ltr'><strong>autem</strong></span> <span class='ocrx_word' id='word_1_640' title='bbox 3177 3974 3444 4042; x_wconf 89' lang='lat' dir='ltr'><strong>paululum</strong></span> <span class='ocrx_word' id='word_1_641' title='bbox 3473 3974 3651 4028; x_wconf 87' lang='lat' dir='ltr'><strong>somni</strong></span> <span class='ocrx_word' id='word_1_642' title='bbox 3699 3987 3787 4028; x_wconf 83' lang='lat' dir='ltr'><strong>ca-</strong></span> 
     </span>
    </p>
   </div>
   <div class='ocr_carea' id='block_1_84' title="bbox 2200 4064 3786 4135">
    <p class='ocr_par' dir='ltr' id='par_1_84' title="bbox 2200 4064 3786 4135">
     <span class='ocr_line' id='line_1_90' title="bbox 2200 4064 3786 4135; baseline -0.001 -17"><span class='ocrx_word' id='word_1_643' title='bbox 2200 4065 2374 4135; x_wconf 90' lang='lat' dir='ltr'><strong>piens,</strong></span> <span class='ocrx_word' id='word_1_644' title='bbox 2404 4064 2512 4134; x_wconf 87' lang='lat' dir='ltr'><strong>ipsa</strong></span> <span class='ocrx_word' id='word_1_645' title='bbox 2561 4065 2805 4119; x_wconf 88' lang='lat' dir='ltr'><strong>lectionis</strong></span> <span class='ocrx_word' id='word_1_646' title='bbox 2849 4065 3009 4120; x_wconf 89' lang='lat' dir='ltr'><strong>verba</strong></span> <span class='ocrx_word' id='word_1_647' title='bbox 3058 4079 3150 4133; x_wconf 89' lang='lat' dir='ltr'><strong>per</strong></span> <span class='ocrx_word' id='word_1_648' title='bbox 3195 4079 3439 4119; x_wconf 90' lang='lat' dir='ltr'><strong>somnum</strong></span> <span class='ocrx_word' id='word_1_649' title='bbox 3483 4065 3786 4119; x_wconf 82' lang='lat' dir='ltr'><strong>meditatur.</strong></span> 
     </span>
    </p>
   </div>
   <div class='ocr_carea' id='block_1_85' title="bbox 2202 4154 3790 4224">
    <p class='ocr_par' dir='ltr' id='par_1_85' title="bbox 2202 4154 3790 4224">
     <span class='ocr_line' id='line_1_91' title="bbox 2202 4154 3790 4224; baseline 0.001 -14"><span class='ocrx_word' id='word_1_650' title='bbox 2202 4155 2444 4210; x_wconf 83' lang='lat' dir='ltr'><strong>Habebat</strong></span> <span class='ocrx_word' id='word_1_651' title='bbox 2471 4163 2649 4209; x_wconf 90' lang='lat' dir='ltr'><strong>autem</strong></span> <span class='ocrx_word' id='word_1_652' title='bbox 2681 4163 2734 4209; x_wconf 90' lang='lat' dir='ltr'><strong>et</strong></span> <span class='ocrx_word' id='word_1_653' title='bbox 2761 4155 2894 4208; x_wconf 84' lang='lat' dir='ltr'><strong>alias</strong></span> <span class='ocrx_word' id='word_1_654' title='bbox 2918 4164 3026 4208; x_wconf 91' lang='lat' dir='ltr'><strong>tres</strong></span> <span class='ocrx_word' id='word_1_655' title='bbox 3057 4155 3363 4224; x_wconf 87' lang='lat' dir='ltr'><strong>peregrinas</strong></span> <span class='ocrx_word' id='word_1_656' title='bbox 3384 4155 3612 4210; x_wconf 87' lang='lat' dir='ltr'><strong>famulas</strong></span> <span class='ocrx_word' id='word_1_657' title='bbox 3639 4154 3790 4211; x_wconf 69' lang='lat' dir='ltr'><strong>Chri-</strong></span> 
     </span>
    </p>
   </div>
   <div class='ocr_carea' id='block_1_86' title="bbox 2201 4245 3788 4311">
    <p class='ocr_par' dir='ltr' id='par_1_86' title="bbox 2201 4245 3788 4311">
     <span class='ocr_line' id='line_1_92' title="bbox 2201 4245 3788 4311; baseline -0.001 -10"><span class='ocrx_word' id='word_1_658' title='bbox 2201 4246 2270 4302; x_wconf 90' lang='lat' dir='ltr'><strong>sti</strong></span> <span class='ocrx_word' id='word_1_659' title='bbox 2317 4261 2542 4311; x_wconf 89' lang='lat' dir='ltr'><strong>secum;</strong></span> <span class='ocrx_word' id='word_1_660' title='bbox 2574 4245 2823 4300; x_wconf 89' lang='lat' dir='ltr'><strong>similiter</strong></span> <span class='ocrx_word' id='word_1_661' title='bbox 2863 4256 2914 4301; x_wconf 91' lang='lat' dir='ltr'><strong>et</strong></span> <span class='ocrx_word' id='word_1_662' title='bbox 2963 4248 3154 4302; x_wconf 82' lang='lat' dir='ltr'><strong>fratres</strong></span> <span class='ocrx_word' id='word_1_663' title='bbox 3199 4261 3383 4300; x_wconf 89' lang='lat' dir='ltr'><strong>earum</strong></span> <span class='ocrx_word' id='word_1_664' title='bbox 3435 4249 3636 4302; x_wconf 85' lang='lat' dir='ltr'><strong>habent</strong></span> <span class='ocrx_word' id='word_1_665' title='bbox 3684 4255 3788 4301; x_wconf 83' lang='lat' dir='ltr'><strong>tres</strong></span> 
     </span>
    </p>
   </div>
   <div class='ocr_carea' id='block_1_87' title="bbox 2204 4337 3789 4407">
    <p class='ocr_par' dir='ltr' id='par_1_87' title="bbox 2204 4337 3789 4407">
     <span class='ocr_line' id='line_1_93' title="bbox 2204 4337 3789 4407; baseline 0.001 -16"><span class='ocrx_word' id='word_1_666' title='bbox 2204 4338 2350 4392; x_wconf 86' lang='lat' dir='ltr'><strong>viros</strong></span> <span class='ocrx_word' id='word_1_667' title='bbox 2390 4337 2632 4392; x_wconf 87' lang='lat' dir='ltr'><strong>eruditos</strong></span> <span class='ocrx_word' id='word_1_668' title='bbox 2655 4338 2814 4391; x_wconf 88' lang='lat' dir='ltr'><strong>nimis</strong></span> <span class='ocrx_word' id='word_1_669' title='bbox 2854 4347 2906 4392; x_wconf 90' lang='lat' dir='ltr'><strong>et</strong></span> <span class='ocrx_word' id='word_1_670' title='bbox 2936 4339 3435 4407; x_wconf 87' lang='lat' dir='ltr'><strong>eloquentissimos;</strong></span> <span class='ocrx_word' id='word_1_671' title='bbox 3476 4341 3570 4407; x_wconf 88' lang='lat' dir='ltr'><strong>qui</strong></span> <span class='ocrx_word' id='word_1_672' title='bbox 3609 4349 3665 4394; x_wconf 90' lang='lat' dir='ltr'><strong>et</strong></span> <span class='ocrx_word' id='word_1_673' title='bbox 3692 4337 3789 4406; x_wconf 82' lang='lat' dir='ltr'><strong>ipsi</strong></span> 
     </span>
    </p>
   </div>
   <div class='ocr_carea' id='block_1_88' title="bbox 2200 4429 3791 4498">
    <p class='ocr_par' dir='ltr' id='par_1_88' title="bbox 2200 4429 3791 4498">
     <span class='ocr_line' id='line_1_94' title="bbox 2200 4429 3791 4498; baseline 0.002 -15"><span class='ocrx_word' id='word_1_674' title='bbox 2200 4430 2661 4485; x_wconf 85' lang='lat' dir='ltr'><strong>conversationem</strong></span> <span class='ocrx_word' id='word_1_675' title='bbox 2689 4443 2875 4484; x_wconf 83' lang='lat' dir='ltr'><strong>eorum</strong></span> <span class='ocrx_word' id='word_1_676' title='bbox 2900 4429 3189 4495; x_wconf 88' lang='lat' dir='ltr'><strong>imitantes,</strong></span> <span class='ocrx_word' id='word_1_677' title='bbox 3221 4431 3460 4498; x_wconf 64' lang='lat' dir='ltr'><strong>praeclari</strong></span> <span class='ocrx_word' id='word_1_678' title='bbox 3494 4430 3548 4486; x_wconf 91' lang='lat' dir='ltr'><strong>in</strong></span> <span class='ocrx_word' id='word_1_679' title='bbox 3581 4431 3791 4486; x_wconf 85' lang='lat' dir='ltr'><strong>Christo</strong></span> 
     </span>
    </p>
   </div>
   <div class='ocr_carea' id='block_1_89' title="bbox 2204 4522 3787 4591">
    <p class='ocr_par' dir='ltr' id='par_1_89' title="bbox 2204 4522 3787 4591">
     <span class='ocr_line' id='line_1_95' title="bbox 2204 4522 3787 4591; baseline 0.001 -15"><span class='ocrx_word' id='word_1_680' title='bbox 2204 4522 2486 4577; x_wconf 85' lang='lat' dir='ltr'><strong>habentur.</strong></span> <span class='ocrx_word' id='word_1_681' title='bbox 2522 4523 2722 4577; x_wconf 90' lang='lat' dir='ltr'><strong>Omnes</strong></span> <span class='ocrx_word' id='word_1_682' title='bbox 2765 4537 2890 4591; x_wconf 81' lang='lat' dir='ltr'><strong>ergo</strong></span> <span class='ocrx_word' id='word_1_683' title='bbox 2923 4522 3079 4576; x_wconf 89' lang='lat' dir='ltr'><strong>nimis</strong></span> <span class='ocrx_word' id='word_1_684' title='bbox 3109 4523 3160 4576; x_wconf 92' lang='lat' dir='ltr'><strong>in</strong></span> <span class='ocrx_word' id='word_1_685' title='bbox 3201 4522 3402 4577; x_wconf 79' lang='lat' dir='ltr'><strong>Christi</strong></span> <span class='ocrx_word' id='word_1_686' title='bbox 3452 4537 3637 4578; x_wconf 81' lang='lat' dir='ltr'><strong>amere</strong></span> <span class='ocrx_word' id='word_1_687' title='bbox 3683 4522 3787 4578; x_wconf 85' lang='lat' dir='ltr'><strong>fer-</strong></span> 
     </span>
    </p>
   </div>
   <div class='ocr_carea' id='block_1_90' title="bbox 513 4605 3789 4685">
    <p class='ocr_par' dir='ltr' id='par_1_90' title="bbox 513 4605 3789 4685">
     <span class='ocr_line' id='line_1_96' title="bbox 513 4605 3789 4685; baseline 0 -18"><span class='ocrx_word' id='word_1_688' title='bbox 513 4613 655 4669; x_wconf 88' lang='lat' dir='ltr'><strong>hoc:</strong></span> <span class='ocrx_word' id='word_1_689' title='bbox 685 4614 820 4680; x_wconf 83' lang='lat' dir='ltr'><strong>Quia</strong></span> <span class='ocrx_word' id='word_1_690' title='bbox 843 4626 962 4668; x_wconf 91' lang='lat' dir='ltr'><strong>cum</strong></span> <span class='ocrx_word' id='word_1_691' title='bbox 994 4629 1168 4670; x_wconf 89' lang='lat' dir='ltr'><strong>essem</strong></span> <span class='ocrx_word' id='word_1_692' title='bbox 1189 4614 1447 4670; x_wconf 87' lang='lat' dir='ltr'><strong>sollicitus</strong></span> <span class='ocrx_word' id='word_1_693' title='bbox 1471 4624 1687 4685; x_wconf 90' lang='lat' dir='ltr'><strong>propter</strong></span> <span class='ocrx_word' id='word_1_694' title='bbox 1712 4618 1871 4670; x_wconf 88' lang='lat' dir='ltr'><strong>vitam</strong></span> <span class='ocrx_word' id='word_1_695' title='bbox 1895 4617 2092 4672; x_wconf 87' lang='lat' dir='ltr'><strong>Juliani</strong></span> <span class='ocrx_word' id='word_1_696' title='bbox 2125 4605 2174 4663; x_wconf 90' lang='lat' dir='ltr'><strong>D</strong></span> <span class='ocrx_word' id='word_1_697' title='bbox 2201 4626 2383 4670; x_wconf 87' lang='lat' dir='ltr'><strong>ventes</strong></span> <span class='ocrx_word' id='word_1_698' title='bbox 2415 4623 2760 4684; x_wconf 83' lang='lat' dir='ltr'><strong>perrexerunt</strong></span> <span class='ocrx_word' id='word_1_699' title='bbox 2804 4613 2853 4667; x_wconf 90' lang='lat' dir='ltr'><strong>in</strong></span> <span class='ocrx_word' id='word_1_700' title='bbox 2887 4629 3153 4679; x_wconf 88' lang='lat' dir='ltr'><strong>cremum,</strong></span> <span class='ocrx_word' id='word_1_701' title='bbox 3183 4624 3235 4669; x_wconf 91' lang='lat' dir='ltr'><strong>et</strong></span> <span class='ocrx_word' id='word_1_702' title='bbox 3263 4614 3538 4668; x_wconf 88' lang='lat' dir='ltr'><strong>sororibus</strong></span> <span class='ocrx_word' id='word_1_703' title='bbox 3569 4613 3684 4668; x_wconf 90' lang='lat' dir='ltr'><strong>suis</strong></span> <span class='ocrx_word' id='word_1_704' title='bbox 3711 4629 3789 4669; x_wconf 83' lang='lat' dir='ltr'><strong>se-</strong></span> 
     </span>
    </p>
   </div>
   <div class='ocr_carea' id='block_1_91' title="bbox 514 4707 2092 4781">
    <p class='ocr_par' dir='ltr' id='par_1_91' title="bbox 514 4707 2092 4781">
     <span class='ocr_line' id='line_1_97' title="bbox 514 4707 2092 4781; baseline 0.003 -20"><span class='ocrx_word' id='word_1_705' title='bbox 514 4707 853 4776; x_wconf 89' lang='lat' dir='ltr'><strong>imperatoris</strong></span> <span class='ocrx_word' id='word_1_706' title='bbox 898 4709 1234 4777; x_wconf 86' lang='lat' dir='ltr'><strong>miserabilis,</strong></span> <span class='ocrx_word' id='word_1_707' title='bbox 1283 4719 1334 4764; x_wconf 92' lang='lat' dir='ltr'><strong>et</strong></span> <span class='ocrx_word' id='word_1_708' title='bbox 1363 4710 1521 4763; x_wconf 90' lang='lat' dir='ltr'><strong>nimis</strong></span> <span class='ocrx_word' id='word_1_709' title='bbox 1564 4710 1836 4777; x_wconf 90' lang='lat' dir='ltr'><strong>tristarer,</strong></span> <span class='ocrx_word' id='word_1_710' title='bbox 1865 4712 2092 4781; x_wconf 88' lang='lat' dir='ltr'><strong>quadam</strong></span> 
     </span>
    </p>
   </div>
   <div class='ocr_carea' id='block_1_92' title="bbox 515 4800 2094 4876">
    <p class='ocr_par' dir='ltr' id='par_1_92' title="bbox 515 4800 2094 4876">
     <span class='ocr_line' id='line_1_98' title="bbox 515 4800 2094 4876; baseline 0.004 -21"><span class='ocrx_word' id='word_1_711' title='bbox 515 4800 602 4856; x_wconf 90' lang='lat' dir='ltr'><strong>die</strong></span> <span class='ocrx_word' id='word_1_712' title='bbox 627 4817 795 4870; x_wconf 91' lang='lat' dir='ltr'><strong>usque</strong></span> <span class='ocrx_word' id='word_1_713' title='bbox 824 4803 888 4856; x_wconf 83' lang='lat' dir='ltr'><strong>ad</strong></span> <span class='ocrx_word' id='word_1_714' title='bbox 931 4804 1154 4858; x_wconf 87' lang='lat' dir='ltr'><strong>alteram</strong></span> <span class='ocrx_word' id='word_1_715' title='bbox 1180 4819 1457 4874; x_wconf 89' lang='lat' dir='ltr'><strong>vesperam</strong></span> <span class='ocrx_word' id='word_1_716' title='bbox 1490 4819 1596 4860; x_wconf 89' lang='lat' dir='ltr'><strong>non</strong></span> <span class='ocrx_word' id='word_1_717' title='bbox 1645 4807 1850 4876; x_wconf 84' lang='lat' dir='ltr'><strong>gustavi</strong></span> <span class='ocrx_word' id='word_1_718' title='bbox 1903 4822 2094 4876; x_wconf 89' lang='lat' dir='ltr'><strong>panem</strong></span> 
     </span>
    </p>
   </div>
   <div class='ocr_carea' id='block_1_93' title="bbox 516 4894 2094 4960">
    <p class='ocr_par' dir='ltr' id='par_1_93' title="bbox 516 4894 2094 4960">
     <span class='ocr_line' id='line_1_99' title="bbox 516 4894 2094 4960; baseline 0.004 -14"><span class='ocrx_word' id='word_1_719' title='bbox 516 4900 734 4960; x_wconf 84' lang='lat' dir='ltr'><strong>prepter</strong></span> <span class='ocrx_word' id='word_1_720' title='bbox 755 4894 1187 4948; x_wconf 78' lang='lat' dir='ltr'><strong>sollicitudinem.</strong></span> <span class='ocrx_word' id='word_1_721' title='bbox 1221 4894 1284 4947; x_wconf 84' lang='lat' dir='ltr'><strong>Et</strong></span> <span class='ocrx_word' id='word_1_722' title='bbox 1311 4895 1524 4959; x_wconf 86' lang='lat' dir='ltr'><strong>evenit,</strong></span> <span class='ocrx_word' id='word_1_723' title='bbox 1555 4903 1609 4948; x_wconf 91' lang='lat' dir='ltr'><strong>et</strong></span> <span class='ocrx_word' id='word_1_724' title='bbox 1644 4897 1694 4948; x_wconf 91' lang='lat' dir='ltr'><strong>in</strong></span> <span class='ocrx_word' id='word_1_725' title='bbox 1727 4895 1980 4950; x_wconf 86' lang='lat' dir='ltr'><strong>cathedra</strong></span> <span class='ocrx_word' id='word_1_726' title='bbox 2007 4913 2094 4952; x_wconf 87' lang='lat' dir='ltr'><strong>sc-</strong></span> 
     </span>
    </p>
   </div>
   <div class='ocr_carea' id='block_1_94' title="bbox 517 4983 2096 5058">
    <p class='ocr_par' dir='ltr' id='par_1_94' title="bbox 517 4983 2096 5058">
     <span class='ocr_line' id='line_1_100' title="bbox 517 4983 2096 5058; baseline 0.004 -22"><span class='ocrx_word' id='word_1_727' title='bbox 517 4983 678 5039; x_wconf 87' lang='lat' dir='ltr'><strong>dente</strong></span> <span class='ocrx_word' id='word_1_728' title='bbox 724 5001 831 5051; x_wconf 88' lang='lat' dir='ltr'><strong>me,</strong></span> <span class='ocrx_word' id='word_1_729' title='bbox 859 5002 1147 5056; x_wconf 88' lang='lat' dir='ltr'><strong>oppressus</strong></span> <span class='ocrx_word' id='word_1_730' title='bbox 1175 5001 1361 5040; x_wconf 86' lang='lat' dir='ltr'><strong>somno</strong></span> <span class='ocrx_word' id='word_1_731' title='bbox 1388 4987 1546 5041; x_wconf 89' lang='lat' dir='ltr'><strong>video</strong></span> <span class='ocrx_word' id='word_1_732' title='bbox 1593 4987 1642 5040; x_wconf 92' lang='lat' dir='ltr'><strong>in</strong></span> <span class='ocrx_word' id='word_1_733' title='bbox 1675 5003 1899 5044; x_wconf 85' lang='lat' dir='ltr'><strong>excessu</strong></span> <span class='ocrx_word' id='word_1_734' title='bbox 1932 5004 2096 5058; x_wconf 86' lang='lat' dir='ltr'><strong>cquns</strong></span> 
     </span>
    </p>
   </div>
   <div class='ocr_carea' id='block_1_95' title="bbox 515 5073 2096 5138">
    <p class='ocr_par' dir='ltr' id='par_1_95' title="bbox 515 5073 2096 5138">
     <span class='ocr_line' id='line_1_101' title="bbox 515 5073 2096 5138; baseline 0.004 -12"><span class='ocrx_word' id='word_1_735' title='bbox 515 5073 668 5128; x_wconf 91' lang='lat' dir='ltr'><strong>albos</strong></span> <span class='ocrx_word' id='word_1_736' title='bbox 698 5073 1076 5138; x_wconf 88' lang='lat' dir='ltr'><strong>discurrentes,</strong></span> <span class='ocrx_word' id='word_1_737' title='bbox 1109 5091 1231 5130; x_wconf 92' lang='lat' dir='ltr'><strong>cum</strong></span> <span class='ocrx_word' id='word_1_738' title='bbox 1279 5076 1579 5131; x_wconf 89' lang='lat' dir='ltr'><strong>sessoribus</strong></span> <span class='ocrx_word' id='word_1_739' title='bbox 1629 5077 1929 5132; x_wconf 89' lang='lat' dir='ltr'><strong>dicentibus</strong></span> <span class='ocrx_word' id='word_1_740' title='bbox 1959 5096 1972 5130; x_wconf 90' lang='lat'>:</span> <span class='ocrx_word' id='word_1_741' title='bbox 2010 5079 2096 5132; x_wconf 89' lang='lat' dir='ltr'><strong>Di-</strong></span> 
     </span>
    </p>
   </div>
   <div class='ocr_carea' id='block_1_96' title="bbox 516 5162 2095 5237">
    <p class='ocr_par' dir='ltr' id='par_1_96' title="bbox 516 5162 2095 5237">
     <span class='ocr_line' id='line_1_102' title="bbox 516 5162 2095 5237; baseline 0.001 -19"><span class='ocrx_word' id='word_1_742' title='bbox 516 5165 621 5218; x_wconf 81' lang='lat' dir='ltr'><strong>cite</strong></span> <span class='ocrx_word' id='word_1_743' title='bbox 649 5162 874 5234; x_wconf 82' lang='lat' dir='ltr'><strong>Didyme</strong></span> <span class='ocrx_word' id='word_1_744' title='bbox 903 5167 1023 5234; x_wconf 89' lang='lat' dir='ltr'><strong>quia</strong></span> <span class='ocrx_word' id='word_1_745' title='bbox 1071 5166 1229 5222; x_wconf 88' lang='lat' dir='ltr'><strong>hodie</strong></span> <span class='ocrx_word' id='word_1_746' title='bbox 1272 5167 1403 5222; x_wconf 87' lang='lat' dir='ltr'><strong>hora</strong></span> <span class='ocrx_word' id='word_1_747' title='bbox 1434 5167 1538 5222; x_wconf 89' lang='lat' dir='ltr'><strong>diei</strong></span> <span class='ocrx_word' id='word_1_748' title='bbox 1586 5169 1811 5237; x_wconf 90' lang='lat' dir='ltr'><strong>septima</strong></span> <span class='ocrx_word' id='word_1_749' title='bbox 1862 5178 2095 5221; x_wconf 83' lang='lat' dir='ltr'><strong>mortuus</strong></span> 
     </span>
    </p>
   </div>
   <div class='ocr_carea' id='block_1_97' title="bbox 515 5254 2093 5327">
    <p class='ocr_par' dir='ltr' id='par_1_97' title="bbox 515 5254 2093 5327">
     <span class='ocr_line' id='line_1_103' title="bbox 515 5254 2093 5327; baseline 0.001 -17"><span class='ocrx_word' id='word_1_750' title='bbox 515 5264 598 5310; x_wconf 85' lang='lat' dir='ltr'><strong>est</strong></span> <span class='ocrx_word' id='word_1_751' title='bbox 619 5254 881 5309; x_wconf 87' lang='lat' dir='ltr'><strong>Julianus.</strong></span> <span class='ocrx_word' id='word_1_752' title='bbox 906 5255 1076 5326; x_wconf 83' lang='lat' dir='ltr'><strong>Surge</strong></span> <span class='ocrx_word' id='word_1_753' title='bbox 1103 5271 1251 5327; x_wconf 88' lang='lat' dir='ltr'><strong>ergo,</strong></span> <span class='ocrx_word' id='word_1_754' title='bbox 1281 5259 1523 5325; x_wconf 86' lang='lat' dir='ltr'><strong>comede,</strong></span> <span class='ocrx_word' id='word_1_755' title='bbox 1549 5269 1602 5313; x_wconf 91' lang='lat' dir='ltr'><strong>et</strong></span> <span class='ocrx_word' id='word_1_756' title='bbox 1630 5260 1796 5320; x_wconf 80' lang='lat' dir='ltr'><strong>mitte,</strong></span> <span class='ocrx_word' id='word_1_757' title='bbox 1831 5268 1882 5312; x_wconf 87' lang='lat' dir='ltr'><strong>et</strong></span> <span class='ocrx_word' id='word_1_758' title='bbox 1914 5259 2093 5312; x_wconf 90' lang='lat' dir='ltr'><strong>nuntia</strong></span> 
     </span>
    </p>
   </div>
   <div class='ocr_carea' id='block_1_98' title="bbox 520 5344 2097 5419">
    <p class='ocr_par' dir='ltr' id='par_1_98' title="bbox 520 5344 2097 5419">
     <span class='ocr_line' id='line_1_104' title="bbox 520 5344 2097 5419; baseline 0.004 -21"><span class='ocrx_word' id='word_1_759' title='bbox 520 5344 625 5399; x_wconf 90' lang='lat' dir='ltr'><strong>hoc</strong></span> <span class='ocrx_word' id='word_1_760' title='bbox 653 5344 942 5400; x_wconf 82' lang='lat' dir='ltr'><strong>Athanasio</strong></span> <span class='ocrx_word' id='word_1_761' title='bbox 989 5349 1258 5419; x_wconf 87' lang='lat' dir='ltr'><strong>episcopo,</strong></span> <span class='ocrx_word' id='word_1_762' title='bbox 1294 5359 1350 5404; x_wconf 92' lang='lat' dir='ltr'><strong>ut</strong></span> <span class='ocrx_word' id='word_1_763' title='bbox 1377 5359 1429 5405; x_wconf 92' lang='lat' dir='ltr'><strong>et</strong></span> <span class='ocrx_word' id='word_1_764' title='bbox 1461 5351 1550 5404; x_wconf 90' lang='lat' dir='ltr'><strong>ille</strong></span> <span class='ocrx_word' id='word_1_765' title='bbox 1579 5352 1805 5405; x_wconf 87' lang='lat' dir='ltr'><strong>noverit.</strong></span> <span class='ocrx_word' id='word_1_766' title='bbox 1842 5351 1903 5404; x_wconf 85' lang='lat' dir='ltr'><strong>Et</strong></span> <span class='ocrx_word' id='word_1_767' title='bbox 1932 5365 2097 5404; x_wconf 89' lang='lat' dir='ltr'><strong>anno-</strong></span> 
     </span>
    </p>
   </div>
   <div class='ocr_carea' id='block_1_99' title="bbox 520 5437 2097 5508">
    <p class='ocr_par' dir='ltr' id='par_1_99' title="bbox 520 5437 2097 5508">
     <span class='ocr_line' id='line_1_105' title="bbox 520 5437 2097 5508; baseline 0.003 -18"><span class='ocrx_word' id='word_1_768' title='bbox 520 5437 625 5492; x_wconf 79' lang='lat' dir='ltr'><strong>tavi</strong></span> <span class='ocrx_word' id='word_1_769' title='bbox 669 5440 846 5492; x_wconf 86' lang='lat' dir='ltr'><strong>statim</strong></span> <span class='ocrx_word' id='word_1_770' title='bbox 880 5439 1088 5505; x_wconf 91' lang='lat' dir='ltr'><strong>horam,</strong></span> <span class='ocrx_word' id='word_1_771' title='bbox 1119 5451 1172 5495; x_wconf 88' lang='lat' dir='ltr'><strong>et</strong></span> <span class='ocrx_word' id='word_1_772' title='bbox 1215 5457 1474 5506; x_wconf 88' lang='lat' dir='ltr'><strong>mensem,</strong></span> <span class='ocrx_word' id='word_1_773' title='bbox 1521 5451 1574 5496; x_wconf 88' lang='lat' dir='ltr'><strong>et</strong></span> <span class='ocrx_word' id='word_1_774' title='bbox 1619 5443 1990 5508; x_wconf 80' lang='lat' dir='ltr'><strong>septimanam,</strong></span> <span class='ocrx_word' id='word_1_775' title='bbox 2045 5451 2097 5494; x_wconf 91' lang='lat' dir='ltr'><strong>et</strong></span> 
     </span>
    </p>
   </div>
   <div class='ocr_carea' id='block_1_100' title="bbox 517 5526 2094 5599">
    <p class='ocr_par' dir='ltr' id='par_1_100' title="bbox 517 5526 2094 5599">
     <span class='ocr_line' id='line_1_106' title="bbox 517 5526 2094 5599; baseline 0.001 -18"><span class='ocrx_word' id='word_1_776' title='bbox 517 5526 694 5591; x_wconf 88' lang='lat' dir='ltr'><strong>diem;</strong></span> <span class='ocrx_word' id='word_1_777' title='bbox 728 5527 1107 5599; x_wconf 88' lang='lat' dir='ltr'><strong>inventumque</strong></span> <span class='ocrx_word' id='word_1_778' title='bbox 1135 5538 1216 5584; x_wconf 88' lang='lat' dir='ltr'><strong>est</strong></span> <span class='ocrx_word' id='word_1_779' title='bbox 1242 5530 1333 5598; x_wconf 88' lang='lat' dir='ltr'><strong>ita,</strong></span> <span class='ocrx_word' id='word_1_780' title='bbox 1367 5529 1808 5599; x_wconf 89' lang='lat' dir='ltr'><strong>quemadmodum</strong></span> <span class='ocrx_word' id='word_1_781' title='bbox 1838 5543 2094 5598; x_wconf 88' lang='lat' dir='ltr'><strong>oppresso</strong></span> 
     </span>
    </p>
   </div>
   <div class='ocr_carea' id='block_1_101' title="bbox 517 5619 1037 5675">
    <p class='ocr_par' dir='ltr' id='par_1_101' title="bbox 517 5619 1037 5675">
     <span class='ocr_line' id='line_1_107' title="bbox 517 5619 1037 5675; baseline 0 -1"><span class='ocrx_word' id='word_1_782' title='bbox 517 5635 710 5675; x_wconf 85' lang='lat' dir='ltr'><strong>somno</strong></span> <span class='ocrx_word' id='word_1_783' title='bbox 743 5619 1037 5675; x_wconf 90' lang='lat' dir='ltr'><strong>videbatur.</strong></span> 
     </span>
    </p>
   </div>
   <div class='ocr_carea' id='block_1_102' title="bbox 591 5711 2099 5785">
    <p class='ocr_par' dir='ltr' id='par_1_102' title="bbox 591 5711 2099 5785">
     <span class='ocr_line' id='line_1_108' title="bbox 591 5711 2099 5785; baseline 0.002 -19"><span class='ocrx_word' id='word_1_784' title='bbox 591 5711 791 5767; x_wconf 79' lang='lat' dir='ltr'><strong>Retulit</strong></span> <span class='ocrx_word' id='word_1_785' title='bbox 815 5722 990 5767; x_wconf 90' lang='lat' dir='ltr'><strong>autem</strong></span> <span class='ocrx_word' id='word_1_786' title='bbox 1021 5722 1074 5766; x_wconf 89' lang='lat' dir='ltr'><strong>et</strong></span> <span class='ocrx_word' id='word_1_787' title='bbox 1099 5714 1226 5767; x_wconf 90' lang='lat' dir='ltr'><strong>mihi</strong></span> <span class='ocrx_word' id='word_1_788' title='bbox 1253 5716 1317 5769; x_wconf 90' lang='lat' dir='ltr'><strong>de</strong></span> <span class='ocrx_word' id='word_1_789' title='bbox 1348 5714 1534 5769; x_wconf 56' lang='lat' dir='ltr'><strong>ancilla</strong></span> <span class='ocrx_word' id='word_1_790' title='bbox 1559 5714 1853 5785; x_wconf 82' lang='lat' dir='ltr'><strong>cujusdam,</strong></span> <span class='ocrx_word' id='word_1_791' title='bbox 1878 5715 2099 5770; x_wconf 83' lang='lat' dir='ltr'><strong>nomine</strong></span> 
     </span>
    </p>
   </div>
   <div class='ocr_carea' id='block_1_103' title="bbox 589 5825 1350 5898">
    <p class='ocr_par' dir='ltr' id='par_1_103' title="bbox 589 5825 1350 5898">
     <span class='ocr_line' id='line_1_109' title="bbox 589 5825 1350 5898; baseline -0.005 -14"><span class='ocrx_word' id='word_1_792' title='bbox 589 5825 611 5860; x_wconf 84' lang='grc'>¹</span> <span class='ocrx_word' id='word_1_793' title='bbox 642 5825 896 5893; x_wconf 76' lang='lat' dir='ltr'><strong>Didymus</strong></span> <span class='ocrx_word' id='word_1_794' title='bbox 920 5826 1220 5898; x_wconf 78' lang='lat' dir='ltr'><strong>Origenista</strong></span> <span class='ocrx_word' id='word_1_795' title='bbox 1243 5827 1350 5883; x_wconf 82' lang='lat' dir='ltr'><strong>fuit.</strong></span> 
     </span>
    </p>
   </div>
   <div class='ocr_carea' id='block_1_104' title="bbox 2200 4706 3788 4778">
    <p class='ocr_par' dir='ltr' id='par_1_104' title="bbox 2200 4706 3788 4778">
     <span class='ocr_line' id='line_1_110' title="bbox 2200 4706 3788 4778; baseline -0.001 -16"><span class='ocrx_word' id='word_1_796' title='bbox 2200 4709 2512 4778; x_wconf 89' lang='lat' dir='ltr'><strong>questratim</strong></span> <span class='ocrx_word' id='word_1_797' title='bbox 2537 4706 2778 4761; x_wconf 88' lang='lat' dir='ltr'><strong>fecerunt</strong></span> <span class='ocrx_word' id='word_1_798' title='bbox 2799 4708 3164 4761; x_wconf 87' lang='lat' dir='ltr'><strong>monasterioli</strong></span> <span class='ocrx_word' id='word_1_799' title='bbox 3189 4707 3580 4771; x_wconf 72' lang='lat' dir='ltr'><strong>habitaculum,</strong></span> <span class='ocrx_word' id='word_1_800' title='bbox 3607 4716 3662 4762; x_wconf 89' lang='lat' dir='ltr'><strong>et</strong></span> <span class='ocrx_word' id='word_1_801' title='bbox 3692 4707 3788 4763; x_wconf 87' lang='lat' dir='ltr'><strong>sibi</strong></span> 
     </span>
    </p>
   </div>
   <div class='ocr_carea' id='block_1_105' title="bbox 2201 4799 3788 4870">
    <p class='ocr_par' dir='ltr' id='par_1_105' title="bbox 2201 4799 3788 4870">
     <span class='ocr_line' id='line_1_111' title="bbox 2201 4799 3788 4870; baseline -0.002 -14"><span class='ocrx_word' id='word_1_802' title='bbox 2201 4802 2332 4870; x_wconf 67' lang='lat' dir='ltr'><strong>ipsis</strong></span> <span class='ocrx_word' id='word_1_803' title='bbox 2353 4799 2634 4868; x_wconf 69' lang='lat' dir='ltr'><strong>separatim</strong></span> <span class='ocrx_word' id='word_1_804' title='bbox 2666 4799 2927 4864; x_wconf 87' lang='lat' dir='ltr'><strong>fecerunt,</strong></span> <span class='ocrx_word' id='word_1_805' title='bbox 2952 4808 3009 4852; x_wconf 89' lang='lat' dir='ltr'><strong>ut</strong></span> <span class='ocrx_word' id='word_1_806' title='bbox 3039 4800 3174 4854; x_wconf 89' lang='lat' dir='ltr'><strong>inter</strong></span> <span class='ocrx_word' id='word_1_807' title='bbox 3198 4814 3256 4854; x_wconf 91' lang='lat' dir='ltr'><strong>se</strong></span> <span class='ocrx_word' id='word_1_808' title='bbox 3282 4811 3338 4854; x_wconf 89' lang='lat' dir='ltr'><strong>et</strong></span> <span class='ocrx_word' id='word_1_809' title='bbox 3363 4800 3505 4868; x_wconf 89' lang='lat' dir='ltr'><strong>ipsas</strong></span> <span class='ocrx_word' id='word_1_810' title='bbox 3537 4799 3788 4855; x_wconf 82' lang='lat' dir='ltr'><strong>interval-</strong></span> 
     </span>
    </p>
   </div>
   <div class='ocr_carea' id='block_1_106' title="bbox 2203 4888 3786 4956">
    <p class='ocr_par' dir='ltr' id='par_1_106' title="bbox 2203 4888 3786 4956">
     <span class='ocr_line' id='line_1_112' title="bbox 2203 4888 3786 4956; baseline -0.001 -12"><span class='ocrx_word' id='word_1_811' title='bbox 2203 4891 2309 4944; x_wconf 91' lang='lat' dir='ltr'><strong>lum</strong></span> <span class='ocrx_word' id='word_1_812' title='bbox 2341 4889 2572 4942; x_wconf 85' lang='lat' dir='ltr'><strong>habeant</strong></span> <span class='ocrx_word' id='word_1_813' title='bbox 2600 4904 2702 4942; x_wconf 92' lang='lat' dir='ltr'><strong>non</strong></span> <span class='ocrx_word' id='word_1_814' title='bbox 2731 4889 2875 4956; x_wconf 88' lang='lat' dir='ltr'><strong>parvi</strong></span> <span class='ocrx_word' id='word_1_815' title='bbox 2910 4888 3029 4942; x_wconf 88' lang='lat' dir='ltr'><strong>loci.</strong></span> <span class='ocrx_word' id='word_1_816' title='bbox 3058 4889 3370 4944; x_wconf 88' lang='lat' dir='ltr'><strong>Statuerunt</strong></span> <span class='ocrx_word' id='word_1_817' title='bbox 3393 4899 3572 4943; x_wconf 88' lang='lat' dir='ltr'><strong>autem</strong></span> <span class='ocrx_word' id='word_1_818' title='bbox 3598 4889 3704 4944; x_wconf 88' lang='lat' dir='ltr'><strong>sibi</strong></span> <span class='ocrx_word' id='word_1_819' title='bbox 3733 4899 3786 4943; x_wconf 93' lang='lat' dir='ltr'><strong>ut</strong></span> 
     </span>
    </p>
   </div>
   <div class='ocr_carea' id='block_1_107' title="bbox 2201 4981 3786 5052">
    <p class='ocr_par' dir='ltr' id='par_1_107' title="bbox 2201 4981 3786 5052">
     <span class='ocr_line' id='line_1_113' title="bbox 2201 4981 3786 5052; baseline -0.001 -15"><span class='ocrx_word' id='word_1_820' title='bbox 2201 4998 2374 5052; x_wconf 90' lang='lat' dir='ltr'><strong>neque</strong></span> <span class='ocrx_word' id='word_1_821' title='bbox 2405 4981 2600 5037; x_wconf 90' lang='lat' dir='ltr'><strong>fratres</strong></span> <span class='ocrx_word' id='word_1_822' title='bbox 2639 4997 2821 5036; x_wconf 91' lang='lat' dir='ltr'><strong>carum</strong></span> <span class='ocrx_word' id='word_1_823' title='bbox 2871 4982 3002 5036; x_wconf 89' lang='lat' dir='ltr'><strong>alias</strong></span> <span class='ocrx_word' id='word_1_824' title='bbox 3038 4984 3288 5036; x_wconf 87' lang='lat' dir='ltr'><strong>mulieres</strong></span> <span class='ocrx_word' id='word_1_825' title='bbox 3337 4982 3403 5035; x_wconf 89' lang='lat' dir='ltr'><strong>ad</strong></span> <span class='ocrx_word' id='word_1_826' title='bbox 3451 4982 3786 5038; x_wconf 86' lang='lat' dir='ltr'><strong>salutandum</strong></span> 
     </span>
    </p>
   </div>
   <div class='ocr_carea' id='block_1_108' title="bbox 2202 5076 3206 5146">
    <p class='ocr_par' dir='ltr' id='par_1_108' title="bbox 2202 5076 3206 5146">
     <span class='ocr_line' id='line_1_114' title="bbox 2202 5076 3206 5146; baseline -0.002 -12"><span class='ocrx_word' id='word_1_827' title='bbox 2202 5077 2515 5146; x_wconf 85' lang='lat' dir='ltr'><strong>suscipiant,</strong></span> <span class='ocrx_word' id='word_1_828' title='bbox 2547 5091 2722 5146; x_wconf 92' lang='lat' dir='ltr'><strong>neque</strong></span> <span class='ocrx_word' id='word_1_829' title='bbox 2754 5076 2855 5130; x_wconf 80' lang='lat' dir='ltr'><strong>illa:</strong></span> <span class='ocrx_word' id='word_1_830' title='bbox 2879 5077 3011 5131; x_wconf 90' lang='lat' dir='ltr'><strong>alios</strong></span> <span class='ocrx_word' id='word_1_831' title='bbox 3040 5079 3206 5132; x_wconf 73' lang='lat' dir='ltr'><strong>viros.</strong></span> 
     </span>
    </p>
   </div>
   <div class='ocr_carea' id='block_1_109' title="bbox 2275 5167 3791 5237">
    <p class='ocr_par' dir='ltr' id='par_1_109' title="bbox 2275 5167 3791 5237">
     <span class='ocr_line' id='line_1_115' title="bbox 2275 5167 3791 5237; baseline 0 -13"><span class='ocrx_word' id='word_1_832' title='bbox 2275 5169 2536 5236; x_wconf 88' lang='lat' dir='ltr'><strong>Quoniam</strong></span> <span class='ocrx_word' id='word_1_833' title='bbox 2561 5184 2688 5223; x_wconf 91' lang='lat' dir='ltr'><strong>vero</strong></span> <span class='ocrx_word' id='word_1_834' title='bbox 2710 5183 2870 5237; x_wconf 87' lang='lat' dir='ltr'><strong>supra</strong></span> <span class='ocrx_word' id='word_1_835' title='bbox 2899 5167 3114 5222; x_wconf 85' lang='lat' dir='ltr'><strong>modum</strong></span> <span class='ocrx_word' id='word_1_836' title='bbox 3141 5167 3382 5222; x_wconf 89' lang='lat' dir='ltr'><strong>eruditus</strong></span> <span class='ocrx_word' id='word_1_837' title='bbox 3405 5168 3456 5222; x_wconf 91' lang='lat' dir='ltr'><strong>in</strong></span> <span class='ocrx_word' id='word_1_838' title='bbox 3476 5170 3624 5223; x_wconf 89' lang='lat' dir='ltr'><strong>omni</strong></span> <span class='ocrx_word' id='word_1_839' title='bbox 3649 5179 3791 5237; x_wconf 83' lang='lat' dir='ltr'><strong>parte</strong></span> 
     </span>
    </p>
   </div>
   <div class='ocr_carea' id='block_1_110' title="bbox 2204 5262 3789 5331">
    <p class='ocr_par' dir='ltr' id='par_1_110' title="bbox 2204 5262 3789 5331">
     <span class='ocr_line' id='line_1_116' title="bbox 2204 5262 3789 5331; baseline 0.001 -17"><span class='ocrx_word' id='word_1_840' title='bbox 2204 5272 2320 5315; x_wconf 89' lang='lat' dir='ltr'><strong>erat</strong></span> <span class='ocrx_word' id='word_1_841' title='bbox 2345 5263 2681 5328; x_wconf 86' lang='lat' dir='ltr'><strong>Ammonius,</strong></span> <span class='ocrx_word' id='word_1_842' title='bbox 2716 5271 2823 5316; x_wconf 80' lang='lat' dir='ltr'><strong>tam</strong></span> <span class='ocrx_word' id='word_1_843' title='bbox 2848 5263 2899 5315; x_wconf 91' lang='lat' dir='ltr'><strong>in</strong></span> <span class='ocrx_word' id='word_1_844' title='bbox 2932 5263 3153 5316; x_wconf 85' lang='lat' dir='ltr'><strong>scientia</strong></span> <span class='ocrx_word' id='word_1_845' title='bbox 3183 5262 3607 5331; x_wconf 87' lang='lat' dir='ltr'><strong>Scripturarum,</strong></span> <span class='ocrx_word' id='word_1_846' title='bbox 3636 5278 3789 5330; x_wconf 87' lang='lat' dir='ltr'><strong>quam</strong></span> 
     </span>
    </p>
   </div>
   <div class='ocr_carea' id='block_1_111' title="bbox 2206 5351 3790 5424">
    <p class='ocr_par' dir='ltr' id='par_1_111' title="bbox 2206 5351 3790 5424">
     <span class='ocr_line' id='line_1_117' title="bbox 2206 5351 3790 5424; baseline -0.001 -16"><span class='ocrx_word' id='word_1_847' title='bbox 2206 5355 2364 5408; x_wconf 88' lang='lat' dir='ltr'><strong>etiam</strong></span> <span class='ocrx_word' id='word_1_848' title='bbox 2396 5357 2684 5424; x_wconf 81' lang='lat' dir='ltr'><strong>sermonis,</strong></span> <span class='ocrx_word' id='word_1_849' title='bbox 2713 5356 2838 5409; x_wconf 88' lang='lat' dir='ltr'><strong>dum</strong></span> <span class='ocrx_word' id='word_1_850' title='bbox 2871 5355 2922 5406; x_wconf 86' lang='lat' dir='ltr'><strong>in</strong></span> <span class='ocrx_word' id='word_1_851' title='bbox 2971 5351 3201 5423; x_wconf 90' lang='lat' dir='ltr'><strong>quadam</strong></span> <span class='ocrx_word' id='word_1_852' title='bbox 3247 5354 3467 5408; x_wconf 85' lang='lat' dir='ltr'><strong>civitate</strong></span> <span class='ocrx_word' id='word_1_853' title='bbox 3513 5355 3790 5423; x_wconf 77' lang='lat' dir='ltr'><strong>episcopus</strong></span> 
     </span>
    </p>
   </div>
   <div class='ocr_carea' id='block_1_112' title="bbox 2208 5447 3786 5516">
    <p class='ocr_par' dir='ltr' id='par_1_112' title="bbox 2208 5447 3786 5516">
     <span class='ocr_line' id='line_1_118' title="bbox 2208 5447 3786 5516; baseline -0.001 -15"><span class='ocrx_word' id='word_1_854' title='bbox 2208 5449 2486 5502; x_wconf 87' lang='lat' dir='ltr'><strong>defunctus</strong></span> <span class='ocrx_word' id='word_1_855' title='bbox 2543 5457 2726 5514; x_wconf 88' lang='lat' dir='ltr'><strong>esset,</strong></span> <span class='ocrx_word' id='word_1_856' title='bbox 2778 5457 3046 5501; x_wconf 89' lang='lat' dir='ltr'><strong>amatores</strong></span> <span class='ocrx_word' id='word_1_857' title='bbox 3091 5447 3364 5502; x_wconf 86' lang='lat' dir='ltr'><strong>Ammonii</strong></span> <span class='ocrx_word' id='word_1_858' title='bbox 3411 5455 3786 5516; x_wconf 75' lang='lat' dir='ltr'><strong>suggesserunt</strong></span> 
     </span>
    </p>
   </div>
   <div class='ocr_carea' id='block_1_113' title="bbox 2206 5539 3788 5608">
    <p class='ocr_par' dir='ltr' id='par_1_113' title="bbox 2206 5539 3788 5608">
     <span class='ocr_line' id='line_1_119' title="bbox 2206 5539 3788 5608; baseline -0.003 -15"><span class='ocrx_word' id='word_1_859' title='bbox 2206 5542 2456 5608; x_wconf 88' lang='lat' dir='ltr'><strong>episcopo</strong></span> <span class='ocrx_word' id='word_1_860' title='bbox 2486 5539 2846 5606; x_wconf 79' lang='lat' dir='ltr'><strong>Alexandriae,</strong></span> <span class='ocrx_word' id='word_1_861' title='bbox 2878 5549 3122 5608; x_wconf 88' lang='lat' dir='ltr'><strong>petentes</strong></span> <span class='ocrx_word' id='word_1_862' title='bbox 3144 5549 3200 5592; x_wconf 93' lang='lat' dir='ltr'><strong>ut</strong></span> <span class='ocrx_word' id='word_1_863' title='bbox 3230 5539 3572 5592; x_wconf 85' lang='lat' dir='ltr'><strong>Ammonium</strong></span> <span class='ocrx_word' id='word_1_864' title='bbox 3597 5539 3678 5593; x_wconf 90' lang='lat' dir='ltr'><strong>eis</strong></span> <span class='ocrx_word' id='word_1_865' title='bbox 3704 5552 3788 5590; x_wconf 89' lang='lat' dir='ltr'><strong>or-</strong></span> 
     </span>
    </p>
   </div>
   <div class='ocr_carea' id='block_1_114' title="bbox 2206 5628 3754 5700">
    <p class='ocr_par' dir='ltr' id='par_1_114' title="bbox 2206 5628 3754 5700">
     <span class='ocr_line' id='line_1_120' title="bbox 2206 5628 3754 5700; baseline -0.003 -17"><span class='ocrx_word' id='word_1_866' title='bbox 2206 5629 2414 5683; x_wconf 88' lang='lat' dir='ltr'><strong>dinaret</strong></span> <span class='ocrx_word' id='word_1_867' title='bbox 2434 5630 2764 5700; x_wconf 90' lang='lat' dir='ltr'><strong>episcopum.</strong></span> <span class='ocrx_word' id='word_1_868' title='bbox 2790 5629 3007 5686; x_wconf 87' lang='lat' dir='ltr'><strong>Dicebat</strong></span> <span class='ocrx_word' id='word_1_869' title='bbox 3027 5639 3202 5686; x_wconf 90' lang='lat' dir='ltr'><strong>autem</strong></span> <span class='ocrx_word' id='word_1_870' title='bbox 3225 5631 3304 5684; x_wconf 86' lang='lat' dir='ltr'><strong>eis</strong></span> <span class='ocrx_word' id='word_1_871' title='bbox 3324 5628 3754 5696; x_wconf 83' lang='lat' dir='ltr'><strong>archiepiscopus</strong></span> 
     </span>
    </p>
   </div>
   <div class='ocr_carea' id='block_1_115' title="bbox 2211 5717 3776 5790">
    <p class='ocr_par' dir='ltr' id='par_1_115' title="bbox 2211 5717 3776 5790">
     <span class='ocr_line' id='line_1_121' title="bbox 2211 5717 3776 5790; baseline -0.001 -16"><span class='ocrx_word' id='word_1_872' title='bbox 2211 5720 2466 5776; x_wconf 72' lang='lat' dir='ltr'><strong>Addurite</strong></span> <span class='ocrx_word' id='word_1_873' title='bbox 2493 5721 2626 5775; x_wconf 90' lang='lat' dir='ltr'><strong>mihi</strong></span> <span class='ocrx_word' id='word_1_874' title='bbox 2646 5735 2767 5777; x_wconf 90' lang='lat' dir='ltr'><strong>eum</strong></span> <span class='ocrx_word' id='word_1_875' title='bbox 2795 5728 2849 5775; x_wconf 93' lang='lat' dir='ltr'><strong>ut</strong></span> <span class='ocrx_word' id='word_1_876' title='bbox 2869 5720 3144 5778; x_wconf 89' lang='lat' dir='ltr'><strong>ordinetur</strong></span> <span class='ocrx_word' id='word_1_877' title='bbox 3171 5719 3474 5790; x_wconf 85' lang='lat' dir='ltr'><strong>episc0pus.</strong></span> <span class='ocrx_word' id='word_1_878' title='bbox 3499 5717 3579 5774; x_wconf 89' lang='lat' dir='ltr'><strong>Illi</strong></span> <span class='ocrx_word' id='word_1_879' title='bbox 3618 5729 3776 5776; x_wconf 41' lang='lat' dir='ltr'><strong>auten:</strong></span> 
     </span>
    </p>
   </div>
  </div>
