3982 6354
175 328 285 386 343

1465 293 1779 376 Ρλιωῡίι
1823 316 2179 371 LAUSIACA.

3345 323 3450 382 35)
3467 365 3476 374 κ

176 443 498 500 festinantes
529 439 881 512 perrexerunt
907 454 1027 496 cum
1059 437 1323 510 adjutorio
1351 437 1415 490 ad
1443 451 1586 490 eum.
1630 431 1762 486 Cum
1793 431 1846 490 Α
1869 429 2164 483 auriculam
2198 428 2439 496 abscidi,
2474 445 2594 484 nam
2624 431 2736 501 ipse
2765 432 2993 502 linguam
3027 434 3291 490 abscidisti
3331 450 3450 494 aure

175 545 356 592 autem
401 535 623 589 vidisset
649 548 708 588 se
740 542 1090 600 przeventum,
1138 530 1521 600 deprecabatur
1559 542 1672 590 eos,
1707 532 1761 578 et

173 641 300 682 cum
327 635 662 681 sacramento
684 625 984 680 affirmabat
1014 640 1116 678 non
1148 624 1419 692 suscipere
1441 637 1498 675 se
1519 610 1759 674 ordinem

177 718 543 786 episcopatus,
574 732 746 786 neque
768 718 835 771 de
865 732 1044 772 eremo
1069 731 1426 786 egressurum.
1454 713 1561 766 Illis
1583 722 1757 766 autem

175 822 287 861 non
335 790 770 873 concedentibus,
804 810 895 862 sed
927 809 1191 862 violenter
1236 806 1576 869 instantibus,
1625 819 1761 873 pra:-

172 898 418 952 sentibus
447 898 546 964 eis,
581 899 783 964 accepit
814 899 1074 967 forficem,
1106 907 1160 953 et
1201 913 1381 952 aurem
1428 911 1576 950 suam
1625 894 1758 950 siui-

173 998 341 1041 stram
371 988 439 1042 ab
486 990 593 1043 imo
623 989 869 1054 abscidit,
917 989 1098 1044 dicens
1145 989 1221 1044 eis
1253 1009 1265 1044 :
1303 989 1395 1044 Vel
1442 1003 1582 1042 nunc
1627 988 1756 1041 certi

171 1087 350 1133 estote
377 1080 498 1148 quia
531 1081 859 1150 impossibile
890 1089 971 1134 est
1000 1095 1084 1136 me
1119 1079 1230 1134 ﬁeri
1275 1082 1603 1150 episcopum,
1635 1079 1755 1148 quia

173 1168 260 1222 lex
290 1168 536 1237 prohibet
565 1171 793 1224 debilem
829 1172 881 1224 in
907 1171 1082 1240 aliquo
1112 1171 1352 1226 membro
1375 1169 1487 1224 fieri
1509 1170 1754 1224 sacerdo-

174 1267 307 1314 tem.
357 1261 507 1315 Tuuc
560 1263 917 1330 relinquentes
971 1277 1130 1328 eum,
1182 1269 1542 1316 recesserunt.
1595 1261 1754 1331 987

179 1351 450 1408 Abeuntes
480 1365 656 1408 autem
684 1343 927 1409 dixerunt
956 1356 1228 1424 episc0po.
1257 1355 1325 1408 Et
1347 1355 1421 1409 ait
1446 1354 1524 1408 eis
1548 1353 1757 1421 episco-

171 1457 275 1512 pus
303 1463 316 1498 :
353 1444 456 1500 Ista
485 1445 570 1500 lex
599 1446 734 1512 apud
761 1446 974 1500 Iudaeos
996 1446 1402 1511 observabatur;
1427 1445 1554 1499 mihi
1576 1452 1753 1500 autem

171 1537 334 1589 etiam
366 1551 488 1589 eum
511 1537 598 1604 qui
630 1552 816 1591 nasum
848 1537 1115 1592 abscisum
1149 1538 1308 1592 habet
1333 1537 1378 1591 si
1404 1535 1753 1602 adduxeritis,

172 1627 244 1679 ita
280 1636 457 1681 tamen
486 1637 728 1681 ornatum
762 1628 999 1682 moribus
1027 1636 1084 1682 ut
1106 1627 1296 1696 dignus
1323 1628 1390 1680 sit
1420 1626 1746 1692 sacerdotio,

172 1717 432 1772 ordinabo
460 1734 604 1773 eum.
639 1720 908 1774 Abeuntes
937 1735 1062 1790 ergo
1088 1720 1280 1774 iterum
1318 1720 1578 1790 rogabant
1606 1735 1751 1774 eum.

172 1808 290 1876 Ipse
339 1819 514 1863 autem
540 1811 762 1879 juravit,
805 1811 988 1865 dicens
1020 1829 1030 1862 :
1066 1812 1197 1877 Quia
1239 1812 1282 1864 si
1315 1827 1401 1866 me
1445 1811 1755 1881 coegeritis,
1792 1799 1835 1857 Β

171 1902 332 1956 etiam
367 1903 592 1973 linguam
627 1918 798 1958 meam
829 1903 1065 1959 abscido.
1099 1903 1176 1958 Ita
1220 1919 1348 1973 ergo
1395 1905 1756 1974 relinquentes

171 2007 292 2047 eum
319 2003 674 2049 recesserunt.

244 2101 416 2172 llujus
445 2103 712 2157 Ammonii
759 2106 930 2160 fertur
974 2107 1293 2161 miraculum
1326 2124 1340 2161 :
1372 2108 1495 2178 quia
1538 2109 1757 2178 quando

171 2194 494 2248 desiderium
517 2197 695 2250 carnis
725 2198 997 2266 surgebat,
1018 2209 1073 2254 et
1099 2199 1356 2254 incitabat
1383 2201 1449 2254 ad
1475 2201 1754 2256 libidinem

171 2287 409 2341 membra
434 2288 570 2353 ejus,
598 2304 869 2358 nunquam
901 2293 1139 2360 pepercit
1168 2294 1315 2347 carni
1348 2308 1492 2358 suae;
1523 2295 1617 2349 sed
1646 2295 1754 2349 fer-

169 2395 290 2434 rum
338 2380 560 2449 ignitum
610 2383 910 2450 apponebat
955 2386 1211 2440 membris
1257 2387 1401 2452 suis,
1443 2396 1501 2441 ut
1538 2403 1755 2457 semper

169 2474 480 2528 vulneratus
509 2485 682 2538 esset;
717 2485 769 2529 et
812 2477 884 2531 ita
923 2479 1248 2533 desiderium
1292 2482 1553 2548 passionis
1600 2497 1753 2536 com-

171 2565 423 2633 pesccbat
455 2566 760 2635 magnitudo
796 2568 1015 2622 doloris.
1053 2569 1140 2624 Sic
1180 2571 1393 2640 quidem
1426 2573 1748 2628 abstinentia

169 2657 286 2726 ejus
313 2656 414 2710 fuit
443 2657 773 2727 ajuventute
803 2675 970 2729 usque
1012 2661 1078 2714 ad
1126 2672 1373 2717 mortem.
1421 2664 1559 2717 Nihil
1609 2667 1750 2734 quod

167 2763 262 2816 per
291 2749 466 2817 ignem
498 2749 702 2813 transit,
729 2751 982 2817 comedit,
1004 2752 1206 2821 absque
1233 2769 1370 2824 pane
1396 2755 1676 2810 duntaxat.

237 2859 480 2927 Quodam
503 2876 632 2915 vero
664 2869 902 2931 tempore
931 2864 983 2917 in
1015 2880 1196 2920 eremo
1226 2867 1509 2922 aedificanti
1555 2873 1602 2925 ei
1639 2872 1751 2926 cel-

161 2950 270 3003 lam
299 2952 609 3019 supervenit
635 2953 849 3022 quidam
879 2954 1062 3021 frater,
1087 2966 1142 3011 et
1169 2958 1302 3013 dixit
1324 2961 1373 3014 ei
1399 2977 1412 3013 :
1440 2960 1549 3015 Cur
1574 2963 1625 3017 in
1660 2965 1748 3020 tali

159 3040 359 3096 ardore
379 3051 542 3097 arstus
563 3043 756 3113 aﬂligis
781 3048 1142 3116 temetipsum,
1167 3050 1336 3104 abba?
1364 3051 1747 3120 Respondeas-

159 3146 266 3201 que
295 3133 480 3188 beatus
507 3137 842 3205 Ammonius,
873 3142 948 3193 ait
974 3156 986 3191 :
1010 3139 1183 3196 Crede
1207 3142 1358 3208 mihi,
1385 3144 1569 3212 frater,
1595 3150 1741 3217 quia,
1775 3164 1820 3226 ο

160 3225 399 3280 donante
421 3227 512 3282 Dei
534 3230 724 3297 gratia,
745 3232 1046 3300 Scripturas
1066 3246 1278 3289 sanctas
1301 3239 1571 3294 memoria:
1596 3254 1744 3296 com-

158 3315 431 3370 mendavi.
464 3317 596 3372 Nam
626 3331 677 3374 et
706 3321 869 3377 Vetus
908 3334 964 3377 et
1004 3324 1210 3380 Novum
1243 3328 1641 3386 Testamentum
1677 3335 1745 3390 ab

156 3406 382 3462 ineunte
401 3418 559 3464 astate
579 3411 643 3465 ad
667 3412 881 3481 plenum
903 3415 1087 3484 didici,
1115 3432 1321 3473 necnon
1353 3420 1514 3475 etiam
1543 3434 1597 3477 et
1619 3439 1743 3480 san-

155 3505 371 3553 ctorum
401 3501 739 3571 antiquorum
771 3505 985 3562 Patrum
1029 3497 1452 3567 orthodoxorum
1490 3517 1743 3571 sacerdo-

157 3600 274 3645 tum
299 3591 505 3648 Domini
530 3608 810 3653 sexcentas
832 3601 1102 3670 myriadas
1124 3606 1522 3674 expositionum
1546 3609 1600 3664 in
1624 3609 1742 3676 lege

153 3683 340 3738 divina
363 3687 691 3757 conscriptas
713 3690 911 3759 perlegi
941 3693 1100 3763 (sicut
1123 3705 1252 3751 testa
1264 3698 1454 3753 bantur
1481 3701 1528 3754 ei
1553 3701 1620 3756 de
1643 3705 1744 3757 hoc

153 3784 214 3830 et
237 3790 375 3844 pene
399 3792 585 3834 omnes
612 3782 667 3835 in
697 3796 880 3838 eremo
912 3784 1144 3856 Patres),
1175 3797 1230 3843 et
1261 3791 1306 3844 si
1332 3806 1441 3845 uno
1470 3792 1558 3849 die
1583 3796 1744 3849 satia-

155 3876 247 3923 tus
279 3868 427 3925 fuero
467 3887 604 3942 pane
625 3913 642 3939 ,
680 3883 734 3929 et
762 3875 981 3933 minime
1011 3878 1062 3933 in
1089 3895 1252 3949 opere
1281 3897 1369 3938 me
1407 3898 1703 3940 exercuero
1724 3930 1738 3954 ,

157 3964 438 4018 extollitur
464 3981 654 4023 sensus
679 3984 853 4038 meus,
891 3980 946 4026 et
975 3973 1116 4027 velut
1153 3975 1597 4034 irrationabilLum
1627 3981 1743 4035 ani-

161 4056 383 4110 malium
406 4057 656 4113 efﬁcitur.

225 4167 470 4235 Quodam
511 4181 748 4241 tempore
791 4175 1083 4230 adveniens
1133 4179 1321 4234 beatus
1371 4181 1630 4254 Evagrius
1672 4187 1737 4241 ad

151 4274 400 4316 sanctum
423 4264 763 4319 AmmOnium
793 4268 810 4299 ¹
845 4271 1158 4325 visitatiouis
1201 4274 1494 4340 spiritualis
1528 4279 1692 4346 gratia
1721 4323 1735 4344 ,

150 4352 280 4407 dum
312 4355 475 4408 multa
507 4356 574 4410 de
605 4361 802 4414 sanctis
832 4360 1120 4429 Scriptnris
1150 4365 1291 4419 inter
1321 4382 1378 4420 se
1407 4369 1734 4432 conferrent,

149 4454 204 4497 et
229 4445 540 4500 ltetarentur
569 4458 792 4518 uterque
826 4453 1174 4520 spiritualiter
1219 4457 1270 4510 in
1316 4458 1559 4525 Domino,
1594 4472 1740 4530 post-

1866 521 2062 576 multos
2093 522 2315 589 populus
2345 522 2539 576 docere
2571 524 2765 589 potuit.

1938 609 2156 663 Dicebat
2185 619 2400 663 sanctus
2433 609 2598 663 abbas
2627 609 2910 664 Dioscorus
2940 611 3235 682 presbyter,
3275 615 3362 682 qui
3394 615 3446 669 in

1862 717 2042 756 eremo
2076 701 2308 765 Scythiae
2362 702 2627 755 habitabat
2661 720 2672 754 :
2706 702 2838 767 Quia
2873 717 2975 756 thll
3007 715 3221 772 oportet
3261 721 3448 760 mona-

1862 794 2019 847 clmm
2050 793 2311 848 desideria
2346 795 2480 862 gula:
2510 795 2820 862 ventrisque
2851 793 3049 849 facere.
3082 794 3212 848 Nam
3259 796 3307 848 in
3341 812 3449 864 quo

1862 884 2037 938 differt
2069 900 2097 937 a
2127 886 2472 937 srecularibus
2493 925 2509 949 ,
2541 885 2584 936 si
2617 884 2831 950 expleat
2871 885 3255 939 delectationes
3285 887 3448 940 suas?

1862 975 2101 1044 Denique
2139 974 2444 1043 frequenter
2484 975 2726 1029 videmus
2766 975 3007 1029 homines
3036 976 3322 1030 saeculares
3352 991 3448 1044 pro

1860 1084 2018 1124 causa
2053 1068 2384 1138 aegritudinis
2416 1083 2444 1121 a
2486 1067 2694 1122 deliciis
2725 1078 2778 1121 et
2804 1067 3253 1122 defeetatiunibus
3285 1067 3449 1120 absti-

1861 1176 1988 1214 nere
2013 1169 2069 1214 ut
2097 1159 2379 1214 sanitatem
2401 1160 2642 1228 corporis
2674 1159 3080 1227 adipiscantur;
3108 1169 3304 1227 quanto
3335 1174 3447 1212 ma-

1862 1251 1942 1318 gis
1972 1249 2252 1319 diligenter
2281 1248 2494 1304 studere
2521 1249 2681 1305 debet
2709 1250 3002 1304 monachus
3051 1265 3145 1318 pro
3187 1250 3365 1304 salute
3394 1259 3448 1304 et

1859 1345 2220 1399 incolumitate
2251 1345 2440 1398 anima:
2463 1359 2573 1398 suae
2598 1384 2613 1410 ,
2643 1352 2696 1398 ut
2739 1344 2904 1412 possit
2951 1342 3019 1397 ad
3062 1342 3181 1396 illas
3206 1357 3363 1397 veras
3391 1351 3447 1395 et

1859 1445 2085 1490 aeternas
2117 1436 2344 1502 paradisi
2379 1435 2634 1500 delicias,
2666 1444 2721 1490 et
2750 1434 2818 1488 ad
2866 1433 3106 1490 etelestis
3148 1433 3296 1504 regni
3328 1432 3445 1503 glo-

1859 1526 1989 1580 riam
2023 1529 2340 1596 pervenire?

2489 1617 2715 1675 CAPUT
2760 1619 2823 1673 V.

2093 1710 2172 1765 De
2199 1710 2330 1777 llor,
2369 1711 2561 1765 I’antbo
2606 1724 2650 1766 et
2692 1713 2924 1767 Melania
2961 1714 3209 1769 Romana.

1933 1804 1990 1858 In
2024 1805 2123 1859 hoc
2154 1814 2332 1860 monte
2356 1805 2535 1860 Nitrize
2560 1807 2640 1860 vir
2666 1807 3154 1862 abstinentissimus
3179 1807 3322 1860 Ilor’
3352 1821 3446 1862 no-

1862 1895 2004 1950 mine
2033 1895 2128 1949 fuit
2163 1895 2428 1967 (Heracl.,
2452 1913 2567 1967 cap.
2594 1897 2648 1965 2)
2672 1940 2686 1965 ,
2711 1899 2862 1964 cujus
2884 1900 3074 1953 multas
3097 1899 3446 1952 attestabatur

1860 1990 2080 2044 virtutes
2123 1991 2296 2043 omnis
2335 1990 2640 2044 fraternitas
2687 1993 3112 2056 monachorum;
3163 2007 3262 2060 ego
3313 2005 3442 2044 vero

1858 2098 1962 2134 non
2015 2082 2190 2136 inveni
2243 2099 2365 2137 eum
2405 2085 2696 2139 viventem.
2745 2085 2916 2138 Etiam
2963 2095 3018 2140 et
3065 2085 3165 2138 hoc
3194 2083 3447 2137 dicebant

1859 2185 2136 2229 narrantes
2160 2176 2226 2230 de
2249 2191 2335 2242 eo,
2364 2177 2486 2245 quia
2515 2192 2687 2245 neque
2719 2179 2974 2232 mentitus
3007 2185 3092 2232 est
3117 2175 3438 2245 aliquando,

1858 2280 2028 2334 neque
2051 2266 2270 2334 juravit,
2299 2282 2471 2337 neque
2502 2267 2781 2322 maledixit
2807 2310 2819 2330 .
2853 2283 3025 2337 neque
3055 2267 3174 2321 sine
3205 2267 3443 2320 necessi-

1857 2367 1962 2412 tate
1986 2359 2192 2412 locutus
2225 2370 2330 2413 est.

1927 2449 1982 2504 In
2016 2460 2198 2505 monte
2245 2453 2347 2507 hoc
2393 2451 2492 2506 fuit
2537 2462 2589 2507 et
2633 2452 2824 2508 beatus
2864 2453 3096 2520 Pambo,
3147 2463 3446 2524 praeceptor

1855 2539 2091 2594 Dioscuri
2119 2541 2207 2610 qui
2239 2551 2422 2608 postea
2455 2543 2739 2612 episcopus
2773 2544 3049 2599 ordinatus
3080 2553 3188 2606 est.
3223 2553 3276 2600 et
3305 2545 3437 2600 Am-

1853 2632 2086 2694 monius.
2116 2644 2169 2687 et
2201 2633 2454 2697 Joannes,
2491 2636 2684 2690 fratres
2715 2637 3004 2702 Dracontii,
3033 2637 3129 2690 viri
3157 2635 3440 2690 mirabilis.

1855 2723 1950 2779 llic
1976 2733 2154 2780 autem
2185 2727 2385 2782 Pambo
2417 2727 2646 2782 habebat
2674 2730 2723 2782 in
2756 2730 3041 2783 sanctitate
3062 2739 3117 2784 et
3147 2730 3438 2784 virtutibus

1853 2814 2045 2870 famam
2076 2833 2342 2886 magnam,
2375 2831 2427 2874 et
2468 2819 2539 2872 ita
2572 2829 2689 2873 erat
2720 2829 3061 2888 contemptor
3106 2821 3220 2874 auri
3263 2831 3316 2876 et
3349 2835 3440 2872 ar—

1851 2909 2026 2975 genti,
2067 2918 2124 2962 ut
2153 2925 2279 2962 vera
2326 2909 2569 2978 deposcit
2601 2912 2758 2964 ratio.
2806 2911 3046 2981 Denique
3085 2913 3265 2966 retulit
3309 2911 3438 2965 mihi

1851 2998 2007 3054 beata
2050 3001 2316 3066 Melania,
2369 3003 2489 3070 quia
2540 3004 2590 3056 in
2624 3004 2808 3071 primis
2861 3020 2981 3058 cum
3032 3005 3338 3058 advenisset
3376 3007 3443 3057 de

1856 3090 2026 3145 Roma
2058 3093 2110 3145 in
2143 3093 2548 3160 Alexandriam,
2578 3104 2632 3148 et
2658 3095 2896 3150 audisset
2924 3097 2989 3150 de
3013 3096 3130 3164 ejus
3153 3096 3440 3150 virtutibus

1855 3181 2118 3237 lsidorum
2165 3186 2487 3239 referentem
2516 3227 2531 3250 ,
2578 3186 2666 3254 qui
2696 3187 2857 3240 etiam
2886 3197 2937 3241 ct
2964 3188 3209 3255 perduxit
3238 3202 3354 3241 eam
3388 3189 3440 3241 in

1853 3272 2205 3329 solitudinem
2234 3274 2299 3328 ad
2331 3275 2652 3330 visitandum
2698 3290 2912 3332 sanctus
2964 3280 3172 3334 Patres.
3219 3280 3442 3333 Dicebat

1847 3380 1974 3435 ergo
1998 3377 2180 3422 sancta
2212 3369 2437 3424 Melania
2462 3389 2474 3425 :
2501 3370 2632 3439 Quia
2665 3373 2832 3427 obtuli
2863 3373 2914 3426 ci
2946 3374 3154 3443 argenti
3186 3372 3434 3426 aerarium

1850 3469 2210 3516 trecentarum
2245 3463 2499 3519 librarum
2521 3507 2536 3531 ,
2569 3466 2869 3534 deprecans
2906 3482 3061 3532 eum,
3095 3475 3150 3518 ut
3180 3465 3248 3520 de
3280 3467 3441 3520 rebus

1846 3551 1980 3605 meis
2011 3553 2280 3621 acciperet
2317 3555 2384 3609 ad
2413 3563 2742 3626 erogandum
2784 3557 3132 3627 pauperibus.
3156 3556 3277 3626 Ipse
3308 3571 3435 3611 vero

1845 3643 2070 3697 sedebat
2110 3654 2164 3698 et
2214 3647 2431 3702 texebat
2478 3647 2544 3702 de
2593 3649 2734 3704 foliis
2783 3653 3082 3718 palmarum
3132 3648 3437 3718 sportellas.

1849 3733 2130 3788 Benedixit
2159 3745 2337 3791 autem
2386 3753 2470 3792 me
2492 3779 2507 3804 ,
2552 3739 2738 3793 dicens
2771 3757 2783 3791 :
2821 3739 3084 3793 Dominus
3114 3739 3254 3792 Deus
3284 3737 3440 3792 retri-

1846 3824 1975 3878 buat
2001 3825 2093 3879 tibi
2125 3828 2452 3881 mercedem.
2480 3827 2546 3881 Et
2573 3829 2712 3881 dixit
2743 3829 3104 3896 dispensatori
3133 3844 3230 3882 suo
3259 3827 3436 3882 Theo-

1846 3916 2013 3972 doro:
2043 3917 2268 3986 Suscipe
2319 3932 2374 3974 et
2401 3920 2651 3990 dispensa
2679 3922 2790 3976 ι)ωο
2817 3925 2867 3976 in
2896 3924 3038 3977 omni
3065 3923 3255 3994 Lybia,
3287 3932 3340 3978 et
3370 3924 3425 3979 in

1845 4010 2038 4064 insulis
2068 4011 2318 4066 fratribus
2338 4053 2353 4078 ,
2384 4013 2499 4069 haec
2538 4016 2683 4069 enim
2732 4019 3054 4071 monasteria
3098 4011 3267 4087 magis
3298 4016 3438 4072 indi-

1843 4109 1989 4168 gent.
2023 4100 2388 4172 Praecepitque
2416 4105 2467 4159 ei
2501 4106 2630 4159 nulli
2674 4107 2726 4160 in
2755 4107 2990 4177 Aigypto
3016 4109 3172 4172 dare,
3199 4123 3264 4163 eo
3295 4109 3437 4179 quod

1844 4192 2203 4247 abundantior
2232 4205 2377 4251 esset
2399 4197 2700 4266 provincia.
2729 4200 2842 4269 Ego
2873 4209 3054 4254 autem
3095 4201 3304 4253 stabam
3337 4215 3438 4255 ex-

1842 4292 2090 4349 spectans
2137 4285 2289 4354 quasi
2339 4287 2591 4342 honorari
2643 4298 2699 4344 et
2749 4290 3033 4359 glorificari
3083 4306 3246 4360 super
3283 4290 3428 4360 quod

1844 4375 2171 4429 obtuleram.
2207 4377 2274 4430 Et
2310 4379 2441 4432 nihil
2472 4379 2693 4435 audiens
2720 4382 2789 4433 ab
2835 4397 2935 4447 eo,
2979 4382 3087 4435 dixi
3116 4399 3127 4434 :
3159 4382 3229 4436 Ut
3257 4382 3395 4436 scias
3417 4425 3431 4448 ,

1846 4466 2079 4532 domine,
2105 4477 2360 4537 quantum
2385 4480 2487 4536 est,
2523 4474 2774 4541 quoniam
2805 4482 3039 4530 trecenta
3078 4474 3255 4542 pondo
3280 4483 3424 4527 sunt.

149 4539 371 4591 modum
402 4538 534 4593 dixit
565 4541 817 4611 Evagrius
846 4545 911 4598 ad
942 4546 1283 4602 Ammonium
1310 4593 1322 4615 ,
1363 4554 1509 4620 quasi
1544 4568 1738 4620 expro-
1772 4533 1817 4589 υ
1847 4558 1963 4626 Ipse
1993 4574 2119 4615 vero
2149 4575 2248 4615 nec
2278 4563 2570 4630 respiciens
2599 4579 2683 4618 me
2709 4604 2722 4625 ,
2772 4564 3047 4634 respondit
3085 4564 3303 4619 dicens:
3335 4563 3432 4618 Cui

145 4628 356 4681 brando
405 4629 452 4682 ei
503 4631 624 4699 quia
671 4648 854 4688 aurem
906 4636 1006 4689 sibi
1065 4638 1356 4693 inciderat:
1388 4641 1503 4695 Non
1554 4643 1731 4711 limes,

145 4717 359 4787 inquit,
395 4733 554 4788 grave
585 4733 894 4788 peccatum;
925 4726 1044 4793 quia
1076 4737 1132 4780 ut
1169 4745 1275 4783 non
1305 4732 1608 4798 susciperes
1641 4747 1730 4786 Sa-

146 4812 471 4876 cerdotium,
501 4829 681 4869 aurem
713 4816 804 4870 tibi
835 4817 1145 4872 abscidisti?
1176 4820 1527 4890 Respondens
1555 4833 1731 4881 autem

144 4909 488 4974 Ammonius,
517 4910 648 4966 dixit
676 4913 724 4966 ei
754 4929 768 4966 :
805 4912 1070 4981 Deprecor
1102 4924 1151 4970 te
1172 4957 1186 4982 ,
1221 4927 1275 4969 ut
1301 4933 1493 4973 exores
1524 4935 1619 4985 pro
1649 4937 1734 4976 me

143 4999 210 5052 ad
245 4999 550 5066 Dominum,
581 5012 637 5055 ut
666 5002 733 5057 de
757 5003 875 5058 aliis
907 5009 1140 5074 peccatis
1179 5008 1310 5062 meis
1340 5009 1724 5080 indulgentiam

143 5091 391 5158 accipere
412 5107 646 5160 merear;
680 5111 802 5149 nam
829 5096 895 5150 de
918 5097 1018 5151 hac
1046 5100 1281 5154 admisso
1304 5117 1406 5156 non
1435 5103 1592 5158 valde
1617 5114 1730 5158 tur-

143 5182 302 5234 batur
331 5183 540 5237 animus
568 5200 738 5240 meus.
775 5187 1149 5245 Verumtamen
1204 5202 1255 5246 te
1298 5193 1466 5262 magis
1516 5207 1729 5264 oportet

144 5275 339 5328 timere
369 5283 423 5329 et
452 5276 861 5335 sollicitudinem
887 5297 1071 5349 gerere
1097 5327 1109 5350 ,
1151 5284 1242 5352 qui
1281 5285 1520 5340 eruditus
1552 5302 1611 5343 es
1641 5303 1728 5344 se-

137 5365 377 5418 cundum
409 5369 589 5422 sarculi
617 5371 955 5440 sapientiam,
979 5386 1030 5428 ct
1057 5384 1256 5431 tantam
1285 5379 1563 5434 scientiam
1587 5379 1725 5434 divi-

137 5471 332 5510 narum
382 5458 777 5529 Scripturarum
831 5466 1025 5534 habes,
1077 5485 1234 5538 quam
1284 5471 1375 5526 Dei
1425 5473 1594 5543 gratia
1637 5474 1729 5529 tibi

135 5550 390 5616 contulit,
417 5553 557 5608 unde
577 5570 773 5623 .posscs
797 5559 990 5614 multos
1018 5564 1240 5631 populos
1268 5567 1501 5634 erudire,
1538 5578 1588 5621 et
1617 5567 1726 5622 ele-

135 5640 261 5708 gisti
285 5643 455 5712 magis
477 5647 528 5698 in
561 5649 725 5702 eremi
750 5650 1030 5707 solitudine
1059 5655 1269 5724 degere.
1304 5657 1369 5711 Et
1395 5673 1493 5727 ego
1511 5657 1725 5726 quidem

211 5772 229 5804 ⁸
265 5772 331 5827 Et
358 5773 615 5842 Evagrius
643 5789 696 5836 et
727 5782 1036 5844 Ammonius
1059 5789 1360 5856 Origcnista
1391 5791 1490 5848 fuit

1844 4650 2080 4704 obtulisti
2105 4649 2241 4718 haac,
2264 4652 2389 4719 filia,
2417 4668 2644 4722 pensare
2665 4670 2798 4723 opus
2821 4671 2926 4710 non
2956 4655 3138 4709 habet.
3160 4655 3258 4722 Qui
3284 4655 3427 4709 enim

1847 4751 2032 4808 pensat
2059 4752 2266 4798 montes
2295 4753 2348 4798 et
2377 4760 2590 4800 omnem
2630 4747 2825 4800 molem
2873 4759 3034 4800 tcrrte
3081 4746 3258 4814 (Isaia:
3296 4746 3426 4816 xc),

1843 4835 2011 4886 multo
2061 4836 2288 4904 amplius
2335 4837 2483 4891 novit
2530 4838 2882 4906 quantitatem
2917 4837 3074 4905 hujus
3104 4837 3334 4906 argenti.
3370 4836 3428 4892 Si

1843 4927 1984 4982 enim
2015 4928 2145 4981 mihi
2178 4929 2277 4983 hoc
2304 4929 2570 4996 dedisses,
2601 4930 2738 4984 bene
2768 4929 2896 4983 mihi
2921 4929 3131 4984 diceres
3162 4938 3422 4998 quantum

1839 5029 1948 5084 est;
1980 5020 2025 5074 si
2051 5032 2225 5076 autem
2251 5023 2360 5076 Deo
2381 5022 2642 5090 obtulisti,
2670 5023 2760 5077 ille
2780 5021 2873 5092 qui
2896 5022 3070 5077 vidua:
3091 5021 3297 5078 minuta
3319 5038 3425 5078 non

1840 5111 2086 5178 despexit
2114 5115 2359 5183 pauperis
2389 5113 2580 5185 (Marci
2615 5114 2738 5185 xu),
2780 5129 2880 5170 nec
2922 5123 3067 5169 tuam
3097 5115 3424 5172 oblationem

1841 5202 2013 5257 tradet
2039 5203 2317 5258 oblivioni.

1910 5295 1980 5348 lta
2013 5311 2140 5363 ergo
2170 5297 2487 5366 gubernavit
2529 5312 2594 5353 ac
2632 5296 2968 5365 dispensavit
3017 5298 3273 5355 Dominus
3299 5340 3314 5364 ,
3367 5309 3428 5355 ut

1837 5387 2048 5456 quando
2076 5389 2314 5457 ingressa
2347 5403 2462 5442 sum
2498 5389 2551 5443 in
2595 5398 2833 5446 montem
2863 5433 2878 5458 ,
2924 5401 3043 5460 post
3083 5405 3278 5460 paucos
3307 5390 3426 5444 dies

1838 5473 2118 5530 defunctus
2145 5486 2228 5532 est
2256 5477 2418 5532 homo
2447 5478 2575 5544 Dei,
2605 5495 2712 5534 non
2754 5479 3054 5535 inﬁrmatus
3080 5522 3095 5548 ,
3130 5481 3224 5535 sed
3250 5493 3412 5548 spor-

1837 5566 2017 5620 tellam
2048 5568 2355 5622 consuendo
2381 5568 2664 5625 defunctus
2692 5579 2776 5626 est
2805 5573 2922 5626 sine
2953 5571 3218 5636 febribus,
3247 5581 3418 5622 anno-

1839 5672 1956 5714 rum
1987 5661 2346 5732 septuaginta.
2377 5661 2597 5716 V’ocavit
2623 5675 2800 5720 autem
2829 5683 2910 5722 me
2943 5665 3261 5730 novissime,
3293 5673 3413 5714 cum

1910 5797 1931 5829 ³
1961 5795 2058 5854 IIic
2083 5797 2190 5856 IIor
2217 5798 2311 5855 fuit
2337 5799 2649 5870 Origenista.
