3982 6354
557 350 660 412 851

1704 344 2051 403 APPENDIX
2089 344 2148 400 Al

2266 341 2423 400 lTAS
2461 343 2762 402 PATRUM.
3734 335 3827 392 353

559 477 970 542 transpungeret
996 466 1278 539 sportellas
1306 474 1361 521 et
1389 464 1706 535 compleret,
1729 473 1785 519 et
1810 462 1945 518 dixit
1966 461 2093 516 mihi
2119 477 2134 539 ς
2168 463 2214 521 Α
2242 458 2507 513 suavitate
2535 458 2636 514 olei
2666 457 2910 514 conditos
2938 454 3107 522 cibos,
3131 461 3186 512 et
3212 468 3308 525 per
3333 454 3681 511 occasionem
3706 466 3822 509 sua-

558 563 784 633 Suscipe
812 564 964 616 istam
994 562 1305 630 sportellatn
1338 558 1405 613 de
1448 558 1695 613 manibus
1724 557 1892 621 meis,
1925 564 1981 609 ttt
2028 569 2140 610 me-

560 670 679 711 mor
703 656 778 710 sis
807 656 945 720 mei;
976 654 1116 708 aliud
1148 654 1287 723 quod
1336 653 1431 707 tibi
1465 652 1762 719 relinquam
1803 665 1907 702 non
1944 648 2135 702 habeo.

561 747 733 815 Quem
780 747 890 815 ipsa
935 744 1206 814 sepelivit,
1234 744 1459 797 sindone
1498 758 1694 811 corpus
1739 742 2058 795 involvens:
2087 747 2143 793 et

561 839 633 895 ita
666 842 777 907 ipsa
801 850 1015 906 egressa
1047 847 1129 889 est
1156 835 1220 889 de
1246 848 1450 888 eremo.
1473 833 1795 899 Sportellam
1820 847 1947 886 vero
1970 845 2141 901 usque

563 932 630 987 ad
662 940 885 985 mortem
920 944 1013 997 pro
1042 926 1412 982 benedictione
1444 926 1543 978 sibi
1575 927 1867 979 reservavit
1962 930 1969 931 ’

636 1023 741 1077 lste
764 1023 947 1074 beatus
975 1018 1170 1074 Pantho
1204 1018 1254 1070 in
1282 1017 1395 1085 ipsa
1425 1018 1554 1070 hora
1578 1017 1660 1069 sui
1683 1018 1883 1078 exitus,
1916 1014 2141 1068 astanti-

566 1112 668 1166 bus
696 1111 922 1164 Macario
953 1109 1266 1178 presbytero
1291 1117 1346 1160 et
1378 1108 1666 1160 Ammonio
1692 1148 1705 1170 ,
1739 1107 1867 1160 viris
1899 1106 2141 1159 nomina-

568 1202 785 1257 tis‘simis
811 1201 861 1253 in
892 1197 1300 1253 c0nversatione
1328 1205 1541 1260 sancta,
1576 1196 1736 1250 etiam
1777 1196 2141 1265 praesentibus

565 1304 621 1349 et
649 1295 767 1348 aliis
798 1293 1070 1356 fratribus,
1096 1292 1199 1345 hoc
1228 1290 1428 1345 dixisse
1452 1289 1764 1360 perhibetur
1792 1308 1806 1345 :
1832 1290 1964 1356 Quia
1990 1305 2056 1344 ex
2079 1305 2146 1344 eo

564 1400 671 1453 quo
698 1386 817 1440 veni
850 1386 901 1439 in
929 1384 1071 1438 hunc
1115 1390 1353 1437 montem
1384 1380 1695 1434 solitudinis
1715 1421 1731 1445 ,
1772 1389 1828 1435 et
1881 1380 2144 1435 aediﬁcavi

565 1478 696 1533 mihi
726 1476 915 1532 cellam
940 1518 955 1541 ,
980 1487 1036 1532 et
1066 1474 1238 1530 mansi
1291 1474 1344 1527 in
1391 1488 1454 1527 ea
1482 1513 1498 1539 ,
1548 1473 1615 1526 de
1662 1472 1843 1526 labore
1893 1486 2146 1525 manuum

564 1586 802 1625 mearum
832 1571 970 1636 vixi,
1001 1579 1055 1625 et
1080 1584 1183 1623 non
1216 1568 1471 1623 recordor
1511 1566 1796 1637 aliquando
1835 1582 1921 1622 me
1951 1581 2145 1636 panem

562 1663 725 1732 gratis
771 1664 1151 1727 manducasse;
1186 1676 1283 1714 nec
1316 1660 1534 1728 paenitet
1566 1674 1651 1713 me
1679 1659 1747 1713 de
1787 1661 1953 1713 verba
2004 1658 2148 1726 quod

561 1749 773 1807 locutus
800 1768 919 1806 sum
953 1767 1119 1821 usque
1147 1751 1199 1805 in
1230 1752 1364 1805 hinc
1395 1751 1602 1815 horam,
1633 1759 1688 1806 et
1715 1750 1788 1804 ita
1828 1749 1966 1805 vado
1997 1751 2145 1820 quasi

563 1859 707 1900 nunc
741 1844 1004 1914 incipiens
1036 1844 1201 1898 Deum
1234 1843 1433 1898 colere.

1172 1933 1396 1989 CAPUT
1444 1934 1527 1987 Vl.

720 2025 797 2080 De
816 2026 977 2079 sancti
1001 2024 1271 2095 Benjamin
1302 2023 1583 2093 hydropico
1614 2024 2003 2092 patientissima.

634 2118 689 2171 in
714 2119 813 2173 hoc
843 2129 1022 2173 mante
1051 2118 1231 2172 Nitriae
1265 2117 1538 2187 Benjamin
1578 2119 1792 2185 quidam
1825 2130 1908 2173 est
1939 2117 2141 2188 (flera-

561 2212 712 2276 clid.,
740 2227 850 2282 cap.
883 2212 939 2279 2)
962 2254 975 2277 ,
1011 2219 1227 2265 sanctus
1255 2209 1351 2275 vir,
1387 2210 1474 2279 qui
1517 2212 1646 2264 vixit
1685 2226 1853 2279 usque
1893 2212 1960 2265 ad
1987 2220 2146 2266 octo-

566 2304 710 2374 ginta
761 2319 933 2357 annos
983 2304 1520 2368 abstinentissimus,
1571 2313 1625 2357 et
1674 2304 1907 2358 studium
1959 2320 2150 2373 gerens

561 2397 702 2451 circa
730 2394 952 2449 virtutes
973 2395 1156 2449 animi.
1185 2394 1517 2448 Consecutus
1540 2404 1620 2449 est
1647 2405 1826 2450 autem
1862 2413 1887 2449 a
1924 2397 2150 2455 Domino

560 2489 784 2558 gratiam
809 2489 1134 2553 sanitatum;
1167 2497 1221 2540 et
1250 2488 1294 2542 si
1328 2488 1410 2540 cui
1446 2502 1634 2541 manus
1678 2488 2023 2555 imponebat,
2062 2498 2150 2545 aut

562 2578 737 2632 oleum
770 2578 1108 2632 benedictum
1137 2578 1319 2643 dabat,
1349 2577 1526 2631 omnis
1557 2578 1624 2631 ah
1655 2594 1719 2633 eo
1749 2579 2030 2633 inﬁrmitas
2063 2597 2151 2636 re-

565 2669 882 2737 pellebatur.
913 2671 1080 2740 988
1110 2669 1205 2724 llic
1236 2672 1413 2739 itaque
1442 2670 1531 2739 qni
1566 2679 1721 2724 tantae
1751 2672 1936 2741 gratiae
1961 2672 2153 2740 dignus

560 2761 776 2817 habitus
802 2772 905 2826 est,
934 2779 1056 2817 ante
1086 2772 1209 2817 octo
1238 2779 1448 2817 menses
1474 2767 1662 2817 mortis
1685 2779 1795 2818 sum
1823 2765 2148 2835 hydropicus

560 2853 729 2908 factus
758 2862 861 2916 est,
896 2863 949 2907 et
976 2854 1025 2907 in
1062 2863 1264 2907 tantum
1295 2868 1492 2922 corpus
1524 2853 1641 2923 ejus
1674 2856 1893 2924 tumuit,
1930 2866 1983 2909 ut
2014 2856 2151 2912 aite-

560 2962 677 3003 rum
707 2947 809 3002 Joh
836 2959 1073 3017 putares.

630 3040 934 3092 Assutnens
982 3053 1111 3107 ergo
1159 3052 1258 3092 nos
1307 3037 1496 3093 beatus
1547 3039 1851 3105 Macarius,
1894 3040 1983 3109 qui
2026 3048 2153 3096 tunc

559 3138 674 3183 erat
704 3130 985 3197 presbyter
1016 3130 1066 3181 in
1099 3139 1277 3182 monte
1311 3128 1527 3196 Nitriae,
1580 3145 1666 3185 me
1706 3141 1760 3185 et
1803 3130 2147 3186 Theodorum

2246 550 2324 603 vis
2350 548 2643 604 conditurae
2672 549 2962 619 compellar
2984 548 3310 603 descendere
3340 546 3405 601 ad
3433 547 3713 601 civitatem
3736 558 3823 602 sou

2244 639 2308 693 ad
2331 639 2475 693 vicos
2498 656 2678 695 emere
2705 642 2904 700 oleum,
2933 648 2987 693 et
3011 640 3207 694 reverti
3228 639 3293 692 ad
3315 653 3582 702 eremum,
3606 636 3821 691 iterum-

2245 747 2349 801 que
2379 732 2708 787 descendere
2738 742 2791 787 et
2821 734 3009 787 reverti
3041 733 3105 786 ad
3134 732 3381 786 cellulam
3418 746 3620 799 meam,
3654 741 3710 784 et
3740 746 3828 799 per

2248 824 2383 878 hanc
2408 827 2746 879 occasionem
2772 828 2848 895 (ut
2876 827 3010 892 dixi)
3040 824 3398 879 descendendi
3423 832 3477 877 et
3501 823 3829 878 ascendendi

2248 917 2466 984 incipiat
2496 917 2670 985 vagari
2702 931 2889 971 sensus
2912 932 3061 971 meus
3091 928 3144 971 et
3169 931 3321 970 mens
3351 930 3491 975 mea,
3526 925 3581 968 et
3610 912 3828 981 perdam

2248 1009 2529 1063 utilitatem
2561 1010 2870 1065 secretioris
2910 1010 3054 1063 vitm.
3091 1008 3343 1061 Diabolus
3388 1006 3532 1061 enim
3567 1004 3828 1058 multifor-

2249 1102 2349 1155 mis
2378 1113 2484 1166 e5t,
2516 1111 2569 1155 et
2595 1102 2801 1155 diversa
2832 1106 2963 1158 retia
2996 1103 3129 1157 texit
3175 1111 3231 1156 ut
3266 1103 3441 1170 capiat
3485 1107 3700 1153 mentes
3743 1097 3862 1151 ho-'

2249 1193 2474 1247 mitium.
2509 1194 2671 1263 Igitur
2709 1210 2805 1248 nos
2847 1197 2961 1249 haec
3003 1195 3315 1260 audientes,
3347 1192 3600 1247 admirati
3656 1206 3833 1246 sumus

2251 1284 2583 1354 prudentiam
2614 1295 2667 1339 et
2696 1287 3158 1340 conversationem
3187 1285 3354 1339 sancti
3382 1286 3639 1339 senioris.

2321 1380 2451 1435 ltem
2480 1378 2749 1433 referebat
2780 1379 2933 1434 nobis
2959 1378 3123 1433 abbas
3150 1379 3289 1433 idem
3322 1377 3602 1445 Beniamin
3633 1376 3683 1441 ⁸,
3718 1375 3829 1447 quia

2253 1475 2612 1543 perrexissent
2651 1471 2719 1526 ad
2752 1473 3036 1542 quemdam
3067 1488 3251 1526 senem
3272 1514 3287 1538 ,
3318 1470 3409 1542 qui
3442 1470 3619 1525 tenuit
3648 1485 3744 1523 eos
3770 1470 3830 1523 ad

2252 1565 2618 1627 refectionem,
2647 1574 2697 1617 et
2730 1564 2936 1631 paravit
2965 1561 3070 1616 illis
3099 1563 3361 1617 lenticulas
3388 1563 3570 1618 cibum
3605 1572 3832 1617 coctum.

2252 1655 2391 1709 Misit
2439 1665 2615 1708 autem
2651 1655 2701 1709 in
2733 1654 3067 1708 condituram
3115 1655 3289 1709 oleum
3320 1654 3462 1724 quod
3515 1654 3585 1707 de
3632 1654 3835 1711 seruias

2256 1745 2611 1815 raphanornm
2644 1746 2694 1799 in
2728 1746 2861 1799 locis
2887 1746 2992 1799 illis
3025 1746 3137 1800 fieri
3165 1746 3324 1801 solet.
3357 1747 3466 1800 Nos
3495 1756 3682 1802 autem
3708 1748 3836 1801 dixi-

2183 1836 2228 1896 B
2259 1855 2375 1893 mus
2402 1839 2450 1893 ei
2478 1857 2490 1892 :
2519 1839 2691 1905 Pater,
2728 1841 2897 1909 magis
2926 1839 2993 1894 de
3039 1841 3179 1894 bono
3210 1840 3332 1894 oleo
3360 1841 3515 1896 mitte
3537 1881 3555 1906 ,
3585 1852 3644 1894 ut
3673 1842 3833 1910 possi-

2255 1947 2375 1987 mus
2422 1934 2727 1986 comedere.
2775 1931 2869 1986 llle
2911 1943 3087 1986 autem
3136 1932 3236 1987 hoc
3284 1934 3548 2000 audiens,
3590 1943 3649 1989 et
3694 1936 3837 2002 signo

2253 2022 2428 2076 crucis
2454 2036 2513 2076 se
2541 2023 2760 2091 signans
2784 2064 2797 2085 ,
2833 2022 2974 2076 dixit
3020 2023 3214 2077 nobis:
3247 2022 3312 2077 Et
3351 2033 3436 2076 est
3479 2024 3629 2078 aliud
3666 2025 3834 2079 oleum

2256 2123 2451 2183 prmter
2481 2114 2689 2180 ipsum?
2720 2129 2820 2183 ego
2855 2113 2955 2168 hoc
2987 2129 3255 2183 nunquam
3287 2114 3486 2168 audivi.
3520 2114 3655 2168 Erat
3707 2115 3837 2169 enim

2256 2204 2370 2274 ipse
2395 2204 2578 2259 senior
2624 2219 2688 2259 ex
2739 2205 2956 2258 infantia
3004 2220 3098 2259 sua
3140 2204 3191 2259 in
3229 2220 3412 2260 eremo
3456 2205 3761 2268 enutritus,
3791 2217 3837 2260 et

2253 2309 2470 2362 semper
2496 2297 2794 2363 permansit
2825 2295 2962 2365 apud
2996 2306 3211 2350 sanctos
3251 2296 3491 2349 seniores
3513 2336 3529 2360 ,
3573 2306 3629 2349 et
3675 2309 3836 2367 neque

2255 2386 2308 2441 in
2338 2387 2584 2442 civitates
2615 2402 2787 2459 neque
2815 2388 2867 2442 in
2893 2388 3041 2441 vicos
3068 2387 3355 2457 aliquando
3376 2402 3631 2458 egressus
3655 2399 3757 2443 est.

2859 2498 3086 2555 CAPUT
3129 2500 3239 2554 VII.
3280 2540 3287 2547 .

2256 2592 2334 2649 De
2356 2602 2532 2649 sancto
2551 2594 2848 2663 Apollonio,
2875 2594 2967 2675 qui
2985 2594 3207 2677 quinque
3226 2592 3452 2647 millibus
3478 2594 3836 2677 monachorum

2897 2674 3220 2718 ministravit.
3732 2674 3737 2677 ⁷

2325 2756 2643 2825 Apollonius
2669 2757 2885 2827 quidam
2933 2757 3151 2812 nomine
3193 2754 3455 2822 (Heracl.,
3499 2774 3622 2823 cap.
3658 2756 3749 2827 '5),
3776 2772 3834 2811 ex

2255 2852 2591 2920 negotiatore
2644 2851 2795 2916 fuit,
2852 2850 3269 2918 renuutiansqwe
3333 2849 3520 2902 saeculi
3594 2850 3835 2910 actibus,

2254 2952 2310 2998 et
2362 2957 2655 2997 conversus
2711 2943 2779 2996 ad
2835 2942 3111 2996 servitium
3165 2941 3410 3008 Christi,
3465 2941 3734 2994 habitavit
3795 2942 3837 2993 in

2253 3043 2437 3088 monte
2482 3034 2702 3097 Nitriae,
2751 3048 2925 3101 neque
2973 3043 3141 3087 artem
3193 3032 3403 3087 discere
3436 3035 3633 3101 potuit,
3680 3047 3839 3101 neque

2254 3140 2446 3180 vacare
2502 3128 2553 3180 in
2599 3124 2896 3179 scribendis
2937 3124 3089 3179 libris
3147 3139 3255 3193 prae
3309 3132 3615 3177 senectute.
3655 3121 3837 3175 Vivens

559 3237 624 3277 ac
652 3222 1012 3287 Macariolum,
1036 3221 1170 3276 dixit
1193 3223 1385 3279 nobis:
1416 3222 1627 3288 Venite,
1659 3234 1713 3278 et
1747 3223 1921 3278 videte
1945 3240 2142 3279 novum
2176 3203 2222 3265 (ἶ
2255 3225 2433 3271 autem
2477 3217 2530 3271 in
2573 3217 2882 3286 supradicto
2922 3227 3104 3271 monte
3145 3216 3329 3284 viginti
3381 3217 3623 3285 Quinque
3665 3218 3833 3276 anuis.

561 3313 682 3377 Job,
717 3314 768 3368 in
798 3324 945 3377 tanto
969 3322 1176 3368 tumore
1202 3314 1444 3383 corporis
1469 3322 1524 3369 et
1548 3316 1799 3382 passione
1826 3313 2142 3381 insanabili,

562 3405 880 3461 immensam
909 3405 1197 3474 gratiarum
1227 3406 1488 3459 actionem
1519 3406 1627 3461 Deo
1665 3422 1880 3474 semper
1914 3408 2146 3463 redden-

562 3506 692 3552 tem.
741 3498 1017 3553 Abeuntes
1047 3511 1173 3565 ergo
1204 3497 1432 3550 vidimus
1473 3512 1594 3551 eum
1642 3498 1694 3551 in
1746 3509 1894 3551 tanto
1938 3510 2147 3555 tumore

562 3588 827 3659 Corporis,
860 3599 917 3644 ut
960 3603 1067 3642 non
1102 3596 1280 3658 posset
1320 3587 1515 3657 digitus
1547 3604 1735 3643 manus
1781 3589 1935 3645 alteri
1981 3590 2149 3659 digito

564 3681 836 3751 conjungi.
868 3680 1140 3735 lntuentes
1177 3688 1355 3734 autem
1398 3682 1533 3735 hanc
1555 3681 1861 3749 passionem
1888 3684 2149 3739 crudelis-

563 3776 776 3843 simam,
810 3775 994 3830 oculos
1018 3773 1412 3829 avertebamns.
1443 3774 1592 3828 Tunc
1619 3773 1749 3828 dicit
1780 3775 1935 3829 nobis
1959 3776 2149 3832 beatus

565 3868 841 3938 Benjamin
867 3884 881 3920 :
911 3868 1094 3933 Orate,
1126 3868 1298 3934 filioli,
1331 3878 1384 3921 ut
1417 3883 1522 3921 non
1556 3868 1780 3922 interior
1808 3868 1969 3925 homo
1995 3885 2147 3925 meus

566 3959 887 4030 hydropicus
920 3960 1034 4024 fiat,
1063 3960 1161 4014 iste
1185 3969 1361 4013 autem
1390 3975 1488 4014 nec
1519 3959 1655 4033 bene
1682 3963 1889 4029 patiens
1918 3962 2143 4031 profuit,

564 4064 665 4105 nec
694 4051 832 4104 male
863 4051 1063 4118 patiens
1096 4051 1297 4105 nocuit.
1334 4052 1434 4106 Per
1460 4061 1582 4106 octo
1619 4068 1745 4122 ergo
1776 4068 1988 4125 menses
2012 4056 2149 4121 sella

566 4144 614 4197 ei
660 4144 956 4213 ponebatur
1007 4144 1180 4210 latior,
1237 4145 1290 4198 in
1338 4161 1442 4214 qua
1493 4146 1882 4204 incessabiliter
1934 4150 2153 4205 sedebat

569 4241 787 4303 propter
818 4234 1048 4301 reliquas
1078 4236 1317 4302 corporis
1350 4236 1696 4291 necessitates
1721 4256 1736 4301 ;
1767 4255 1867 4293 nec
1897 4242 2040 4295 enim
2065 4240 2151 4311 ja-

566 4339 692 4379 cere
745 4334 973 4395 poterat.
1023 4324 1079 4379 ln
1130 4326 1229 4379 hac
1273 4336 1449 4381 tamen
1484 4328 1729 4395 passione
1771 4331 1977 4399 positus
2017 4333 2152 4386 alios

567 4418 809 4472 sanabat.
844 4417 1157 4473 Necessarie
1204 4428 1381 4475 autem
1422 4421 1789 4476 enarravituus
1844 4424 2147 4490 passionem

568 4509 728 4574 hanc,
759 4519 816 4563 ut
846 4526 949 4564 non
978 4511 1382 4577 conturbemur,
1412 4513 1457 4565 si
1490 4514 1704 4581 quando
1736 4514 1913 4581 aliqua
1944 4517 2151 4583 gravis-

2253 3312 2353 3365 hoc
2418 3311 2601 3365 habuit
2655 3310 2923 3375 studium,
2982 3320 3041 3363 ut
3094 3325 3157 3365 ex
3206 3309 3439 3379 propriis
3493 3309 3740 3376 pecuniis
3793 3319 3835 3361 et

2252 3404 2363 3457 suis
2388 3403 2660 3458 laboribus
2688 3403 2865 3475 omnia
2900 3401 3117 3455 cellaria
3145 3410 3483 3468 compararet
3511 3398 3580 3453 de
3611 3399 3834 3453 Alexan.

2255 3495 2400 3563 dria,
2435 3498 2569 3551 etin
2600 3496 2746 3549 omni
2795 3495 3131 3550 fraternitate
3179 3494 3521 3573 miniSIrabat
3572 3493 3837 3548 infirman-

2256 3591 2397 3645 tibus
2445 3609 2457 3642 :
2505 3600 2560 3645 et
2603 3598 2719 3644 erat
2769 3590 2957 3644 videns
2997 3603 3090 3642 eos
3131 3603 3161 3641 a
3206 3588 3377 3656 prima
3419 3587 3542 3641 luce
3589 3603 3758 3656 usque
3784 3587 3837 3640 ad

2256 3682 2441 3736 horam
2508 3696 2745 3748 nonam,
2798 3697 2895 3750 per
2932 3681 3140 3750 singula
3191 3681 3325 3733 ostia
3368 3679 3682 3749 ingrediens
3734 3695 3836 3733 mo-

2257 3773 2567 3837 nasteriola,
2622 3789 2688 3827 ne
2748 3773 2867 3842 quis
2907 3772 3047 3827 forte
3093 3773 3319 3842 jac-etet.
3369 3771 3629 3825 Portabat
3677 3781 3836 3825 autem

2257 3881 2411 3921 uvam
2455 3880 2696 3933 passam,
2744 3866 2880 3919 mala
2922 3873 3180 3936 grauata,
3232 3873 3285 3919 et
3330 3865 3532 3918 similia
3587 3881 3712 3933 qua:
3760 3865 3833 3918 in-

2256 3956 2424 4012 firmis
2467 3956 2767 4011 necessaria
2811 3965 2956 4011 sunt.
3003 3957 3148 4010 llanc
3198 3956 3439 4011 exercuit
3482 3958 3837 4010 c0nversatio-

2257 4065 2377 4103 nem
2432 4049 2484 4103 in
2541 4058 2820 4106 senectute
2873 4064 2991 4103 soa.
3042 4049 3142 4115 Qui
3194 4051 3428 4104 moriens
3470 4048 3713 4102 similem
3751 4048 3836 4101 sibi

2256 4141 2543 4211 dereliquit
2565 4141 2997 4210 apothecarittm,
3034 4157 3227 4211 rogans
3266 4157 3388 4195 eum
3423 4142 3564 4194 hanc
3591 4153 3836 4195 exercere

2256 4234 2799 4298 administrationem;
2833 4235 3067 4303 quinque
3095 4234 3234 4287 enim
3276 4232 3502 4286 millium
3557 4232 3839 4285 monacho-

2259 4345 2374 4382 rum
2402 4326 2749 4381 habitantium
2784 4329 2834 4381 in
2861 4338 3041 4381 monte
3073 4328 3375 4381 necessaria
3398 4336 3513 4379 erat
3548 4324 3675 4378 talis
3701 4322 3839 4377 mini.

2261 4420 2479 4484 stratio;
2513 4429 2787 4489 propterea
2810 4421 2951 4488 quod
2981 4435 3193 4473 oremus
3222 4426 3367 4472 esset
3397 4417 3546 4471 locus
3579 4416 3691 4471 ille.

2850 4508 3078 4563 CAPUT
3122 4507 3253 4561 νιιι.

569 4606 703 4659 sima
735 4603 993 4672 aegritudo
1023 4604 1149 4657 viris
1175 4603 1335 4673 justis
1364 4579 1625 4658 evenerit.
1662 4579 1923 4658 Defuncto
1947 4579 2150 4660 vatttem
2190 4579 2232 4634 υ
2267 4601 2341 4655 De
2368 4611 2543 4655 sancio
2578 4600 2868 4653 Nat/tunae!
2896 4641 2909 4662 .
2941 4610 2986 4652 el
3017 4608 3335 4653 lentamenlts
3372 4599 3485 4668 eius
3535 4615 3569 4651 α
3604 4597 3839 4651 demoue-

570 4710 658 4763 eo,
693 4698 855 4752 limen
887 4699 952 4751 de
981 4703 1119 4752 ostio
1147 4700 1383 4754 tulerunt
1408 4710 1460 4753 et
1488 4710 1688 4768 postes,
1721 4712 1777 4752 ut
1812 4712 1993 4768 posset
2025 4718 2153 4758 cor-

568 4806 666 4861 pus
694 4792 811 4859 ejus
841 4792 1039 4846 elTerri.
1074 4792 1275 4846 Tantus
1301 4804 1413 4845 erat
1445 4802 1619 4846 tumor
1647 4794 1911 4861 corporis.

642 4884 927 4940 Referebat
969 4887 1133 4939 abbas
1170 4884 1442 4953 Betijamin
1476 4885 1493 4916 ί
1528 4901 1541 4937 :
1574 4885 1705 4952 Quia
1752 4886 1981 4953 quodam
2016 4895 2151 4941 tem-

572 4990 703 5044 pore
753 4992 851 5046 ego
894 4987 947 5031 et
1000 4977 1276 5049 presbyter
1331 4978 1399 5029 de
1451 4975 1615 5029 tlellia
1671 4977 2028 5044 applicuimus
2086 4981 2151 5033 ad

573 5068 857 5138 quemdam
897 5072 1205 5137 seniorem,
1254 5070 1581 5137 habitantem
1622 5071 1673 5124 in
1706 5087 1892 5125 eremo
1928 5071 2148 5142 Scytlti,

572 5172 627 5214 et
654 5163 941 5217 obtulimus
981 5164 1027 5216 ei
1060 5164 1324 5216 modicum
1354 5163 1482 5216 olei.
1519 5162 1609 5216 Ille
1651 5174 1826 5227 autem
1854 5164 2011 5222 dixit
2059 5180 2154 5217 tto-

576 5251 695 5306 bis:
731 5252 869 5307 Ecce
896 5253 1021 5306 illud
1054 5253 1321 5307 modicum
1354 5254 1646 5315 vasculum,
1671 5254 1808 5321 quod
1839 5264 1961 5309 ante
1992 5257 2157 5309 trien-

575 5344 723 5400 Itium
753 5344 942 5399 deditsti
991 5344 1118 5397 milti
1140 5384 1153 5409 ,
1187 5345 1266 5400 sic
1297 5347 1510 5415 plenum
1544 5355 1724 5398 tuanet
1765 5360 1932 5414 usque
1975 5346 2154 5399 hodie.

576 5437 683 5493 Nos
707 5448 884 5491 autem
916 5436 1029 5492 inec
1056 5437 1333 5492 audientes
1353 5480 1367 5503 ,
1400 5438 1631 5492 diximus
1658 5456 1669 5493 :
1707 5438 1771 5492 Et
1802 5448 2151 5507 quapropter,

582 5531 756 5595 l’ater,
790 5531 870 5583 vel
903 5530 955 5583 in
984 5530 1172 5584 diebus
1204 5532 1347 5584 festis
1375 5549 1478 5586 non
1509 5532 1732 5598 gustasti
1763 5530 1828 5585 de
1858 5530 1975 5600 ipso
2002 5532 2161 5585 oleo?

577 5622 644 5679 Et
673 5622 1002 5693 respondens
1027 5667 1042 5693 ,
1075 5623 1210 5679 dixit
1234 5625 1425 5681 nobis:
1456 5625 1581 5680 ideo
1614 5624 1890 5695 percipere
1922 5625 2064 5679 nolui
2091 5641 2155 5681 ex

575 5732 666 5786 eo,
713 5734 780 5773 tte
828 5716 963 5774 forte
1005 5717 1336 5775 consuetudo
1366 5719 1493 5774 mihi
1530 5719 1656 5786 fiat,
1697 5728 1751 5776 et
1795 5720 2065 5791 requiram
2091 5719 2156 5775 de

651 5830 671 5865 ‘
702 5831 862 5890 Deest
889 5832 1175 5893 Heraclidi.
1208 5833 1408 5905 Pelag.,
1437 5832 1596 5890 libell.
1628 5850 1701 5902 ιν,
1734 5849 1788 5889 n.
1819 5833 1905 5891 12.

2337 4696 2454 4750 Fuit
2485 4697 2621 4749 alios
2661 4696 2874 4761 quidam
2916 4694 2985 4747 de
3023 4694 3255 4761 antiquis
3284 4691 3597 4755 monachis,
3630 4692 3837 4745 nomine

2264 4786 2554 4843 Nathanael
2589 4785 2907 4856 (I-Icracfid.,
2941 4802 3056 4855 cap.
3090 4785 3168 4853 5).
3196 4783 3345 4837 Hunc
3374 4797 3476 4851 ego
3498 4800 3605 4837 non
3638 4785 3840 4847 inveni;

2266 4880 2699 4936 transieratenim
2725 4885 2790 4933 de
2813 4894 3039 4945 corpore
3065 4888 3189 4931 ante
3212 4875 3496 4930 adventum
3524 4890 3707 4930 meum
3732 4883 3843 4930 ante

2262 4990 2429 5028 annos
2476 4973 2815 5043 quindecim;
2864 4987 2958 5025 eos
3007 4980 3187 5025 autem
3239 4971 3329 5040 qui
3372 4972 3687 5025 conversati
3730 4979 3842 5023 sunt

2261 5083 2380 5122 cum
2412 5083 2499 5127 eo,
2532 5066 2726 5120 Inveni.
2760 5064 3081 5132 Interrogavi
3111 5073 3285 5118 autem
3316 5078 3409 5116 eos
3440 5063 3696 5116 virtutem
3727 5061 3835 5115 viri.

2262 5159 2623 5219 Ostenderunt
2647 5165 2823 5211 autem
2856 5156 3074 5213 etimihi
3104 5156 3292 5209 cellam
3321 5154 3437 5221 eius
3469 5155 3520 5208 in
3557 5169 3665 5222 qua
3706 5151 3840 5205 habio

2267 5263 2468 5305 laverat
2492 5294 2505 5315 ,
2547 5252 2641 5305 sed
2674 5260 2798 5305 tunc
2828 5250 3006 5304 nullus
3038 5249 3312 5302 habitabat
3340 5248 3391 5299 in
3420 5262 3480 5301 ea
3506 5288 3522 5312 ,
3563 5256 3835 5315 propterea

2266 5347 2405 5411 quod
2440 5345 2654 5412 protiior
2675 5351 2819 5397 esset
2843 5342 3050 5396 cuidam
3078 5340 3195 5395 vico
3214 5339 3652 5394 cohabitantihus
3682 5354 3838 5393 saecu-

2269 5435 2486 5490 laribus.
2518 5435 2608 5489 Ille
2634 5438 2774 5489 enim
2800 5450 2916 5488 eam
2945 5445 3068 5489 tunc
3098 5432 3412 5495 cnnstruxit,
3445 5430 3662 5498 quando
3684 5430 3842 5484 rario-

2266 5540 2351 5581 res
2378 5537 2531 5580 erant
2558 5527 2695 5580 servi
2736 5527 2845 5591 Dei,
2877 5526 2966 5596 qui
2995 5525 3238 5579 dicuntur
3264 5520 3634 5589 anachoreta,
3667 5520 3716 5575 id
3742 5527 3839 5585 est,

2266 5620 2353 5691 qui
2387 5619 2643 5674 recedunt
2674 5619 2725 5673 in
2757 5620 3044 5674 secretiora
3076 5617 3246 5673 eremi
3279 5616 3415 5672 loca.

2337 5712 2657 5770 Refet'ebant
2688 5722 2865 5768 autem
2897 5714 3009 5771 ha'c
3037 5712 3101 5771 dc
3124 5727 3211 5782 eo,
3242 5710 3508 5784 praecipue
3560 5707 3687 5779 quia
3727 5713 3839 5762 tau-

2335 5831 2353 5861 '
2387 5830 2546 5885 Deest
2572 5825 2854 5885 Heraclidi.
