3982 6354
175 262 288 321 353

181 479 394 524 veretur
420 483 450 522 τι
481 468 754 537 proposito
775 482 897 521 suo.
944 468 999 527 In
1029 468 1223 537 quibus
1271 467 1458 521 illusus
1490 468 1541 520 in
1573 458 1763 535 primis

174 562 245 615 ab
273 577 340 614 eo
370 562 456 628 qui
478 576 665 616 omnes
696 560 917 616 illudere
949 560 1161 615 festinat
1189 571 1241 612 et
1270 560 1464 627 decipit
1493 560 1760 623 daemone,

173 653 340 706 taedio
359 654 587 722 quodam
610 668 921 721 oppressus,
953 667 1201 721 egressus
1222 663 1299 706 est
1321 653 1387 705 de
1412 653 1576 717 prima
1601 652 1759 719 cella,
1798 728 1799 731 η

174 750 232 795 et
289 744 442 797 aliam
491 745 793 798 construxit
847 744 950 796 sibi
1010 758 1173 812 prope
1226 744 1509 813 quemdam
1562 746 1759 799 vicum.

176 834 465 904 Postquam
493 846 669 890 autem
700 836 922 904 perfecit
950 850 1066 889 eam
1093 877 1107 901 ,
1140 835 1393 889 habitavit
1436 836 1486 889 in
1517 852 1600 890 ea.
1638 835 1764 889 Post

178 935 294 981 tres
322 942 453 981 vero
484 942 696 981 menses
724 926 872 979 affuit
898 926 1104 978 daemon
1143 926 1369 990 quadam
1409 937 1593 989 nocte,
1642 934 1756 979 tau-

176 1032 329 1071 ream
362 1018 440 1085 (2)
469 1028 653 1073 tenens
675 1020 811 1072 sicut
837 1020 1107 1080 carnifex.
1148 1019 1517 1074 indumentum
1559 1019 1761 1075 habens

175 1109 332 1175 quasi
365 1109 548 1162 militis
576 1119 855 1163 consntum
875 1151 888 1171 .
914 1121 967 1165 et
999 1110 1225 1163 faciebat
1267 1112 1519 1178 strepitus
1548 1113 1615 1166 de
1647 1121 1762 1166 tau-

176 1212 272 1251 rea
305 1199 413 1251 illa.
436 1200 513 1252 Ad
545 1215 698 1267 quem
729 1203 801 1252 ait
828 1200 1013 1253 beatus
1039 1200 1334 1254 Nathauael
1363 1220 1375 1253 :
1410 1201 1537 1268 Quis
1576 1217 1635 1257 es
1677 1213 1755 1256 tu.

177 1289 268 1354 qui
292 1287 412 1340 talia
432 1289 709 1354 praesumis
723 1304 882 1355 super
903 1289 1245 1356 hospitiolum
1271 1307 1445 1344 meum
1467 1292 1490 1345 ?
1519 1292 1740 1359 Respuit-

177 1374 317 1429 dcns
346 1388 518 1431 autem
545 1378 771 1443 daemon,
798 1378 930 1432 dixit
952 1380 1034 1433 ei:
1065 1380 1172 1449 Ego
1195 1395 1313 1434 sum
1342 1384 1430 1450 qui
1456 1382 1524 1436 de
1548 1383 1632 1435 illa
1657 1382 1759 1437 alia

178 1468 313 1521 cella
346 1478 398 1521 te
424 1471 633 1537 expuli,
678 1479 732 1524 et
771 1471 890 1523 veni
936 1478 994 1523 ut
1028 1479 1082 1524 et
1120 1471 1188 1524 de
1235 1471 1331 1524 hac
1361 1484 1411 1525 te
1440 1473 1754 1543 ell'ngareiu.

180 1557 521 1626 Cognoscens
544 1567 717 1614 autem
746 1561 868 1628 quia
893 1561 1076 1615 illusus
1108 1571 1284 1624 esset.
1322 1564 1612 1617 revertitur
1650 1572 1761 1617 sta-

178 1648 277 1701 tim
306 1649 374 1702 ad
404 1651 633 1717 priorem
663 1651 883 1712 cellam;
915 1662 969 1706 et
992 1655 1264 1721 complens
1298 1656 1345 1707 in
1377 1670 1436 1708 ea
1470 1654 1679 1723 triginta
1704 1664 1759 1709 et

175 1746 387 1806 septem
416 1753 607 1805 annos,
636 1757 741 1794 non
767 1742 1010 1798 transivit
1038 1745 1199 1799 limen
1230 1748 1351 1800 ostii
1379 1748 1605 1817 cellulae,
1630 1762 1759 1801 con-

177 1833 407 1887 tendens
435 1842 615 1887 contra
643 1836 962 1890 dxmoncm.

248 1923 349 1989 Qui
386 1933 525 1978 tanta
556 1926 922 1992 adiuveniens,
949 1928 1267 1983 ostendebat
1287 1931 1333 1985 ei
1378 1940 1433 1983 ut
1461 1946 1581 1985 eum
1611 1946 1758 1985 com-

175 2014 408 2081 pelleret
445 2016 621 2083 egredi
648 2059 662 2081 ,
692 2028 890 2086 quanta
923 2019 1131 2072 referre
1156 2021 1286 2073 satis
1322 2021 1537 2091 longum
1568 2033 1666 2076 est.
1700 2023 1758 2077 in

172 2103 371 2171 quibus
402 2104 519 2158 hoc.
546 2106 848 2161 Observans
883 2117 1087 2176 septem
1117 2111 1489 2179 episcoporum
1540 2122 1759 2166 sanctos

173 2208 297 2246 rum
330 2196 561 2249 virorum
591 2199 943 2253 visitationem
966 2241 981 2266 ,
1021 2200 1133 2255 sive
1173 2218 1238 2256 ex
1283 2203 1376 2257 Dei
1405 2205 1759 2272 promissione

173 2284 395 2353 factam,
425 2290 537 2343 sive
567 2305 635 2343 ex
662 2290 953 2347 tentatioue
983 2295 1213 2364 maligni,
1244 2298 1404 2365 paulo
1434 2302 1610 2352 minus
1633 2298 1759 2354 iecit

173 2390 301 2429 eum
330 2379 589 2433 excedere
610 2396 638 2432 a
665 2383 935 2450 proposito
972 2400 1091 2438 suo.
1124 2388 1370 2455 Episcopi
1403 2402 1579 2443 autem
1614 2398 1759 2457 post-

175 2484 339 2535 quam
371 2482 613 2526 orassent
636 2475 989 2542 egredientes,
1016 2493 1120 2530 non
1147 2478 1365 2532 deduxit
1386 2495 1478 2534 eos
1506 2497 1604 2535 nec
1632 2496 1753 2549 pas-

174 2574 295 2613 sum
330 2560 503 2627 pedis.
531 2563 716 2617 Dicunt
740 2567 787 2617 ei
817 2566 1063 2633 ministri,
1097 2568 1144 2619 id
1174 2577 1255 2621 est
1278 2570 1482 2625 diaconi
1514 2587 1527 2623 :
1557 2572 1761 2641 Super-

175 2652 300 2705 bam
336 2670 447 2707 rem
496 2654 697 2719 feciSIi,
742 2666 801 2709 ut
845 2674 948 2711 non
991 2660 1283 2714 deduceres
1309 2662 1610 2731 episcopos.
1643 2665 1758 2732 Ipse

174 2755 357 2796 autem
394 2744 525 2798 dixit
552 2748 631 2801 eis
655 2762 668 2795 :
705 2747 816 2814 Ego
837 2760 891 2802 et
919 2749 1146 2803 dominis
1177 2754 1437 2820 episcopis
1459 2792 1475 2816 ,
1504 2755 1758 2823 omnique

174 2836 380 2887 saculo
407 2846 643 2890 mortuus
668 2854 815 2904 smn;
847 2840 1017 2894 habeo
1047 2842 1186 2894 enim
1219 2843 1483 2897 occultum
1518 2847 1758 2914 preposi-

177 2932 293 2974 tum
342 2923 533 2976 utentis
575 2942 740 2991 mere,
773 2936 826 2980 et
854 2927 954 2981 scit
983 2929 1122 2983 Deus
1166 2945 1259 2983 cor
1304 2946 1512 2999 meum,
1557 2950 1661 3003 qua
1690 2935 1757 2989 de

176 3026 340 3065 causa
369 3029 471 3066 non
499 3015 693 3069 deduxi
717 3032 830 3070 eos.

1471 256 1788 313 PALl.ADl|
1832 257 2191 317 LAUSIACA.

176 384 286 430 tam
319 372 547 429 habebat
576 372 843 444 patientia:
874 372 1121 428 virtutem
1152 371 1206 426 io
1229 370 1386 435 cella,
1420 379 1477 424 ut
1506 385 1612 425 non
1644 384 1761 423 mo-
1793 372 1842 430 Α

2470 376 2696 435 CAPUT
2747 380 2835 436 IX.

1868 486 1945 539 De
1972 486 2073 539 vita
2102 497 2147 539 et
2176 489 2402 561 iniri/Eis
2426 493 2578 561 gestis
2614 493 3048 551 sanctissimo‘rum
3070 502 3294 556 virorum
3322 500 3445 557 Ha-

2114 560 2243 610 carii
2275 560 2516 629 Egyptii
2546 574 2592 616 et
2623 564 2843 618 Macarii
2873 568 3228 625 Alexandrini.

1940 646 2013 700 De
2039 651 2242 716 magnis
2275 664 2325 704 et
2359 654 2638 721 pra-cipuls
2667 696 2682 721 ,
2716 666 2769 709 et
2810 662 3009 713 sanctis
3038 676 3098 712 ac
3132 664 3447 725 beatissimi:

1866 737 1994 791 viris
2025 740 2185 793 multa
2213 750 2265 793 et
2300 743 2626 800 incredibilia
2671 750 2810 816 piget
2854 767 2938 803 me
2988 752 3168 809 dicere
3198 761 3278 811 vel
3309 760 3444 816 scri-

1865 828 2015 892 bere,
2050 846 2116 885 ne
2148 832 2284 911 forte
2328 837 2587 891 mendacii
2618 841 2921 905 Opinionem
2955 843 3146 899 feram.
3195 849 3325 914 Quia
3352 868 3447 903 au-

1868 928 1972 971 tem
2006 923 2171 987 perdit
2220 926 2355 979 Dens
2392 944 2579 984 omnes
2612 932 2700 997 qui
2753 932 3039 1001 loquuntur
3087 941 3446 1010 mendacium,

1866 1015 2225 1095 pronuntiavit
2272 1017 2498 1084 Spiritus
2544 1035 2759 1078 sanctus
2810 1028 2936 1079 inibi
2989 1029 3159 1095 (Paul.
3192 1033 3277 1103 v);
3319 1051 3449 1105 ergo

1866 1121 1970 1160 nou
2003 1098 2295 1177 mentienti,
2328 1111 2521 1169 famulo
2570 1117 2664 1171 Dei
2716 1119 3047 1188 fidelissime,
3080 1140 3183 1179 non
3234 1128 3447 1185 discre-

1865 1197 1979 1251 das.

1937 1285 2053 1343 Duo
2078 1304 2310 1357 namque
2337 1292 2546 1348 Macarii
2571 1308 2721 1351 erant
2750 1300 3064 1369 (lleraclid.,
3082 1322 3197 1375 cap.
3216 1306 3447 1379 6),unus

1863 1381 2077 1449 quidem
2129 1382 2413 1454 Egyptius
2459 1403 2691 1455 genere,
2722 1393 2857 1448 alius
2907 1411 3032 1449 vero
3086 1402 3321 1467 grutaria
3367 1404 3446 1474 (ὃ)

1865 1473 2120 1527 vendens.
2148 1475 2379 1530 Primum
2408 1494 2535 1547 ergo
2559 1486 2784 1535 referam
2811 1484 2878 1538 de
2900 1485 3175 1557 Aﬂgyptio,
3200 1492 3290 1561 qui
3318 1494 3447 1549 visit

1862 1576 2031 1616 annos
2082 1567 2405 1634 nonaginta:
2446 1571 2620 1639 itaque
2674 1573 2725 1626 in
2771 1576 3054 1634 solitudine
3106 1562 3447 1640 fecit‘annos

1863 1652 2174 1721 sexaginta,
2209 1657 2419 1725 triginta
2472 1674 2735 1716 annorum
2787 1665 3088 1734 ingrediens
3128 1676 3361 1741 juvenis,
3392 1686 3447 1733 et

1791 1743 1836 1801 Β
1865 1749 2062 1794 tantam
2090 1758 2411 1800 consecutus
2432 1758 2515 1802 est
2543 1749 2944 1821 discretionem,
2977 1772 3029 1811 ut
3051 1760 3290 1818 dicerent
3320 1782 3445 1822 eum

1863 1844 2248 1901 neapoteponta
2285 1837 2386 1908 [An
2413 1846 2822 1918 vszpoyipovmi]
2851 1849 2949 1919 (4),
2987 1853 3035 1904 id
3066 1865 3167 1923 est,
3189 1857 3443 1920 juvenem

1861 1934 2068 1985 senem,
2089 1937 2303 1993 propter
2324 1931 2461 1997 quod
2492 1942 2544 1984 et
2573 1935 2800 1989 celerius
2832 1941 3066 2005 profecit.
3085 1945 3447 2016 Quadraginta

1860 2010 2001 2065 enim
2018 2028 2277 2071 annorum
2297 2018 2675 2088 factus,contra
2692 2030 2909 2096 Spiritus
2923 2032 3222 2088 dmutouum
3242 2040 3449 2109 accepit

1859 2105 2081 2171 gratiam
2096 2109 2468 2176 sanitatum,et
2486 2122 2963 2183 responsisdivinis
2981 2128 3172 2196 dignus
3189 2130 3448 2191 fuit.lluic

1861 2198 2333 2254 commorabantur
2362 2204 2468 2256 duo
2493 2207 2740 2277 discipuli
2773 2215 2823 2265 in
2855 2216 3142 2274 solitudine
3175 2223 3442 2294 interiori,

1862 2302 1979 2354 quae
2007 2301 2224 2345 vocatur
2251 2294 2455 2361 Scytbi.
2485 2299 2560 2354 Ex
2588 2304 2782 2372 quibus
2807 2322 2942 2361 unus
2966 2312 3179 2379 quidem
3208 2324 3324 2371 erat
3348 2319 3447 2373 mi-

1862 2380 2030 2433 nister
2056 2383 2170 2450 ejus
2213 2384 2363 2453 juxta
2415 2406 2557 2459 eum,
2594 2406 2811 2464 propter
2856 2402 3131 2459 venientes
3176 2410 3348 2463 curari
3378 2412 3449 2468 ab

1862 2472 2257 2532 infirmitatibus
2280 2492 2334 2534 et
2366 2482 2708 2552 languoribus
2734 2493 2876 2559 suis;
2906 2495 3043 2549 alius
3072 2507 3247 2554 autem
3271 2516 3449 2557 seces-

1861 2567 1932 2621 sit
1957 2573 2244 2637 separatim
2292 2574 2343 2628 in
2372 2578 2641 2634 cellulam.
2677 2583 2941 2653 Tempore
2972 2599 3148 2644 autem
3180 2595 3450 2663 aliquanto

1862 2669 2133 2718 transacto
2157 2704 2171 2731 ,
2206 2667 2507 2733 praevidens
2553 2673 2743 2741 spiritu
2798 2679 3034 2747 inspecto
3065 2682 3222 2737 oculo
3248 2687 3446 2755 cordis,

1861 2753 1987 2807 dicit
2039 2755 2111 2808 illi
2156 2756 2244 2820 qui
2291 2760 2624 2818 ministrabat
2670 2767 2752 2831 ei,
2785 2774 3042 2825 vocabulo
3074 2772 3329 2845 Joannes,
3358 2779 3447 2848 qui

1863 2847 2195 2911 postmodum
2237 2848 2413 2905 factus
2448 2864 2531 2907 est
2574 2858 2852 2928 presbyter
2892 2865 2943 2916 in
2990 2866 3107 2920 loco
3140 2869 3305 2935 ipsius
3333 2847 3447 2923 Ma-

1862 2937 1989 2989 carii
2017 2954 2028 2989 :
2054 2938 2189 2992 Audi
2218 2956 2323 3005 me,
2356 2942 2518 2997 frater
2542 2944 2775 3001 Joannes
2796 2991 2810 3013 ,
2841 2962 2893 3003 et
2923 2957 3199 3022 acquiesce
3229 2960 3447 3017 monitis

1864 3025 2033 3078 meis:
2064 3036 2227 3081 t‘entat
2262 3042 2310 3083 te
2339 3032 2555 3099 spiritus
2588 3038 2930 3104 cupidiatis,
2961 3043 3028 3096 ita
3060 3051 3201 3101 enim
3230 3049 3364 3116 vidi;
3392 3059 3448 3107 et

256 3104 532 3171 Expavens
560 3117 735 3161 autem
784 3108 993 3163 damon
1023 3110 1091 3165 de
1122 3111 1575 3171 circumventione
1621 3116 1754 3186 hac,
1786 3103 1833 3164 Ο
1866 3115 1975 3167 scio
2014 3119 2135 3183 quia
2176 3118 2218 3171 si
2264 3121 2389 3173 mihi
2429 3122 2723 3193 acquiescis
2749 3172 2762 3195 ,
2795 3130 3198 3191 confirmaberis
3241 3140 3291 3192 ili
3330 3142 3447 3196 loco

176 3196 492 3252 subornavit
539 3215 596 3253 se
636 3209 762 3254 ante
810 3216 998 3256 novem
1041 3220 1255 3260 menses
1301 3209 1488 3263 mortis
1525 3209 1674 3279 ejus,
1702 3220 1758 3266 et

179 3288 415 3343 eificitur
477 3293 626 3361 quasi
689 3294 861 3349 infans
930 3311 1125 3351 novem
1194 3314 1496 3366 annorum,
1549 3308 1760 3361 minans

177 3382 389 3434 asinum
419 3394 717 3450 portantem
759 3400 923 3452 panes
957 3387 1010 3441 in
1054 3390 1319 3457 cophiuis.
1355 3392 1421 3446 Et
1448 3395 1614 3468 939
1640 3414 1761 3467 pro-

177 3472 452 3541 pinquans
482 3490 701 3545 vespera
754 3478 1038 3546 profunda,
1085 3482 1150 3535 ad
1207 3484 1322 3551 cjus
1370 3487 1557 3541 cellam
1606 3488 1761 3546 finxit

178 3566 384 3620 cadere
412 3567 641 3623 asinum.
671 3570 739 3624 Et
765 3572 1003 3625 clamans
1042 3578 1190 3643 quasi
1225 3579 1396 3633 infans
1423 3598 1435 3633 :
1463 3580 1610 3635 Abba
1630 3624 1646 3649 ,
1672 3582 1756 3638 ine

179 3658 318 3725 quit,
350 3644 667 3726 Nathanael,
696 3663 949 3719 miserere
978 3666 1114 3732 mei,
1161 3678 1216 3723 et
1259 3670 1324 3723 da
1368 3673 1495 3726 mihi
1544 3689 1757 3730 manum

184 3755 353 3805 tuam.
394 3750 493 3816 Qui
533 3752 755 3808 audiens
805 3771 987 3810 vocem
1042 3761 1189 3827 quasi
1242 3761 1497 3829 infantis,
1551 3767 1762 3835 aperuit

180 3839 378 3892 ostium
404 3879 418 3904 ,
449 3852 499 3895 et
528 3853 674 3897 stans
700 3845 768 3899 ab
799 3848 939 3901 intus
965 3888 979 3911 ,
1012 3848 1148 3904 dixit
1172 3853 1219 3906 ei
1247 3870 1261 3905 :
1292 3853 1420 3919 Quis
1465 3872 1523 3911 es
1570 3867 1623 3913 tu
1648 3899 1665 3926 ,
1704 3868 1763 3915 et

178 3928 314 3995 quid
344 3932 421 3984 vis
449 3942 506 3986 ut
534 3933 724 3990 faciam
757 3937 887 3991 tibi?
930 3939 1066 3993 Dicit
1093 3942 1142 3996 ei
1175 3960 1190 3998 ε
1225 3945 1367 3999 lllius
1408 3962 1526 4002 sum
1556 3950 1759 4018 pueru-

180 4017 304 4084 lus,
348 4034 400 4077 et
449 4039 611 4093 panes
641 4026 757 4082 fero
780 4071 793 4094 ,
832 4042 1047 4098 prepter
1080 4036 1218 4101 quod
1251 4017 1563 4095 convivium)
1582 4042 1761 4098 fratris

180 4109 352 4178 ipsius
375 4126 477 4178 est,
501 4127 552 4170 et
569 4120 803 4174 crastino
827 4120 1061 4177 Sabbato
1086 4126 1435 4184 illucescente
1458 4135 1755 4188 necessaria

179 4212 269 4258 est
302 4204 399 4258 ista
427 4209 647 4269 oblatio.
677 4213 941 4281 Deprecor
974 4232 1040 4270 ne
1067 4217 1330 4285 deSpicias
1373 4239 1461 4277 me
1485 4265 1500 4290 ,
1528 4242 1594 4281 ne
1624 4227 1760 4285 forte

178 4312 212 4350 a
246 4297 432 4353 bestiis
460 4308 517 4355 et
544 4301 723 4357 leaenis
753 4306 1024 4360 comedar.
1050 4308 1226 4363 Multa:
1254 4313 1394 4367 enim
1425 4326 1549 4369 sunt
1574 4318 1627 4372 in
1653 4321 1760 4375 illis

182 4388 337 4445 locis.
363 4389 520 4447 Stans
545 4405 717 4449 autem
749 4407 801 4451 et
821 4408 1038 4467 stupens
1060 4400 1246 4457 beatus
1263 4405 1578 4477 Natbanael,
1608 4427 1758 4467 com-

1867 3202 1996 3269 hoc,
2026 3216 2079 3260 et
2130 3208 2391 3278 flagellum
2445 3229 2549 3268 non
2597 3220 3049 3291 appropinquabit
3102 3228 3446 3288 tabernaculo

1865 3303 1954 3349 tuo
1998 3297 2168 3366 (Psaf.
2206 3303 2328 3368 xc);
2379 3306 2441 3387 si
2477 3315 2652 3362 autem
2702 3312 2831 3365 mihi
2879 3314 3198 3373 iuobediens
3252 3322 3439 3392 fueris,

1863 3391 2164 3457 exemplum
2208 3392 2355 3447 Giezi
2390 3386 2564 3453 veniet
2609 3417 2770 3471 super
2796 3412 2848 3460 te
2875 3406 2981 3479 (IV
3023 3409 3150 3482 Reg.
3183 3415 3262 3481 v),
3290 3386 3443 3485 cujus

1862 3492 1927 3531 ex
1958 3482 2205 3546 passiooe
2232 3484 2561 3556 languesces.

1935 3567 2126 3626 Evenit
2153 3589 2280 3642 ergo
2301 3592 2421 3632 eum
2447 3597 2552 3635 non
2576 3583 2814 3655 obedire,
2841 3597 2895 3642 et
2916 3600 3035 3659 post
3067 3594 3442 3653 dormitionem

1863 3664 2028 3716 sancti
2060 3664 2295 3733 Macarii,
2329 3680 2449 3738 post
2475 3674 2781 3743 quindecim
2808 3695 2977 3736 annos
3011 3684 3079 3737 ita
3106 3684 3441 3755 elephantio-

1865 3768 1957 3807 sus
1986 3752 2156 3812 factus
2182 3768 2284 3825 est,
2313 3763 2566 3821 fraudans
2594 3784 2713 3837 qua:
2742 3782 2895 3826 erant
2918 3752 3231 3843 pauperum,
3256 3790 3312 3832 ut
3334 3796 3442 3837 non

1866 3843 2198 3904 inveniretur
2243 3854 2293 3905 in
2335 3869 2560 3924 corpore
2590 3859 2707 3928 ejus
2755 3864 2890 3917 liber
2920 3868 3089 3935 locus,
3114 3868 3165 3921 in
3192 3885 3298 3933 quo
3327 3872 3443 3933 quis

1868 4389 1993 4458 illis,
2022 4404 2124 4448 tam
2150 4412 2242 4464 pro
2270 4399 2551 4465 indigentia
2575 4421 2757 4461 eorum
2782 4425 2898 4475 quae
2918 4408 3138 4468 minime
3156 4415 3437 4471 inveniun-

182 4484 347 4536 ,ποίεε
378 4484 663 4542 visceribus
688 4492 1053 4559 conturbatus,
1083 4499 1353 4566 cognatm,
1385 4505 1522 4558 intra
1559 4471 1640 4572 ge,
1674 4509 1756 4562 αἱ,
1787 4471 1838 4529 D
1867 4490 1968 4545 tur,
2001 4500 2156 4554 quam
2187 4490 2345 4543 etiam
2372 4500 2427 4545 et
2454 4506 2671 4564 propter
2701 4500 3051 4557 imitationem
3086 4504 3433 4562 habitantium
3467 4528 3483 4543 ι

177 4582 506 4649 cens:Quia
543 4594 635 4639 aut
678 4587 744 4642 de
792 4589 1039 4642 mandato
1083 4593 1254 4648 habeo
1297 4600 1526 4665 cadere,
1564 4610 1656 4655 aut
1682 4605 1749 4658 de

181 4675 480 4741 proposito.
504 4675 630 4732 Post
659 4678 771 4733 hzec
797 4692 973 4735 autem
1004 4685 1254 4752 cogitavit
1284 4703 1299 4741 :
1341 4690 1528 4746 Melius
1558 4704 1639 4747 est
1669 4711 1755 4751 me

180 4779 290 4819 noo
320 4768 613 4836 transgredi
646 4786 801 4837 quam
829 4781 1091 4827 tantorum
1124 4791 1388 4833 annorum
1420 4787 1750 4851 propositum

180 4860 444 4926 perdere,
491 4863 541 4914 in
584 4864 945 4919 confusionem
978 4869 1210 4925 Satame.
1239 4871 1305 4924 Et
1349 4889 1469 4928 cum
1508 4889 1753 4944 orasset,

176 4949 309 5002 dicit
331 4949 562 5019 loquenti
586 4953 651 5005 ad
678 4969 735 5007 se
761 4956 909 5023 quasi
934 4957 1115 5010 infanti
1143 4976 1155 5011 :
1182 4961 1338 5024 Audi,
1364 4963 1556 5029 infans,
1585 4970 1751 5024 crede

176 5042 231 5094 in
269 5041 466 5105 Deum,
495 5044 577 5097 cui
607 5046 783 5097 servio
804 5088 818 5110 ,
852 5047 968 5116 quia
1002 5050 1043 5101 si
1080 5054 1438 5121 necessarium
1469 5060 1538 5109 sit
1562 5057 1633 5112 ibi
1662 5060 1755 5114 ad-

172 5127 457 5195 jutorium,
485 5133 810 5187 transmittet
839 5136 929 5189 tibi
961 5138 1133 5204 Deus,
1166 5151 1222 5213 et
1255 5157 1428 5211 neque
1455 5146 1622 5201 leaena
1656 5164 1752 5203 no-

176 5222 324 5276 cebit
351 5233 422 5286 te,
457 5239 625 5293 neque
651 5226 858 5296 aliquis.
884 5228 940 5282 Si
972 5240 1148 5287 autem
1182 5238 1437 5304 tentatio,
1468 5241 1753 5297 confestim

176 5314 444 5367 revelabit
467 5315 627 5370 Deus.
661 5316 729 5371 Et
749 5320 1003 5375 claudens
1034 5325 1229 5379 ostium
1264 5329 1521 5386 introivit.
1549 5332 1754 5389 Confu-

174 5419 273 5459 sus
298 5412 474 5459 autem
516 5408 724 5461 dtnmon
772 5411 893 5477 quia
934 5425 1214 5481 Superatus
1245 5430 1363 5485 est,
1407 5424 1460 5477 in
1492 5427 1755 5484 turbinem

173 5496 443 5550 resolutus
474 5507 593 5563 est,
625 5500 773 5567 quasi
796 5504 980 5569 onagri
1011 5506 1346 5576 exsilientes,
1380 5523 1435 5567 et
1464 5514 1752 5584 fugientes,

171 5596 232 5641 et
261 5601 422 5642 sonos
451 5590 771 5646 emittentes.
806 5594 909 5647 Iste
958 5595 1255 5667 triumphus
1295 5602 1436 5661 beati
1464 5607 1754 5669 Nathanael
1796 5634 1797 5637 η

170 5679 299 5743 fuit.
323 5691 379 5743 et
401 5683 513 5738 haec
543 5687 899 5753 conversatio,
930 5698 979 5742 et
1008 5689 1091 5746 hic
1122 5694 1263 5749 linis.

1864 4575 2058 4630 ibidem
2091 4581 2372 4635 multorum
2415 4588 2818 4644 monachorum.
2864 4592 2938 4646 De
2984 4595 3088 4648 alio
3117 4609 3292 4650 autem
3320 4600 3439 4666 ejus

1864 4670 2044 4719 studio
2098 4671 2372 4727 dicebatur
2406 4692 2527 4730 eum
2575 4680 2690 4734 sine
2735 4681 3127 4739 intermissione
3172 4689 3441 4743 excedere

1866 4770 2084 4827 mente,
2120 4773 2171 4816 et
2219 4766 2383 4834 magis
2434 4768 2677 4836 ampliori
2728 4782 2968 4840 tempore
3017 4774 3125 4829 Deo
3168 4777 3444 4834 adbaarere

1865 4864 2054 4906 sensus
2078 4853 2212 4923 ejus,
2241 4873 2396 4924 quam
2422 4861 2471 4912 in
2503 4860 2657 4915 istius
2685 4864 2865 4917 mundi
2898 4865 3245 4921 habitatione.
3271 4869 3439 4938 llujtts

1868 4940 2105 4997 feruntur
2157 4945 2318 4999 multa
2351 4950 2625 5019 miracula,
2656 4967 2774 5020 quae
2807 4954 2931 5008 fecit
2977 4953 3117 5011 Ueus
3149 4974 3244 5027 per
3273 4978 3393 5017 eum
3423 4980 3438 5030 ;

1867 5047 1986 5084 nam
2021 5034 2213 5088 multos
2239 5047 2454 5092 vexatos
2481 5054 2510 5091 a
2533 5041 2597 5092 da
2619 5043 2862 5097 monibus
2892 5054 2944 5098 et
2965 5045 3201 5102 diversas
3226 5056 3443 5122 mgritu-

1864 5123 2018 5178 diues
2044 5127 2368 5183 sustinentes
2396 5133 2601 5186 curavit
2630 5133 2881 5189 Dominus
2926 5139 3172 5205 precibus
3198 5144 3333 5209 ejus.

1876 5274 1879 5277 Α
1941 5226 2030 5280 Vir
2067 5229 2206 5282 enim
2240 5231 2453 5298 quidam
2485 5232 2767 5304 Egyptius
2804 5240 3108 5309 concupivit
3154 5243 3440 5312 ingenuam

1868 5320 2147 5375 mulierem
2178 5322 2506 5388 maritatam;
2539 5336 2593 5378 et
2619 5341 2725 5379 non
2751 5328 2936 5385 valens
2978 5346 3095 5386 eam
3128 5350 3341 5403 capere,
3367 5337 3444 5392 lo-

1864 5421 2019 5466 cutus
2053 5422 2135 5466 est
2168 5413 2428 5480 maleﬁco,
2456 5416 2639 5472 dicens
2665 5416 2679 5470 ἑ
2706 5418 2891 5476 Facito
2916 5438 3032 5478 eam
3078 5435 3135 5481 ut
3162 5439 3303 5484 amet
3334 5446 3441 5497 me,

1865 5514 1918 5557 et
1949 5503 2019 5556 ita
2058 5518 2157 5573 age
2196 5515 2253 5558 ut
2299 5506 2541 5573 projiciat
2570 5523 2688 5563 eam
2724 5512 2807 5565 vir
2835 5511 2974 5582 ejus.
3010 5516 3291 5585 Accipiens
3313 5534 3442 5588 ergo

1866 5593 2156 5659 maleficus,
2179 5594 2510 5653 sufficienter
2540 5613 2667 5654 usus
2693 5610 2777 5657 est
2798 5606 3079 5676 maleficio,
3100 5617 3153 5663 et
3179 5610 3302 5663 fecit
3324 5626 3441 5666 eam

1864 5700 2053 5754 equam
2085 5686 2271 5743 videri.
2307 5687 2500 5745 Videtis
2529 5701 2705 5749 autem
2730 5694 2810 5749 vir
2830 5696 2943 5765 ejus
2968 5702 3186 5754 veniens
3215 5702 3417 5758 deforis
