  <div class='ocr_page' id='page_1' title='image "/cluster/home/n/w/nwhite01/storage/ocr_20150623/74/hvd.32044015469372/187.png"; bbox 0 0 3982 6354; ppageno 0'>
   <div class='ocr_carea' id='block_1_1' title="bbox 537 350 646 411">
    <p class='ocr_par' dir='ltr' id='par_1_1' title="bbox 537 350 646 411">
     <span class='ocr_line' id='line_1_1' title="bbox 537 350 646 411; baseline -0.028 0"><span class='ocrx_word' id='word_1_1' title='bbox 537 350 646 411; x_wconf 73' lang='lat'><strong>355</strong></span> 
     </span>
    </p>
   </div>
   <div class='ocr_carea' id='block_1_2' title="bbox 1697 347 2758 406">
    <p class='ocr_par' dir='ltr' id='par_1_2' title="bbox 1697 347 2758 406">
     <span class='ocr_line' id='line_1_2' title="bbox 1697 347 2758 406; baseline -0.001 -1"><span class='ocrx_word' id='word_1_2' title='bbox 1697 348 2044 406; x_wconf 77' lang='lat' dir='ltr'><strong>APPENDIX</strong></span> <span class='ocrx_word' id='word_1_3' title='bbox 2084 347 2174 403; x_wconf 81' lang='lat' dir='ltr'><strong>AD</strong></span> <span class='ocrx_word' id='word_1_4' title='bbox 2219 348 2416 406; x_wconf 81' lang='lat' dir='ltr'><strong>VITAS</strong></span> <span class='ocrx_word' id='word_1_5' title='bbox 2456 348 2758 406; x_wconf 74' lang='lat' dir='ltr'><strong>PATRUM.</strong></span> 
     </span>
    </p>
   </div>
   <div class='ocr_carea' id='block_1_3' title="bbox 3721 353 3823 410">
    <p class='ocr_par' dir='ltr' id='par_1_3' title="bbox 3721 353 3823 410">
     <span class='ocr_line' id='line_1_3' title="bbox 3721 353 3823 410; baseline -0.01 0"><span class='ocrx_word' id='word_1_6' title='bbox 3721 353 3823 410; x_wconf 74' lang='lat'><strong>356</strong></span> 
     </span>
    </p>
   </div>
   <div class='ocr_carea' id='block_1_4' title="bbox 497 451 3824 542">
    <p class='ocr_par' dir='ltr' id='par_1_4' title="bbox 497 451 3824 542">
     <span class='ocr_line' id='line_1_4' title="bbox 497 451 3824 542; baseline -0.001 -18"><span class='ocrx_word' id='word_1_7' title='bbox 497 535 501 542; x_wconf 40' lang='grc'>,</span> <span class='ocrx_word' id='word_1_8' title='bbox 535 466 828 524; x_wconf 80' lang='lat' dir='ltr'><strong>mirabatur</strong></span> <span class='ocrx_word' id='word_1_9' title='bbox 867 451 987 538; x_wconf 85' lang='lat' dir='ltr'><strong>quia</strong></span> <span class='ocrx_word' id='word_1_10' title='bbox 1019 468 1070 522; x_wconf 91' lang='lat' dir='ltr'><strong>in</strong></span> <span class='ocrx_word' id='word_1_11' title='bbox 1121 470 1258 525; x_wconf 88' lang='lat' dir='ltr'><strong>lecto</strong></span> <span class='ocrx_word' id='word_1_12' title='bbox 1287 473 1404 539; x_wconf 86' lang='lat' dir='ltr'><strong>e‘jus</strong></span> <span class='ocrx_word' id='word_1_13' title='bbox 1445 481 1578 537; x_wconf 91' lang='lat' dir='ltr'><strong>equa</strong></span> <span class='ocrx_word' id='word_1_14' title='bbox 1603 466 1803 535; x_wconf 84' lang='lat' dir='ltr'><strong>jaceret</strong></span> <span class='ocrx_word' id='word_1_15' title='bbox 1823 506 1838 529; x_wconf 90' lang='lat'><strong>,</strong></span> <span class='ocrx_word' id='word_1_16' title='bbox 1865 474 1920 519; x_wconf 91' lang='lat' dir='ltr'><strong>et</strong></span> <span class='ocrx_word' id='word_1_17' title='bbox 1959 469 2122 532; x_wconf 74' lang='lat' dir='ltr'><strong>C(Bp&#39;tii</strong></span> <span class='ocrx_word' id='word_1_18' title='bbox 2149 468 2197 524; x_wconf 84' lang='lat' dir='ltr'><strong>A</strong></span> <span class='ocrx_word' id='word_1_19' title='bbox 2225 464 2385 518; x_wconf 91' lang='lat' dir='ltr'><strong>nebat</strong></span> <span class='ocrx_word' id='word_1_20' title='bbox 2410 463 2462 517; x_wconf 94' lang='lat' dir='ltr'><strong>in</strong></span> <span class='ocrx_word' id='word_1_21' title='bbox 2483 463 2792 518; x_wconf 83' lang='lat' dir='ltr'><strong>solitudine.</strong></span> <span class='ocrx_word' id='word_1_22' title='bbox 2820 462 3076 518; x_wconf 81' lang='lat' dir='ltr'><strong>Dicebant</strong></span> <span class='ocrx_word' id='word_1_23' title='bbox 3096 463 3262 531; x_wconf 91' lang='lat' dir='ltr'><strong>enim,</strong></span> <span class='ocrx_word' id='word_1_24' title='bbox 3285 464 3580 536; x_wconf 83' lang='lat' dir='ltr'><strong>aliquando</strong></span> <span class='ocrx_word' id='word_1_25' title='bbox 3607 467 3824 523; x_wconf 83' lang='lat' dir='ltr'><strong>venisse</strong></span> 
     </span>
    </p>
   </div>
   <div class='ocr_carea' id='block_1_5' title="bbox 538 557 2127 630">
    <p class='ocr_par' dir='ltr' id='par_1_5' title="bbox 538 557 2127 630">
     <span class='ocr_line' id='line_1_5' title="bbox 538 557 2127 630; baseline -0.001 -18"><span class='ocrx_word' id='word_1_26' title='bbox 538 560 791 630; x_wconf 77' lang='lat' dir='ltr'><strong>plangere</strong></span> <span class='ocrx_word' id='word_1_27' title='bbox 818 567 870 614; x_wconf 90' lang='lat' dir='ltr'><strong>et</strong></span> <span class='ocrx_word' id='word_1_28' title='bbox 897 560 1133 629; x_wconf 90' lang='lat' dir='ltr'><strong>ejulare;</strong></span> <span class='ocrx_word' id='word_1_29' title='bbox 1167 576 1286 615; x_wconf 90' lang='lat' dir='ltr'><strong>nam</strong></span> <span class='ocrx_word' id='word_1_30' title='bbox 1336 561 1654 628; x_wconf 83' lang='lat' dir='ltr'><strong>loquebatur</strong></span> <span class='ocrx_word' id='word_1_31' title='bbox 1682 557 1924 622; x_wconf 83' lang='lat' dir='ltr'><strong>animali,</strong></span> <span class='ocrx_word' id='word_1_32' title='bbox 1955 566 2009 611; x_wconf 89' lang='lat' dir='ltr'><strong>et</strong></span> <span class='ocrx_word' id='word_1_33' title='bbox 2043 572 2127 611; x_wconf 87' lang='lat' dir='ltr'><strong>re—</strong></span> 
     </span>
    </p>
   </div>
   <div class='ocr_carea' id='block_1_6' title="bbox 535 650 2128 724">
    <p class='ocr_par' dir='ltr' id='par_1_6' title="bbox 535 650 2128 724">
     <span class='ocr_line' id='line_1_6' title="bbox 535 650 2128 724; baseline -0.003 -15"><span class='ocrx_word' id='word_1_34' title='bbox 535 667 794 723; x_wconf 80' lang='lat' dir='ltr'><strong>sponsum</strong></span> <span class='ocrx_word' id='word_1_35' title='bbox 827 667 932 705; x_wconf 90' lang='lat' dir='ltr'><strong>uon</strong></span> <span class='ocrx_word' id='word_1_36' title='bbox 963 653 1139 712; x_wconf 82' lang='lat' dir='ltr'><strong>dabat.</strong></span> <span class='ocrx_word' id='word_1_37' title='bbox 1174 656 1355 724; x_wconf 79' lang='lat' dir='ltr'><strong>Itaque</strong></span> <span class='ocrx_word' id='word_1_38' title='bbox 1382 653 1705 722; x_wconf 85' lang='lat' dir='ltr'><strong>deprecatus</strong></span> <span class='ocrx_word' id='word_1_39' title='bbox 1731 659 1815 706; x_wconf 91' lang='lat' dir='ltr'><strong>est</strong></span> <span class='ocrx_word' id='word_1_40' title='bbox 1847 650 2128 720; x_wconf 79' lang='lat' dir='ltr'><strong>presbyte-</strong></span> 
     </span>
    </p>
   </div>
   <div class='ocr_carea' id='block_1_7' title="bbox 546 742 2127 811">
    <p class='ocr_par' dir='ltr' id='par_1_7' title="bbox 546 742 2127 811">
     <span class='ocr_line' id='line_1_7' title="bbox 546 742 2127 811; baseline -0.002 -14"><span class='ocrx_word' id='word_1_41' title='bbox 546 757 637 797; x_wconf 87' lang='lat' dir='ltr'><strong>ros</strong></span> <span class='ocrx_word' id='word_1_42' title='bbox 683 742 1061 810; x_wconf 83' lang='lat' dir='ltr'><strong>possessionis,</strong></span> <span class='ocrx_word' id='word_1_43' title='bbox 1086 754 1141 800; x_wconf 91' lang='lat' dir='ltr'><strong>et</strong></span> <span class='ocrx_word' id='word_1_44' title='bbox 1181 746 1470 811; x_wconf 76' lang='lat' dir='ltr'><strong>adducens,</strong></span> <span class='ocrx_word' id='word_1_45' title='bbox 1505 743 1740 799; x_wconf 87' lang='lat' dir='ltr'><strong>ostendit</strong></span> <span class='ocrx_word' id='word_1_46' title='bbox 1765 742 1867 811; x_wconf 91' lang='lat' dir='ltr'><strong>eis,</strong></span> <span class='ocrx_word' id='word_1_47' title='bbox 1893 742 1980 811; x_wconf 90' lang='lat' dir='ltr'><strong>qui</strong></span> <span class='ocrx_word' id='word_1_48' title='bbox 2023 757 2127 794; x_wconf 92' lang='lat' dir='ltr'><strong>non</strong></span> 
     </span>
    </p>
   </div>
   <div class='ocr_carea' id='block_1_8' title="bbox 541 833 2126 904">
    <p class='ocr_par' dir='ltr' id='par_1_8' title="bbox 541 833 2126 904">
     <span class='ocr_line' id='line_1_8' title="bbox 541 833 2126 904; baseline 0.001 -18"><span class='ocrx_word' id='word_1_49' title='bbox 541 833 862 886; x_wconf 90' lang='lat' dir='ltr'><strong>invenerunt</strong></span> <span class='ocrx_word' id='word_1_50' title='bbox 890 847 1129 889; x_wconf 89' lang='lat' dir='ltr'><strong>causam.</strong></span> <span class='ocrx_word' id='word_1_51' title='bbox 1156 836 1339 904; x_wconf 89' lang='lat' dir='ltr'><strong>Usque</strong></span> <span class='ocrx_word' id='word_1_52' title='bbox 1362 835 1427 889; x_wconf 90' lang='lat' dir='ltr'><strong>ad</strong></span> <span class='ocrx_word' id='word_1_53' title='bbox 1454 846 1562 891; x_wconf 91' lang='lat' dir='ltr'><strong>tres</strong></span> <span class='ocrx_word' id='word_1_54' title='bbox 1585 836 1720 898; x_wconf 89' lang='lat' dir='ltr'><strong>dies,</strong></span> <span class='ocrx_word' id='word_1_55' title='bbox 1748 849 1920 904; x_wconf 90' lang='lat' dir='ltr'><strong>neque</strong></span> <span class='ocrx_word' id='word_1_56' title='bbox 1950 834 2126 889; x_wconf 88' lang='lat' dir='ltr'><strong>fenum</strong></span> 
     </span>
    </p>
   </div>
   <div class='ocr_carea' id='block_1_9' title="bbox 539 925 2127 996">
    <p class='ocr_par' dir='ltr' id='par_1_9' title="bbox 539 925 2127 996">
     <span class='ocr_line' id='line_1_9' title="bbox 539 925 2127 996; baseline 0.001 -19"><span class='ocrx_word' id='word_1_57' title='bbox 539 925 859 994; x_wconf 87' lang='lat' dir='ltr'><strong>accipiebat,</strong></span> <span class='ocrx_word' id='word_1_58' title='bbox 878 927 1146 996; x_wconf 93' lang='lat' dir='ltr'><strong>quomodo</strong></span> <span class='ocrx_word' id='word_1_59' title='bbox 1167 943 1336 996; x_wconf 86' lang='lat' dir='ltr'><strong>equa;</strong></span> <span class='ocrx_word' id='word_1_60' title='bbox 1359 942 1530 994; x_wconf 85' lang='lat' dir='ltr'><strong>neque</strong></span> <span class='ocrx_word' id='word_1_61' title='bbox 1553 942 1765 995; x_wconf 89' lang='lat' dir='ltr'><strong>panem,</strong></span> <span class='ocrx_word' id='word_1_62' title='bbox 1783 927 1919 981; x_wconf 90' lang='lat' dir='ltr'><strong>sicut</strong></span> <span class='ocrx_word' id='word_1_63' title='bbox 1942 925 2127 979; x_wconf 92' lang='lat' dir='ltr'><strong>homo:</strong></span> 
     </span>
    </p>
   </div>
   <div class='ocr_carea' id='block_1_10' title="bbox 538 1017 2127 1087">
    <p class='ocr_par' dir='ltr' id='par_1_10' title="bbox 538 1017 2127 1087">
     <span class='ocr_line' id='line_1_10' title="bbox 538 1017 2127 1087; baseline 0.004 -21"><span class='ocrx_word' id='word_1_64' title='bbox 538 1025 765 1085; x_wconf 91' lang='lat' dir='ltr'><strong>utroque</strong></span> <span class='ocrx_word' id='word_1_65' title='bbox 797 1018 1102 1086; x_wconf 85' lang='lat' dir='ltr'><strong>privabatur</strong></span> <span class='ocrx_word' id='word_1_66' title='bbox 1132 1017 1274 1072; x_wconf 91' lang='lat' dir='ltr'><strong>cibo.</strong></span> <span class='ocrx_word' id='word_1_67' title='bbox 1304 1018 1385 1072; x_wconf 83' lang='lat' dir='ltr'><strong>Ad</strong></span> <span class='ocrx_word' id='word_1_68' title='bbox 1419 1019 1686 1083; x_wconf 88' lang='lat' dir='ltr'><strong>ultimum,</strong></span> <span class='ocrx_word' id='word_1_69' title='bbox 1718 1029 1775 1072; x_wconf 93' lang='lat' dir='ltr'><strong>ut</strong></span> <span class='ocrx_word' id='word_1_70' title='bbox 1799 1019 2127 1087; x_wconf 86' lang='lat' dir='ltr'><strong>glorificare-</strong></span> 
     </span>
    </p>
   </div>
   <div class='ocr_carea' id='block_1_11' title="bbox 540 1109 2129 1179">
    <p class='ocr_par' dir='ltr' id='par_1_11' title="bbox 540 1109 2129 1179">
     <span class='ocr_line' id='line_1_11' title="bbox 540 1109 2129 1179; baseline 0.001 -19"><span class='ocrx_word' id='word_1_71' title='bbox 540 1116 624 1161; x_wconf 93' lang='lat' dir='ltr'><strong>tur</strong></span> <span class='ocrx_word' id='word_1_72' title='bbox 651 1109 810 1174; x_wconf 90' lang='lat' dir='ltr'><strong>Deus,</strong></span> <span class='ocrx_word' id='word_1_73' title='bbox 834 1119 885 1164; x_wconf 91' lang='lat' dir='ltr'><strong>et</strong></span> <span class='ocrx_word' id='word_1_74' title='bbox 908 1120 1190 1179; x_wconf 88' lang='lat' dir='ltr'><strong>appareret</strong></span> <span class='ocrx_word' id='word_1_75' title='bbox 1212 1111 1386 1164; x_wconf 84' lang='lat' dir='ltr'><strong>virtus</strong></span> <span class='ocrx_word' id='word_1_76' title='bbox 1411 1111 1586 1164; x_wconf 86' lang='lat' dir='ltr'><strong>sancti</strong></span> <span class='ocrx_word' id='word_1_77' title='bbox 1620 1110 1856 1174; x_wconf 70' lang='lat' dir='ltr'><strong>Macarii,</strong></span> <span class='ocrx_word' id='word_1_78' title='bbox 1883 1111 2129 1166; x_wconf 88' lang='lat' dir='ltr'><strong>ascendit</strong></span> 
     </span>
    </p>
   </div>
   <div class='ocr_carea' id='block_1_12' title="bbox 538 1199 2129 1266">
    <p class='ocr_par' dir='ltr' id='par_1_12' title="bbox 538 1199 2129 1266">
     <span class='ocr_line' id='line_1_12' title="bbox 538 1199 2129 1266; baseline 0.003 -13"><span class='ocrx_word' id='word_1_79' title='bbox 538 1199 591 1252; x_wconf 89' lang='lat' dir='ltr'><strong>in</strong></span> <span class='ocrx_word' id='word_1_80' title='bbox 641 1215 734 1253; x_wconf 91' lang='lat' dir='ltr'><strong>cor</strong></span> <span class='ocrx_word' id='word_1_81' title='bbox 783 1201 900 1266; x_wconf 88' lang='lat' dir='ltr'><strong>viri,</strong></span> <span class='ocrx_word' id='word_1_82' title='bbox 939 1211 994 1254; x_wconf 93' lang='lat' dir='ltr'><strong>ut</strong></span> <span class='ocrx_word' id='word_1_83' title='bbox 1045 1202 1332 1257; x_wconf 87' lang='lat' dir='ltr'><strong>deduceret</strong></span> <span class='ocrx_word' id='word_1_84' title='bbox 1381 1219 1497 1258; x_wconf 89' lang='lat' dir='ltr'><strong>eam</strong></span> <span class='ocrx_word' id='word_1_85' title='bbox 1551 1204 1600 1256; x_wconf 90' lang='lat' dir='ltr'><strong>in</strong></span> <span class='ocrx_word' id='word_1_86' title='bbox 1651 1205 2012 1259; x_wconf 88' lang='lat' dir='ltr'><strong>solitudinem.</strong></span> <span class='ocrx_word' id='word_1_87' title='bbox 2065 1205 2129 1258; x_wconf 88' lang='lat' dir='ltr'><strong>Et</strong></span> 
     </span>
    </p>
   </div>
   <div class='ocr_carea' id='block_1_13' title="bbox 536 1293 2123 1363">
    <p class='ocr_par' dir='ltr' id='par_1_13' title="bbox 536 1293 2123 1363">
     <span class='ocr_line' id='line_1_13' title="bbox 536 1293 2123 1363; baseline 0.001 -17"><span class='ocrx_word' id='word_1_88' title='bbox 536 1293 708 1347; x_wconf 82' lang='lat' dir='ltr'><strong>vinxit</strong></span> <span class='ocrx_word' id='word_1_89' title='bbox 757 1309 872 1347; x_wconf 90' lang='lat' dir='ltr'><strong>eam</strong></span> <span class='ocrx_word' id='word_1_90' title='bbox 920 1295 1071 1363; x_wconf 78' lang='lat' dir='ltr'><strong>quasi</strong></span> <span class='ocrx_word' id='word_1_91' title='bbox 1125 1310 1339 1363; x_wconf 91' lang='lat' dir='ltr'><strong>equam,</strong></span> <span class='ocrx_word' id='word_1_92' title='bbox 1372 1305 1426 1350; x_wconf 85' lang='lat' dir='ltr'><strong>et</strong></span> <span class='ocrx_word' id='word_1_93' title='bbox 1472 1295 1623 1349; x_wconf 75' lang='lat' dir='ltr'><strong>duxit</strong></span> <span class='ocrx_word' id='word_1_94' title='bbox 1663 1295 1713 1348; x_wconf 89' lang='lat' dir='ltr'><strong>in</strong></span> <span class='ocrx_word' id='word_1_95' title='bbox 1762 1296 2123 1350; x_wconf 88' lang='lat' dir='ltr'><strong>solitudinem.</strong></span> 
     </span>
    </p>
   </div>
   <div class='ocr_carea' id='block_1_14' title="bbox 544 1385 2128 1461">
    <p class='ocr_par' dir='ltr' id='par_1_14' title="bbox 544 1385 2128 1461">
     <span class='ocr_line' id='line_1_14' title="bbox 544 1385 2128 1461; baseline 0.004 -20"><span class='ocrx_word' id='word_1_96' title='bbox 544 1385 675 1442; x_wconf 88' lang='lat' dir='ltr'><strong>Cum</strong></span> <span class='ocrx_word' id='word_1_97' title='bbox 713 1388 1163 1457; x_wconf 82' lang='lat' dir='ltr'><strong>apprOpinquaret</strong></span> <span class='ocrx_word' id='word_1_98' title='bbox 1190 1405 1338 1460; x_wconf 88' lang='lat' dir='ltr'><strong>ergo,</strong></span> <span class='ocrx_word' id='word_1_99' title='bbox 1365 1391 1578 1444; x_wconf 86' lang='lat' dir='ltr'><strong>stabant</strong></span> <span class='ocrx_word' id='word_1_100' title='bbox 1618 1392 1806 1446; x_wconf 79' lang='lat' dir='ltr'><strong>fratres</strong></span> <span class='ocrx_word' id='word_1_101' title='bbox 1833 1393 1986 1461; x_wconf 76' lang='lat' dir='ltr'><strong>juxta</strong></span> <span class='ocrx_word' id='word_1_102' title='bbox 2019 1394 2128 1448; x_wconf 92' lang='lat' dir='ltr'><strong>ccl-</strong></span> 
     </span>
    </p>
   </div>
   <div class='ocr_carea' id='block_1_15' title="bbox 537 1479 2125 1550">
    <p class='ocr_par' dir='ltr' id='par_1_15' title="bbox 537 1479 2125 1550">
     <span class='ocr_line' id='line_1_15' title="bbox 537 1479 2125 1550; baseline 0.006 -18"><span class='ocrx_word' id='word_1_103' title='bbox 537 1479 642 1533; x_wconf 87' lang='lat' dir='ltr'><strong>lam</strong></span> <span class='ocrx_word' id='word_1_104' title='bbox 692 1480 931 1546; x_wconf 84' lang='lat' dir='ltr'><strong>Macarii,</strong></span> <span class='ocrx_word' id='word_1_105' title='bbox 966 1480 1230 1550; x_wconf 87' lang='lat' dir='ltr'><strong>litigantes</strong></span> <span class='ocrx_word' id='word_1_106' title='bbox 1273 1493 1327 1537; x_wconf 91' lang='lat' dir='ltr'><strong>et</strong></span> <span class='ocrx_word' id='word_1_107' title='bbox 1370 1482 1643 1538; x_wconf 89' lang='lat' dir='ltr'><strong>dicentes:</strong></span> <span class='ocrx_word' id='word_1_108' title='bbox 1671 1485 1809 1550; x_wconf 89' lang='lat' dir='ltr'><strong>Quid</strong></span> <span class='ocrx_word' id='word_1_109' title='bbox 1859 1485 2125 1541; x_wconf 80' lang='lat' dir='ltr'><strong>adduxisti</strong></span> 
     </span>
    </p>
   </div>
   <div class='ocr_carea' id='block_1_16' title="bbox 537 1569 2122 1639">
    <p class='ocr_par' dir='ltr' id='par_1_16' title="bbox 537 1569 2122 1639">
     <span class='ocr_line' id='line_1_16' title="bbox 537 1569 2122 1639; baseline 0.006 -18"><span class='ocrx_word' id='word_1_110' title='bbox 537 1569 639 1623; x_wconf 91' lang='lat' dir='ltr'><strong>huc</strong></span> <span class='ocrx_word' id='word_1_111' title='bbox 665 1585 855 1639; x_wconf 88' lang='lat' dir='ltr'><strong>equam</strong></span> <span class='ocrx_word' id='word_1_112' title='bbox 888 1571 1077 1624; x_wconf 88' lang='lat' dir='ltr'><strong>istam?</strong></span> <span class='ocrx_word' id='word_1_113' title='bbox 1107 1572 1242 1625; x_wconf 83' lang='lat' dir='ltr'><strong>Dicit</strong></span> <span class='ocrx_word' id='word_1_114' title='bbox 1287 1573 1365 1626; x_wconf 92' lang='lat' dir='ltr'><strong>eis</strong></span> <span class='ocrx_word' id='word_1_115' title='bbox 1391 1588 1406 1626; x_wconf 89' lang='lat'><strong>:</strong></span> <span class='ocrx_word' id='word_1_116' title='bbox 1436 1573 1504 1628; x_wconf 89' lang='lat' dir='ltr'><strong>Ut</strong></span> <span class='ocrx_word' id='word_1_117' title='bbox 1534 1574 1955 1630; x_wconf 89' lang='lat' dir='ltr'><strong>misericordiam</strong></span> <span class='ocrx_word' id='word_1_118' title='bbox 1987 1591 2122 1631; x_wconf 77' lang='lat' dir='ltr'><strong>con~</strong></span> 
     </span>
    </p>
   </div>
   <div class='ocr_carea' id='block_1_17' title="bbox 537 1664 2124 1738">
    <p class='ocr_par' dir='ltr' id='par_1_17' title="bbox 537 1664 2124 1738">
     <span class='ocr_line' id='line_1_17' title="bbox 537 1664 2124 1738; baseline 0.004 -22"><span class='ocrx_word' id='word_1_119' title='bbox 537 1671 810 1731; x_wconf 84' lang='lat' dir='ltr'><strong>sequatur.</strong></span> <span class='ocrx_word' id='word_1_120' title='bbox 841 1664 1027 1717; x_wconf 85' lang='lat' dir='ltr'><strong>Dicunt</strong></span> <span class='ocrx_word' id='word_1_121' title='bbox 1052 1665 1098 1718; x_wconf 92' lang='lat' dir='ltr'><strong>ei</strong></span> <span class='ocrx_word' id='word_1_122' title='bbox 1125 1683 1138 1718; x_wconf 86' lang='lat'><strong>:</strong></span> <span class='ocrx_word' id='word_1_123' title='bbox 1164 1667 1297 1731; x_wconf 84' lang='lat' dir='ltr'><strong>Quid</strong></span> <span class='ocrx_word' id='word_1_124' title='bbox 1320 1668 1461 1720; x_wconf 85' lang='lat' dir='ltr'><strong>enim</strong></span> <span class='ocrx_word' id='word_1_125' title='bbox 1490 1668 1682 1722; x_wconf 79' lang='lat' dir='ltr'><strong>habet?</strong></span> <span class='ocrx_word' id='word_1_126' title='bbox 1702 1669 1799 1736; x_wconf 87' lang='lat' dir='ltr'><strong>Qui</strong></span> <span class='ocrx_word' id='word_1_127' title='bbox 1825 1669 2124 1738; x_wconf 88' lang='lat' dir='ltr'><strong>respondit:</strong></span> 
     </span>
    </p>
   </div>
   <div class='ocr_carea' id='block_1_18' title="bbox 545 1751 2126 1826">
    <p class='ocr_par' dir='ltr' id='par_1_18' title="bbox 545 1751 2126 1826">
     <span class='ocr_line' id='line_1_18' title="bbox 545 1751 2126 1826; baseline 0.006 -20"><span class='ocrx_word' id='word_1_128' title='bbox 545 1751 688 1807; x_wconf 87' lang='lat' dir='ltr'><strong>Uxor</strong></span> <span class='ocrx_word' id='word_1_129' title='bbox 716 1770 829 1808; x_wconf 89' lang='lat' dir='ltr'><strong>mea</strong></span> <span class='ocrx_word' id='word_1_130' title='bbox 862 1764 997 1818; x_wconf 91' lang='lat' dir='ltr'><strong>erat,</strong></span> <span class='ocrx_word' id='word_1_131' title='bbox 1029 1765 1083 1809; x_wconf 94' lang='lat' dir='ltr'><strong>et</strong></span> <span class='ocrx_word' id='word_1_132' title='bbox 1127 1755 1176 1810; x_wconf 92' lang='lat' dir='ltr'><strong>in</strong></span> <span class='ocrx_word' id='word_1_133' title='bbox 1223 1772 1414 1826; x_wconf 90' lang='lat' dir='ltr'><strong>equam</strong></span> <span class='ocrx_word' id='word_1_134' title='bbox 1462 1774 1720 1814; x_wconf 90' lang='lat' dir='ltr'><strong>conversa</strong></span> <span class='ocrx_word' id='word_1_135' title='bbox 1747 1772 1859 1826; x_wconf 90' lang='lat' dir='ltr'><strong>est;</strong></span> <span class='ocrx_word' id='word_1_136' title='bbox 1891 1770 1944 1816; x_wconf 89' lang='lat' dir='ltr'><strong>et</strong></span> <span class='ocrx_word' id='word_1_137' title='bbox 1970 1761 2126 1816; x_wconf 87' lang='lat' dir='ltr'><strong>hodie</strong></span> 
     </span>
    </p>
   </div>
   <div class='ocr_carea' id='block_1_19' title="bbox 2231 556 3822 630">
    <p class='ocr_par' dir='ltr' id='par_1_19' title="bbox 2231 556 3822 630">
     <span class='ocr_line' id='line_1_19' title="bbox 2231 556 3822 630; baseline 0.004 -22"><span class='ocrx_word' id='word_1_138' title='bbox 2231 556 2296 608; x_wconf 92' lang='lat' dir='ltr'><strong>ad</strong></span> <span class='ocrx_word' id='word_1_139' title='bbox 2340 571 2461 610; x_wconf 91' lang='lat' dir='ltr'><strong>eum</strong></span> <span class='ocrx_word' id='word_1_140' title='bbox 2508 557 2817 611; x_wconf 66' lang='lat' dir='ltr'><strong>haereticum</strong></span> <span class='ocrx_word' id='word_1_141' title='bbox 2849 557 3133 627; x_wconf 89' lang='lat' dir='ltr'><strong>quemdam</strong></span> <span class='ocrx_word' id='word_1_142' title='bbox 3169 558 3527 627; x_wconf 81' lang='lat' dir='ltr'><strong>llieracitam,</strong></span> <span class='ocrx_word' id='word_1_143' title='bbox 3562 561 3708 630; x_wconf 88' lang='lat' dir='ltr'><strong>quod</strong></span> <span class='ocrx_word' id='word_1_144' title='bbox 3736 576 3822 630; x_wconf 90' lang='lat' dir='ltr'><strong>ge-</strong></span> 
     </span>
    </p>
   </div>
   <div class='ocr_carea' id='block_1_20' title="bbox 2230 649 3819 720">
    <p class='ocr_par' dir='ltr' id='par_1_20' title="bbox 2230 649 3819 720">
     <span class='ocr_line' id='line_1_20' title="bbox 2230 649 3819 720; baseline 0.004 -20"><span class='ocrx_word' id='word_1_145' title='bbox 2230 663 2327 701; x_wconf 92' lang='lat' dir='ltr'><strong>nus</strong></span> <span class='ocrx_word' id='word_1_146' title='bbox 2377 649 2644 705; x_wconf 73' lang='lat' dir='ltr'><strong>haereseos</strong></span> <span class='ocrx_word' id='word_1_147' title='bbox 2688 649 2958 702; x_wconf 81' lang='lat' dir='ltr'><strong>invenitur</strong></span> <span class='ocrx_word' id='word_1_148' title='bbox 2994 651 3134 718; x_wconf 90' lang='lat' dir='ltr'><strong>apud</strong></span> <span class='ocrx_word' id='word_1_149' title='bbox 3175 649 3463 720; x_wconf 61' lang='lat' dir='ltr'><strong>Egyptum</strong></span> <span class='ocrx_word' id='word_1_150' title='bbox 3485 655 3528 703; x_wconf 78' lang='grc'><strong>³.</strong></span> <span class='ocrx_word' id='word_1_151' title='bbox 3569 652 3669 707; x_wconf 78' lang='lat' dir='ltr'><strong>Hic</strong></span> <span class='ocrx_word' id='word_1_152' title='bbox 3699 669 3819 706; x_wconf 91' lang='lat' dir='ltr'><strong>cum</strong></span> 
     </span>
    </p>
   </div>
   <div class='ocr_carea' id='block_1_21' title="bbox 2230 739 3823 814">
    <p class='ocr_par' dir='ltr' id='par_1_21' title="bbox 2230 739 3823 814">
     <span class='ocr_line' id='line_1_21' title="bbox 2230 739 3823 814; baseline 0.002 -19"><span class='ocrx_word' id='word_1_153' title='bbox 2230 754 2325 808; x_wconf 87' lang='lat' dir='ltr'><strong>per</strong></span> <span class='ocrx_word' id='word_1_154' title='bbox 2372 741 2593 793; x_wconf 91' lang='lat' dir='ltr'><strong>multam</strong></span> <span class='ocrx_word' id='word_1_155' title='bbox 2641 739 2891 810; x_wconf 91' lang='lat' dir='ltr'><strong>loquendi</strong></span> <span class='ocrx_word' id='word_1_156' title='bbox 2939 749 3111 795; x_wconf 80' lang='lat' dir='ltr'><strong>artem</strong></span> <span class='ocrx_word' id='word_1_157' title='bbox 3158 741 3420 810; x_wconf 87' lang='lat' dir='ltr'><strong>plurimos</strong></span> <span class='ocrx_word' id='word_1_158' title='bbox 3449 743 3707 807; x_wconf 89' lang='lat' dir='ltr'><strong>fratrum,</strong></span> <span class='ocrx_word' id='word_1_159' title='bbox 3733 745 3823 814; x_wconf 90' lang='lat' dir='ltr'><strong>qui</strong></span> 
     </span>
    </p>
   </div>
   <div class='ocr_carea' id='block_1_22' title="bbox 2233 833 3822 903">
    <p class='ocr_par' dir='ltr' id='par_1_22' title="bbox 2233 833 3822 903">
     <span class='ocr_line' id='line_1_22' title="bbox 2233 833 3822 903; baseline 0.004 -17"><span class='ocrx_word' id='word_1_160' title='bbox 2233 833 2541 889; x_wconf 87' lang='lat' dir='ltr'><strong>habitabant</strong></span> <span class='ocrx_word' id='word_1_161' title='bbox 2589 834 2642 887; x_wconf 90' lang='lat' dir='ltr'><strong>in</strong></span> <span class='ocrx_word' id='word_1_162' title='bbox 2693 848 2878 890; x_wconf 89' lang='lat' dir='ltr'><strong>eremo</strong></span> <span class='ocrx_word' id='word_1_163' title='bbox 2905 876 2917 898; x_wconf 90' lang='lat'><strong>,</strong></span> <span class='ocrx_word' id='word_1_164' title='bbox 2947 835 3321 903; x_wconf 85' lang='lat' dir='ltr'><strong>conturbaret,</strong></span> <span class='ocrx_word' id='word_1_165' title='bbox 3352 851 3515 892; x_wconf 85' lang='lat' dir='ltr'><strong>ausus</strong></span> <span class='ocrx_word' id='word_1_166' title='bbox 3545 846 3632 892; x_wconf 90' lang='lat' dir='ltr'><strong>est</strong></span> <span class='ocrx_word' id='word_1_167' title='bbox 3662 840 3822 893; x_wconf 86' lang='lat' dir='ltr'><strong>etiam</strong></span> 
     </span>
    </p>
   </div>
   <div class='ocr_carea' id='block_1_23' title="bbox 2234 927 3821 998">
    <p class='ocr_par' dir='ltr' id='par_1_23' title="bbox 2234 927 3821 998">
     <span class='ocr_line' id='line_1_23' title="bbox 2234 927 3821 998; baseline 0.003 -18"><span class='ocrx_word' id='word_1_168' title='bbox 2234 940 2416 980; x_wconf 91' lang='lat' dir='ltr'><strong>coram</strong></span> <span class='ocrx_word' id='word_1_169' title='bbox 2449 927 2568 995; x_wconf 91' lang='lat' dir='ltr'><strong>ipso</strong></span> <span class='ocrx_word' id='word_1_170' title='bbox 2617 927 2737 980; x_wconf 86' lang='lat' dir='ltr'><strong>fidei</strong></span> <span class='ocrx_word' id='word_1_171' title='bbox 2767 942 2878 980; x_wconf 66' lang='lat' dir='ltr'><strong>suae</strong></span> <span class='ocrx_word' id='word_1_172' title='bbox 2923 941 3169 983; x_wconf 89' lang='lat' dir='ltr'><strong>asserere</strong></span> <span class='ocrx_word' id='word_1_173' title='bbox 3201 930 3541 998; x_wconf 82' lang='lat' dir='ltr'><strong>pravitatem.</strong></span> <span class='ocrx_word' id='word_1_174' title='bbox 3573 931 3674 984; x_wconf 81' lang='lat' dir='ltr'><strong>Cui</strong></span> <span class='ocrx_word' id='word_1_175' title='bbox 3704 945 3821 984; x_wconf 92' lang='lat' dir='ltr'><strong>cum</strong></span> 
     </span>
    </p>
   </div>
   <div class='ocr_carea' id='block_1_24' title="bbox 2230 1017 3820 1090">
    <p class='ocr_par' dir='ltr' id='par_1_24' title="bbox 2230 1017 3820 1090">
     <span class='ocr_line' id='line_1_24' title="bbox 2230 1017 3820 1090; baseline 0.003 -20"><span class='ocrx_word' id='word_1_176' title='bbox 2230 1017 2412 1071; x_wconf 88' lang='lat' dir='ltr'><strong>senior</strong></span> <span class='ocrx_word' id='word_1_177' title='bbox 2434 1018 2711 1072; x_wconf 89' lang='lat' dir='ltr'><strong>resisteret</strong></span> <span class='ocrx_word' id='word_1_178' title='bbox 2737 1027 2790 1073; x_wconf 93' lang='lat' dir='ltr'><strong>et</strong></span> <span class='ocrx_word' id='word_1_179' title='bbox 2808 1019 3225 1084; x_wconf 89' lang='lat' dir='ltr'><strong>contradiceret,</strong></span> <span class='ocrx_word' id='word_1_180' title='bbox 3249 1021 3339 1075; x_wconf 88' lang='lat' dir='ltr'><strong>ille</strong></span> <span class='ocrx_word' id='word_1_181' title='bbox 3363 1023 3525 1076; x_wconf 81' lang='lat' dir='ltr'><strong>verba</strong></span> <span class='ocrx_word' id='word_1_182' title='bbox 3554 1021 3820 1090; x_wconf 78' lang='lat' dir='ltr'><strong>simplicia</strong></span> 
     </span>
    </p>
   </div>
   <div class='ocr_carea' id='block_1_25' title="bbox 2231 1109 3819 1178">
    <p class='ocr_par' dir='ltr' id='par_1_25' title="bbox 2231 1109 3819 1178">
     <span class='ocr_line' id='line_1_25' title="bbox 2231 1109 3819 1178; baseline 0.004 -18"><span class='ocrx_word' id='word_1_183' title='bbox 2231 1109 2561 1178; x_wconf 79' lang='lat' dir='ltr'><strong>argumentis</strong></span> <span class='ocrx_word' id='word_1_184' title='bbox 2604 1109 2810 1163; x_wconf 86' lang='lat' dir='ltr'><strong>callidis</strong></span> <span class='ocrx_word' id='word_1_185' title='bbox 2840 1110 3109 1166; x_wconf 89' lang='lat' dir='ltr'><strong>eludebat.</strong></span> <span class='ocrx_word' id='word_1_186' title='bbox 3165 1111 3272 1166; x_wconf 84' lang='lat' dir='ltr'><strong>Sed</strong></span> <span class='ocrx_word' id='word_1_187' title='bbox 3303 1127 3421 1166; x_wconf 90' lang='lat' dir='ltr'><strong>cum</strong></span> <span class='ocrx_word' id='word_1_188' title='bbox 3454 1112 3669 1166; x_wconf 83' lang='lat' dir='ltr'><strong>videret</strong></span> <span class='ocrx_word' id='word_1_189' title='bbox 3697 1127 3819 1166; x_wconf 89' lang='lat' dir='ltr'><strong>san-</strong></span> 
     </span>
    </p>
   </div>
   <div class='ocr_carea' id='block_1_26' title="bbox 2230 1202 3814 1274">
    <p class='ocr_par' dir='ltr' id='par_1_26' title="bbox 2230 1202 3814 1274">
     <span class='ocr_line' id='line_1_26' title="bbox 2230 1202 3814 1274; baseline 0.003 -18"><span class='ocrx_word' id='word_1_190' title='bbox 2230 1211 2346 1257; x_wconf 91' lang='lat' dir='ltr'><strong>ctus</strong></span> <span class='ocrx_word' id='word_1_191' title='bbox 2376 1203 2535 1257; x_wconf 88' lang='lat' dir='ltr'><strong>fidem</strong></span> <span class='ocrx_word' id='word_1_192' title='bbox 2562 1202 2787 1257; x_wconf 83' lang='lat' dir='ltr'><strong>fratrum</strong></span> <span class='ocrx_word' id='word_1_193' title='bbox 2819 1203 3107 1271; x_wconf 87' lang='lat' dir='ltr'><strong>periclitari</strong></span> <span class='ocrx_word' id='word_1_194' title='bbox 3133 1221 3148 1258; x_wconf 88' lang='lat'><strong><em>:</em></strong></span> <span class='ocrx_word' id='word_1_195' title='bbox 3174 1204 3311 1272; x_wconf 92' lang='lat' dir='ltr'><strong>Quid</strong></span> <span class='ocrx_word' id='word_1_196' title='bbox 3334 1220 3469 1274; x_wconf 91' lang='lat' dir='ltr'><strong>opus</strong></span> <span class='ocrx_word' id='word_1_197' title='bbox 3492 1214 3601 1269; x_wconf 76' lang='lat' dir='ltr'><strong>est,</strong></span> <span class='ocrx_word' id='word_1_198' title='bbox 3629 1205 3814 1274; x_wconf 76' lang='lat' dir='ltr'><strong>inquit.</strong></span> 
     </span>
    </p>
   </div>
   <div class='ocr_carea' id='block_1_27' title="bbox 2232 1293 3816 1351">
    <p class='ocr_par' dir='ltr' id='par_1_27' title="bbox 2232 1293 3816 1351">
     <span class='ocr_line' id='line_1_27' title="bbox 2232 1293 3816 1351; baseline 0 -3"><span class='ocrx_word' id='word_1_199' title='bbox 2232 1310 2331 1348; x_wconf 94' lang='lat' dir='ltr'><strong>nos</strong></span> <span class='ocrx_word' id='word_1_200' title='bbox 2360 1297 2540 1348; x_wconf 84' lang='lat' dir='ltr'><strong>verbis</strong></span> <span class='ocrx_word' id='word_1_201' title='bbox 2567 1293 2896 1348; x_wconf 89' lang='lat' dir='ltr'><strong>contendere</strong></span> <span class='ocrx_word' id='word_1_202' title='bbox 2925 1295 2989 1347; x_wconf 91' lang='lat' dir='ltr'><strong>ad</strong></span> <span class='ocrx_word' id='word_1_203' title='bbox 3014 1295 3418 1349; x_wconf 89' lang='lat' dir='ltr'><strong>subversionem</strong></span> <span class='ocrx_word' id='word_1_204' title='bbox 3449 1295 3816 1351; x_wconf 78' lang='lat' dir='ltr'><strong>audientium?</strong></span> 
     </span>
    </p>
   </div>
   <div class='ocr_carea' id='block_1_28' title="bbox 2231 1388 3817 1460">
    <p class='ocr_par' dir='ltr' id='par_1_28' title="bbox 2231 1388 3817 1460">
     <span class='ocr_line' id='line_1_28' title="bbox 2231 1388 3817 1460; baseline -0.001 -16"><span class='ocrx_word' id='word_1_205' title='bbox 2231 1406 2485 1444; x_wconf 85' lang='lat' dir='ltr'><strong>exeamus</strong></span> <span class='ocrx_word' id='word_1_206' title='bbox 2513 1390 2579 1443; x_wconf 90' lang='lat' dir='ltr'><strong>ad</strong></span> <span class='ocrx_word' id='word_1_207' title='bbox 2611 1390 2857 1460; x_wconf 91' lang='lat' dir='ltr'><strong>sepulcra</strong></span> <span class='ocrx_word' id='word_1_208' title='bbox 2900 1388 3123 1443; x_wconf 77' lang='lat' dir='ltr'><strong>fratrum</strong></span> <span class='ocrx_word' id='word_1_209' title='bbox 3165 1389 3254 1458; x_wconf 94' lang='lat' dir='ltr'><strong>qui</strong></span> <span class='ocrx_word' id='word_1_210' title='bbox 3288 1404 3386 1444; x_wconf 91' lang='lat' dir='ltr'><strong>nos</strong></span> <span class='ocrx_word' id='word_1_211' title='bbox 3428 1400 3817 1458; x_wconf 71' lang='lat' dir='ltr'><strong>pnecesseruut</strong></span> 
     </span>
    </p>
   </div>
   <div class='ocr_carea' id='block_1_29' title="bbox 2230 1477 3816 1544">
    <p class='ocr_par' dir='ltr' id='par_1_29' title="bbox 2230 1477 3816 1544">
     <span class='ocr_line' id='line_1_29' title="bbox 2230 1477 3816 1544; baseline 0.001 -12"><span class='ocrx_word' id='word_1_212' title='bbox 2230 1477 2283 1532; x_wconf 90' lang='lat' dir='ltr'><strong>in</strong></span> <span class='ocrx_word' id='word_1_213' title='bbox 2317 1479 2561 1544; x_wconf 91' lang='lat' dir='ltr'><strong>Domino,</strong></span> <span class='ocrx_word' id='word_1_214' title='bbox 2593 1489 2647 1533; x_wconf 92' lang='lat' dir='ltr'><strong>et</strong></span> <span class='ocrx_word' id='word_1_215' title='bbox 2677 1478 2760 1533; x_wconf 91' lang='lat' dir='ltr'><strong>cui</strong></span> <span class='ocrx_word' id='word_1_216' title='bbox 2805 1487 3048 1532; x_wconf 91' lang='lat' dir='ltr'><strong>nostrum</strong></span> <span class='ocrx_word' id='word_1_217' title='bbox 3077 1478 3406 1533; x_wconf 86' lang='lat' dir='ltr'><strong>concesserit</strong></span> <span class='ocrx_word' id='word_1_218' title='bbox 3438 1479 3701 1532; x_wconf 89' lang='lat' dir='ltr'><strong>Dominus</strong></span> <span class='ocrx_word' id='word_1_219' title='bbox 3740 1494 3816 1533; x_wconf 84' lang='lat' dir='ltr'><strong>re-</strong></span> 
     </span>
    </p>
   </div>
   <div class='ocr_carea' id='block_1_30' title="bbox 2229 1568 3815 1638">
    <p class='ocr_par' dir='ltr' id='par_1_30' title="bbox 2229 1568 3815 1638">
     <span class='ocr_line' id='line_1_30' title="bbox 2229 1568 3815 1638; baseline 0.001 -17"><span class='ocrx_word' id='word_1_220' title='bbox 2229 1568 2491 1623; x_wconf 89' lang='lat' dir='ltr'><strong>suscitare</strong></span> <span class='ocrx_word' id='word_1_221' title='bbox 2542 1578 2808 1622; x_wconf 92' lang='lat' dir='ltr'><strong>mortuum</strong></span> <span class='ocrx_word' id='word_1_222' title='bbox 2861 1569 2929 1622; x_wconf 89' lang='lat' dir='ltr'><strong>de</strong></span> <span class='ocrx_word' id='word_1_223' title='bbox 2975 1569 3244 1637; x_wconf 88' lang='lat' dir='ltr'><strong>sepulcro,</strong></span> <span class='ocrx_word' id='word_1_224' title='bbox 3269 1570 3442 1623; x_wconf 88' lang='lat' dir='ltr'><strong>sciant</strong></span> <span class='ocrx_word' id='word_1_225' title='bbox 3483 1584 3676 1625; x_wconf 91' lang='lat' dir='ltr'><strong>omnes</strong></span> <span class='ocrx_word' id='word_1_226' title='bbox 3699 1570 3815 1638; x_wconf 85' lang='lat' dir='ltr'><strong>quia</strong></span> 
     </span>
    </p>
   </div>
   <div class='ocr_carea' id='block_1_31' title="bbox 2230 1659 3817 1730">
    <p class='ocr_par' dir='ltr' id='par_1_31' title="bbox 2230 1659 3817 1730">
     <span class='ocr_line' id='line_1_31' title="bbox 2230 1659 3817 1730; baseline 0.001 -16"><span class='ocrx_word' id='word_1_227' title='bbox 2230 1660 2374 1714; x_wconf 89' lang='lat' dir='ltr'><strong>illius</strong></span> <span class='ocrx_word' id='word_1_228' title='bbox 2407 1660 2538 1715; x_wconf 86' lang='lat' dir='ltr'><strong>fides</strong></span> <span class='ocrx_word' id='word_1_229' title='bbox 2571 1660 2827 1729; x_wconf 87' lang='lat' dir='ltr'><strong>probatur</strong></span> <span class='ocrx_word' id='word_1_230' title='bbox 2855 1674 2884 1713; x_wconf 89' lang='lat' dir='ltr'><strong>a</strong></span> <span class='ocrx_word' id='word_1_231' title='bbox 2919 1661 3047 1716; x_wconf 92' lang='lat' dir='ltr'><strong>Deo.</strong></span> <span class='ocrx_word' id='word_1_232' title='bbox 3077 1659 3270 1715; x_wconf 89' lang='lat' dir='ltr'><strong>Sermo</strong></span> <span class='ocrx_word' id='word_1_233' title='bbox 3302 1660 3386 1716; x_wconf 87' lang='lat' dir='ltr'><strong>hic</strong></span> <span class='ocrx_word' id='word_1_234' title='bbox 3416 1662 3620 1730; x_wconf 88' lang='lat' dir='ltr'><strong>placuit</strong></span> <span class='ocrx_word' id='word_1_235' title='bbox 3651 1662 3817 1716; x_wconf 83' lang='lat' dir='ltr'><strong>omni-</strong></span> 
     </span>
    </p>
   </div>
   <div class='ocr_carea' id='block_1_32' title="bbox 2230 1750 3816 1822">
    <p class='ocr_par' dir='ltr' id='par_1_32' title="bbox 2230 1750 3816 1822">
     <span class='ocr_line' id='line_1_32' title="bbox 2230 1750 3816 1822; baseline -0.001 -15"><span class='ocrx_word' id='word_1_236' title='bbox 2230 1752 2327 1808; x_wconf 89' lang='lat' dir='ltr'><strong>bus</strong></span> <span class='ocrx_word' id='word_1_237' title='bbox 2355 1753 2444 1821; x_wconf 90' lang='lat' dir='ltr'><strong>qui</strong></span> <span class='ocrx_word' id='word_1_238' title='bbox 2476 1751 2701 1806; x_wconf 90' lang='lat' dir='ltr'><strong>adcrant</strong></span> <span class='ocrx_word' id='word_1_239' title='bbox 2726 1750 3003 1817; x_wconf 81' lang='lat' dir='ltr'><strong>fratribus,</strong></span> <span class='ocrx_word' id='word_1_240' title='bbox 3037 1761 3092 1806; x_wconf 89' lang='lat' dir='ltr'><strong>et</strong></span> <span class='ocrx_word' id='word_1_241' title='bbox 3132 1761 3518 1820; x_wconf 89' lang='lat' dir='ltr'><strong>processerunt</strong></span> <span class='ocrx_word' id='word_1_242' title='bbox 3541 1752 3608 1806; x_wconf 87' lang='lat' dir='ltr'><strong>ad</strong></span> <span class='ocrx_word' id='word_1_243' title='bbox 3641 1753 3816 1822; x_wconf 85' lang='lat' dir='ltr'><strong>sepul-</strong></span> 
     </span>
    </p>
   </div>
   <div class='ocr_carea' id='block_1_33' title="bbox 539 1834 3816 1921">
    <p class='ocr_par' dir='ltr' id='par_1_33' title="bbox 539 1834 3816 1921">
     <span class='ocr_line' id='line_1_33' title="bbox 539 1834 3816 1921; baseline 0.001 -24"><span class='ocrx_word' id='word_1_244' title='bbox 539 1847 701 1898; x_wconf 90' lang='lat' dir='ltr'><strong>habet</strong></span> <span class='ocrx_word' id='word_1_245' title='bbox 731 1848 944 1901; x_wconf 88' lang='lat' dir='ltr'><strong>tertium</strong></span> <span class='ocrx_word' id='word_1_246' title='bbox 991 1847 1154 1912; x_wconf 82' lang='lat' dir='ltr'><strong>diem,</strong></span> <span class='ocrx_word' id='word_1_247' title='bbox 1187 1865 1289 1902; x_wconf 83' lang='lat' dir='ltr'><strong>non</strong></span> <span class='ocrx_word' id='word_1_248' title='bbox 1321 1860 1539 1918; x_wconf 74' lang='lat' dir='ltr'><strong>guslans</strong></span> <span class='ocrx_word' id='word_1_249' title='bbox 1564 1851 1872 1921; x_wconf 76' lang='lat' dir='ltr'><strong>quidquam.</strong></span> <span class='ocrx_word' id='word_1_250' title='bbox 1915 1851 2011 1919; x_wconf 81' lang='lat' dir='ltr'><strong>Qui</strong></span> <span class='ocrx_word' id='word_1_251' title='bbox 2041 1868 2126 1907; x_wconf 81' lang='lat' dir='ltr'><strong>re-</strong></span> <span class='ocrx_word' id='word_1_252' title='bbox 2158 1834 2202 1892; x_wconf 74' lang='grc' dir='ltr'><strong>Β</strong></span> <span class='ocrx_word' id='word_1_253' title='bbox 2229 1859 2340 1898; x_wconf 89' lang='lat' dir='ltr'><strong>cra.</strong></span> <span class='ocrx_word' id='word_1_254' title='bbox 2375 1843 2631 1897; x_wconf 81' lang='lat' dir='ltr'><strong>Hortatur</strong></span> <span class='ocrx_word' id='word_1_255' title='bbox 2653 1843 2913 1898; x_wconf 79' lang='lat' dir='ltr'><strong>Macarius</strong></span> <span class='ocrx_word' id='word_1_256' title='bbox 2940 1843 3288 1908; x_wconf 81' lang='lat' dir='ltr'><strong>llieracitam,</strong></span> <span class='ocrx_word' id='word_1_257' title='bbox 3315 1854 3369 1897; x_wconf 91' lang='lat' dir='ltr'><strong>ut</strong></span> <span class='ocrx_word' id='word_1_258' title='bbox 3392 1853 3649 1899; x_wconf 86' lang='lat' dir='ltr'><strong>evocaret</strong></span> <span class='ocrx_word' id='word_1_259' title='bbox 3678 1859 3816 1899; x_wconf 86' lang='lat' dir='ltr'><strong>mor-</strong></span> 
     </span>
    </p>
   </div>
   <div class='ocr_carea' id='block_1_34' title="bbox 538 1934 2124 2010">
    <p class='ocr_par' dir='ltr' id='par_1_34' title="bbox 538 1934 2124 2010">
     <span class='ocr_line' id='line_1_34' title="bbox 538 1934 2124 2010; baseline 0.005 -22"><span class='ocrx_word' id='word_1_260' title='bbox 538 1934 773 1990; x_wconf 88' lang='lat' dir='ltr'><strong>tulerunt</strong></span> <span class='ocrx_word' id='word_1_261' title='bbox 798 1946 984 1990; x_wconf 91' lang='lat' dir='ltr'><strong>sancto</strong></span> <span class='ocrx_word' id='word_1_262' title='bbox 1011 1937 1240 1994; x_wconf 82' lang='lat' dir='ltr'><strong>Macario</strong></span> <span class='ocrx_word' id='word_1_263' title='bbox 1265 1937 1409 1994; x_wconf 89' lang='lat' dir='ltr'><strong>intus</strong></span> <span class='ocrx_word' id='word_1_264' title='bbox 1434 1941 1630 1994; x_wconf 89' lang='lat' dir='ltr'><strong>oranti.</strong></span> <span class='ocrx_word' id='word_1_265' title='bbox 1666 1941 1952 2010; x_wconf 85' lang='lat' dir='ltr'><strong>Propterea</strong></span> <span class='ocrx_word' id='word_1_266' title='bbox 1981 1943 2124 1997; x_wconf 91' lang='lat' dir='ltr'><strong>enim</strong></span> 
     </span>
    </p>
   </div>
   <div class='ocr_carea' id='block_1_35' title="bbox 538 2028 2127 2100">
    <p class='ocr_par' dir='ltr' id='par_1_35' title="bbox 538 2028 2127 2100">
     <span class='ocr_line' id='line_1_35' title="bbox 538 2028 2127 2100; baseline 0.003 -17"><span class='ocrx_word' id='word_1_267' title='bbox 538 2029 870 2084; x_wconf 89' lang='lat' dir='ltr'><strong>revelaverat</strong></span> <span class='ocrx_word' id='word_1_268' title='bbox 913 2028 962 2084; x_wconf 89' lang='lat' dir='ltr'><strong>ei</strong></span> <span class='ocrx_word' id='word_1_269' title='bbox 1015 2030 1172 2085; x_wconf 90' lang='lat' dir='ltr'><strong>Deus.</strong></span> <span class='ocrx_word' id='word_1_270' title='bbox 1223 2029 1522 2100; x_wconf 78' lang='lat' dir='ltr'><strong>Respondit</strong></span> <span class='ocrx_word' id='word_1_271' title='bbox 1574 2047 1703 2099; x_wconf 84' lang='lat' dir='ltr'><strong>ergo</strong></span> <span class='ocrx_word' id='word_1_272' title='bbox 1749 2034 2036 2092; x_wconf 84' lang='lat' dir='ltr'><strong>fratribus.</strong></span> <span class='ocrx_word' id='word_1_273' title='bbox 2074 2044 2127 2088; x_wconf 88' lang='lat' dir='ltr'><strong>et</strong></span> 
     </span>
    </p>
   </div>
   <div class='ocr_carea' id='block_1_36' title="bbox 539 2119 2128 2191">
    <p class='ocr_par' dir='ltr' id='par_1_36' title="bbox 539 2119 2128 2191">
     <span class='ocr_line' id='line_1_36' title="bbox 539 2119 2128 2191; baseline 0.006 -19"><span class='ocrx_word' id='word_1_274' title='bbox 539 2121 670 2173; x_wconf 83' lang='lat' dir='ltr'><strong>dicit</strong></span> <span class='ocrx_word' id='word_1_275' title='bbox 699 2119 776 2172; x_wconf 72' lang='lat' dir='ltr'><strong>eis</strong></span> <span class='ocrx_word' id='word_1_276' title='bbox 804 2138 815 2170; x_wconf 91' lang='lat'><strong>:</strong></span> <span class='ocrx_word' id='word_1_277' title='bbox 846 2119 980 2188; x_wconf 87' lang='lat' dir='ltr'><strong>Equi</strong></span> <span class='ocrx_word' id='word_1_278' title='bbox 1010 2136 1103 2176; x_wconf 91' lang='lat' dir='ltr'><strong>vos</strong></span> <span class='ocrx_word' id='word_1_279' title='bbox 1135 2122 1264 2175; x_wconf 90' lang='lat' dir='ltr'><strong>estis</strong></span> <span class='ocrx_word' id='word_1_280' title='bbox 1285 2163 1300 2187; x_wconf 93' lang='lat'><strong>,</strong></span> <span class='ocrx_word' id='word_1_281' title='bbox 1332 2124 1420 2190; x_wconf 90' lang='lat' dir='ltr'><strong>qui</strong></span> <span class='ocrx_word' id='word_1_282' title='bbox 1449 2139 1706 2191; x_wconf 87' lang='lat' dir='ltr'><strong>equorum</strong></span> <span class='ocrx_word' id='word_1_283' title='bbox 1751 2127 1934 2179; x_wconf 92' lang='lat' dir='ltr'><strong>oculos</strong></span> <span class='ocrx_word' id='word_1_284' title='bbox 1965 2127 2128 2181; x_wconf 85' lang='lat' dir='ltr'><strong>babe-</strong></span> 
     </span>
    </p>
   </div>
   <div class='ocr_carea' id='block_1_37' title="bbox 539 2211 2129 2284">
    <p class='ocr_par' dir='ltr' id='par_1_37' title="bbox 539 2211 2129 2284">
     <span class='ocr_line' id='line_1_37' title="bbox 539 2211 2129 2284; baseline 0.005 -22"><span class='ocrx_word' id='word_1_285' title='bbox 539 2212 638 2276; x_wconf 90' lang='lat' dir='ltr'><strong>tis;</strong></span> <span class='ocrx_word' id='word_1_286' title='bbox 671 2211 757 2265; x_wconf 89' lang='lat' dir='ltr'><strong>illa</strong></span> <span class='ocrx_word' id='word_1_287' title='bbox 805 2220 982 2265; x_wconf 91' lang='lat' dir='ltr'><strong>autem</strong></span> <span class='ocrx_word' id='word_1_288' title='bbox 1014 2211 1206 2266; x_wconf 91' lang='lat' dir='ltr'><strong>mulier</strong></span> <span class='ocrx_word' id='word_1_289' title='bbox 1248 2228 1354 2267; x_wconf 93' lang='lat' dir='ltr'><strong>non</strong></span> <span class='ocrx_word' id='word_1_290' title='bbox 1385 2224 1468 2268; x_wconf 88' lang='lat' dir='ltr'><strong>est</strong></span> <span class='ocrx_word' id='word_1_291' title='bbox 1501 2217 1897 2284; x_wconf 84' lang='lat' dir='ltr'><strong>transfigurata,</strong></span> <span class='ocrx_word' id='word_1_292' title='bbox 1921 2218 2011 2270; x_wconf 86' lang='lat' dir='ltr'><strong>sed</strong></span> <span class='ocrx_word' id='word_1_293' title='bbox 2042 2234 2129 2270; x_wconf 85' lang='lat' dir='ltr'><strong>so-</strong></span> 
     </span>
    </p>
   </div>
   <div class='ocr_carea' id='block_1_38' title="bbox 541 2303 2128 2376">
    <p class='ocr_par' dir='ltr' id='par_1_38' title="bbox 541 2303 2128 2376">
     <span class='ocr_line' id='line_1_38' title="bbox 541 2303 2128 2376; baseline 0.005 -22"><span class='ocrx_word' id='word_1_294' title='bbox 541 2303 650 2356; x_wconf 92' lang='lat' dir='ltr'><strong>lum</strong></span> <span class='ocrx_word' id='word_1_295' title='bbox 682 2305 733 2357; x_wconf 92' lang='lat' dir='ltr'><strong>in</strong></span> <span class='ocrx_word' id='word_1_296' title='bbox 757 2303 926 2357; x_wconf 91' lang='lat' dir='ltr'><strong>oculis</strong></span> <span class='ocrx_word' id='word_1_297' title='bbox 957 2318 1140 2357; x_wconf 90' lang='lat' dir='ltr'><strong>eorum</strong></span> <span class='ocrx_word' id='word_1_298' title='bbox 1165 2305 1252 2373; x_wconf 89' lang='lat' dir='ltr'><strong>qui</strong></span> <span class='ocrx_word' id='word_1_299' title='bbox 1285 2305 1611 2360; x_wconf 91' lang='lat' dir='ltr'><strong>seducuntur</strong></span> <span class='ocrx_word' id='word_1_300' title='bbox 1641 2307 1850 2362; x_wconf 88' lang='lat' dir='ltr'><strong>videtur</strong></span> <span class='ocrx_word' id='word_1_301' title='bbox 1877 2323 2032 2376; x_wconf 90' lang='lat' dir='ltr'><strong>equa.</strong></span> <span class='ocrx_word' id='word_1_302' title='bbox 2063 2308 2128 2362; x_wconf 86' lang='lat' dir='ltr'><strong>Et</strong></span> 
     </span>
    </p>
   </div>
   <div class='ocr_carea' id='block_1_39' title="bbox 543 2394 2128 2466">
    <p class='ocr_par' dir='ltr' id='par_1_39' title="bbox 543 2394 2128 2466">
     <span class='ocr_line' id='line_1_39' title="bbox 543 2394 2128 2466; baseline 0.004 -19"><span class='ocrx_word' id='word_1_303' title='bbox 543 2394 867 2449; x_wconf 86' lang='lat' dir='ltr'><strong>benedicens</strong></span> <span class='ocrx_word' id='word_1_304' title='bbox 890 2395 1089 2459; x_wconf 90' lang='lat' dir='ltr'><strong>oleum,</strong></span> <span class='ocrx_word' id='word_1_305' title='bbox 1116 2411 1145 2449; x_wconf 92' lang='lat' dir='ltr'><strong>a</strong></span> <span class='ocrx_word' id='word_1_306' title='bbox 1176 2397 1375 2451; x_wconf 90' lang='lat' dir='ltr'><strong>vertice</strong></span> <span class='ocrx_word' id='word_1_307' title='bbox 1403 2398 1653 2465; x_wconf 86' lang='lat' dir='ltr'><strong>perunxit</strong></span> <span class='ocrx_word' id='word_1_308' title='bbox 1681 2413 1798 2453; x_wconf 92' lang='lat' dir='ltr'><strong>eam</strong></span> <span class='ocrx_word' id='word_1_309' title='bbox 1831 2400 2051 2466; x_wconf 89' lang='lat' dir='ltr'><strong>nudam,</strong></span> <span class='ocrx_word' id='word_1_310' title='bbox 2075 2408 2128 2454; x_wconf 91' lang='lat' dir='ltr'><strong>et</strong></span> 
     </span>
    </p>
   </div>
   <div class='ocr_carea' id='block_1_40' title="bbox 542 2487 2130 2554">
    <p class='ocr_par' dir='ltr' id='par_1_40' title="bbox 542 2487 2130 2554">
     <span class='ocr_line' id='line_1_40' title="bbox 542 2487 2130 2554; baseline 0.004 -14"><span class='ocrx_word' id='word_1_311' title='bbox 542 2487 909 2554; x_wconf 87' lang='lat' dir='ltr'><strong>superoravit,</strong></span> <span class='ocrx_word' id='word_1_312' title='bbox 935 2496 986 2540; x_wconf 91' lang='lat' dir='ltr'><strong>et</strong></span> <span class='ocrx_word' id='word_1_313' title='bbox 1017 2488 1192 2540; x_wconf 85' lang='lat' dir='ltr'><strong>statim</strong></span> <span class='ocrx_word' id='word_1_314' title='bbox 1226 2487 1346 2542; x_wconf 86' lang='lat' dir='ltr'><strong>fecit</strong></span> <span class='ocrx_word' id='word_1_315' title='bbox 1395 2504 1512 2543; x_wconf 89' lang='lat' dir='ltr'><strong>eam</strong></span> <span class='ocrx_word' id='word_1_316' title='bbox 1557 2491 1835 2545; x_wconf 89' lang='lat' dir='ltr'><strong>mulierem</strong></span> <span class='ocrx_word' id='word_1_317' title='bbox 1867 2492 2034 2546; x_wconf 89' lang='lat' dir='ltr'><strong>videri</strong></span> <span class='ocrx_word' id='word_1_318' title='bbox 2062 2493 2130 2547; x_wconf 90' lang='lat' dir='ltr'><strong>ab</strong></span> 
     </span>
    </p>
   </div>
   <div class='ocr_carea' id='block_1_41' title="bbox 541 2578 2129 2646">
    <p class='ocr_par' dir='ltr' id='par_1_41' title="bbox 541 2578 2129 2646">
     <span class='ocr_line' id='line_1_41' title="bbox 541 2578 2129 2646; baseline 0.006 -16"><span class='ocrx_word' id='word_1_319' title='bbox 541 2578 810 2633; x_wconf 91' lang='lat' dir='ltr'><strong>omnibus.</strong></span> <span class='ocrx_word' id='word_1_320' title='bbox 864 2578 1004 2632; x_wconf 91' lang='lat' dir='ltr'><strong>Daus</strong></span> <span class='ocrx_word' id='word_1_321' title='bbox 1051 2589 1227 2634; x_wconf 91' lang='lat' dir='ltr'><strong>autem</strong></span> <span class='ocrx_word' id='word_1_322' title='bbox 1260 2582 1307 2634; x_wconf 90' lang='lat' dir='ltr'><strong>ei</strong></span> <span class='ocrx_word' id='word_1_323' title='bbox 1337 2581 1511 2635; x_wconf 89' lang='lat' dir='ltr'><strong>cibum</strong></span> <span class='ocrx_word' id='word_1_324' title='bbox 1537 2622 1550 2646; x_wconf 93' lang='lat'><strong>,</strong></span> <span class='ocrx_word' id='word_1_325' title='bbox 1587 2582 1712 2636; x_wconf 91' lang='lat' dir='ltr'><strong>fecit</strong></span> <span class='ocrx_word' id='word_1_326' title='bbox 1742 2598 1857 2637; x_wconf 76' lang='lat' dir='ltr'><strong>eam</strong></span> <span class='ocrx_word' id='word_1_327' title='bbox 1907 2587 2129 2639; x_wconf 92' lang='lat' dir='ltr'><strong>mandu-</strong></span> 
     </span>
    </p>
   </div>
   <div class='ocr_carea' id='block_1_42' title="bbox 541 2667 2125 2742">
    <p class='ocr_par' dir='ltr' id='par_1_42' title="bbox 541 2667 2125 2742">
     <span class='ocr_line' id='line_1_42' title="bbox 541 2667 2125 2742; baseline 0.006 -21"><span class='ocrx_word' id='word_1_328' title='bbox 541 2683 686 2734; x_wconf 89' lang='lat' dir='ltr'><strong>care,</strong></span> <span class='ocrx_word' id='word_1_329' title='bbox 716 2677 769 2723; x_wconf 91' lang='lat' dir='ltr'><strong>et</strong></span> <span class='ocrx_word' id='word_1_330' title='bbox 791 2667 994 2723; x_wconf 89' lang='lat' dir='ltr'><strong>dimisit</strong></span> <span class='ocrx_word' id='word_1_331' title='bbox 1019 2684 1140 2724; x_wconf 94' lang='lat' dir='ltr'><strong>cum</strong></span> <span class='ocrx_word' id='word_1_332' title='bbox 1171 2671 1384 2740; x_wconf 84' lang='lat' dir='ltr'><strong>pmprio</strong></span> <span class='ocrx_word' id='word_1_333' title='bbox 1412 2674 1545 2735; x_wconf 87' lang='lat' dir='ltr'><strong>viro,</strong></span> <span class='ocrx_word' id='word_1_334' title='bbox 1578 2673 1775 2742; x_wconf 81' lang='lat' dir='ltr'><strong>gratias</strong></span> <span class='ocrx_word' id='word_1_335' title='bbox 1805 2675 2125 2731; x_wconf 85' lang='lat' dir='ltr'><strong>referentem</strong></span> 
     </span>
    </p>
   </div>
   <div class='ocr_carea' id='block_1_43' title="bbox 545 2757 2130 2833">
    <p class='ocr_par' dir='ltr' id='par_1_43' title="bbox 545 2757 2130 2833">
     <span class='ocr_line' id='line_1_43' title="bbox 545 2757 2130 2833; baseline 0.006 -22"><span class='ocrx_word' id='word_1_336' title='bbox 545 2757 674 2812; x_wconf 90' lang='lat' dir='ltr'><strong>Deo.</strong></span> <span class='ocrx_word' id='word_1_337' title='bbox 713 2759 774 2813; x_wconf 86' lang='lat' dir='ltr'><strong>Et</strong></span> <span class='ocrx_word' id='word_1_338' title='bbox 804 2762 1057 2829; x_wconf 66' lang='lat' dir='ltr'><strong>praecepit</strong></span> <span class='ocrx_word' id='word_1_339' title='bbox 1076 2761 1146 2827; x_wconf 90' lang='lat' dir='ltr'><strong>ei,</strong></span> <span class='ocrx_word' id='word_1_340' title='bbox 1173 2762 1352 2816; x_wconf 90' lang='lat' dir='ltr'><strong>dicens</strong></span> <span class='ocrx_word' id='word_1_341' title='bbox 1379 2781 1391 2815; x_wconf 90' lang='lat'>:</span> <span class='ocrx_word' id='word_1_342' title='bbox 1419 2763 1698 2833; x_wconf 84' lang='lat' dir='ltr'><strong>Nunquam</strong></span> <span class='ocrx_word' id='word_1_343' title='bbox 1722 2780 1899 2820; x_wconf 86' lang='lat' dir='ltr'><strong>cesses</strong></span> <span class='ocrx_word' id='word_1_344' title='bbox 1927 2782 1956 2821; x_wconf 91' lang='lat' dir='ltr'><strong>a</strong></span> <span class='ocrx_word' id='word_1_345' title='bbox 1983 2785 2130 2822; x_wconf 90' lang='lat' dir='ltr'><strong>com-</strong></span> 
     </span>
    </p>
   </div>
   <div class='ocr_carea' id='block_1_44' title="bbox 540 2850 2129 2928">
    <p class='ocr_par' dir='ltr' id='par_1_44' title="bbox 540 2850 2129 2928">
     <span class='ocr_line' id='line_1_44' title="bbox 540 2850 2129 2928; baseline 0.006 -24"><span class='ocrx_word' id='word_1_346' title='bbox 540 2850 813 2906; x_wconf 86' lang='lat' dir='ltr'><strong>munione.</strong></span> <span class='ocrx_word' id='word_1_347' title='bbox 849 2851 973 2906; x_wconf 67' lang='lat' dir='ltr'><strong>l-ltcc</strong></span> <span class='ocrx_word' id='word_1_348' title='bbox 1008 2862 1186 2908; x_wconf 91' lang='lat' dir='ltr'><strong>autem</strong></span> <span class='ocrx_word' id='word_1_349' title='bbox 1220 2853 1311 2907; x_wconf 92' lang='lat' dir='ltr'><strong>tibi</strong></span> <span class='ocrx_word' id='word_1_350' title='bbox 1336 2865 1660 2919; x_wconf 85' lang='lat' dir='ltr'><strong>evenerunt,</strong></span> <span class='ocrx_word' id='word_1_351' title='bbox 1691 2858 1812 2926; x_wconf 92' lang='lat' dir='ltr'><strong>quia</strong></span> <span class='ocrx_word' id='word_1_352' title='bbox 1846 2873 1942 2927; x_wconf 90' lang='lat' dir='ltr'><strong>per</strong></span> <span class='ocrx_word' id='word_1_353' title='bbox 1969 2858 2129 2928; x_wconf 81' lang='lat' dir='ltr'><strong>quin-</strong></span> 
     </span>
    </p>
   </div>
   <div class='ocr_carea' id='block_1_45' title="bbox 539 2944 2138 3015">
    <p class='ocr_par' dir='ltr' id='par_1_45' title="bbox 539 2944 2138 3015">
     <span class='ocr_line' id='line_1_45' title="bbox 539 2944 2138 3015; baseline 0 -18"><span class='ocrx_word' id='word_1_354' title='bbox 539 2959 564 3010; x_wconf 62' lang='grc' dir='ltr'><strong>ι</strong></span> <span class='ocrx_word' id='word_1_355' title='bbox 585 2958 652 2998; x_wconf 88' lang='lat' dir='ltr'><strong>ue</strong></span> <span class='ocrx_word' id='word_1_356' title='bbox 679 2944 1010 3013; x_wconf 73' lang='lat' dir='ltr'><strong>septimanas.</strong></span> <span class='ocrx_word' id='word_1_357' title='bbox 1031 2959 1134 2998; x_wconf 93' lang='lat' dir='ltr'><strong>non</strong></span> <span class='ocrx_word' id='word_1_358' title='bbox 1167 2947 1604 3015; x_wconf 88' lang='lat' dir='ltr'><strong>appropinquasti</strong></span> <span class='ocrx_word' id='word_1_359' title='bbox 1634 2947 1850 3002; x_wconf 86' lang='lat' dir='ltr'><strong>divinis.</strong></span> <span class='ocrx_word' id='word_1_360' title='bbox 2130 2950 2138 2997; x_wconf 88' lang='lat'><strong>.&#39;</strong></span> 
     </span>
    </p>
   </div>
   <div class='ocr_carea' id='block_1_46' title="bbox 610 3033 2129 3111">
    <p class='ocr_par' dir='ltr' id='par_1_46' title="bbox 610 3033 2129 3111">
     <span class='ocr_line' id='line_1_46' title="bbox 610 3033 2129 3111; baseline 0.004 -20"><span class='ocrx_word' id='word_1_361' title='bbox 610 3033 729 3092; x_wconf 84' lang='lat' dir='ltr'><strong>Alia</strong></span> <span class='ocrx_word' id='word_1_362' title='bbox 779 3052 991 3108; x_wconf 91' lang='lat' dir='ltr'><strong>quoque</strong></span> <span class='ocrx_word' id='word_1_363' title='bbox 1046 3038 1216 3106; x_wconf 90' lang='lat' dir='ltr'><strong>puella</strong></span> <span class='ocrx_word' id='word_1_364' title='bbox 1258 3038 1324 3092; x_wconf 92' lang='lat' dir='ltr'><strong>ad</strong></span> <span class='ocrx_word' id='word_1_365' title='bbox 1368 3055 1490 3094; x_wconf 90' lang='lat' dir='ltr'><strong>eum</strong></span> <span class='ocrx_word' id='word_1_366' title='bbox 1537 3040 1761 3097; x_wconf 87' lang='lat' dir='ltr'><strong>deducta</strong></span> <span class='ocrx_word' id='word_1_367' title='bbox 1791 3050 1875 3096; x_wconf 88' lang='lat' dir='ltr'><strong>est</strong></span> <span class='ocrx_word' id='word_1_368' title='bbox 1902 3043 1943 3108; x_wconf 85' lang='grc'><strong>¹,</strong></span> <span class='ocrx_word' id='word_1_369' title='bbox 1975 3042 2129 3111; x_wconf 90' lang='lat' dir='ltr'><strong>cujus</strong></span> 
     </span>
    </p>
   </div>
   <div class='ocr_carea' id='block_1_47' title="bbox 540 3127 2123 3201">
    <p class='ocr_par' dir='ltr' id='par_1_47' title="bbox 540 3127 2123 3201">
     <span class='ocr_line' id='line_1_47' title="bbox 540 3127 2123 3201; baseline 0.004 -20"><span class='ocrx_word' id='word_1_370' title='bbox 540 3127 770 3182; x_wconf 87' lang='lat' dir='ltr'><strong>obscena</strong></span> <span class='ocrx_word' id='word_1_371' title='bbox 819 3129 1063 3196; x_wconf 90' lang='lat' dir='ltr'><strong>corporis</strong></span> <span class='ocrx_word' id='word_1_372' title='bbox 1108 3131 1177 3184; x_wconf 85' lang='lat' dir='ltr'><strong>ita</strong></span> <span class='ocrx_word' id='word_1_373' title='bbox 1206 3144 1270 3184; x_wconf 86' lang='lat' dir='ltr'><strong>ex</strong></span> <span class='ocrx_word' id='word_1_374' title='bbox 1301 3131 1446 3184; x_wconf 85' lang='lat' dir='ltr'><strong>omni</strong></span> <span class='ocrx_word' id='word_1_375' title='bbox 1491 3142 1641 3199; x_wconf 89' lang='lat' dir='ltr'><strong>parte</strong></span> <span class='ocrx_word' id='word_1_376' title='bbox 1667 3140 2123 3201; x_wconf 89' lang='lat' dir='ltr'><strong>computruerant,</strong></span> 
     </span>
    </p>
   </div>
   <div class='ocr_carea' id='block_1_48' title="bbox 542 3223 2131 3296">
    <p class='ocr_par' dir='ltr' id='par_1_48' title="bbox 542 3223 2131 3296">
     <span class='ocr_line' id='line_1_48' title="bbox 542 3223 2131 3296; baseline 0.006 -22"><span class='ocrx_word' id='word_1_377' title='bbox 542 3229 602 3274; x_wconf 92' lang='lat' dir='ltr'><strong>ut</strong></span> <span class='ocrx_word' id='word_1_378' title='bbox 644 3223 977 3292; x_wconf 84' lang='lat' dir='ltr'><strong>consumptis</strong></span> <span class='ocrx_word' id='word_1_379' title='bbox 1025 3225 1275 3278; x_wconf 87' lang='lat' dir='ltr'><strong>carnibus</strong></span> <span class='ocrx_word' id='word_1_380' title='bbox 1296 3265 1311 3286; x_wconf 89' lang='lat'><strong><em>.</em></strong></span> <span class='ocrx_word' id='word_1_381' title='bbox 1345 3223 1602 3280; x_wconf 80' lang='lat' dir='ltr'><strong>interiora</strong></span> <span class='ocrx_word' id='word_1_382' title='bbox 1633 3241 1844 3296; x_wconf 91' lang='lat' dir='ltr'><strong>quoquc</strong></span> <span class='ocrx_word' id='word_1_383' title='bbox 1870 3235 1923 3281; x_wconf 87' lang='lat' dir='ltr'><strong>et</strong></span> <span class='ocrx_word' id='word_1_384' title='bbox 1952 3242 2131 3283; x_wconf 89' lang='lat' dir='ltr'><strong>secre-</strong></span> 
     </span>
    </p>
   </div>
   <div class='ocr_carea' id='block_1_49' title="bbox 547 3313 2137 3378">
    <p class='ocr_par' dir='ltr' id='par_1_49' title="bbox 547 3313 2137 3378">
     <span class='ocr_line' id='line_1_49' title="bbox 547 3313 2137 3378; baseline 0.004 -13"><span class='ocrx_word' id='word_1_385' title='bbox 547 3313 682 3366; x_wconf 89' lang='lat' dir='ltr'><strong>tiora</strong></span> <span class='ocrx_word' id='word_1_386' title='bbox 713 3321 915 3366; x_wconf 66' lang='lat' dir='ltr'><strong>naturae</strong></span> <span class='ocrx_word' id='word_1_387' title='bbox 953 3313 1300 3378; x_wconf 89' lang='lat' dir='ltr'><strong>nudarentur,</strong></span> <span class='ocrx_word' id='word_1_388' title='bbox 1332 3329 1394 3369; x_wconf 92' lang='lat' dir='ltr'><strong>ac</strong></span> <span class='ocrx_word' id='word_1_389' title='bbox 1425 3316 1685 3371; x_wconf 84' lang='lat' dir='ltr'><strong>vermium</strong></span> <span class='ocrx_word' id='word_1_390' title='bbox 1729 3317 1856 3374; x_wconf 87' lang='lat' dir='ltr'><strong>inde</strong></span> <span class='ocrx_word' id='word_1_391' title='bbox 1886 3317 2137 3373; x_wconf 90' lang='lat' dir='ltr'><strong>ebulliret</strong></span> 
     </span>
    </p>
   </div>
   <div class='ocr_carea' id='block_1_50' title="bbox 547 3405 2132 3480">
    <p class='ocr_par' dir='ltr' id='par_1_50' title="bbox 547 3405 2132 3480">
     <span class='ocr_line' id='line_1_50' title="bbox 547 3405 2132 3480; baseline 0.004 -21"><span class='ocrx_word' id='word_1_392' title='bbox 547 3405 822 3460; x_wconf 86' lang='lat' dir='ltr'><strong>innumera</strong></span> <span class='ocrx_word' id='word_1_393' title='bbox 855 3405 1161 3469; x_wconf 91' lang='lat' dir='ltr'><strong>multitudo,</strong></span> <span class='ocrx_word' id='word_1_394' title='bbox 1204 3406 1276 3460; x_wconf 90' lang='lat' dir='ltr'><strong>ita</strong></span> <span class='ocrx_word' id='word_1_395' title='bbox 1309 3416 1367 3461; x_wconf 92' lang='lat' dir='ltr'><strong>ut</strong></span> <span class='ocrx_word' id='word_1_396' title='bbox 1394 3423 1500 3462; x_wconf 89' lang='lat' dir='ltr'><strong>non</strong></span> <span class='ocrx_word' id='word_1_397' title='bbox 1540 3409 1823 3464; x_wconf 88' lang='lat' dir='ltr'><strong>accederet</strong></span> <span class='ocrx_word' id='word_1_398' title='bbox 1851 3411 2132 3480; x_wconf 90' lang='lat' dir='ltr'><strong>quisquam</strong></span> 
     </span>
    </p>
   </div>
   <div class='ocr_carea' id='block_1_51' title="bbox 543 3495 2134 3572">
    <p class='ocr_par' dir='ltr' id='par_1_51' title="bbox 543 3495 2134 3572">
     <span class='ocr_line' id='line_1_51' title="bbox 543 3495 2134 3572; baseline 0.005 -23"><span class='ocrx_word' id='word_1_399' title='bbox 543 3495 614 3549; x_wconf 90' lang='lat' dir='ltr'><strong>ad</strong></span> <span class='ocrx_word' id='word_1_400' title='bbox 660 3510 778 3550; x_wconf 88' lang='lat' dir='ltr'><strong>eam</strong></span> <span class='ocrx_word' id='word_1_401' title='bbox 829 3511 939 3565; x_wconf 74' lang='lat' dir='ltr'><strong>pra:</strong></span> <span class='ocrx_word' id='word_1_402' title='bbox 983 3495 1168 3551; x_wconf 90' lang='lat' dir='ltr'><strong>fetoris</strong></span> <span class='ocrx_word' id='word_1_403' title='bbox 1210 3497 1456 3554; x_wconf 87' lang='lat' dir='ltr'><strong>horrore.</strong></span> <span class='ocrx_word' id='word_1_404' title='bbox 1499 3499 1620 3554; x_wconf 62' lang='lat' dir='ltr'><strong>Haec</strong></span> <span class='ocrx_word' id='word_1_405' title='bbox 1649 3516 1771 3556; x_wconf 81' lang='lat' dir='ltr'><strong>cum</strong></span> <span class='ocrx_word' id='word_1_406' title='bbox 1799 3502 1959 3557; x_wconf 89' lang='lat' dir='ltr'><strong>allata</strong></span> <span class='ocrx_word' id='word_1_407' title='bbox 1986 3519 2015 3557; x_wconf 92' lang='lat' dir='ltr'><strong>a</strong></span> <span class='ocrx_word' id='word_1_408' title='bbox 2044 3518 2134 3572; x_wconf 91' lang='lat' dir='ltr'><strong>pa-</strong></span> 
     </span>
    </p>
   </div>
   <div class='ocr_carea' id='block_1_52' title="bbox 547 3586 2136 3664">
    <p class='ocr_par' dir='ltr' id='par_1_52' title="bbox 547 3586 2136 3664">
     <span class='ocr_line' id='line_1_52' title="bbox 547 3586 2136 3664; baseline 0.007 -23"><span class='ocrx_word' id='word_1_409' title='bbox 547 3586 808 3654; x_wconf 87' lang='lat' dir='ltr'><strong>rentibus,</strong></span> <span class='ocrx_word' id='word_1_410' title='bbox 827 3594 880 3641; x_wconf 91' lang='lat' dir='ltr'><strong>et</strong></span> <span class='ocrx_word' id='word_1_411' title='bbox 908 3587 1147 3657; x_wconf 90' lang='lat' dir='ltr'><strong>projecta</strong></span> <span class='ocrx_word' id='word_1_412' title='bbox 1175 3589 1361 3644; x_wconf 90' lang='lat' dir='ltr'><strong>fuisset</strong></span> <span class='ocrx_word' id='word_1_413' title='bbox 1392 3601 1516 3646; x_wconf 89' lang='lat' dir='ltr'><strong>ante</strong></span> <span class='ocrx_word' id='word_1_414' title='bbox 1538 3592 1680 3648; x_wconf 90' lang='lat' dir='ltr'><strong>fores</strong></span> <span class='ocrx_word' id='word_1_415' title='bbox 1707 3593 1844 3664; x_wconf 86' lang='lat' dir='ltr'><strong>ejus,</strong></span> <span class='ocrx_word' id='word_1_416' title='bbox 1873 3595 2136 3652; x_wconf 90' lang='lat' dir='ltr'><strong>miserans</strong></span> 
     </span>
    </p>
   </div>
   <div class='ocr_carea' id='block_1_53' title="bbox 548 3677 2133 3755">
    <p class='ocr_par' dir='ltr' id='par_1_53' title="bbox 548 3677 2133 3755">
     <span class='ocr_line' id='line_1_53' title="bbox 548 3677 2133 3755; baseline 0.008 -29"><span class='ocrx_word' id='word_1_417' title='bbox 548 3677 768 3746; x_wconf 80' lang='lat' dir='ltr'><strong>virginis</strong></span> <span class='ocrx_word' id='word_1_418' title='bbox 815 3678 1329 3748; x_wconf 67' lang='lat' dir='ltr'><strong>cruciatusquuo</strong></span> <span class='ocrx_word' id='word_1_419' title='bbox 1376 3681 1555 3737; x_wconf 86' lang='lat' dir='ltr'><strong>animo</strong></span> <span class='ocrx_word' id='word_1_420' title='bbox 1605 3685 1971 3755; x_wconf 90' lang='lat' dir='ltr'><strong>esto,inquit,</strong></span> <span class='ocrx_word' id='word_1_421' title='bbox 2005 3687 2133 3752; x_wconf 86' lang='lat' dir='ltr'><strong>filia,</strong></span> 
     </span>
    </p>
   </div>
   <div class='ocr_carea' id='block_1_54' title="bbox 549 3767 2137 3840">
    <p class='ocr_par' dir='ltr' id='par_1_54' title="bbox 549 3767 2137 3840">
     <span class='ocr_line' id='line_1_54' title="bbox 549 3767 2137 3840; baseline 0.007 -18"><span class='ocrx_word' id='word_1_422' title='bbox 549 3767 668 3823; x_wconf 58' lang='lat' dir='ltr'><strong>haec</strong></span> <span class='ocrx_word' id='word_1_423' title='bbox 701 3768 792 3822; x_wconf 91' lang='lat' dir='ltr'><strong>tibi</strong></span> <span class='ocrx_word' id='word_1_424' title='bbox 821 3769 885 3823; x_wconf 92' lang='lat' dir='ltr'><strong>ad</strong></span> <span class='ocrx_word' id='word_1_425' title='bbox 920 3770 1147 3825; x_wconf 91' lang='lat' dir='ltr'><strong>salutem</strong></span> <span class='ocrx_word' id='word_1_426' title='bbox 1183 3772 1470 3840; x_wconf 89' lang='lat' dir='ltr'><strong>Dominus,</strong></span> <span class='ocrx_word' id='word_1_427' title='bbox 1505 3789 1609 3829; x_wconf 94' lang='lat' dir='ltr'><strong>non</strong></span> <span class='ocrx_word' id='word_1_428' title='bbox 1641 3777 1706 3829; x_wconf 88' lang='lat' dir='ltr'><strong>ad</strong></span> <span class='ocrx_word' id='word_1_429' title='bbox 1741 3777 2016 3832; x_wconf 90' lang='lat' dir='ltr'><strong>interitum</strong></span> <span class='ocrx_word' id='word_1_430' title='bbox 2045 3778 2137 3833; x_wconf 82' lang='lat' dir='ltr'><strong>de-</strong></span> 
     </span>
    </p>
   </div>
   <div class='ocr_carea' id='block_1_55' title="bbox 545 3860 2138 3938">
    <p class='ocr_par' dir='ltr' id='par_1_55' title="bbox 545 3860 2138 3938">
     <span class='ocr_line' id='line_1_55' title="bbox 545 3860 2138 3938; baseline 0.007 -25"><span class='ocrx_word' id='word_1_431' title='bbox 545 3860 645 3914; x_wconf 87' lang='lat' dir='ltr'><strong>dit.</strong></span> <span class='ocrx_word' id='word_1_432' title='bbox 678 3861 829 3916; x_wconf 90' lang='lat' dir='ltr'><strong>Unde</strong></span> <span class='ocrx_word' id='word_1_433' title='bbox 863 3863 1246 3931; x_wconf 89' lang='lat' dir='ltr'><strong>providendum</strong></span> <span class='ocrx_word' id='word_1_434' title='bbox 1274 3874 1357 3921; x_wconf 91' lang='lat' dir='ltr'><strong>est</strong></span> <span class='ocrx_word' id='word_1_435' title='bbox 1387 3867 1558 3938; x_wconf 89' lang='lat' dir='ltr'><strong>magis</strong></span> <span class='ocrx_word' id='word_1_436' title='bbox 1589 3877 1644 3922; x_wconf 92' lang='lat' dir='ltr'><strong>ut</strong></span> <span class='ocrx_word' id='word_1_437' title='bbox 1671 3869 1871 3924; x_wconf 89' lang='lat' dir='ltr'><strong>sanitas</strong></span> <span class='ocrx_word' id='word_1_438' title='bbox 1903 3879 1989 3924; x_wconf 92' lang='lat' dir='ltr'><strong>tua</strong></span> <span class='ocrx_word' id='word_1_439' title='bbox 2019 3870 2138 3924; x_wconf 89' lang='lat' dir='ltr'><strong>nul-</strong></span> 
     </span>
    </p>
   </div>
   <div class='ocr_carea' id='block_1_56' title="bbox 550 3952 2136 4022">
    <p class='ocr_par' dir='ltr' id='par_1_56' title="bbox 550 3952 2136 4022">
     <span class='ocr_line' id='line_1_56' title="bbox 550 3952 2136 4022; baseline 0.007 -16"><span class='ocrx_word' id='word_1_440' title='bbox 550 3952 657 4006; x_wconf 93' lang='lat' dir='ltr'><strong>lum</strong></span> <span class='ocrx_word' id='word_1_441' title='bbox 685 3953 774 4006; x_wconf 88' lang='lat' dir='ltr'><strong>tibi</strong></span> <span class='ocrx_word' id='word_1_442' title='bbox 807 3956 1097 4022; x_wconf 89' lang='lat' dir='ltr'><strong>periculum</strong></span> <span class='ocrx_word' id='word_1_443' title='bbox 1139 3957 1357 4013; x_wconf 86' lang='lat' dir='ltr'><strong>inferat.</strong></span> <span class='ocrx_word' id='word_1_444' title='bbox 1407 3957 1619 4014; x_wconf 82' lang='lat' dir='ltr'><strong>Etcum</strong></span> <span class='ocrx_word' id='word_1_445' title='bbox 1665 3963 1901 4018; x_wconf 90' lang='lat' dir='ltr'><strong>stetisset</strong></span> <span class='ocrx_word' id='word_1_446' title='bbox 1930 3963 1982 4018; x_wconf 92' lang='lat' dir='ltr'><strong>in</strong></span> <span class='ocrx_word' id='word_1_447' title='bbox 2013 3978 2136 4017; x_wconf 90' lang='lat' dir='ltr'><strong>ora-</strong></span> 
     </span>
    </p>
   </div>
   <div class='ocr_carea' id='block_1_57' title="bbox 550 4043 2136 4124">
    <p class='ocr_par' dir='ltr' id='par_1_57' title="bbox 550 4043 2136 4124">
     <span class='ocr_line' id='line_1_57' title="bbox 550 4043 2136 4124; baseline 0.009 -29"><span class='ocrx_word' id='word_1_448' title='bbox 550 4043 786 4096; x_wconf 85' lang='lat' dir='ltr'><strong>tionibus</strong></span> <span class='ocrx_word' id='word_1_449' title='bbox 824 4059 917 4112; x_wconf 88' lang='lat' dir='ltr'><strong>per</strong></span> <span class='ocrx_word' id='word_1_450' title='bbox 947 4055 1150 4114; x_wconf 89' lang='lat' dir='ltr'><strong>septem</strong></span> <span class='ocrx_word' id='word_1_451' title='bbox 1181 4049 1465 4103; x_wconf 89' lang='lat' dir='ltr'><strong>continuos</strong></span> <span class='ocrx_word' id='word_1_452' title='bbox 1498 4051 1643 4120; x_wconf 89' lang='lat' dir='ltr'><strong>dies,</strong></span> <span class='ocrx_word' id='word_1_453' title='bbox 1672 4062 1725 4107; x_wconf 91' lang='lat' dir='ltr'><strong>et</strong></span> <span class='ocrx_word' id='word_1_454' title='bbox 1749 4055 1914 4124; x_wconf 82' lang='lat'><strong>990</strong></span> <span class='ocrx_word' id='word_1_455' title='bbox 1960 4054 2136 4109; x_wconf 91' lang='lat' dir='ltr'><strong>oleum</strong></span> 
     </span>
    </p>
   </div>
   <div class='ocr_carea' id='block_1_58' title="bbox 553 4133 2141 4212">
    <p class='ocr_par' dir='ltr' id='par_1_58' title="bbox 553 4133 2141 4212">
     <span class='ocr_line' id='line_1_58' title="bbox 553 4133 2141 4212; baseline 0.008 -26"><span class='ocrx_word' id='word_1_456' title='bbox 553 4133 878 4188; x_wconf 87' lang='lat' dir='ltr'><strong>benedicens</strong></span> <span class='ocrx_word' id='word_1_457' title='bbox 927 4135 978 4188; x_wconf 88' lang='lat' dir='ltr'><strong>in</strong></span> <span class='ocrx_word' id='word_1_458' title='bbox 1010 4139 1224 4192; x_wconf 90' lang='lat' dir='ltr'><strong>nomine</strong></span> <span class='ocrx_word' id='word_1_459' title='bbox 1257 4139 1493 4210; x_wconf 88' lang='lat' dir='ltr'><strong>Domini,</strong></span> <span class='ocrx_word' id='word_1_460' title='bbox 1535 4153 1858 4212; x_wconf 84' lang='lat' dir='ltr'><strong>perungeret</strong></span> <span class='ocrx_word' id='word_1_461' title='bbox 1900 4145 2141 4201; x_wconf 90' lang='lat' dir='ltr'><strong>membra</strong></span> 
     </span>
    </p>
   </div>
   <div class='ocr_carea' id='block_1_59' title="bbox 550 4227 2142 4305">
    <p class='ocr_par' dir='ltr' id='par_1_59' title="bbox 550 4227 2142 4305">
     <span class='ocr_line' id='line_1_59' title="bbox 550 4227 2142 4305; baseline 0.006 -23"><span class='ocrx_word' id='word_1_462' title='bbox 550 4227 691 4296; x_wconf 87' lang='lat' dir='ltr'><strong>ejus,</strong></span> <span class='ocrx_word' id='word_1_463' title='bbox 723 4229 792 4282; x_wconf 89' lang='lat' dir='ltr'><strong>ita</strong></span> <span class='ocrx_word' id='word_1_464' title='bbox 824 4243 938 4284; x_wconf 87' lang='lat' dir='ltr'><strong>eam</strong></span> <span class='ocrx_word' id='word_1_465' title='bbox 986 4245 1170 4285; x_wconf 87' lang='lat' dir='ltr'><strong>sanam</strong></span> <span class='ocrx_word' id='word_1_466' title='bbox 1222 4233 1475 4300; x_wconf 91' lang='lat' dir='ltr'><strong>reddidit,</strong></span> <span class='ocrx_word' id='word_1_467' title='bbox 1505 4247 1560 4288; x_wconf 93' lang='lat' dir='ltr'><strong>ut</strong></span> <span class='ocrx_word' id='word_1_468' title='bbox 1584 4245 1640 4290; x_wconf 92' lang='lat' dir='ltr'><strong>et</strong></span> <span class='ocrx_word' id='word_1_469' title='bbox 1667 4247 1911 4305; x_wconf 89' lang='lat' dir='ltr'><strong>reparata</strong></span> <span class='ocrx_word' id='word_1_470' title='bbox 1941 4248 2142 4292; x_wconf 66' lang='lat' dir='ltr'><strong>natura:</strong></span> 
     </span>
    </p>
   </div>
   <div class='ocr_carea' id='block_1_60' title="bbox 551 4319 2144 4397">
    <p class='ocr_par' dir='ltr' id='par_1_60' title="bbox 551 4319 2144 4397">
     <span class='ocr_line' id='line_1_60' title="bbox 551 4319 2144 4397; baseline 0.007 -24"><span class='ocrx_word' id='word_1_471' title='bbox 551 4319 784 4388; x_wconf 87' lang='lat' dir='ltr'><strong>qualitas</strong></span> <span class='ocrx_word' id='word_1_472' title='bbox 805 4361 820 4386; x_wconf 94' lang='lat'><strong>,</strong></span> <span class='ocrx_word' id='word_1_473' title='bbox 850 4328 904 4374; x_wconf 90' lang='lat' dir='ltr'><strong>et</strong></span> <span class='ocrx_word' id='word_1_474' title='bbox 937 4319 1170 4390; x_wconf 88' lang='lat' dir='ltr'><strong>perfecta</strong></span> <span class='ocrx_word' id='word_1_475' title='bbox 1202 4324 1480 4378; x_wconf 90' lang='lat' dir='ltr'><strong>muliebris</strong></span> <span class='ocrx_word' id='word_1_476' title='bbox 1515 4324 1565 4378; x_wconf 91' lang='lat' dir='ltr'><strong>in</strong></span> <span class='ocrx_word' id='word_1_477' title='bbox 1595 4341 1654 4378; x_wconf 88' lang='lat' dir='ltr'><strong>ea</strong></span> <span class='ocrx_word' id='word_1_478' title='bbox 1687 4328 1896 4396; x_wconf 90' lang='lat' dir='ltr'><strong>species</strong></span> <span class='ocrx_word' id='word_1_479' title='bbox 1920 4343 2144 4397; x_wconf 81' lang='lat' dir='ltr'><strong>appare-</strong></span> 
     </span>
    </p>
   </div>
   <div class='ocr_carea' id='block_1_61' title="bbox 554 4415 2143 4483">
    <p class='ocr_par' dir='ltr' id='par_1_61' title="bbox 554 4415 2143 4483">
     <span class='ocr_line' id='line_1_61' title="bbox 554 4415 2143 4483; baseline 0.006 -16"><span class='ocrx_word' id='word_1_480' title='bbox 554 4421 658 4479; x_wconf 84' lang='lat' dir='ltr'><strong>ret,</strong></span> <span class='ocrx_word' id='word_1_481' title='bbox 689 4424 944 4483; x_wconf 88' lang='lat' dir='ltr'><strong>essetque</strong></span> <span class='ocrx_word' id='word_1_482' title='bbox 973 4416 1022 4469; x_wconf 90' lang='lat' dir='ltr'><strong>ei</strong></span> <span class='ocrx_word' id='word_1_483' title='bbox 1053 4415 1123 4470; x_wconf 90' lang='lat' dir='ltr'><strong>de</strong></span> <span class='ocrx_word' id='word_1_484' title='bbox 1148 4426 1346 4471; x_wconf 72' lang='lat' dir='ltr'><strong>caetero</strong></span> <span class='ocrx_word' id='word_1_485' title='bbox 1373 4417 1510 4473; x_wconf 91' lang='lat' dir='ltr'><strong>inter</strong></span> <span class='ocrx_word' id='word_1_486' title='bbox 1539 4420 1783 4474; x_wconf 90' lang='lat' dir='ltr'><strong>homines</strong></span> <span class='ocrx_word' id='word_1_487' title='bbox 1809 4424 2143 4477; x_wconf 85' lang='lat' dir='ltr'><strong>conversatio</strong></span> 
     </span>
    </p>
   </div>
   <div class='ocr_carea' id='block_1_62' title="bbox 475 4504 1712 4575">
    <p class='ocr_par' dir='ltr' id='par_1_62' title="bbox 475 4504 1712 4575">
     <span class='ocr_line' id='line_1_62' title="bbox 475 4504 1712 4575; baseline 0.004 -15"><span class='ocrx_word' id='word_1_488' title='bbox 475 4553 478 4560; x_wconf 97' lang='lat'><strong>.</strong></span> <span class='ocrx_word' id='word_1_489' title='bbox 550 4504 756 4575; x_wconf 86' lang='lat' dir='ltr'><strong>absque</strong></span> <span class='ocrx_word' id='word_1_490' title='bbox 790 4506 1026 4574; x_wconf 66' lang='lat' dir='ltr'><strong>pristinae</strong></span> <span class='ocrx_word' id='word_1_491' title='bbox 1057 4505 1380 4565; x_wconf 84' lang='lat' dir='ltr'><strong>infirmitatis</strong></span> <span class='ocrx_word' id='word_1_492' title='bbox 1411 4510 1712 4566; x_wconf 90' lang='lat' dir='ltr'><strong>obstaculo.</strong></span> 
     </span>
    </p>
   </div>
   <div class='ocr_carea' id='block_1_63' title="bbox 2232 1932 3814 2004">
    <p class='ocr_par' dir='ltr' id='par_1_63' title="bbox 2232 1932 3814 2004">
     <span class='ocr_line' id='line_1_63' title="bbox 2232 1932 3814 2004; baseline -0.001 -16"><span class='ocrx_word' id='word_1_493' title='bbox 2232 1944 2379 1989; x_wconf 92' lang='lat' dir='ltr'><strong>tuum</strong></span> <span class='ocrx_word' id='word_1_494' title='bbox 2426 1934 2481 1988; x_wconf 92' lang='lat' dir='ltr'><strong>in</strong></span> <span class='ocrx_word' id='word_1_495' title='bbox 2527 1934 2745 1989; x_wconf 89' lang='lat' dir='ltr'><strong>nomine</strong></span> <span class='ocrx_word' id='word_1_496' title='bbox 2786 1932 3019 1988; x_wconf 89' lang='lat' dir='ltr'><strong>Domini.</strong></span> <span class='ocrx_word' id='word_1_497' title='bbox 3081 1933 3149 1987; x_wconf 82' lang='lat' dir='ltr'><strong>At</strong></span> <span class='ocrx_word' id='word_1_498' title='bbox 3198 1933 3454 1996; x_wconf 81' lang='lat' dir='ltr'><strong>illez&#39;l‘u,</strong></span> <span class='ocrx_word' id='word_1_499' title='bbox 3499 1933 3700 2004; x_wconf 85' lang='lat' dir='ltr'><strong>inquit,</strong></span> <span class='ocrx_word' id='word_1_500' title='bbox 3730 1935 3814 2002; x_wconf 90' lang='lat' dir='ltr'><strong>qui</strong></span> 
     </span>
    </p>
   </div>
   <div class='ocr_carea' id='block_1_64' title="bbox 2232 2027 3816 2098">
    <p class='ocr_par' dir='ltr' id='par_1_64' title="bbox 2232 2027 3816 2098">
     <span class='ocr_line' id='line_1_64' title="bbox 2232 2027 3816 2098; baseline 0.001 -16"><span class='ocrx_word' id='word_1_501' title='bbox 2232 2027 2579 2098; x_wconf 87' lang='lat' dir='ltr'><strong>proposuisti,</strong></span> <span class='ocrx_word' id='word_1_502' title='bbox 2612 2027 2760 2097; x_wconf 92' lang='lat' dir='ltr'><strong>prior</strong></span> <span class='ocrx_word' id='word_1_503' title='bbox 2789 2041 2977 2082; x_wconf 87' lang='lat' dir='ltr'><strong>evoca.</strong></span> <span class='ocrx_word' id='word_1_504' title='bbox 3007 2027 3077 2081; x_wconf 86' lang='lat' dir='ltr'><strong>Et</strong></span> <span class='ocrx_word' id='word_1_505' title='bbox 3102 2027 3363 2082; x_wconf 84' lang='lat' dir='ltr'><strong>Macarius</strong></span> <span class='ocrx_word' id='word_1_506' title='bbox 3391 2037 3744 2097; x_wconf 88' lang='lat' dir='ltr'><strong>prosternens</strong></span> <span class='ocrx_word' id='word_1_507' title='bbox 3764 2041 3816 2084; x_wconf 75' lang='lat' dir='ltr'><strong>se</strong></span> 
     </span>
    </p>
   </div>
   <div class='ocr_carea' id='block_1_65' title="bbox 2232 2121 3814 2188">
    <p class='ocr_par' dir='ltr' id='par_1_65' title="bbox 2232 2121 3814 2188">
     <span class='ocr_line' id='line_1_65' title="bbox 2232 2121 3814 2188; baseline -0.001 -11"><span class='ocrx_word' id='word_1_508' title='bbox 2232 2123 2285 2177; x_wconf 92' lang='lat' dir='ltr'><strong>in</strong></span> <span class='ocrx_word' id='word_1_509' title='bbox 2334 2121 2578 2177; x_wconf 79' lang='lat' dir='ltr'><strong>oratione</strong></span> <span class='ocrx_word' id='word_1_510' title='bbox 2624 2131 2749 2178; x_wconf 92' lang='lat' dir='ltr'><strong>ante</strong></span> <span class='ocrx_word' id='word_1_511' title='bbox 2796 2123 3103 2187; x_wconf 91' lang='lat' dir='ltr'><strong>Dominum,</strong></span> <span class='ocrx_word' id='word_1_512' title='bbox 3136 2124 3225 2178; x_wconf 91' lang='lat' dir='ltr'><strong>ubi</strong></span> <span class='ocrx_word' id='word_1_513' title='bbox 3258 2122 3589 2180; x_wconf 73' lang='lat' dir='ltr'><strong>Sufiicienter</strong></span> <span class='ocrx_word' id='word_1_514' title='bbox 3620 2126 3814 2188; x_wconf 86' lang='lat' dir='ltr'><strong>oravit,</strong></span> 
     </span>
    </p>
   </div>
   <div class='ocr_carea' id='block_1_66' title="bbox 2232 2216 3817 2286">
    <p class='ocr_par' dir='ltr' id='par_1_66' title="bbox 2232 2216 3817 2286">
     <span class='ocr_line' id='line_1_66' title="bbox 2232 2216 3817 2286; baseline 0.001 -16"><span class='ocrx_word' id='word_1_515' title='bbox 2232 2216 2456 2270; x_wconf 87' lang='lat' dir='ltr'><strong>elevatis</strong></span> <span class='ocrx_word' id='word_1_516' title='bbox 2477 2231 2694 2270; x_wconf 84' lang='lat' dir='ltr'><strong>sursum</strong></span> <span class='ocrx_word' id='word_1_517' title='bbox 2714 2217 2888 2271; x_wconf 90' lang='lat' dir='ltr'><strong>oculis</strong></span> <span class='ocrx_word' id='word_1_518' title='bbox 2913 2217 3024 2272; x_wconf 82' lang='lat' dir='ltr'><strong>suis</strong></span> <span class='ocrx_word' id='word_1_519' title='bbox 3053 2218 3194 2283; x_wconf 76' lang='lat' dir='ltr'><strong>:-Tu,</strong></span> <span class='ocrx_word' id='word_1_520' title='bbox 3219 2216 3408 2286; x_wconf 90' lang='lat' dir='ltr'><strong>inquit,</strong></span> <span class='ocrx_word' id='word_1_521' title='bbox 3437 2217 3690 2282; x_wconf 88' lang='lat' dir='ltr'><strong>Domine,</strong></span> <span class='ocrx_word' id='word_1_522' title='bbox 3706 2218 3817 2286; x_wconf 83' lang='lat' dir='ltr'><strong>quis</strong></span> 
     </span>
    </p>
   </div>
   <div class='ocr_carea' id='block_1_67' title="bbox 2230 2307 3818 2373">
    <p class='ocr_par' dir='ltr' id='par_1_67' title="bbox 2230 2307 3818 2373">
     <span class='ocr_line' id='line_1_67' title="bbox 2230 2307 3818 2373; baseline -0.001 -11"><span class='ocrx_word' id='word_1_523' title='bbox 2230 2322 2296 2362; x_wconf 89' lang='lat' dir='ltr'><strong>ex</strong></span> <span class='ocrx_word' id='word_1_524' title='bbox 2326 2307 2536 2361; x_wconf 90' lang='lat' dir='ltr'><strong>duobus</strong></span> <span class='ocrx_word' id='word_1_525' title='bbox 2565 2307 2719 2363; x_wconf 88' lang='lat' dir='ltr'><strong>nobis</strong></span> <span class='ocrx_word' id='word_1_526' title='bbox 2747 2318 2950 2362; x_wconf 91' lang='lat' dir='ltr'><strong>rectam</strong></span> <span class='ocrx_word' id='word_1_527' title='bbox 2995 2308 3154 2362; x_wconf 89' lang='lat' dir='ltr'><strong>fidem</strong></span> <span class='ocrx_word' id='word_1_528' title='bbox 3205 2317 3387 2363; x_wconf 86' lang='lat' dir='ltr'><strong>teneat</strong></span> <span class='ocrx_word' id='word_1_529' title='bbox 3431 2308 3688 2373; x_wconf 86' lang='lat' dir='ltr'><strong>ostende,</strong></span> <span class='ocrx_word' id='word_1_530' title='bbox 3722 2307 3818 2362; x_wconf 84' lang='lat' dir='ltr'><strong>ele-</strong></span> 
     </span>
    </p>
   </div>
   <div class='ocr_carea' id='block_1_68' title="bbox 2232 2399 3816 2468">
    <p class='ocr_par' dir='ltr' id='par_1_68' title="bbox 2232 2399 3816 2468">
     <span class='ocr_line' id='line_1_68' title="bbox 2232 2399 3816 2468; baseline 0.003 -18"><span class='ocrx_word' id='word_1_531' title='bbox 2232 2407 2355 2452; x_wconf 88' lang='lat' dir='ltr'><strong>vato</strong></span> <span class='ocrx_word' id='word_1_532' title='bbox 2383 2399 2484 2453; x_wconf 91' lang='lat' dir='ltr'><strong>hoc</strong></span> <span class='ocrx_word' id='word_1_533' title='bbox 2507 2410 2737 2453; x_wconf 90' lang='lat' dir='ltr'><strong>mortuo.</strong></span> <span class='ocrx_word' id='word_1_534' title='bbox 2767 2399 2888 2453; x_wconf 66' lang='lat' dir='ltr'><strong>llaac</strong></span> <span class='ocrx_word' id='word_1_535' title='bbox 2913 2414 3031 2453; x_wconf 92' lang='lat' dir='ltr'><strong>cum</strong></span> <span class='ocrx_word' id='word_1_536' title='bbox 3061 2399 3302 2466; x_wconf 80' lang='lat' dir='ltr'><strong>dixisset,</strong></span> <span class='ocrx_word' id='word_1_537' title='bbox 3327 2401 3509 2453; x_wconf 75' lang='lat' dir='ltr'><strong>fratris</strong></span> <span class='ocrx_word' id='word_1_538' title='bbox 3540 2400 3816 2468; x_wconf 85' lang='lat' dir='ltr'><strong>cujusdam</strong></span> 
     </span>
    </p>
   </div>
   <div class='ocr_carea' id='block_1_69' title="bbox 2233 2491 3816 2562">
    <p class='ocr_par' dir='ltr' id='par_1_69' title="bbox 2233 2491 3816 2562">
     <span class='ocr_line' id='line_1_69' title="bbox 2233 2491 3816 2562; baseline 0.001 -17"><span class='ocrx_word' id='word_1_539' title='bbox 2233 2507 2450 2557; x_wconf 91' lang='lat' dir='ltr'><strong>nomen,</strong></span> <span class='ocrx_word' id='word_1_540' title='bbox 2470 2492 2559 2562; x_wconf 92' lang='lat' dir='ltr'><strong>qui</strong></span> <span class='ocrx_word' id='word_1_541' title='bbox 2591 2508 2762 2562; x_wconf 90' lang='lat' dir='ltr'><strong>nuper</strong></span> <span class='ocrx_word' id='word_1_542' title='bbox 2790 2492 2960 2546; x_wconf 82' lang='lat' dir='ltr'><strong>fuerat</strong></span> <span class='ocrx_word' id='word_1_543' title='bbox 2980 2491 3282 2557; x_wconf 92' lang='lat' dir='ltr'><strong>defunctus,</strong></span> <span class='ocrx_word' id='word_1_544' title='bbox 3307 2493 3578 2546; x_wconf 80' lang='lat' dir='ltr'><strong>evocavit.</strong></span> <span class='ocrx_word' id='word_1_545' title='bbox 3605 2492 3708 2546; x_wconf 90' lang='lat' dir='ltr'><strong>Cui</strong></span> <span class='ocrx_word' id='word_1_546' title='bbox 3734 2491 3816 2546; x_wconf 79' lang='lat' dir='ltr'><strong>ille</strong></span> 
     </span>
    </p>
   </div>
   <div class='ocr_carea' id='block_1_70' title="bbox 2231 2584 3817 2654">
    <p class='ocr_par' dir='ltr' id='par_1_70' title="bbox 2231 2584 3817 2654">
     <span class='ocr_line' id='line_1_70' title="bbox 2231 2584 3817 2654; baseline 0 -16"><span class='ocrx_word' id='word_1_547' title='bbox 2231 2599 2352 2639; x_wconf 93' lang='lat' dir='ltr'><strong>cum</strong></span> <span class='ocrx_word' id='word_1_548' title='bbox 2384 2584 2451 2639; x_wconf 92' lang='lat' dir='ltr'><strong>de</strong></span> <span class='ocrx_word' id='word_1_549' title='bbox 2476 2586 2680 2640; x_wconf 92' lang='lat' dir='ltr'><strong>tumulo</strong></span> <span class='ocrx_word' id='word_1_550' title='bbox 2708 2585 3096 2654; x_wconf 91' lang='lat' dir='ltr'><strong>respondisset,</strong></span> <span class='ocrx_word' id='word_1_551' title='bbox 3117 2585 3435 2639; x_wconf 90' lang='lat' dir='ltr'><strong>accedentes</strong></span> <span class='ocrx_word' id='word_1_552' title='bbox 3468 2586 3668 2638; x_wconf 88' lang='lat' dir='ltr'><strong>fratres</strong></span> <span class='ocrx_word' id='word_1_553' title='bbox 3697 2600 3817 2639; x_wconf 88' lang='lat' dir='ltr'><strong>con-</strong></span> 
     </span>
    </p>
   </div>
   <div class='ocr_carea' id='block_1_71' title="bbox 2232 2673 3814 2746">
    <p class='ocr_par' dir='ltr' id='par_1_71' title="bbox 2232 2673 3814 2746">
     <span class='ocr_line' id='line_1_71' title="bbox 2232 2673 3814 2746; baseline 0 -16"><span class='ocrx_word' id='word_1_554' title='bbox 2232 2677 2386 2730; x_wconf 88' lang='lat' dir='ltr'><strong>tinuo</strong></span> <span class='ocrx_word' id='word_1_555' title='bbox 2433 2691 2552 2745; x_wconf 74' lang='lat' dir='ltr'><strong>qua:</strong></span> <span class='ocrx_word' id='word_1_556' title='bbox 2595 2676 2936 2746; x_wconf 85' lang='lat' dir='ltr'><strong>supraposita</strong></span> <span class='ocrx_word' id='word_1_557' title='bbox 2986 2686 3139 2729; x_wconf 91' lang='lat' dir='ltr'><strong>erant</strong></span> <span class='ocrx_word' id='word_1_558' title='bbox 3183 2673 3453 2739; x_wconf 85' lang='lat' dir='ltr'><strong>auferunt,</strong></span> <span class='ocrx_word' id='word_1_559' title='bbox 3482 2685 3538 2728; x_wconf 88' lang='lat' dir='ltr'><strong>et</strong></span> <span class='ocrx_word' id='word_1_560' title='bbox 3570 2675 3814 2730; x_wconf 83' lang='lat' dir='ltr'><strong>eductum</strong></span> 
     </span>
    </p>
   </div>
   <div class='ocr_carea' id='block_1_72' title="bbox 2232 2765 3816 2835">
    <p class='ocr_par' dir='ltr' id='par_1_72' title="bbox 2232 2765 3816 2835">
     <span class='ocr_line' id='line_1_72' title="bbox 2232 2765 3816 2835; baseline -0.001 -15"><span class='ocrx_word' id='word_1_561' title='bbox 2232 2780 2354 2820; x_wconf 86' lang='lat' dir='ltr'><strong>eum</strong></span> <span class='ocrx_word' id='word_1_562' title='bbox 2387 2766 2454 2820; x_wconf 91' lang='lat' dir='ltr'><strong>de</strong></span> <span class='ocrx_word' id='word_1_563' title='bbox 2480 2767 2729 2835; x_wconf 87' lang='lat' dir='ltr'><strong>sepulcro</strong></span> <span class='ocrx_word' id='word_1_564' title='bbox 2751 2807 2765 2831; x_wconf 94' lang='lat'><strong>,</strong></span> <span class='ocrx_word' id='word_1_565' title='bbox 2797 2766 3048 2820; x_wconf 90' lang='lat' dir='ltr'><strong>resolutis</strong></span> <span class='ocrx_word' id='word_1_566' title='bbox 3078 2766 3316 2821; x_wconf 89' lang='lat' dir='ltr'><strong>fasciolis</strong></span> <span class='ocrx_word' id='word_1_567' title='bbox 3360 2765 3555 2833; x_wconf 89' lang='lat' dir='ltr'><strong>quibus</strong></span> <span class='ocrx_word' id='word_1_568' title='bbox 3597 2767 3816 2820; x_wconf 80' lang='lat' dir='ltr'><strong>constri-</strong></span> 
     </span>
    </p>
   </div>
   <div class='ocr_carea' id='block_1_73' title="bbox 2232 2856 3816 2919">
    <p class='ocr_par' dir='ltr' id='par_1_73' title="bbox 2232 2856 3816 2919">
     <span class='ocr_line' id='line_1_73' title="bbox 2232 2856 3816 2919; baseline -0.003 -6"><span class='ocrx_word' id='word_1_569' title='bbox 2232 2866 2351 2913; x_wconf 85' lang='lat' dir='ltr'><strong>ctus</strong></span> <span class='ocrx_word' id='word_1_570' title='bbox 2383 2867 2519 2919; x_wconf 87' lang='lat' dir='ltr'><strong>erat.</strong></span> <span class='ocrx_word' id='word_1_571' title='bbox 2543 2858 2899 2913; x_wconf 85' lang='lat' dir='ltr'><strong>exhibuerunt</strong></span> <span class='ocrx_word' id='word_1_572' title='bbox 2928 2859 3217 2912; x_wconf 87' lang='lat' dir='ltr'><strong>viventem.</strong></span> <span class='ocrx_word' id='word_1_573' title='bbox 3267 2857 3536 2911; x_wconf 83' lang='lat' dir='ltr'><strong>llieracita</strong></span> <span class='ocrx_word' id='word_1_574' title='bbox 3572 2871 3707 2911; x_wconf 90' lang='lat' dir='ltr'><strong>vero</strong></span> <span class='ocrx_word' id='word_1_575' title='bbox 3737 2856 3816 2911; x_wconf 87' lang='lat' dir='ltr'><strong>ubi</strong></span> 
     </span>
    </p>
   </div>
   <div class='ocr_carea' id='block_1_74' title="bbox 2235 2948 3816 3019">
    <p class='ocr_par' dir='ltr' id='par_1_74' title="bbox 2235 2948 3816 3019">
     <span class='ocr_line' id='line_1_74' title="bbox 2235 2948 3816 3019; baseline 0.001 -16"><span class='ocrx_word' id='word_1_576' title='bbox 2235 2950 2350 3003; x_wconf 64' lang='lat' dir='ltr'><strong>haec</strong></span> <span class='ocrx_word' id='word_1_577' title='bbox 2377 2949 2531 3017; x_wconf 91' lang='lat' dir='ltr'><strong>vidit,</strong></span> <span class='ocrx_word' id='word_1_578' title='bbox 2552 2948 2954 3019; x_wconf 90' lang='lat' dir='ltr'><strong>obstupefactus</strong></span> <span class='ocrx_word' id='word_1_579' title='bbox 2976 2950 3028 3004; x_wconf 91' lang='lat' dir='ltr'><strong>in</strong></span> <span class='ocrx_word' id='word_1_580' title='bbox 3055 2951 3228 3018; x_wconf 84' lang='lat' dir='ltr'><strong>fugam</strong></span> <span class='ocrx_word' id='word_1_581' title='bbox 3261 2950 3622 3004; x_wconf 80' lang='lat' dir='ltr'><strong>convertitur.</strong></span> <span class='ocrx_word' id='word_1_582' title='bbox 3656 2948 3816 3014; x_wconf 85' lang='lat' dir='ltr'><strong>Quem</strong></span> 
     </span>
    </p>
   </div>
   <div class='ocr_carea' id='block_1_75' title="bbox 2237 3039 3816 3111">
    <p class='ocr_par' dir='ltr' id='par_1_75' title="bbox 2237 3039 3816 3111">
     <span class='ocr_line' id='line_1_75' title="bbox 2237 3039 3816 3111; baseline -0.003 -16"><span class='ocrx_word' id='word_1_583' title='bbox 2237 3041 2431 3096; x_wconf 89' lang='lat' dir='ltr'><strong>fratres</strong></span> <span class='ocrx_word' id='word_1_584' title='bbox 2462 3055 2650 3096; x_wconf 91' lang='lat' dir='ltr'><strong>omnes</strong></span> <span class='ocrx_word' id='word_1_585' title='bbox 2681 3042 3024 3111; x_wconf 90' lang='lat' dir='ltr'><strong>insequentes</strong></span> <span class='ocrx_word' id='word_1_586' title='bbox 3052 3083 3065 3106; x_wconf 93' lang='lat'><strong>,</strong></span> <span class='ocrx_word' id='word_1_587' title='bbox 3096 3048 3246 3095; x_wconf 88' lang='lat' dir='ltr'><strong>extra</strong></span> <span class='ocrx_word' id='word_1_588' title='bbox 3280 3041 3544 3094; x_wconf 89' lang='lat' dir='ltr'><strong>terminos</strong></span> <span class='ocrx_word' id='word_1_589' title='bbox 3578 3048 3738 3094; x_wconf 65' lang='lat' dir='ltr'><strong>terra</strong></span> <span class='ocrx_word' id='word_1_590' title='bbox 3763 3039 3816 3092; x_wconf 84' lang='lat' dir='ltr'><strong>il-</strong></span> 
     </span>
    </p>
   </div>
   <div class='ocr_carea' id='block_1_76' title="bbox 2236 3134 2731 3191">
    <p class='ocr_par' dir='ltr' id='par_1_76' title="bbox 2236 3134 2731 3191">
     <span class='ocr_line' id='line_1_76' title="bbox 2236 3134 2731 3191; baseline -0.006 0"><span class='ocrx_word' id='word_1_591' title='bbox 2236 3135 2338 3191; x_wconf 91' lang='lat' dir='ltr'><strong>lius</strong></span> <span class='ocrx_word' id='word_1_592' title='bbox 2366 3134 2731 3189; x_wconf 84' lang='lat' dir='ltr'><strong>turbaverunt.</strong></span> 
     </span>
    </p>
   </div>
   <div class='ocr_carea' id='block_1_77' title="bbox 2308 3221 3816 3293">
    <p class='ocr_par' dir='ltr' id='par_1_77' title="bbox 2308 3221 3816 3293">
     <span class='ocr_line' id='line_1_77' title="bbox 2308 3221 3816 3293; baseline -0.003 -13"><span class='ocrx_word' id='word_1_593' title='bbox 2308 3225 2442 3280; x_wconf 85' lang='lat' dir='ltr'><strong>iluic</strong></span> <span class='ocrx_word' id='word_1_594' title='bbox 2465 3224 2676 3280; x_wconf 92' lang='lat' dir='ltr'><strong>oblatus</strong></span> <span class='ocrx_word' id='word_1_595' title='bbox 2703 3233 2785 3279; x_wconf 91' lang='lat' dir='ltr'><strong>est</strong></span> <span class='ocrx_word' id='word_1_596' title='bbox 2807 3222 3090 3293; x_wconf 87' lang='lat' dir='ltr'><strong>aliquando</strong></span> <span class='ocrx_word' id='word_1_597' title='bbox 3112 3221 3413 3278; x_wconf 68' lang='lat' dir='ltr'><strong>daemonem</strong></span> <span class='ocrx_word' id='word_1_598' title='bbox 3440 3223 3657 3292; x_wconf 88' lang='lat' dir='ltr'><strong>patiens</strong></span> <span class='ocrx_word' id='word_1_599' title='bbox 3679 3222 3816 3289; x_wconf 84' lang='lat' dir='ltr'><strong>juve-</strong></span> 
     </span>
    </p>
   </div>
   <div class='ocr_carea' id='block_1_78' title="bbox 2239 3312 3813 3386">
    <p class='ocr_par' dir='ltr' id='par_1_78' title="bbox 2239 3312 3813 3386">
     <span class='ocr_line' id='line_1_78' title="bbox 2239 3312 3813 3386; baseline -0.005 -14"><span class='ocrx_word' id='word_1_600' title='bbox 2239 3319 2322 3372; x_wconf 91' lang='lat' dir='ltr'><strong>nis</strong></span> <span class='ocrx_word' id='word_1_601' title='bbox 2349 3332 2378 3370; x_wconf 90' lang='lat' dir='ltr'><strong>a</strong></span> <span class='ocrx_word' id='word_1_602' title='bbox 2407 3318 2622 3386; x_wconf 92' lang='lat' dir='ltr'><strong>propria</strong></span> <span class='ocrx_word' id='word_1_603' title='bbox 2666 3327 2836 3370; x_wconf 90' lang='lat' dir='ltr'><strong>matre</strong></span> <span class='ocrx_word' id='word_1_604' title='bbox 2868 3325 2975 3369; x_wconf 89' lang='lat' dir='ltr'><strong>tota</strong></span> <span class='ocrx_word' id='word_1_605' title='bbox 3018 3316 3290 3368; x_wconf 85' lang='lat' dir='ltr'><strong>conscissa</strong></span> <span class='ocrx_word' id='word_1_606' title='bbox 3341 3313 3556 3367; x_wconf 90' lang='lat' dir='ltr'><strong>duobus</strong></span> <span class='ocrx_word' id='word_1_607' title='bbox 3609 3312 3813 3366; x_wconf 81' lang='lat' dir='ltr'><strong>funibus</strong></span> 
     </span>
    </p>
   </div>
   <div class='ocr_carea' id='block_1_79' title="bbox 2237 3402 3808 3478">
    <p class='ocr_par' dir='ltr' id='par_1_79' title="bbox 2237 3402 3808 3478">
     <span class='ocr_line' id='line_1_79' title="bbox 2237 3402 3808 3478; baseline -0.005 -15"><span class='ocrx_word' id='word_1_608' title='bbox 2237 3409 2555 3478; x_wconf 90' lang='lat' dir='ltr'><strong>colligatus,</strong></span> <span class='ocrx_word' id='word_1_609' title='bbox 2587 3416 2639 3461; x_wconf 92' lang='lat' dir='ltr'><strong>et</strong></span> <span class='ocrx_word' id='word_1_610' title='bbox 2672 3407 2807 3460; x_wconf 92' lang='lat' dir='ltr'><strong>hanc</strong></span> <span class='ocrx_word' id='word_1_611' title='bbox 2838 3405 3068 3460; x_wconf 90' lang='lat' dir='ltr'><strong>habebat</strong></span> <span class='ocrx_word' id='word_1_612' title='bbox 3099 3403 3485 3458; x_wconf 91' lang='lat' dir='ltr'><strong>immissionem</strong></span> <span class='ocrx_word' id='word_1_613' title='bbox 3520 3402 3808 3456; x_wconf 78' lang='lat' dir='ltr'><strong>dzemonis:</strong></span> 
     </span>
    </p>
   </div>
   <div class='ocr_carea' id='block_1_80' title="bbox 2240 3496 3814 3570">
    <p class='ocr_par' dir='ltr' id='par_1_80' title="bbox 2240 3496 3814 3570">
     <span class='ocr_line' id='line_1_80' title="bbox 2240 3496 3814 3570; baseline -0.006 -15"><span class='ocrx_word' id='word_1_614' title='bbox 2240 3512 2524 3570; x_wconf 86' lang='lat' dir='ltr'><strong>postquam</strong></span> <span class='ocrx_word' id='word_1_615' title='bbox 2569 3499 2945 3553; x_wconf 89' lang='lat' dir='ltr'><strong>manducasset</strong></span> <span class='ocrx_word' id='word_1_616' title='bbox 2991 3498 3149 3551; x_wconf 88' lang='lat' dir='ltr'><strong>trium</strong></span> <span class='ocrx_word' id='word_1_617' title='bbox 3205 3496 3508 3550; x_wconf 89' lang='lat' dir='ltr'><strong>modiorum</strong></span> <span class='ocrx_word' id='word_1_618' title='bbox 3559 3510 3743 3563; x_wconf 88' lang='lat' dir='ltr'><strong>panes,</strong></span> <span class='ocrx_word' id='word_1_619' title='bbox 3772 3503 3814 3546; x_wconf 90' lang='lat' dir='ltr'><strong>et</strong></span> 
     </span>
    </p>
   </div>
   <div class='ocr_carea' id='block_1_81' title="bbox 2240 3586 3813 3661">
    <p class='ocr_par' dir='ltr' id='par_1_81' title="bbox 2240 3586 3813 3661">
     <span class='ocr_line' id='line_1_81' title="bbox 2240 3586 3813 3661; baseline -0.006 -14"><span class='ocrx_word' id='word_1_620' title='bbox 2240 3593 2464 3648; x_wconf 88' lang='lat' dir='ltr'><strong>bibisset</strong></span> <span class='ocrx_word' id='word_1_621' title='bbox 2494 3593 2735 3661; x_wconf 87' lang='lat' dir='ltr'><strong>lagenam</strong></span> <span class='ocrx_word' id='word_1_622' title='bbox 2769 3591 2835 3645; x_wconf 89' lang='lat' dir='ltr'><strong>de</strong></span> <span class='ocrx_word' id='word_1_623' title='bbox 2864 3605 3019 3660; x_wconf 89' lang='lat' dir='ltr'><strong>aqua,</strong></span> <span class='ocrx_word' id='word_1_624' title='bbox 3052 3597 3303 3644; x_wconf 87' lang='lat' dir='ltr'><strong>eructans</strong></span> <span class='ocrx_word' id='word_1_625' title='bbox 3336 3589 3386 3641; x_wconf 94' lang='lat' dir='ltr'><strong>in</strong></span> <span class='ocrx_word' id='word_1_626' title='bbox 3424 3602 3552 3642; x_wconf 84' lang='lat' dir='ltr'><strong>aera</strong></span> <span class='ocrx_word' id='word_1_627' title='bbox 3583 3586 3813 3640; x_wconf 85' lang='lat' dir='ltr'><strong>solvebat</strong></span> 
     </span>
    </p>
   </div>
   <div class='ocr_carea' id='block_1_82' title="bbox 2239 3677 3813 3750">
    <p class='ocr_par' dir='ltr' id='par_1_82' title="bbox 2239 3677 3813 3750">
     <span class='ocr_line' id='line_1_82' title="bbox 2239 3677 3813 3750; baseline -0.006 -12"><span class='ocrx_word' id='word_1_628' title='bbox 2239 3698 2440 3738; x_wconf 86' lang='lat' dir='ltr'><strong>escas.-</strong></span> <span class='ocrx_word' id='word_1_629' title='bbox 2462 3683 2535 3736; x_wconf 92' lang='lat' dir='ltr'><strong>Ita</strong></span> <span class='ocrx_word' id='word_1_630' title='bbox 2567 3684 2706 3738; x_wconf 90' lang='lat' dir='ltr'><strong>enim</strong></span> <span class='ocrx_word' id='word_1_631' title='bbox 2749 3681 3204 3736; x_wconf 72' lang='lat' dir='ltr'><strong>consumebantur</strong></span> <span class='ocrx_word' id='word_1_632' title='bbox 3234 3695 3354 3750; x_wconf 87' lang='lat' dir='ltr'><strong>quae</strong></span> <span class='ocrx_word' id='word_1_633' title='bbox 3394 3679 3715 3733; x_wconf 89' lang='lat' dir='ltr'><strong>devorasset</strong></span> <span class='ocrx_word' id='word_1_634' title='bbox 3743 3677 3813 3730; x_wconf 83' lang='lat' dir='ltr'><strong>vel</strong></span> 
     </span>
    </p>
   </div>
   <div class='ocr_carea' id='block_1_83' title="bbox 2243 3770 3814 3842">
    <p class='ocr_par' dir='ltr' id='par_1_83' title="bbox 2243 3770 3814 3842">
     <span class='ocr_line' id='line_1_83' title="bbox 2243 3770 3814 3842; baseline -0.006 -15"><span class='ocrx_word' id='word_1_635' title='bbox 2243 3773 2466 3828; x_wconf 89' lang='lat' dir='ltr'><strong>bibisset</strong></span> <span class='ocrx_word' id='word_1_636' title='bbox 2497 3774 2646 3842; x_wconf 92' lang='lat' dir='ltr'><strong>quasi</strong></span> <span class='ocrx_word' id='word_1_637' title='bbox 2679 3775 2745 3826; x_wconf 87' lang='lat' dir='ltr'><strong>ab</strong></span> <span class='ocrx_word' id='word_1_638' title='bbox 2777 3774 2918 3840; x_wconf 87' lang='lat' dir='ltr'><strong>igne.</strong></span> <span class='ocrx_word' id='word_1_639' title='bbox 2955 3771 3051 3825; x_wconf 87' lang='lat' dir='ltr'><strong>Est</strong></span> <span class='ocrx_word' id='word_1_640' title='bbox 3092 3771 3233 3825; x_wconf 90' lang='lat' dir='ltr'><strong>enim</strong></span> <span class='ocrx_word' id='word_1_641' title='bbox 3278 3781 3450 3824; x_wconf 91' lang='lat' dir='ltr'><strong>turma</strong></span> <span class='ocrx_word' id='word_1_642' title='bbox 3482 3784 3605 3837; x_wconf 70' lang='lat' dir='ltr'><strong>qua:</strong></span> <span class='ocrx_word' id='word_1_643' title='bbox 3636 3770 3814 3822; x_wconf 85' lang='lat' dir='ltr'><strong>dicitur</strong></span> 
     </span>
    </p>
   </div>
   <div class='ocr_carea' id='block_1_84' title="bbox 2245 3860 3815 3934">
    <p class='ocr_par' dir='ltr' id='par_1_84' title="bbox 2245 3860 3815 3934">
     <span class='ocr_line' id='line_1_84' title="bbox 2245 3860 3815 3934; baseline -0.004 -16"><span class='ocrx_word' id='word_1_644' title='bbox 2245 3865 2433 3934; x_wconf 84' lang='lat' dir='ltr'><strong>ignita.</strong></span> <span class='ocrx_word' id='word_1_645' title='bbox 2468 3865 2686 3918; x_wconf 89' lang='lat' dir='ltr'><strong>Diversa</strong></span> <span class='ocrx_word' id='word_1_646' title='bbox 2716 3874 2838 3917; x_wconf 89' lang='lat' dir='ltr'><strong>sunt</strong></span> <span class='ocrx_word' id='word_1_647' title='bbox 2867 3864 3062 3931; x_wconf 88' lang='lat' dir='ltr'><strong>quippe</strong></span> <span class='ocrx_word' id='word_1_648' title='bbox 3104 3862 3404 3917; x_wconf 65' lang='lat' dir='ltr'><strong>daemonum</strong></span> <span class='ocrx_word' id='word_1_649' title='bbox 3437 3876 3660 3930; x_wconf 90' lang='lat' dir='ltr'><strong>genera,</strong></span> <span class='ocrx_word' id='word_1_650' title='bbox 3691 3860 3815 3914; x_wconf 89' lang='lat' dir='ltr'><strong>sicut</strong></span> 
     </span>
    </p>
   </div>
   <div class='ocr_carea' id='block_1_85' title="bbox 2243 3954 3813 4022">
    <p class='ocr_par' dir='ltr' id='par_1_85' title="bbox 2243 3954 3813 4022">
     <span class='ocr_line' id='line_1_85' title="bbox 2243 3954 3813 4022; baseline -0.004 -10"><span class='ocrx_word' id='word_1_651' title='bbox 2243 3967 2297 4012; x_wconf 91' lang='lat' dir='ltr'><strong>et</strong></span> <span class='ocrx_word' id='word_1_652' title='bbox 2346 3958 2644 4022; x_wconf 90' lang='lat' dir='ltr'><strong>hominum,</strong></span> <span class='ocrx_word' id='word_1_653' title='bbox 2678 3973 2782 4012; x_wconf 90' lang='lat' dir='ltr'><strong>non</strong></span> <span class='ocrx_word' id='word_1_654' title='bbox 2830 3957 3183 4021; x_wconf 52' lang='lat' dir='ltr'><strong>substantia,</strong></span> <span class='ocrx_word' id='word_1_655' title='bbox 3214 3956 3307 4010; x_wconf 86' lang='lat' dir='ltr'><strong>sed</strong></span> <span class='ocrx_word' id='word_1_656' title='bbox 3356 3956 3684 4011; x_wconf 84' lang='lat' dir='ltr'><strong>voluntates.</strong></span> <span class='ocrx_word' id='word_1_657' title='bbox 3735 3954 3813 4007; x_wconf 84' lang='lat' dir='ltr'><strong>Hic</strong></span> 
     </span>
    </p>
   </div>
   <div class='ocr_carea' id='block_1_86' title="bbox 2242 4045 3814 4118">
    <p class='ocr_par' dir='ltr' id='par_1_86' title="bbox 2242 4045 3814 4118">
     <span class='ocr_line' id='line_1_86' title="bbox 2242 4045 3814 4118; baseline -0.006 -15"><span class='ocrx_word' id='word_1_658' title='bbox 2242 4062 2371 4118; x_wconf 89' lang='lat' dir='ltr'><strong>ergo</strong></span> <span class='ocrx_word' id='word_1_659' title='bbox 2397 4050 2631 4118; x_wconf 82' lang='lat' dir='ltr'><strong>juvenis,</strong></span> <span class='ocrx_word' id='word_1_660' title='bbox 2668 4064 2771 4102; x_wconf 90' lang='lat' dir='ltr'><strong>non</strong></span> <span class='ocrx_word' id='word_1_661' title='bbox 2803 4048 3100 4102; x_wconf 87' lang='lat' dir='ltr'><strong>sufficiente</strong></span> <span class='ocrx_word' id='word_1_662' title='bbox 3128 4048 3226 4101; x_wconf 88' lang='lat' dir='ltr'><strong>sibi</strong></span> <span class='ocrx_word' id='word_1_663' title='bbox 3266 4060 3408 4112; x_wconf 89' lang='lat' dir='ltr'><strong>esca,</strong></span> <span class='ocrx_word' id='word_1_664' title='bbox 3439 4045 3714 4115; x_wconf 90' lang='lat' dir='ltr'><strong>propriam</strong></span> <span class='ocrx_word' id='word_1_665' title='bbox 3747 4045 3814 4095; x_wconf 84' lang='lat' dir='ltr'><strong>bi-</strong></span> 
     </span>
    </p>
   </div>
   <div class='ocr_carea' id='block_1_87' title="bbox 2245 4137 3816 4208">
    <p class='ocr_par' dir='ltr' id='par_1_87' title="bbox 2245 4137 3816 4208">
     <span class='ocr_line' id='line_1_87' title="bbox 2245 4137 3816 4208; baseline -0.005 -14"><span class='ocrx_word' id='word_1_666' title='bbox 2245 4141 2656 4197; x_wconf 89' lang='lat' dir='ltr'><strong>bebaturinam.</strong></span> <span class='ocrx_word' id='word_1_667' title='bbox 2706 4139 2998 4208; x_wconf 86' lang='lat' dir='ltr'><strong>Plangentc</strong></span> <span class='ocrx_word' id='word_1_668' title='bbox 3039 4153 3165 4208; x_wconf 88' lang='lat' dir='ltr'><strong>ergo</strong></span> <span class='ocrx_word' id='word_1_669' title='bbox 3206 4146 3379 4192; x_wconf 84' lang='lat' dir='ltr'><strong>matre</strong></span> <span class='ocrx_word' id='word_1_670' title='bbox 3408 4146 3462 4190; x_wconf 91' lang='lat' dir='ltr'><strong>et</strong></span> <span class='ocrx_word' id='word_1_671' title='bbox 3503 4137 3816 4205; x_wconf 86' lang='lat' dir='ltr'><strong>deprecante</strong></span> 
     </span>
    </p>
   </div>
   <div class='ocr_carea' id='block_1_88' title="bbox 2246 4229 3814 4298">
    <p class='ocr_par' dir='ltr' id='par_1_88' title="bbox 2246 4229 3814 4298">
     <span class='ocr_line' id='line_1_88' title="bbox 2246 4229 3814 4298; baseline -0.006 -10"><span class='ocrx_word' id='word_1_672' title='bbox 2246 4243 2488 4288; x_wconf 88' lang='lat' dir='ltr'><strong>sanctum</strong></span> <span class='ocrx_word' id='word_1_673' title='bbox 2533 4233 2855 4296; x_wconf 83' lang='lat' dir='ltr'><strong>Macarium,</strong></span> <span class='ocrx_word' id='word_1_674' title='bbox 2888 4231 3155 4298; x_wconf 89' lang='lat' dir='ltr'><strong>accipiens</strong></span> <span class='ocrx_word' id='word_1_675' title='bbox 3199 4244 3320 4283; x_wconf 92' lang='lat' dir='ltr'><strong>cum</strong></span> <span class='ocrx_word' id='word_1_676' title='bbox 3347 4270 3362 4294; x_wconf 94' lang='lat'><strong>,</strong></span> <span class='ocrx_word' id='word_1_677' title='bbox 3391 4229 3721 4296; x_wconf 82' lang='lat' dir='ltr'><strong>imprecatus</strong></span> <span class='ocrx_word' id='word_1_678' title='bbox 3763 4239 3814 4277; x_wconf 86' lang='lat' dir='ltr'><strong>ac</strong></span> 
     </span>
    </p>
   </div>
   <div class='ocr_carea' id='block_1_89' title="bbox 2247 4321 3816 4397">
    <p class='ocr_par' dir='ltr' id='par_1_89' title="bbox 2247 4321 3816 4397">
     <span class='ocr_line' id='line_1_89' title="bbox 2247 4321 3816 4397; baseline -0.007 -15"><span class='ocrx_word' id='word_1_679' title='bbox 2247 4327 2551 4397; x_wconf 90' lang='lat' dir='ltr'><strong>supplicans</strong></span> <span class='ocrx_word' id='word_1_680' title='bbox 2577 4326 2763 4389; x_wconf 90' lang='lat' dir='ltr'><strong>Deum,</strong></span> <span class='ocrx_word' id='word_1_681' title='bbox 2791 4334 2911 4396; x_wconf 92' lang='lat' dir='ltr'><strong>post</strong></span> <span class='ocrx_word' id='word_1_682' title='bbox 2934 4340 3091 4377; x_wconf 89' lang='lat' dir='ltr'><strong>unam</strong></span> <span class='ocrx_word' id='word_1_683' title='bbox 3122 4331 3176 4377; x_wconf 91' lang='lat' dir='ltr'><strong>et</strong></span> <span class='ocrx_word' id='word_1_684' title='bbox 3204 4323 3488 4377; x_wconf 90' lang='lat' dir='ltr'><strong>secundam</strong></span> <span class='ocrx_word' id='word_1_685' title='bbox 3516 4321 3664 4375; x_wconf 90' lang='lat' dir='ltr'><strong>diem</strong></span> <span class='ocrx_word' id='word_1_686' title='bbox 3698 4327 3816 4372; x_wconf 81' lang='lat' dir='ltr'><strong>atte-</strong></span> 
     </span>
    </p>
   </div>
   <div class='ocr_carea' id='block_1_90' title="bbox 2249 4415 3819 4489">
    <p class='ocr_par' dir='ltr' id='par_1_90' title="bbox 2249 4415 3819 4489">
     <span class='ocr_line' id='line_1_90' title="bbox 2249 4415 3819 4489; baseline -0.007 -14"><span class='ocrx_word' id='word_1_687' title='bbox 2249 4424 2430 4476; x_wconf 85' lang='lat' dir='ltr'><strong>nuavit</strong></span> <span class='ocrx_word' id='word_1_688' title='bbox 2471 4421 2797 4489; x_wconf 87' lang='lat' dir='ltr'><strong>passionem.</strong></span> <span class='ocrx_word' id='word_1_689' title='bbox 2844 4419 2980 4472; x_wconf 89' lang='lat' dir='ltr'><strong>Dixit</strong></span> <span class='ocrx_word' id='word_1_690' title='bbox 3026 4432 3154 4486; x_wconf 90' lang='lat' dir='ltr'><strong>ergo</strong></span> <span class='ocrx_word' id='word_1_691' title='bbox 3196 4417 3351 4470; x_wconf 91' lang='lat' dir='ltr'><strong>matri</strong></span> <span class='ocrx_word' id='word_1_692' title='bbox 3381 4417 3497 4484; x_wconf 90' lang='lat' dir='ltr'><strong>ejus</strong></span> <span class='ocrx_word' id='word_1_693' title='bbox 3523 4433 3537 4468; x_wconf 89' lang='lat'><strong>:</strong></span> <span class='ocrx_word' id='word_1_694' title='bbox 3563 4415 3819 4479; x_wconf 88' lang='lat' dir='ltr'><strong>Quantum</strong></span> 
     </span>
    </p>
   </div>
   <div class='ocr_carea' id='block_1_91' title="bbox 2250 4509 3820 4578">
    <p class='ocr_par' dir='ltr' id='par_1_91' title="bbox 2250 4509 3820 4578">
     <span class='ocr_line' id='line_1_91' title="bbox 2250 4509 3820 4578; baseline -0.005 -11"><span class='ocrx_word' id='word_1_695' title='bbox 2250 4513 2331 4567; x_wconf 87' lang='lat' dir='ltr'><strong>vis</strong></span> <span class='ocrx_word' id='word_1_696' title='bbox 2358 4522 2415 4567; x_wconf 93' lang='lat' dir='ltr'><strong>ut</strong></span> <span class='ocrx_word' id='word_1_697' title='bbox 2440 4512 2722 4568; x_wconf 90' lang='lat' dir='ltr'><strong>comedat?</strong></span> <span class='ocrx_word' id='word_1_698' title='bbox 2745 4511 2873 4577; x_wconf 71' lang='lat' dir='ltr'><strong>Qua:</strong></span> <span class='ocrx_word' id='word_1_699' title='bbox 2897 4510 3170 4577; x_wconf 89' lang='lat' dir='ltr'><strong>respondit</strong></span> <span class='ocrx_word' id='word_1_700' title='bbox 3194 4527 3206 4563; x_wconf 93' lang='lat'>:</span> <span class='ocrx_word' id='word_1_701' title='bbox 3239 4510 3426 4565; x_wconf 89' lang='lat' dir='ltr'><strong>Decem</strong></span> <span class='ocrx_word' id='word_1_702' title='bbox 3455 4509 3636 4578; x_wconf 88' lang='lat' dir='ltr'><strong>pondo</strong></span> <span class='ocrx_word' id='word_1_703' title='bbox 3659 4509 3820 4577; x_wconf 87' lang='lat' dir='ltr'><strong>panis.</strong></span> 
     </span>
    </p>
   </div>
   <div class='ocr_carea' id='block_1_92' title="bbox 634 4576 3821 4676">
    <p class='ocr_par' dir='ltr' id='par_1_92' title="bbox 634 4576 3821 4676">
     <span class='ocr_line' id='line_1_92' title="bbox 634 4576 3821 4676; baseline 0 -27"><span class='ocrx_word' id='word_1_704' title='bbox 634 4596 786 4650; x_wconf 67' lang='lat' dir='ltr'><strong>Aliud</strong></span> <span class='ocrx_word' id='word_1_705' title='bbox 819 4598 1013 4653; x_wconf 90' lang='lat' dir='ltr'><strong>iterum</strong></span> <span class='ocrx_word' id='word_1_706' title='bbox 1040 4599 1276 4655; x_wconf 88' lang='lat' dir='ltr'><strong>refertur</strong></span> <span class='ocrx_word' id='word_1_707' title='bbox 1302 4601 1421 4671; x_wconf 92' lang='lat' dir='ltr'><strong>ejus</strong></span> <span class='ocrx_word' id='word_1_708' title='bbox 1445 4612 1656 4670; x_wconf 84' lang='lat' dir='ltr'><strong>gestum</strong></span> <span class='ocrx_word' id='word_1_709' title='bbox 1699 4606 2046 4662; x_wconf 64' lang='lat' dir='ltr'><strong>continentiae</strong></span> <span class='ocrx_word' id='word_1_710' title='bbox 2088 4608 2140 4663; x_wconf 93' lang='lat' dir='ltr'><strong>in</strong></span> <span class='ocrx_word' id='word_1_711' title='bbox 2174 4576 2224 4636; x_wconf 67' lang='grc' dir='ltr'><strong><em>Β</em></strong></span> <span class='ocrx_word' id='word_1_712' title='bbox 2254 4607 2528 4676; x_wconf 90' lang='lat' dir='ltr'><strong>Corripuit</strong></span> <span class='ocrx_word' id='word_1_713' title='bbox 2567 4620 2694 4676; x_wconf 86' lang='lat' dir='ltr'><strong>ergo</strong></span> <span class='ocrx_word' id='word_1_714' title='bbox 2725 4576 2863 4666; x_wconf 78' lang='lat' dir='ltr'><strong>eam,</strong></span> <span class='ocrx_word' id='word_1_715' title='bbox 2893 4603 3012 4672; x_wconf 89' lang='lat' dir='ltr'><strong>quia</strong></span> <span class='ocrx_word' id='word_1_716' title='bbox 3045 4586 3268 4656; x_wconf 69' lang='lat' dir='ltr'><strong>multum</strong></span> <span class='ocrx_word' id='word_1_717' title='bbox 3308 4576 3469 4654; x_wconf 62' lang='lat' dir='ltr'><strong>dixit.</strong></span> <span class='ocrx_word' id='word_1_718' title='bbox 3497 4600 3821 4669; x_wconf 84' lang='lat' dir='ltr'><strong>Superorans</strong></span> 
     </span>
    </p>
   </div>
   <div class='ocr_carea' id='block_1_93' title="bbox 555 4686 2140 4758">
    <p class='ocr_par' dir='ltr' id='par_1_93' title="bbox 555 4686 2140 4758">
     <span class='ocr_line' id='line_1_93' title="bbox 555 4686 2140 4758; baseline 0.008 -16"><span class='ocrx_word' id='word_1_719' title='bbox 555 4686 719 4754; x_wconf 71' lang='lat' dir='ltr'><strong>longo</strong></span> <span class='ocrx_word' id='word_1_720' title='bbox 753 4697 1012 4758; x_wconf 87' lang='lat' dir='ltr'><strong>tempore.</strong></span> <span class='ocrx_word' id='word_1_721' title='bbox 1043 4691 1153 4747; x_wconf 93' lang='lat' dir='ltr'><strong>Sub</strong></span> <span class='ocrx_word' id='word_1_722' title='bbox 1183 4701 1326 4746; x_wconf 87' lang='lat' dir='ltr'><strong>terra</strong></span> <span class='ocrx_word' id='word_1_723' title='bbox 1359 4694 1484 4748; x_wconf 91' lang='lat' dir='ltr'><strong>fecit</strong></span> <span class='ocrx_word' id='word_1_724' title='bbox 1510 4697 1792 4751; x_wconf 89' lang='lat' dir='ltr'><strong>transitum</strong></span> <span class='ocrx_word' id='word_1_725' title='bbox 1827 4712 1853 4750; x_wconf 90' lang='lat' dir='ltr'><strong>a</strong></span> <span class='ocrx_word' id='word_1_726' title='bbox 1879 4699 2014 4754; x_wconf 79' lang='lat' dir='ltr'><strong>cella</strong></span> <span class='ocrx_word' id='word_1_727' title='bbox 2043 4717 2140 4755; x_wconf 90' lang='lat' dir='ltr'><strong>sua</strong></span> 
     </span>
    </p>
   </div>
   <div class='ocr_carea' id='block_1_94' title="bbox 559 4782 2148 4857">
    <p class='ocr_par' dir='ltr' id='par_1_94' title="bbox 559 4782 2148 4857">
     <span class='ocr_line' id='line_1_94' title="bbox 559 4782 2148 4857; baseline 0.009 -24"><span class='ocrx_word' id='word_1_728' title='bbox 559 4795 727 4851; x_wconf 89' lang='lat' dir='ltr'><strong>usque</strong></span> <span class='ocrx_word' id='word_1_729' title='bbox 757 4782 824 4836; x_wconf 89' lang='lat' dir='ltr'><strong>ad</strong></span> <span class='ocrx_word' id='word_1_730' title='bbox 849 4783 1127 4838; x_wconf 86' lang='lat' dir='ltr'><strong>dimidium</strong></span> <span class='ocrx_word' id='word_1_731' title='bbox 1160 4785 1416 4852; x_wconf 88' lang='lat' dir='ltr'><strong>stadium,</strong></span> <span class='ocrx_word' id='word_1_732' title='bbox 1449 4796 1504 4842; x_wconf 91' lang='lat' dir='ltr'><strong>et</strong></span> <span class='ocrx_word' id='word_1_733' title='bbox 1533 4788 1844 4857; x_wconf 91' lang='lat' dir='ltr'><strong>speluncam</strong></span> <span class='ocrx_word' id='word_1_734' title='bbox 1867 4793 2148 4847; x_wconf 82' lang='lat' dir='ltr'><strong>constituit</strong></span> 
     </span>
    </p>
   </div>
   <div class='ocr_carea' id='block_1_95' title="bbox 557 4871 2145 4951">
    <p class='ocr_par' dir='ltr' id='par_1_95' title="bbox 557 4871 2145 4951">
     <span class='ocr_line' id='line_1_95' title="bbox 557 4871 2145 4951; baseline 0.008 -27"><span class='ocrx_word' id='word_1_735' title='bbox 557 4871 624 4925; x_wconf 86' lang='lat' dir='ltr'><strong>ad</strong></span> <span class='ocrx_word' id='word_1_736' title='bbox 668 4871 911 4927; x_wconf 91' lang='lat' dir='ltr'><strong>ultimum</strong></span> <span class='ocrx_word' id='word_1_737' title='bbox 939 4889 954 4928; x_wconf 91' lang='lat'><strong>:</strong></span> <span class='ocrx_word' id='word_1_738' title='bbox 979 4883 1035 4930; x_wconf 89' lang='lat' dir='ltr'><strong>et</strong></span> <span class='ocrx_word' id='word_1_739' title='bbox 1071 4876 1117 4930; x_wconf 92' lang='lat' dir='ltr'><strong>si</strong></span> <span class='ocrx_word' id='word_1_740' title='bbox 1154 4877 1368 4945; x_wconf 89' lang='lat' dir='ltr'><strong>quando</strong></span> <span class='ocrx_word' id='word_1_741' title='bbox 1397 4878 1445 4930; x_wconf 91' lang='lat' dir='ltr'><strong>ei</strong></span> <span class='ocrx_word' id='word_1_742' title='bbox 1477 4879 1655 4946; x_wconf 91' lang='lat' dir='ltr'><strong>plures</strong></span> <span class='ocrx_word' id='word_1_743' title='bbox 1701 4882 2145 4951; x_wconf 89' lang='lat' dir='ltr'><strong>molestabantur,</strong></span> 
     </span>
    </p>
   </div>
   <div class='ocr_carea' id='block_1_96' title="bbox 559 4964 2150 5040">
    <p class='ocr_par' dir='ltr' id='par_1_96' title="bbox 559 4964 2150 5040">
     <span class='ocr_line' id='line_1_96' title="bbox 559 4964 2150 5040; baseline 0.009 -25"><span class='ocrx_word' id='word_1_744' title='bbox 559 4964 772 5018; x_wconf 89' lang='lat' dir='ltr'><strong>occulte</strong></span> <span class='ocrx_word' id='word_1_745' title='bbox 801 4964 867 5018; x_wconf 90' lang='lat' dir='ltr'><strong>de</strong></span> <span class='ocrx_word' id='word_1_746' title='bbox 894 4965 1026 5020; x_wconf 90' lang='lat' dir='ltr'><strong>cella</strong></span> <span class='ocrx_word' id='word_1_747' title='bbox 1055 4980 1151 5020; x_wconf 90' lang='lat' dir='ltr'><strong>sua</strong></span> <span class='ocrx_word' id='word_1_748' title='bbox 1183 4967 1466 5038; x_wconf 84' lang='lat' dir='ltr'><strong>egrediens</strong></span> <span class='ocrx_word' id='word_1_749' title='bbox 1495 4970 1607 5024; x_wconf 89' lang='lat' dir='ltr'><strong>ibat</strong></span> <span class='ocrx_word' id='word_1_750' title='bbox 1630 4970 1695 5025; x_wconf 92' lang='lat' dir='ltr'><strong>ad</strong></span> <span class='ocrx_word' id='word_1_751' title='bbox 1729 4972 2062 5040; x_wconf 91' lang='lat' dir='ltr'><strong>speluncam,</strong></span> <span class='ocrx_word' id='word_1_752' title='bbox 2097 4985 2150 5029; x_wconf 91' lang='lat' dir='ltr'><strong>et</strong></span> 
     </span>
    </p>
   </div>
   <div class='ocr_carea' id='block_1_97' title="bbox 562 5056 2148 5135">
    <p class='ocr_par' dir='ltr' id='par_1_97' title="bbox 562 5056 2148 5135">
     <span class='ocr_line' id='line_1_97' title="bbox 562 5056 2148 5135; baseline 0.012 -31"><span class='ocrx_word' id='word_1_753' title='bbox 562 5066 723 5107; x_wconf 85' lang='lat' dir='ltr'><strong>nemo</strong></span> <span class='ocrx_word' id='word_1_754' title='bbox 747 5069 871 5108; x_wconf 91' lang='lat' dir='ltr'><strong>eum</strong></span> <span class='ocrx_word' id='word_1_755' title='bbox 906 5056 1233 5112; x_wconf 89' lang='lat' dir='ltr'><strong>inveniebat.</strong></span> <span class='ocrx_word' id='word_1_756' title='bbox 1278 5057 1563 5116; x_wconf 83' lang='lat' dir='ltr'><strong>Referebat</strong></span> <span class='ocrx_word' id='word_1_757' title='bbox 1591 5077 1720 5133; x_wconf 90' lang='lat' dir='ltr'><strong>ergo</strong></span> <span class='ocrx_word' id='word_1_758' title='bbox 1749 5065 1904 5119; x_wconf 92' lang='lat' dir='ltr'><strong>nobis</strong></span> <span class='ocrx_word' id='word_1_759' title='bbox 1933 5068 2148 5135; x_wconf 91' lang='lat' dir='ltr'><strong>quidam</strong></span> 
     </span>
    </p>
   </div>
   <div class='ocr_carea' id='block_1_98' title="bbox 564 5143 2149 5227">
    <p class='ocr_par' dir='ltr' id='par_1_98' title="bbox 564 5143 2149 5227">
     <span class='ocr_line' id='line_1_98' title="bbox 564 5143 2149 5227; baseline 0.012 -31"><span class='ocrx_word' id='word_1_760' title='bbox 564 5143 632 5197; x_wconf 90' lang='lat' dir='ltr'><strong>de</strong></span> <span class='ocrx_word' id='word_1_761' title='bbox 681 5145 914 5199; x_wconf 89' lang='lat' dir='ltr'><strong>strenuis</strong></span> <span class='ocrx_word' id='word_1_762' title='bbox 959 5146 1238 5218; x_wconf 90' lang='lat' dir='ltr'><strong>discipulis</strong></span> <span class='ocrx_word' id='word_1_763' title='bbox 1283 5151 1435 5221; x_wconf 87' lang='lat' dir='ltr'><strong>ejus,</strong></span> <span class='ocrx_word' id='word_1_764' title='bbox 1470 5154 1591 5221; x_wconf 89' lang='lat' dir='ltr'><strong>quia</strong></span> <span class='ocrx_word' id='word_1_765' title='bbox 1643 5156 1821 5209; x_wconf 92' lang='lat' dir='ltr'><strong>eundo</strong></span> <span class='ocrx_word' id='word_1_766' title='bbox 1868 5171 2036 5227; x_wconf 88' lang='lat' dir='ltr'><strong>usque</strong></span> <span class='ocrx_word' id='word_1_767' title='bbox 2083 5160 2149 5215; x_wconf 91' lang='lat' dir='ltr'><strong>ad</strong></span> 
     </span>
    </p>
   </div>
   <div class='ocr_carea' id='block_1_99' title="bbox 567 5232 2152 5309">
    <p class='ocr_par' dir='ltr' id='par_1_99' title="bbox 567 5232 2152 5309">
     <span class='ocr_line' id='line_1_99' title="bbox 567 5232 2152 5309; baseline 0.014 -25"><span class='ocrx_word' id='word_1_768' title='bbox 567 5232 898 5301; x_wconf 87' lang='lat' dir='ltr'><strong>speluncam,</strong></span> <span class='ocrx_word' id='word_1_769' title='bbox 916 5236 1100 5306; x_wconf 84' lang='lat' dir='ltr'><strong>viginti</strong></span> <span class='ocrx_word' id='word_1_770' title='bbox 1117 5250 1345 5309; x_wconf 81' lang='lat' dir='ltr'><strong>quatuor</strong></span> <span class='ocrx_word' id='word_1_771' title='bbox 1366 5244 1638 5299; x_wconf 88' lang='lat' dir='ltr'><strong>orationes</strong></span> <span class='ocrx_word' id='word_1_772' title='bbox 1662 5245 1966 5302; x_wconf 89' lang='lat' dir='ltr'><strong>Dominicas</strong></span> <span class='ocrx_word' id='word_1_773' title='bbox 1990 5249 2152 5306; x_wconf 90' lang='lat' dir='ltr'><strong>facie—</strong></span> 
     </span>
    </p>
   </div>
   <div class='ocr_carea' id='block_1_100' title="bbox 567 5323 1575 5403">
    <p class='ocr_par' dir='ltr' id='par_1_100' title="bbox 567 5323 1575 5403">
     <span class='ocr_line' id='line_1_100' title="bbox 567 5323 1575 5403; baseline 0.014 -28"><span class='ocrx_word' id='word_1_774' title='bbox 567 5323 748 5390; x_wconf 82' lang='lat' dir='ltr'><strong>bat,et</strong></span> <span class='ocrx_word' id='word_1_775' title='bbox 777 5328 1096 5383; x_wconf 87' lang='lat' dir='ltr'><strong>revertendo</strong></span> <span class='ocrx_word' id='word_1_776' title='bbox 1123 5332 1307 5400; x_wconf 84' lang='lat' dir='ltr'><strong>viginti</strong></span> <span class='ocrx_word' id='word_1_777' title='bbox 1331 5345 1575 5403; x_wconf 91' lang='lat' dir='ltr'><strong>quatuor.</strong></span> 
     </span>
    </p>
   </div>
   <div class='ocr_carea' id='block_1_101' title="bbox 644 5417 2151 5497">
    <p class='ocr_par' dir='ltr' id='par_1_101' title="bbox 644 5417 2151 5497">
     <span class='ocr_line' id='line_1_101' title="bbox 644 5417 2151 5497; baseline 0.012 -27"><span class='ocrx_word' id='word_1_778' title='bbox 644 5417 718 5471; x_wconf 91' lang='lat' dir='ltr'><strong>De</strong></span> <span class='ocrx_word' id='word_1_779' title='bbox 750 5418 850 5474; x_wconf 87' lang='lat' dir='ltr'><strong>hoc</strong></span> <span class='ocrx_word' id='word_1_780' title='bbox 878 5436 1094 5490; x_wconf 85' lang='lat' dir='ltr'><strong>egressa</strong></span> <span class='ocrx_word' id='word_1_781' title='bbox 1125 5433 1205 5478; x_wconf 85' lang='lat' dir='ltr'><strong>est</strong></span> <span class='ocrx_word' id='word_1_782' title='bbox 1243 5427 1423 5496; x_wconf 92' lang='lat' dir='ltr'><strong>opinio</strong></span> <span class='ocrx_word' id='word_1_783' title='bbox 1454 5430 1576 5497; x_wconf 87' lang='lat' dir='ltr'><strong>quia</strong></span> <span class='ocrx_word' id='word_1_784' title='bbox 1611 5436 1880 5483; x_wconf 90' lang='lat' dir='ltr'><strong>mortuum</strong></span> <span class='ocrx_word' id='word_1_785' title='bbox 1922 5434 2151 5487; x_wconf 64' lang='lat' dir='ltr'><strong>suscita~</strong></span> 
     </span>
    </p>
   </div>
   <div class='ocr_carea' id='block_1_102' title="bbox 571 5512 2154 5587">
    <p class='ocr_par' dir='ltr' id='par_1_102' title="bbox 571 5512 2154 5587">
     <span class='ocr_line' id='line_1_102' title="bbox 571 5512 2154 5587; baseline 0.01 -22"><span class='ocrx_word' id='word_1_786' title='bbox 571 5512 731 5581; x_wconf 90' lang='lat' dir='ltr'><strong>verit,</strong></span> <span class='ocrx_word' id='word_1_787' title='bbox 765 5522 818 5568; x_wconf 91' lang='lat' dir='ltr'><strong>et</strong></span> <span class='ocrx_word' id='word_1_788' title='bbox 864 5517 1096 5571; x_wconf 90' lang='lat' dir='ltr'><strong>suaserit</strong></span> <span class='ocrx_word' id='word_1_789' title='bbox 1143 5519 1451 5576; x_wconf 69' lang='lat' dir='ltr'><strong>hrereticum</strong></span> <span class='ocrx_word' id='word_1_790' title='bbox 1483 5523 1745 5587; x_wconf 89' lang='lat' dir='ltr'><strong>converti,</strong></span> <span class='ocrx_word' id='word_1_791' title='bbox 1789 5538 1894 5578; x_wconf 94' lang='lat' dir='ltr'><strong>non</strong></span> <span class='ocrx_word' id='word_1_792' title='bbox 1925 5526 2154 5581; x_wconf 86' lang='lat' dir='ltr'><strong>creden-</strong></span> 
     </span>
    </p>
   </div>
   <div class='ocr_carea' id='block_1_103' title="bbox 575 5606 2157 5681">
    <p class='ocr_par' dir='ltr' id='par_1_103' title="bbox 575 5606 2157 5681">
     <span class='ocr_line' id='line_1_103' title="bbox 575 5606 2157 5681; baseline 0.01 -25"><span class='ocrx_word' id='word_1_793' title='bbox 575 5608 682 5657; x_wconf 84' lang='lat' dir='ltr'><strong>tem</strong></span> <span class='ocrx_word' id='word_1_794' title='bbox 725 5606 1176 5664; x_wconf 86' lang='lat' dir='ltr'><strong>resurrectionem</strong></span> <span class='ocrx_word' id='word_1_795' title='bbox 1221 5624 1507 5681; x_wconf 87' lang='lat' dir='ltr'><strong>corporum</strong></span> <span class='ocrx_word' id='word_1_796' title='bbox 1537 5612 1686 5677; x_wconf 84' lang='lat' dir='ltr'><strong>fieri;</strong></span> <span class='ocrx_word' id='word_1_797' title='bbox 1719 5621 1771 5668; x_wconf 89' lang='lat' dir='ltr'><strong>et</strong></span> <span class='ocrx_word' id='word_1_798' title='bbox 1801 5611 1996 5670; x_wconf 89' lang='lat' dir='ltr'><strong>famam</strong></span> <span class='ocrx_word' id='word_1_799' title='bbox 2019 5617 2157 5672; x_wconf 87' lang='lat' dir='ltr'><strong>obti-</strong></span> 
     </span>
    </p>
   </div>
   <div class='ocr_carea' id='block_1_104' title="bbox 645 5717 2006 5785">
    <p class='ocr_par' dir='ltr' id='par_1_104' title="bbox 645 5717 2006 5785">
     <span class='ocr_line' id='line_1_104' title="bbox 645 5717 2006 5785; baseline 0.019 -15"><span class='ocrx_word' id='word_1_800' title='bbox 645 5717 663 5749; x_wconf 79' lang='grc'>¹</span> <span class='ocrx_word' id='word_1_801' title='bbox 694 5719 854 5775; x_wconf 87' lang='lat' dir='ltr'><strong>Deest</strong></span> <span class='ocrx_word' id='word_1_802' title='bbox 884 5721 983 5778; x_wconf 92' lang='lat' dir='ltr'><strong>hoc</strong></span> <span class='ocrx_word' id='word_1_803' title='bbox 1005 5723 1292 5785; x_wconf 82' lang='lat' dir='ltr'><strong>Heraclidi.</strong></span> <span class='ocrx_word' id='word_1_804' title='bbox 1997 5754 2006 5755; x_wconf 45' lang='grc' dir='ltr'>ί</span> 
     </span>
    </p>
   </div>
   <div class='ocr_carea' id='block_1_105' title="bbox 643 5789 2149 5861">
    <p class='ocr_par' dir='ltr' id='par_1_105' title="bbox 643 5789 2149 5861">
     <span class='ocr_line' id='line_1_105' title="bbox 643 5789 2149 5861; baseline 0.009 -18"><span class='ocrx_word' id='word_1_805' title='bbox 643 5789 664 5818; x_wconf 83' lang='grc'>⁸</span> <span class='ocrx_word' id='word_1_806' title='bbox 695 5790 856 5847; x_wconf 82' lang='lat' dir='ltr'><strong>Deest</strong></span> <span class='ocrx_word' id='word_1_807' title='bbox 885 5798 999 5850; x_wconf 82' lang='lat' dir='ltr'><strong>haec</strong></span> <span class='ocrx_word' id='word_1_808' title='bbox 1027 5799 1263 5857; x_wconf 82' lang='lat' dir='ltr'><strong>narratio</strong></span> <span class='ocrx_word' id='word_1_809' title='bbox 1295 5798 1581 5856; x_wconf 80' lang='lat' dir='ltr'><strong>Heraclidi.</strong></span> <span class='ocrx_word' id='word_1_810' title='bbox 1628 5803 1719 5859; x_wconf 83' lang='lat' dir='ltr'><strong>Est</strong></span> <span class='ocrx_word' id='word_1_811' title='bbox 1749 5802 2072 5861; x_wconf 83' lang='lat' dir='ltr'><strong>verbOtenus</strong></span> <span class='ocrx_word' id='word_1_812' title='bbox 2099 5803 2149 5857; x_wconf 92' lang='lat' dir='ltr'><strong>in</strong></span> 
     </span>
    </p>
   </div>
   <div class='ocr_carea' id='block_1_106' title="bbox 2256 4695 3822 4768">
    <p class='ocr_par' dir='ltr' id='par_1_106' title="bbox 2256 4695 3822 4768">
     <span class='ocr_line' id='line_1_106' title="bbox 2256 4695 3822 4768; baseline -0.006 -14"><span class='ocrx_word' id='word_1_813' title='bbox 2256 4715 2386 4754; x_wconf 82' lang='lat' dir='ltr'><strong>vero</strong></span> <span class='ocrx_word' id='word_1_814' title='bbox 2412 4701 2459 4754; x_wconf 90' lang='lat' dir='ltr'><strong>ei</strong></span> <span class='ocrx_word' id='word_1_815' title='bbox 2485 4715 2652 4768; x_wconf 90' lang='lat' dir='ltr'><strong>usque</strong></span> <span class='ocrx_word' id='word_1_816' title='bbox 2674 4699 2740 4752; x_wconf 88' lang='lat' dir='ltr'><strong>ad</strong></span> <span class='ocrx_word' id='word_1_817' title='bbox 2766 4705 2969 4766; x_wconf 87' lang='lat' dir='ltr'><strong>septem</strong></span> <span class='ocrx_word' id='word_1_818' title='bbox 2995 4696 3130 4761; x_wconf 87' lang='lat' dir='ltr'><strong>dies,</strong></span> <span class='ocrx_word' id='word_1_819' title='bbox 3157 4696 3340 4749; x_wconf 92' lang='lat' dir='ltr'><strong>statuit</strong></span> <span class='ocrx_word' id='word_1_820' title='bbox 3367 4695 3412 4748; x_wconf 91' lang='lat' dir='ltr'><strong>ei</strong></span> <span class='ocrx_word' id='word_1_821' title='bbox 3438 4696 3489 4748; x_wconf 94' lang='lat' dir='ltr'><strong>in</strong></span> <span class='ocrx_word' id='word_1_822' title='bbox 3512 4695 3611 4748; x_wconf 88' lang='lat' dir='ltr'><strong>tria</strong></span> <span class='ocrx_word' id='word_1_823' title='bbox 3637 4695 3822 4764; x_wconf 76' lang='lat' dir='ltr'><strong>pondo,</strong></span> 
     </span>
    </p>
   </div>
   <div class='ocr_carea' id='block_1_107' title="bbox 2257 4788 3824 4860">
    <p class='ocr_par' dir='ltr' id='par_1_107' title="bbox 2257 4788 3824 4860">
     <span class='ocr_line' id='line_1_107' title="bbox 2257 4788 3824 4860; baseline -0.006 -14"><span class='ocrx_word' id='word_1_824' title='bbox 2257 4800 2314 4846; x_wconf 90' lang='lat' dir='ltr'><strong>ut</strong></span> <span class='ocrx_word' id='word_1_825' title='bbox 2362 4799 2540 4860; x_wconf 81' lang='lat' dir='ltr'><strong>posset</strong></span> <span class='ocrx_word' id='word_1_826' title='bbox 2585 4790 2824 4859; x_wconf 83' lang='lat' dir='ltr'><strong>operari,</strong></span> <span class='ocrx_word' id='word_1_827' title='bbox 2854 4798 3015 4858; x_wconf 91' lang='lat' dir='ltr'><strong>atque</strong></span> <span class='ocrx_word' id='word_1_828' title='bbox 3064 4791 3132 4841; x_wconf 91' lang='lat' dir='ltr'><strong>ita</strong></span> <span class='ocrx_word' id='word_1_829' title='bbox 3175 4802 3369 4842; x_wconf 86' lang='lat' dir='ltr'><strong>curans</strong></span> <span class='ocrx_word' id='word_1_830' title='bbox 3415 4802 3564 4851; x_wconf 88' lang='lat' dir='ltr'><strong>eum,</strong></span> <span class='ocrx_word' id='word_1_831' title='bbox 3609 4788 3824 4842; x_wconf 83' lang='lat' dir='ltr'><strong>reddidit</strong></span> 
     </span>
    </p>
   </div>
   <div class='ocr_carea' id='block_1_108' title="bbox 2259 4877 3826 4946">
    <p class='ocr_par' dir='ltr' id='par_1_108' title="bbox 2259 4877 3826 4946">
     <span class='ocr_line' id='line_1_108' title="bbox 2259 4877 3826 4946; baseline -0.006 -11"><span class='ocrx_word' id='word_1_832' title='bbox 2259 4883 2436 4936; x_wconf 90' lang='lat' dir='ltr'><strong>matri.</strong></span> <span class='ocrx_word' id='word_1_833' title='bbox 2473 4883 2631 4936; x_wconf 86' lang='lat' dir='ltr'><strong>Multa</strong></span> <span class='ocrx_word' id='word_1_834' title='bbox 2661 4883 2819 4935; x_wconf 87' lang='lat' dir='ltr'><strong>etiam</strong></span> <span class='ocrx_word' id='word_1_835' title='bbox 2849 4889 2902 4934; x_wconf 89' lang='lat' dir='ltr'><strong>et</strong></span> <span class='ocrx_word' id='word_1_836' title='bbox 2929 4880 3030 4932; x_wconf 89' lang='lat' dir='ltr'><strong>alia</strong></span> <span class='ocrx_word' id='word_1_837' title='bbox 3062 4878 3365 4933; x_wconf 87' lang='lat' dir='ltr'><strong>ferebantur</strong></span> <span class='ocrx_word' id='word_1_838' title='bbox 3394 4877 3460 4930; x_wconf 89' lang='lat' dir='ltr'><strong>de</strong></span> <span class='ocrx_word' id='word_1_839' title='bbox 3489 4891 3581 4941; x_wconf 91' lang='lat' dir='ltr'><strong>eo,</strong></span> <span class='ocrx_word' id='word_1_840' title='bbox 3611 4893 3732 4946; x_wconf 73' lang='lat' dir='ltr'><strong>qua:</strong></span> <span class='ocrx_word' id='word_1_841' title='bbox 3761 4877 3826 4928; x_wconf 74' lang='lat' dir='ltr'><strong>ni~</strong></span> 
     </span>
    </p>
   </div>
   <div class='ocr_carea' id='block_1_109' title="bbox 2260 4968 3828 5041">
    <p class='ocr_par' dir='ltr' id='par_1_109' title="bbox 2260 4968 3828 5041">
     <span class='ocr_line' id='line_1_109' title="bbox 2260 4968 3828 5041; baseline -0.005 -14"><span class='ocrx_word' id='word_1_842' title='bbox 2260 4973 2360 5027; x_wconf 85' lang='lat' dir='ltr'><strong>mis</strong></span> <span class='ocrx_word' id='word_1_843' title='bbox 2409 4975 2611 5041; x_wconf 82' lang='lat' dir='ltr'><strong>prolixa</strong></span> <span class='ocrx_word' id='word_1_844' title='bbox 2646 4982 2768 5026; x_wconf 92' lang='lat' dir='ltr'><strong>sunt</strong></span> <span class='ocrx_word' id='word_1_845' title='bbox 2813 4972 2877 5024; x_wconf 85' lang='lat' dir='ltr'><strong>ad</strong></span> <span class='ocrx_word' id='word_1_846' title='bbox 2911 4969 3280 5034; x_wconf 89' lang='lat' dir='ltr'><strong>scribendum;</strong></span> <span class='ocrx_word' id='word_1_847' title='bbox 3311 4968 3404 5022; x_wconf 90' lang='lat' dir='ltr'><strong>sed</strong></span> <span class='ocrx_word' id='word_1_848' title='bbox 3434 4985 3496 5022; x_wconf 86' lang='lat' dir='ltr'><strong>ex</strong></span> <span class='ocrx_word' id='word_1_849' title='bbox 3548 4969 3632 5022; x_wconf 89' lang='lat' dir='ltr'><strong>his</strong></span> <span class='ocrx_word' id='word_1_850' title='bbox 3666 4968 3828 5037; x_wconf 75' lang='lat' dir='ltr'><strong>pauc&#39;s</strong></span> 
     </span>
    </p>
   </div>
   <div class='ocr_carea' id='block_1_110' title="bbox 2261 5060 3827 5131">
    <p class='ocr_par' dir='ltr' id='par_1_110' title="bbox 2261 5060 3827 5131">
     <span class='ocr_line' id='line_1_110' title="bbox 2261 5060 3827 5131; baseline -0.008 -9"><span class='ocrx_word' id='word_1_851' title='bbox 2261 5069 2422 5122; x_wconf 88' lang='lat' dir='ltr'><strong>etiam</strong></span> <span class='ocrx_word' id='word_1_852' title='bbox 2465 5073 2658 5120; x_wconf 68' lang='lat' dir='ltr'><strong>caetera</strong></span> <span class='ocrx_word' id='word_1_853' title='bbox 2698 5079 2857 5131; x_wconf 85' lang='lat' dir='ltr'><strong>opera</strong></span> <span class='ocrx_word' id='word_1_854' title='bbox 2903 5063 3019 5130; x_wconf 92' lang='lat' dir='ltr'><strong>ejus</strong></span> <span class='ocrx_word' id='word_1_855' title='bbox 3065 5070 3376 5115; x_wconf 87' lang='lat' dir='ltr'><strong>noscuntur.</strong></span> <span class='ocrx_word' id='word_1_856' title='bbox 3426 5060 3581 5113; x_wconf 88' lang='lat' dir='ltr'><strong>Hunc</strong></span> <span class='ocrx_word' id='word_1_857' title='bbox 3610 5074 3713 5128; x_wconf 77' lang='lat' dir='ltr'><strong>ego</strong></span> <span class='ocrx_word' id='word_1_858' title='bbox 3741 5075 3827 5111; x_wconf 88' lang='lat' dir='ltr'><strong>non</strong></span> 
     </span>
    </p>
   </div>
   <div class='ocr_carea' id='block_1_111' title="bbox 2263 5151 3828 5227">
    <p class='ocr_par' dir='ltr' id='par_1_111' title="bbox 2263 5151 3828 5227">
     <span class='ocr_line' id='line_1_111' title="bbox 2263 5151 3828 5227; baseline -0.006 -15"><span class='ocrx_word' id='word_1_859' title='bbox 2263 5159 2406 5223; x_wconf 88' lang='lat' dir='ltr'><strong>vidi;</strong></span> <span class='ocrx_word' id='word_1_860' title='bbox 2448 5174 2588 5212; x_wconf 90' lang='lat' dir='ltr'><strong>anno</strong></span> <span class='ocrx_word' id='word_1_861' title='bbox 2625 5157 2819 5227; x_wconf 82' lang='lat' dir='ltr'><strong>quippe</strong></span> <span class='ocrx_word' id='word_1_862' title='bbox 2847 5153 3196 5224; x_wconf 86' lang='lat' dir='ltr'><strong>iugrcssionis</strong></span> <span class='ocrx_word' id='word_1_863' title='bbox 3238 5167 3369 5206; x_wconf 76' lang='lat' dir='ltr'><strong>meze</strong></span> <span class='ocrx_word' id='word_1_864' title='bbox 3404 5152 3455 5205; x_wconf 92' lang='lat' dir='ltr'><strong>in</strong></span> <span class='ocrx_word' id='word_1_865' title='bbox 3498 5151 3828 5204; x_wconf 85' lang='lat' dir='ltr'><strong>solitudinem</strong></span> 
     </span>
    </p>
   </div>
   <div class='ocr_carea' id='block_1_112' title="bbox 2259 5251 2480 5320">
    <p class='ocr_par' dir='ltr' id='par_1_112' title="bbox 2259 5251 2480 5320">
     <span class='ocr_line' id='line_1_112' title="bbox 2259 5251 2480 5320; baseline 0.005 -18"><span class='ocrx_word' id='word_1_866' title='bbox 2259 5251 2480 5320; x_wconf 90' lang='lat' dir='ltr'><strong>quievit.</strong></span> 
     </span>
    </p>
   </div>
   <div class='ocr_carea' id='block_1_113' title="bbox 2331 5333 3827 5410">
    <p class='ocr_par' dir='ltr' id='par_1_113' title="bbox 2331 5333 3827 5410">
     <span class='ocr_line' id='line_1_113' title="bbox 2331 5333 3827 5410; baseline -0.009 -13"><span class='ocrx_word' id='word_1_867' title='bbox 2331 5344 2569 5409; x_wconf 80' lang='lat' dir='ltr'><strong>Quodam</strong></span> <span class='ocrx_word' id='word_1_868' title='bbox 2605 5351 2845 5410; x_wconf 86' lang='lat' dir='ltr'><strong>tempore</strong></span> <span class='ocrx_word' id='word_1_869' title='bbox 2885 5355 3005 5393; x_wconf 83' lang='lat' dir='ltr'><strong>cum</strong></span> <span class='ocrx_word' id='word_1_870' title='bbox 3039 5339 3102 5391; x_wconf 89' lang='lat' dir='ltr'><strong>ad</strong></span> <span class='ocrx_word' id='word_1_871' title='bbox 3136 5339 3345 5392; x_wconf 88' lang='lat' dir='ltr'><strong>beatum</strong></span> <span class='ocrx_word' id='word_1_872' title='bbox 3395 5337 3690 5392; x_wconf 64' lang='lat' dir='ltr'><strong>Macarium</strong></span> <span class='ocrx_word' id='word_1_873' title='bbox 3731 5333 3827 5402; x_wconf 85' lang='lat' dir='ltr'><strong>qui-</strong></span> 
     </span>
    </p>
   </div>
   <div class='ocr_carea' id='block_1_114' title="bbox 2262 5426 3830 5497">
    <p class='ocr_par' dir='ltr' id='par_1_114' title="bbox 2262 5426 3830 5497">
     <span class='ocr_line' id='line_1_114' title="bbox 2262 5426 3830 5497; baseline -0.008 -6"><span class='ocrx_word' id='word_1_874' title='bbox 2262 5436 2383 5491; x_wconf 89' lang='lat' dir='ltr'><strong>dam</strong></span> <span class='ocrx_word' id='word_1_875' title='bbox 2431 5435 2666 5488; x_wconf 89' lang='lat' dir='ltr'><strong>venisset</strong></span> <span class='ocrx_word' id='word_1_876' title='bbox 2707 5432 3018 5486; x_wconf 85' lang='lat' dir='ltr'><strong>desiderans</strong></span> <span class='ocrx_word' id='word_1_877' title='bbox 3054 5431 3103 5481; x_wconf 89' lang='lat' dir='ltr'><strong>in</strong></span> <span class='ocrx_word' id='word_1_878' title='bbox 3141 5428 3412 5497; x_wconf 83' lang='lat' dir='ltr'><strong>proposito</strong></span> <span class='ocrx_word' id='word_1_879' title='bbox 3461 5426 3830 5481; x_wconf 86' lang='lat' dir='ltr'><strong>monachorum</strong></span> 
     </span>
    </p>
   </div>
   <div class='ocr_carea' id='block_1_115' title="bbox 2263 5522 3830 5589">
    <p class='ocr_par' dir='ltr' id='par_1_115' title="bbox 2263 5522 3830 5589">
     <span class='ocr_line' id='line_1_115' title="bbox 2263 5522 3830 5589; baseline -0.007 -9"><span class='ocrx_word' id='word_1_880' title='bbox 2263 5527 2463 5580; x_wconf 90' lang='lat' dir='ltr'><strong>servire</strong></span> <span class='ocrx_word' id='word_1_881' title='bbox 2493 5523 2706 5578; x_wconf 84' lang='lat' dir='ltr'><strong>Christo</strong></span> <span class='ocrx_word' id='word_1_882' title='bbox 2730 5524 2769 5589; x_wconf 82' lang='grc'><strong>³,</strong></span> <span class='ocrx_word' id='word_1_883' title='bbox 2801 5533 2853 5576; x_wconf 91' lang='lat' dir='ltr'><strong>et</strong></span> <span class='ocrx_word' id='word_1_884' title='bbox 2877 5522 3256 5589; x_wconf 76' lang='lat' dir='ltr'><strong>deprecaretur</strong></span> <span class='ocrx_word' id='word_1_885' title='bbox 3281 5527 3525 5574; x_wconf 83' lang='lat' dir='ltr'><strong>sanctum</strong></span> <span class='ocrx_word' id='word_1_886' title='bbox 3556 5535 3762 5583; x_wconf 83' lang='lat' dir='ltr'><strong>senem,</strong></span> <span class='ocrx_word' id='word_1_887' title='bbox 3786 5525 3830 5569; x_wconf 91' lang='lat' dir='ltr'><strong>ul</strong></span> 
     </span>
    </p>
   </div>
   <div class='ocr_carea' id='block_1_116' title="bbox 2265 5611 3833 5676">
    <p class='ocr_par' dir='ltr' id='par_1_116' title="bbox 2265 5611 3833 5676">
     <span class='ocr_line' id='line_1_116' title="bbox 2265 5611 3833 5676; baseline -0.007 -4"><span class='ocrx_word' id='word_1_888' title='bbox 2265 5620 2550 5672; x_wconf 83' lang='lat' dir='ltr'><strong>instrueret</strong></span> <span class='ocrx_word' id='word_1_889' title='bbox 2579 5630 2700 5669; x_wconf 91' lang='lat' dir='ltr'><strong>eum</strong></span> <span class='ocrx_word' id='word_1_890' title='bbox 2747 5630 2810 5669; x_wconf 91' lang='lat' dir='ltr'><strong>ac</strong></span> <span class='ocrx_word' id='word_1_891' title='bbox 2840 5615 3076 5676; x_wconf 79' lang='lat' dir='ltr'><strong>doceret,</strong></span> <span class='ocrx_word' id='word_1_892' title='bbox 3110 5622 3164 5668; x_wconf 91' lang='lat' dir='ltr'><strong>et</strong></span> <span class='ocrx_word' id='word_1_893' title='bbox 3191 5628 3253 5669; x_wconf 76' lang='lat' dir='ltr'><strong>cx</strong></span> <span class='ocrx_word' id='word_1_894' title='bbox 3286 5612 3434 5668; x_wconf 88' lang='lat' dir='ltr'><strong>fonte</strong></span> <span class='ocrx_word' id='word_1_895' title='bbox 3464 5611 3725 5668; x_wconf 72' lang='lat' dir='ltr'><strong>doctrina:</strong></span> <span class='ocrx_word' id='word_1_896' title='bbox 3764 5625 3833 5664; x_wconf 73' lang='lat' dir='ltr'><strong>sa-</strong></span> 
     </span>
    </p>
   </div>
   <div class='ocr_carea' id='block_1_117' title="bbox 2269 5727 3036 5791">
    <p class='ocr_par' dir='ltr' id='par_1_117' title="bbox 2269 5727 3036 5791">
     <span class='ocr_line' id='line_1_117' title="bbox 2269 5727 3036 5791; baseline -0.008 -7"><span class='ocrx_word' id='word_1_897' title='bbox 2269 5730 2432 5784; x_wconf 66' lang='lat' dir='ltr'><strong>ltum.</strong></span> <span class='ocrx_word' id='word_1_898' title='bbox 2461 5742 2639 5791; x_wconf 87' lang='lat' dir='ltr'><strong>supra,</strong></span> <span class='ocrx_word' id='word_1_899' title='bbox 2664 5727 2754 5781; x_wconf 82' lang='lat' dir='ltr'><strong>lib.</strong></span> <span class='ocrx_word' id='word_1_900' title='bbox 2789 5744 2843 5790; x_wconf 87' lang='lat' dir='ltr'><strong>ll,</strong></span> <span class='ocrx_word' id='word_1_901' title='bbox 2873 5742 2918 5779; x_wconf 65' lang='grc' dir='ltr'><strong>(υ.</strong></span> <span class='ocrx_word' id='word_1_902' title='bbox 2951 5727 3036 5780; x_wconf 64' lang='lat'><strong>‘38.</strong></span> 
     </span>
    </p>
   </div>
   <div class='ocr_carea' id='block_1_118' title="bbox 2337 5800 2861 5852">
    <p class='ocr_par' dir='ltr' id='par_1_118' title="bbox 2337 5800 2861 5852">
     <span class='ocr_line' id='line_1_118' title="bbox 2337 5800 2861 5852; baseline -0.002 0"><span class='ocrx_word' id='word_1_903' title='bbox 2337 5801 2355 5829; x_wconf 82' lang='grc'>³</span> <span class='ocrx_word' id='word_1_904' title='bbox 2390 5801 2546 5852; x_wconf 60' lang='lat' dir='ltr'><strong>Deest</strong></span> <span class='ocrx_word' id='word_1_905' title='bbox 2580 5800 2861 5852; x_wconf 67' lang='lat' dir='ltr'><strong>Heraclidi.</strong></span> 
     </span>
    </p>
   </div>
  </div>
