3982 6354
190 227 297 289 357

1468 205 1784 265 PALLADll
1828 201 2186 260 LAUSIACA.

3362 208 3473 266 558

192 340 408 406 muris,
436 351 554 405 qua:
586 335 638 390 in
670 348 736 391 eo
766 348 861 405 per
890 332 1121 403 Spiritus
1147 326 1315 385 sancti
1343 325 1572 396 gratiam
1600 326 1770 379 ahun-
1802 321 1853 380 A
1876 317 2089 381 stinuit;
2123 327 2180 371 ut
2208 315 2361 371 nobis
2389 316 2660 386 patientiae
2704 333 2839 388 suae,
2874 319 3125 386 lenitatis,
3156 329 3211 375 et
3250 322 3473 379 humili-

190 434 355 491 dabat
380 472 396 499 ,
424 430 791 495 conlirmaret,
823 435 877 483 et
904 424 1134 495 qualiter
1160 428 1367 490 posset,
1397 421 1619 489 juvante
1664 419 1770 472 DJ-

191 522 606 594 mino,insidias
631 531 790 591 atque
820 506 1248 589 impugnatiohes
1277 515 1494 584 maligni
1522 514 1772 578 evadere,

191 621 591 685 pramoneret;
635 611 966 682 respondens
1018 611 1206 666 beatus
1255 607 1552 669 Macarius,
1601 602 1772 659 dixit:

190 708 252 764 Si
275 721 404 765 vere
425 705 702 763 desideras
745 718 816 759 ex
849 711 962 758 toto
989 701 1153 757 corde
1176 700 1482 755 renuntiare
1511 696 1635 751 huic
1675 711 1776 749 ste-

190 801 343 869 culo,
383 797 566 864 ﬁliole,
616 790 993 853 et‘adhzerere
1044 793 1275 849 Domino
1321 788 1615 854 Salvatori,
1641 788 1780 842 sicut

194 898 331 955 dicit
359 896 629 966 Propheta
663 894 718 947 in
762 893 1006 962 psalmo:
1034 888 1274 943 Adhaesit
1303 886 1481 939 anima
1511 888 1631 938 inea
1662 888 1781 951 post

198 996 278 1055 te,
310 1001 398 1042 me
424 994 603 1041 autem
632 980 869 1052 suscepit
909 979 1129 1035 dextera
1171 986 1258 1032 tua
1287 975 1460 1047 (Psal.
1492 974 1645 1043 exn).
1677 974 1778 1027 Pa-

197 1087 316 1133 rata
368 1076 509 1131 enim
557 1084 638 1130 est
683 1073 902 1128 dextera
962 1069 1168 1125 Domini
1211 1067 1575 1136 cunlug’entes
1614 1064 1679 1118 ad
1725 1077 1783 1117 se

196 1170 502 1239 suscipere;
530 1175 746 1237 Oportet
774 1173 825 1221 te
850 1164 1159 1220 renuntiare
1187 1161 1312 1217 huic
1340 1161 1558 1225 mundo,
1586 1169 1637 1213 et
1668 1172 1784 1211 0m-

198 1274 299 1316 nes
321 1268 472 1314 actus
493 1258 609 1328 ejus
628 1256 880 1327 abjicere,
906 1257 1044 1313 sicut
1065 1254 1192 1311 dicit
1218 1252 1524 1323 Apostolus,
1544 1251 1784 1306 scribens

197 1350 272 1405 ad
295 1346 902 1405 ColossensestMortui
944 1346 1085 1401 enim
1135 1345 1265 1400 estis
1316 1342 1443 1397 huic
1486 1342 1705 1403 mundo,
1734 1351 1789 1393 et

200 1442 309 1497 vim
338 1448 516 1495 vestra
544 1436 853 1493 abscondita
883 1444 969 1492 est
996 1450 1116 1490 cum
1156 1432 1375 1489 Christo
1398 1433 1451 1486 in
1489 1431 1619 1486 Deo.
1654 1429 1786 1484 Cum

200 1530 348 1586 enim
374 1528 620 1584 Christus
643 1526 948 1598 apparuerit
965 1526 1075 1580 vita
1103 1533 1306 1588 nostra,
1334 1531 1458 1577 tunc
1486 1529 1537 1575 et
1569 1534 1663 1573 vos
1693 1534 1789 1585 ap-

198 1621 461 1692 parebitis
480 1636 598 1675 cum
623 1618 739 1687 ipso
766 1618 819 1672 in
841 1617 1008 1686 gloria
1036 1616 1260 1686 (Coloss.
1292 1613 1395 1685 ιιι).
1421 1613 1546 1668 Bato
1568 1612 1791 1668 audiens

1883 409 2006 464 tatis
2031 410 2293 479 pratheret
2319 411 2643 479 exemplum.
2668 410 2799 466 Nam
2822 413 2866 466 si
2895 412 3149 467 voluisset
3175 415 3469 482 potentiam

1882 517 1991 557 suae
2023 502 2315 571 majestatis
2344 504 2649 572 ostendere,
2672 513 2725 559 et
2769 504 2992 574 injurias
3023 505 3321 575 vindicare,
3349 524 3475 565 om-

1883 612 2004 652 nem
2035 600 2211 653 subito
2249 599 2504 655 mundum
2538 602 2591 655 in
2624 600 2790 656 chaos"
2814 602 3129 671 deduceret,
3154 615 3211 661 et
3238 621 3339 662 nec
3374 623 3472 677 ge-

1883 706 1984 745 nus
2007 691 2303 758 hominum,
2329 708 2426 748 nec
2454 695 2566 761 ipse
2591 695 2777 749 saltem
2799 708 3079 765 appareret
3104 699 3358 766 mundus,
3378 702 3475 757 sed

1883 785 1934 839 in
1972 794 2243 839 momento
2285 785 2462 839 omnia
2509 786 2811 843 interirent.
2858 787 3239 845 Verumtamen
3296 790 3470 846 noluit
3517 814 3526 837 ο

1887 873 2000 927 haec
2028 874 2203 929 facere
2230 874 2603 930 inenarrabilis
2649 875 2847 930 Christi
2882 878 3086 933 Domini
3121 879 3290 949 pietas
3320 880 3477 936 boni-

1888 964 2032 1027 tatis,
2064 964 2153 1033 qui
2183 979 2287 1018 non
2316 964 2380 1018 ad
2426 966 2773 1034 puniendum,
2809 967 2905 1022 sed
2949 968 3014 1022 ad
3042 969 3356 1026 salvandum
3383 986 3480 1028 ve-

1888 1067 2043 1111 nerat
2075 1056 2352 1111 mundum.
2388 1057 2510 1112 ideo
2536 1057 2676 1112 enim
2705 1060 2968 1128 patienter
2999 1063 3175 1117 omnia
3203 1062 3480 1130 sustinuit,

1890 1158 1947 1212 nt
1976 1150 2129 1202 nobis
2160 1148 2404 1217 exempla
2435 1151 2707 1217 patientia:
2734 1159 2785 1205 et
2809 1150 3123 1208 humilitatis
3147 1155 3480 1211 ostenderet.

1896 1238 2047 1295 Unde
2091 1249 2146 1294 ct
2185 1241 2535 1309 sequentibus
2579 1256 2638 1296 se
2688 1240 2963 1311 discipulis
3013 1242 3184 1298 dixit:
3215 1245 3411 1301 Discite
3448 1260 3483 1303 a

1893 1346 1998 1399 me,
2028 1331 2149 1399 quia
2182 1332 2331 1385 mitis
2378 1346 2495 1384 sunt
2527 1339 2581 1385 et
2624 1332 2839 1387 humilis
2887 1334 3050 1389 corde
3070 1374 3086 1400 ,
3117 1342 3172 1389 et
3201 1334 3487 1391 invenietis

1892 1421 2131 1491 requiem
2160 1421 2442 1476 animabus
2473 1423 2667 1477 vestris
2693 1422 2909 1495 (Matth.
2939 1424 3043 1492 χι).
3074 1424 3182 1480 Sed
3215 1434 3269 1481 et
3294 1440 3483 1481 omnes

1892 1529 1921 1567 a
1950 1515 2148 1568 saec-nlo
2176 1516 2344 1570 sancti
2377 1526 2483 1569 tam
2521 1517 2799 1586 propheta:
2829 1532 2986 1585 quam
3014 1517 3263 1587 apostoli,
3288 1534 3484 1588 oppro-

1896 1605 2023 1659 briis
2051 1615 2105 1659 et
2132 1606 2366 1674 injuriis,
2394 1621 2457 1661 ac
2481 1607 2710 1662 diversis
2740 1606 2922 1663 amicti
2947 1610 3245 1679 tormentis,
3269 1625 3485 1681 semper

201 1713 404 1784 iunior,
435 1712 567 1767 dixit
593 1729 606 1769 :
632 1709 820 1777 Crede,
848 1708 998 1773 mihi,
1026 1707 1335 1763 beatissime
1367 1705 1546 1769 Pater,
1580 1704 1701 1774 quia
1732 1713 1786 1758 et
1822 1696 1866 1754 B
1896 1698 2225 1754 immobilem
2256 1702 2509 1756 virtutem
2541 1701 2809 1770 patientite
2852 1710 2906 1757 et
2946 1703 3256 1760 humilitatis
3299 1713 3488 1760 tenue-

200 1815 441 1860 mentem
465 1817 637 1858 meam
665 1801 886 1855 alienavi
916 1800 983 1855 ab
1001 1799 1101 1854 huc
1124 1797 1323 1852 mundo
1363 1806 1417 1850 et
1448 1798 1515 1848 ab
1538 1795 1789 1849 omnibus

204 1911 329 1966 qua:
360 1896 412 1949 in
457 1909 522 1949 eo
549 1901 693 1960 sunt,
726 1900 781 1945 ut
826 1890 936 1961 jam
969 1901 1216 1958 tanquam
1249 1894 1491 1942 mortuus
1518 1885 1704 1956 degant
1739 1888 1790 1939 in

204 1989 367 2057 hujus
406 1986 658 2055 tempnris
684 1982 809 2037 vita.
863 1982 1099 2052 Cognovi
1129 1980 1272 2035 enim
1304 1979 1555 2048 quoniam
1587 1989 1792 2045 tempo-

204 2079 337 2134 ralia
358 2088 412 2133 et
437 2076 741 2132 transitoria
762 2082 925 2142 atque
944 2071 1306 2141 corruptibilia
1327 2078 1454 2125 sunt
1472 2069 1650 2124 omnia
1674 2083 1794 2139 quae

202 2172 264 2226 in
293 2170 396 2225 hoc
425 2166 623 2223 mundo
649 2166 899 2220 videntur
927 2178 1047 2220 esse
1077 2163 1240 2218 bona.
1286 2162 1438 2217 Tunc
1476 2161 1606 2217 dicit
1634 2163 1682 2216 ci
1710 2176 1795 2216 se-

205 2261 333 2317 nior
358 2277 371 2313 :
397 2259 535 2315 Audi
564 2273 673 2326 me,
700 2256 795 2320 tili,
824 2264 878 2309 et
905 2254 1040 2309 vade
1067 2254 1135 2309 ad
1164 2253 1409 2323 sepulcra
1439 2261 1793 2316 mortuorum,

206 2364 269 2410 et
295 2350 701 2424 quamplurimis
725 2347 954 2418 injuriis,
977 2346 1157 2402 multis
1185 2344 1467 2410 conviciis,
1491 2358 1553 2398 ac
1573 2342 1798 2397 maledi-

208 2443 314 2500 ctis
356 2445 520 2498 etiam
559 2450 612 2497 et
642 2439 911 2509 lapidibus
952 2452 1045 2492 eos
1091 2434 1385 2501 detestare,
1417 2443 1478 2489 ut
1523 2433 1799 2504 provocati

208 2537 490 2592 irritentur
514 2534 767 2590 adversus
789 2542 860 2586 te.
894 2529 988 2585 llis
1017 2528 1235 2591 auditis,
1261 2527 1440 2596 jnuior
1469 2526 1646 2580 statim
1675 2539 1799 2594 per—

208 2628 357 2683 rexit
382 2626 452 2681 ad
480 2632 827 2680 monumenta
850 2631 1207 2676 mortuorum.
1232 2620 1473 2688 Cumque
1503 2618 1799 2674 secundum

209 2728 540 2789 praeceptum
583 2718 721 2772 beati
750 2715 979 2771 senioris
1009 2712 1191 2767 multis
1217 2727 1334 2779 eos,
1355 2720 1415 2764 ut
1445 2710 1682 2780 putabat,
1714 2710 1800 2764 in-

211 2811 373 2881 juriis
400 2809 683 2873 aﬂecisset,
708 2820 955 2862 reversus
975 2800 1040 2858 ad
1062 2813 1305 2857 sanctum
1338 2801 1649 2866 Macarium,
1672 2800 1805 2854 dixit

212 2902 265 2957 ci
294 2901 439 2972 quod
470 2900 687 2955 fecerat.
723 2896 1177 2967 Interrogavitque
1206 2911 1328 2950 eum
1356 2894 1556 2959 senior,
1591 2895 1634 2949 si
1668 2893 1798 2947 nihil

214 2994 265 3046 ci
299 2991 708 3061 respondissent
748 2989 822 3043 illi
865 2987 1094 3041 mortui?
1148 2988 1211 3041 Et
1257 2988 1608 3055 respondens,
1631 2985 1798 3039 dixit:

215 3083 363 3139 Nihil
403 3083 615 3153 penitus
660 3082 933 3149 dixerunt,
964 3079 1198 3140 domine.
1246 3080 1437 3134 lterum
1466 3087 1641 3133 autem
1671 3093 1805 3146 prce-
1834 3061 1880 3125 C

217 3176 368 3243 cepit
394 3173 469 3240 ei,
494 3172 679 3228 dicens
702 3171 905 3241 :Perge
930 3170 1167 3226 crastino
1186 3170 1296 3237 die,
1322 3178 1377 3225 et
1402 3170 1580 3225 multis
1608 3184 1804 3239 praeco-

217 3268 325 3321 niis
353 3264 597 3321 collauda
639 3273 693 3319 et
719 3262 958 3334 gloriﬁca
982 3277 1097 3319 eos.
1129 3263 1274 3317 Abiit
1321 3263 1511 3316 iterum
1543 3262 1708 3317 frater
1738 3261 1803 3315 ad

218 3358 470 3428 sepulcra
495 3365 853 3423 mortuorum,
869 3356 1102 3424 etcmpit
1121 3355 1361 3421 laudare,
1390 3354 1804 3425 honoriﬁcisque

221 3448 567 3504 sermonibus
594 3447 899 3519 gloriﬁcare
938 3462 1052 3512 eos,
1084 3447 1306 3502 dicens:
1334 3447 1437 3501 Vos
1470 3447 1644 3517 magni
1676 3448 1807 3502 estis
1838 3444 1845 3451 ’

220 3549 282 3593 et
303 3538 497 3605 sancti,
515 3549 570 3594 et
589 3539 790 3595 similes
811 3538 1121 3609 apostolicis
1146 3537 1297 3602 vit-is,
1315 3546 1370 3593 et
1386 3538 1589 3607 justitia
1617 3552 1805 3607 magna

222 3630 282 3686 iu
313 3630 465 3686 vobis
492 3641 595 3687 est.
635 3630 706 3686 Et
740 3630 872 3685 alias
916 3630 1331 3699 quamplurimas
1363 3630 1549 3684 laudes
1589 3645 1709 3682 cum
1739 3629 1804 3683 ad

220 3737 322 3778 eos
347 3723 595 3787 dixisset,
624 3737 873 3778 reversus
892 3722 959 3775 ad
986 3723 1176 3777 cellam
1201 3763 1214 3787 ,
1246 3721 1381 3776 dixit
1417 3722 1613 3778 seniori
1640 3724 1809 3777 :Ecce

227 3812 522 3869 secundum
569 3821 889 3882 praeceptum
933 3821 1099 3877 tuum,
1130 3812 1346 3867 domine
1383 3813 1560 3879 Pater,
1597 3812 1807 3867 laudavi

225 3913 285 3959 et
314 3902 605 3974 gloriﬁcavi
629 3904 747 3958 illos
770 3912 1031 3972 mortuos,
1049 3910 1104 3958 et
1126 3902 1258 3957 nihil
1283 3904 1409 3958 mihi
1438 3905 1645 3972 penitus
1666 3904 1811 3958 dixe-

226 4006 373 4049 runt.
399 3995 551 4050 Tunc
571 3995 706 4050 dixit
731 3995 782 4050 ei
802 4006 1018 4050 sanctus
1047 3994 1310 4050 Macarius
1335 4011 1349 4047 :
1375 3994 1690 4061 Considera,
1716 3996 1807 4063 lili,

226 4088 483 4158 quoniam
514 4090 650 4145 sicut
670 4089 879 4158 injuriis
903 4097 958 4144 et
976 4088 1316 4144 contumeliis
1339 4089 1671 4157 cxprohrasti
1696 4090 1813 4143 illus

227 4192 494 4247 mortuos,
525 4192 578 4237 et
608 4182 739 4237 nihil
773 4181 867 4237 tibi
918 4180 1085 4235 locuti
1115 4189 1269 4245 sunt;
1303 4181 1375 4235 ita
1411 4195 1537 4249 ergo
1578 4190 1631 4234 et
1671 4189 1725 4234 tu
1769 4181 1812 4235 si

233 4277 319 4332 vis
345 4276 524 4330 salvus
547 4289 668 4330 esse
704 4281 761 4329 et
785 4275 838 4329 in
868 4281 1054 4328 sancto
1086 4274 1358 4342 proposito
1384 4272 1596 4339 placere
1623 4272 1814 4328 Salva-

230 4368 337 4423 tori
370 4356 575 4433 nostro,
605 4367 816 4422 imitare
846 4366 1020 4436 ipsum
1055 4367 1334 4420 Dominum
1368 4366 1809 4435 Snlvatoremque

1900 1801 2044 1857 runt,
2077 1804 2130 1847 et
2175 1808 2510 1864 nequaquam
2544 1794 2789 1849 humanis
2820 1795 3066 1851 laudibus
3097 1807 3220 1851 sunt
3248 1796 3461 1868 decepti

1894 1881 2227 1952 Respuentes
2275 1900 2504 1955 namque
2530 1886 2708 1941 inanis
2733 1887 2919 1956 gloria:
2951 1889 3227 1957 praesentis
3248 1889 3371 1944 vitte
3398 1905 3487 1944 va~

1893 1992 1993 2032 nos
2039 1993 2323 2045 rumores,
2372 1979 2515 2034 illam
2572 1980 2743 2034 solam
2799 1980 3074 2037 ccelestem
3124 1989 3488 2053 aeternamque

1897 2069 2119 2139 gloriam
2150 2070 2539 2140 concupiscunt
2567 2071 2657 2141 qui
2681 2070 2894 2126 Christo
2921 2072 3131 2141 placere
3155 2072 3483 2138 desiderant,

1898 2177 2016 2231 quae
2047 2176 2110 2216 ex
2136 2161 2244 2216 Deo
2275 2171 2377 2229 est,
2401 2170 2455 2217 et
2484 2174 2761 2232 permanet
2785 2163 2838 2217 in
2867 2171 3125 2218 aeternum
3160 2179 3172 2217 :
3197 2164 3352 2233 cujus
3371 2166 3487 2219 cla-

1899 2252 2073 2307 ritatis
2101 2252 2445 2322 splendorem
2484 2252 2629 2307 nulla
2661 2253 2889 2307 humana
2918 2253 3094 2323 lingua
3126 2263 3303 2324 potest
3322 2270 3489 2325 expo-

1898 2363 2051 2403 nere.
2082 2348 2208 2403 litec
2231 2363 2358 2417 ergo
2378 2350 2622 2417 exempla
2655 2348 2923 2417 patientiae
2952 2338 3006 2402 et
3029 2348 3339 2404 humilitatis
3360 2363 3489 2405 con-

1900 2439 2186 2503 sidcrans,
2230 2439 2436 2505 filiole,
2489 2439 2535 2493 si
2590 2439 2805 2509 quando
2859 2439 3104 2509 irrogata:
3156 2439 3248 2494 tibi
3296 2440 3489 2494 fuerint

1902 2529 2129 2599 injuriae,
2162 2528 2451 2585 fortissime
2497 2530 2747 2585 virtutem
2796 2529 3064 2598 patientia:
3094 2539 3149 2585 et
3180 2529 3491 2585 humilitatis

1903 2624 2132 2689 custodi,
2175 2624 2389 2677 imitans
2435 2624 2753 2693 Prophetam
2784 2664 2798 2688 ,
2830 2623 2921 2689 qui
2953 2622 3084 2676 dixit
3117 2640 3129 2676 :
3157 2624 3266 2693 Ego
3311 2632 3491 2679 autem

1907 2727 2153 2793 tanquam
2199 2720 2390 2774 surdus
2422 2734 2526 2773 non
2560 2718 2862 2780 audiebam,
2891 2726 2946 2772 et
2974 2718 3115 2771 sient
3161 2727 3339 2772 mutus
3384 2732 3491 2771 non

1904 2812 2153 2880 aperiens
2202 2825 2264 2864 os
2311 2824 2502 2873 suum;
2535 2817 2587 2863 et
2619 2808 2790 2863 factus
2839 2822 2955 2862 sum
3005 2807 3143 2860 sicut
3187 2807 3347 2861 humo
3385 2821 3492 2863 non

1908 2902 2149 2966 audiens,
2176 2909 2231 2956 et
2257 2918 2359 2955 nun
2386 2901 2586 2955 habens
2615 2902 2671 2955 in
2692 2914 2785 2954 ore
2812 2914 2909 2953 suo
2939 2898 3335 2968 redargutioues
3365 2896 3491 2970 (Ps.

1910 2993 2139 3064 xxxvii).
2187 2993 2337 3057 Quod
2368 3001 2515 3047 certe
2545 2992 2611 3045 ad
2654 2991 3105 3046 commonendum
3146 3005 3362 3045 sensum
3401 3005 3494 3045 no~

1911 3094 2080 3142 strum
2124 3086 2359 3155 quotidie
2405 3085 2459 3140 in
2505 3084 2693 3156 synaxi
2743 3084 3004 3154 psallitur.
3040 3082 3183 3140 Cave
3209 3083 3392 3149 etiam,
3425 3100 3495 3139 ne

1909 3193 2038 3232 vana
2068 3177 2236 3248 gloria
2279 3176 2541 3246 laudeque
2571 3177 2842 3232 hominum
2872 3177 3183 3243 delecteris,
3217 3186 3271 3232 et
3303 3176 3498 3245 perdas

1909 3272 2085 3326 omnia
2116 3287 2235 3341 qua:
2267 3271 2558 3326 laborando
2584 3272 2635 3325 in
2669 3270 2823 3326 bonis
2869 3270 3119 3340 operibus
3157 3271 3496 3339 acquisieris,

1909 3361 2216 3429 fructuSque
2231 3359 2421 3430 jejunii
2442 3369 2495 3416 et
2523 3359 2857 3415 abstinentiae
2882 3368 3004 3423 tua),
3023 3359 3423 3428 vigiliarumque
3444 3367 3499 3414 et

1907 3454 2209 3508 orationum
2240 3453 2541 3510 mercedem
2573 3452 2626 3507 in
2652 3465 2851 3508 aeterna
2880 3453 2987 3507 vita
3015 3467 3121 3506 non
3147 3452 3499 3521 consequaris

1908 3562 1937 3601 ιι
1966 3546 2213 3612 Domino,
2242 3545 2364 3616 quia
2414 3545 2530 3615 ipse
2573 3545 2708 3599 dixit
2752 3545 2803 3599 in
2854 3544 3140 3611 Evangelio
3186 3545 3252 3597 de
3281 3545 3360 3599 eis
3401 3544 3492 3613 qui

1910 3638 2093 3693 laudes
2143 3637 2417 3691 hominum
2468 3636 2947 3706 quterunt:Amen
2991 3636 3109 3690 dico
3155 3636 3343 3702 vobis,
3376 3634 3497 3703 quia

1911 3739 2227 3801 receperunt
2252 3730 2551 3785 mercedem
2573 3744 2722 3783 suam
2741 3727 2961 3798 (Matth.
2983 3727 3077 3795 vt).
3108 3727 3172 3781 Et
3202 3727 3301 3780 alia
3331 3725 3499 3779 multa

1912 3830 2055 3887 sunt,
2088 3836 2207 3891 qutc
2238 3820 2306 3875 de
2343 3819 2575 3873 cavenda
2615 3832 2748 3872 vana
2779 3817 2944 3889 gloria
2982 3827 3178 3870 sancta:
3209 3817 3503 3885 Scriptura:

1913 3914 2204 3969 admonere
2235 3928 2338 3967 non
2365 3920 2597 3967 cessant.
2631 3911 2773 3967 Cave
2804 3926 2951 3983 ergo,
2978 3925 3012 3964 ο
3040 3910 3130 3974 tili,
3156 3920 3210 3965 et
3232 3926 3402 3979 neque
3431 3909 3498 3963 ad

1914 4007 2171 4072 irrogatas
2219 4003 2441 4069 injurias
2496 4000 2809 4057 exardescat
2867 4002 2917 4055 in
2967 4000 3236 4055 iracundia
3286 4000 3503 4054 animus

1923 4106 2064 4149 tuus.
2100 4094 2166 4148 Et
2188 4093 2233 4149 si
2262 4093 2537 4147 incitatum
2567 4092 2723 4147 fuerit
2751 4107 2844 4148 cor
2869 4100 3037 4156 tuum,
3067 4091 3181 4161 ipse
3211 4099 3388 4146 tamen
3415 4090 3497 4145 di-

1916 4185 2099 4241 stricte
2121 4186 2173 4240 in
2202 4185 2389 4241 timore
2414 4184 2622 4239 Domini
2649 4182 2854 4239 refrena
2880 4184 2947 4237 ab
2971 4182 3238 4236 iracundia
3261 4180 3501 4233 animum

1923 4290 2112 4347 tuum,
2143 4288 2202 4335 ut
2249 4279 2420 4346 possis
2467 4278 2719 4332 virtutem
2765 4276 3073 4330 humilitatis
3126 4288 3187 4328 ac
3237 4272 3503 4341 patientia:

1920 4373 2209 4428 custodire.
2233 4372 2297 4425 Et
2327 4379 2453 4426 tunc
2475 4372 2737 4425 veraciter
2757 4369 2996 4424 ostendis
3024 4367 3163 4435 quod
3191 4364 3504 4433 prtunisiSti,

231 4468 510 4521 nostrum,
556 4458 694 4513 sic-ut
738 4458 865 4512 dicit
915 4459 1101 4513 beatus
1160 4456 1392 4513 Joannes
1444 4432 1801 4524 aposmlus—ct

1921 4464 2127 4530 dicens,
2158 4463 2277 4532 quia
2310 4473 2558 4532 tanquam
2587 4471 2829 4516 mortuus
2871 4461 3033 4529 degas
3064 4459 3116 4511 in
3149 4458 3251 4510 hoc
3278 4454 3499 4520 mundo.

228 4548 561 4617 evangelista
587 4565 601 4601 :
626 4548 725 4614 Qui
767 4548 900 4602 dicit
941 4563 1000 4602 se
1042 4549 1093 4602 in
1136 4548 1348 4601 (‘hristo
1393 4563 1629 4615 manere,
1660 4547 1818 4602 debet

232 4639 683 4707 quemadmodum
748 4639 836 4694 ille
893 4639 1185 4693 ambulavit
1226 4648 1302 4694 et
1361 4639 1477 4707 ipse
1541 4640 1819 4695 ambulare

232 4731 287 4798 (ι
334 4729 489 4785 Joan.
519 4731 598 4801 ιι).
630 4730 780 4786 Unde
824 4739 881 4786 et
905 4732 958 4787 in
992 4730 1279 4800 Evangelio
1310 4730 1522 4800 quidem
1567 4731 1815 4802 legimus,

232 4825 490 4896 quoniam
520 4824 620 4892 ipsi
653 4822 993 4893 perlidissimi
1035 4831 1233 4877 nostra:
1265 4822 1387 4878 fidei
1418 4823 1595 4878 tumuli
1625 4823 1816 4886 Judmi,

237 4915 439 4971 multas
462 4914 705 4984 injurias,
728 4913 1013 4984 instigante
1043 4914 1259 4969 humani
1287 4915 1500 4984 generis
1533 4914 1687 4969 hoste
1715 4914 1822 4967 dia—

236 5008 392 5073 bolo,
418 5008 472 5063 in
506 5007 792 5063 Dominum
840 5017 1086 5069 nostrum
1115 5006 1298 5061 Jesum
1328 5005 1600 5062 Christum
1634 5007 1818 5063 Salva.

237 5108 415 5156 torem
445 5099 710 5164 dixerunt,
734 5101 895 5171 991
936 5100 1327 5157 Samaritanum
1370 5114 1511 5165 esse,
1543 5109 1599 5155 et
1629 5102 1825 5155 daemo-

238 5193 388 5248 nium
420 5192 724 5259 habentem,
756 5194 890 5249 etin
920 5194 1220 5250 Beelzebub
1250 5196 1492 5263 principe
1525 5197 1823 5253 daemonio-

236 5299 363 5341 rum
385 5284 685 5353 ejicientem
732 5285 1029 5352 datmonia;
1060 5302 1181 5341 nam
1232 5296 1287 5343 et
1322 5289 1660 5343 seductorem
1701 5306 1821 5344 eum

236 5375 361 5431 ausi
400 5385 525 5430 sunt
553 5376 735 5432 dicere
761 5394 773 5430 :
799 5386 854 5433 et
886 5378 997 5433 hate
1033 5379 1212 5433 omnia
1248 5382 1508 5449 patienter
1544 5383 1657 5451 ipse
1702 5383 1822 5454 pius

237 5466 503 5523 Dominus
528 5476 710 5525 noster
737 5467 893 5525 Iesus
921 5469 1166 5524 Christus
1184 5472 1327 5537 cteli,
1354 5481 1530 5537 terrae,
1555 5485 1609 5527 ct
1639 5477 1821 5541 maris,

238 5558 486 5615 omnium
530 5575 743 5632 quoque
768 5576 952 5618 eorum
981 5578 1099 5633 qum
1126 5565 1179 5619 in
1212 5565 1292 5620 eis
1319 5576 1439 5619 sunt
1473 5577 1702 5635 creator,
1736 5584 1824 5624 su-

220 5724 235 5741 ,
313 5676 334 5709 ¹
366 5673 530 5731 DeeSt
562 5676 850 5733 Heraclidi.
1322 5700 1353 5727 si
1640 5690 1681 5749 ut,

1924 4558 1967 4611 si
2000 4557 2125 4611 nihil
2160 4555 2521 4610 turbulentum
2556 4554 2882 4623 respondeas
2911 4550 3008 4615 eis,
3039 4550 3127 4619 qni
3157 4548 3246 4601 tibi
3285 4546 3505 4615 injurias

1923 4650 2187 4717 irrogant;
2219 4647 2358 4701 sicut
2405 4661 2503 4702 nec
2554 4644 2630 4698 illi
2666 4645 2733 4699 de
2775 4642 3136 4698 monumentis
3186 4636 3420 4704 mortui,
3452 4638 3506 4691 in

1923 4755 2057 4810 quos
2089 4739 2282 4795 multas
2312 4737 2530 4808 injurias
2560 4747 2616 4793 et
2655 4735 2901 4792 convicia
2928 4732 3136 4795 dixisti,
3168 4742 3220 4785 ct
3250 4729 3380 4784 nihil
3411 4730 3506 4784 tibi

1926 4833 2136 4902 penitus
2198 4832 2608 4902 responderunt.
2672 4830 2902 4899 ldcoque
2941 4834 3151 4896 Oportet
3195 4833 3250 4879 ut
3300 4822 3508 4879 fortiter

1922 4905 2288 4980 custodiamus
2317 4925 2567 4978 virtutem
2616 4918 2931 4975 humilitatis
2960 4933 3020 4971 ac
3059 4916 3346 4986 patientiae,
3373 4929 3509 4986 qua-

1927 5028 2076 5073 tenus
2110 5019 2374 5087 possimus
2420 5016 2483 5070 ad
2532 5014 2771 5070 coelestia
2814 5011 3026 5081 praemia
3075 5017 3128 5064 ct
3169 5008 3233 5063 ad
3289 5016 3510 5065 atternte

1930 5111 2050 5163 vitae
2079 5108 2297 5178 gloriam
2334 5108 2634 5176 pervenire,
2657 5106 2793 5158 sicut
2822 5103 2949 5157 dicit
2980 5102 3030 5155 in
3057 5100 3371 5173 Apocalypsi
3407 5101 3509 5155 Do-

1931 5200 2107 5251 minus
2132 5214 2147 5251 :
2175 5197 2321 5250 Tene
2348 5196 2488 5265 quod
2533 5195 2715 5261 habes,
2750 5209 2814 5247 ne
2841 5193 2975 5247 alius
3005 5194 3226 5263 accipiat
3254 5206 3506 5246 coronam

1932 5296 2073 5340 tuam
2100 5287 2283 5358 (Apoc.
2316 5286 2415 5353 ιιι).

2002 5379 2227 5434 Sanctus
2257 5379 2421 5433 abbas
2450 5377 2709 5432 Macarius
2754 5376 3126 5431 commonebat
3166 5389 3309 5440 smpe
3338 5373 3505 5429 disci-

1935 5473 2087 5542 puios
2138 5486 2284 5536 suos,
2332 5480 2385 5525 ct
2432 5471 2657 5524 docebat
2705 5486 2817 5536 cos,
2878 5470 3060 5523 dicens
3093 5468 3109 5499 ²
3145 5485 3157 5521 :
3192 5467 3506 5521 Mementote

1933 5580 2145 5635 semper
2190 5564 2310 5632 quia
2352 5574 2476 5632 ante
2504 5571 2847 5632 COliSpCClUlll
2882 5561 3091 5617 Domini
3120 5557 3501 5628 omnipotentis
