3982 6354
542 295 656 359 889

1662 282 2005 342 APPENDIX
2049 283 2142 339 AD
2185 280 2381 338 VITAS
2418 274 2724 338 PATRUM.

3690 282 3779 356 56c

540 407 943 470 conversamini
966 449 982 475 ,
1012 406 1101 476 qui
1133 403 1392 477 prospicit
1420 402 1657 458 omnium
1689 402 1963 455 hominum
1991 400 2134 470 cogi.
2162 404 2211 461 Α
2238 408 2328 453 cut
2371 398 2642 454 referebat
2674 400 2810 464 ipse,
2840 393 2963 466 quia
2991 394 3231 467 gaudens
3269 395 3479 467 quidem
3524 400 3780 470 apprehen-

546 507 802 567 tationes,
835 508 891 555 et
918 500 1246 567 singulorum
1277 496 1437 550 corda
1466 503 1753 547 scrutatur.
1787 492 1937 556 Quod
1968 491 2126 543 etiam

543 605 599 652 et
641 605 841 649 sancta:
882 593 1172 660 Scriptura:
1213 596 1493 645 testantur.
1538 597 1588 639 et
1622 585 1913 649 Apostolus
1951 582 2128 646 docet,

543 694 600 741 et
642 685 814 740 dicit:
854 684 1019 735 Vivus
1062 692 1141 734 est
1192 679 1335 732 enim
1380 693 1555 729 sermo
1597 675 1689 728 Dei
1732 682 1786 728 et
1829 674 2040 735 t-flicax,
2080 683 2132 725 et

547 779 758 832 acutior
788 777 933 828 omni
964 774 1139 841 g'adto
1164 771 1402 835 ancipiti,
1436 781 1489 821 et
1519 769 1827 836 perlituens
1857 780 2024 833 usque
2065 763 2130 815 ad

550 884 744 922 annua:
790 865 1106 918 divisionem
1138 878 1202 914 ac
1231 860 1468 927 spiritus,
1502 873 1814 923 t'tilllpagtttll
1840 869 2051 922 quoque
2080 860 2135 905 et

549 958 924 1016 medullarum,
970 956 1228 1007 discretor
1268 950 1646 1017 Cogitationnm
1691 958 1744 999 et
1777 946 2132 997 intentiouum

547 1047 762 1108 cordis;
797 1053 850 1098 et
903 1060 1003 1096 non
1046 1050 1128 1094 est
1169 1041 1270 1091 ulla
1319 1050 1562 1091 creatura
1604 1034 1882 1088 invisibilis
1916 1037 1962 1084 in
1992 1050 2120 1086 cou-

548 1148 731 1207 spet-tn
763 1139 917 1207 ejus;
970 1135 1147 1188 omnia
1177 1142 1352 1186 autem
1386 1131 1524 1183 nuda
1556 1140 1609 1183 et
1638 1141 1817 1196 aperta
1851 1137 1975 1179 sunt
2005 1143 2135 1180 ocu-

551 1232 619 1286 lis
648 1233 764 1300 ejus
810 1228 992 1299 (Hebr.
1021 1236 1119 1290 tv).
1162 1225 1394 1292 Ideoque
1422 1225 1465 1275 si
1494 1237 1610 1285 nos,
1646 1222 1860 1280 fratres.
1895 1225 2138 1287 pulsave-

552 1324 624 1375 rit
653 1319 932 1375 delectatio
956 1320 1154 1378 carnis,
1187 1325 1239 1369 et
1269 1314 1700 1381 cnncupiscentia
1742 1310 2129 1372 fornicationis,

555 1410 870 1465 festinemus
901 1407 1162 1477 repellere
1194 1416 1247 1457 ct
1274 1404 1503 1473 subjicere
1534 1403 1601 1456 de
1622 1402 1783 1456 corde
1813 1415 1996 1456 nostro
2019 1418 2137 1454 sor-

552 1502 885 1555 didissimam
947 1507 1002 1553 et
1052 1498 1334 1565 pessimam
1376 1493 1777 1564 cogitatooetn,
1828 1496 2136 1547 invocantes

552 1592 907 1647 ittteutissiine
939 1588 1265 1658 adiutorium
1313 1586 1519 1639 Domini
1566 1588 1730 1637 nostri
1770 1582 1895 1637 Jesu
1936 1584 2134 1637 Chriin

552 1682 606 1736 in
650 1680 978 1734 orationibus
1008 1694 1070 1731 ac
1107 1677 1343 1745 jejuniis,
1394 1684 1451 1728 ut
1481 1679 1674 1755 virtute
1727 1676 1976 1743 potentiae
2023 1690 2135 1729 sine

2247 493 2436 546 debam
2468 493 2700 557 amplius
2736 492 2804 544 de
2850 490 3151 559 fragmento
3201 490 3369 555 panis.
3421 490 3513 545 sed
3544 508 3642 545 non
3682 510 3780 561 per.

2247 586 2500 638 Inittebar
2530 584 2787 648 eximere,
2825 598 2919 650 pro
2940 597 3006 637 eo
3046 584 3184 649 quod
3212 582 3486 650 angustius
3508 592 3647 636 esset
3667 582 3783 639 fora-

2244 692 2364 728 men
2396 678 2633 744 lugente;
2676 690 2843 742 usque
2872 677 3011 726 enini
3040 676 3106 728 ad
3136 683 3243 727 tres
3275 690 3441 727 annos
3469 673 3598 727 hanc
3625 675 3775 733 ltaliuit

2237 767 2636 830 abstinentiam,
2672 776 2901 831 quatuor
2929 773 3020 817 ant
3040 765 3271 833 quinque
3301 765 3485 817 uncias
3511 765 3775 836 comedens,

2240 858 2568 909 ιςιιιιιι.ι.ι1ιιιιι
2601 869 2650 907 ιιι
2679 872 2869 925 aquam
2909 856 3114 908 bibens.
3157 855 3319 925 992
3352 856 3481 907 Nam
3511 871 3657 909 unum
3683 872 3778 911 sex-

2240 950 2432 1001 tarium
2475 949 2575 1000 olei
2613 957 2779 999 totum
2804 963 3000 1000 annum
3035 950 3391 1014 expendehat.

2312 1039 2501 1091 lterum
2544 1040 2646 1092 alia
2696 1040 2809 1105 ejus
2866 1039 3169 1090 olisi‘rvatiu
3217 1039 3339 1090 talis
3395 1037 3532 1091 fuit:
3568 1038 3772 1093 Decrevit

2237 1146 2492 1200 superare
2533 1148 2803 1195 somnum,
2835 1141 2911 1193 et,
2937 1132 3074 1183 sicut
3118 1130 3404 1194 referebat,
3452 1146 3551 1183 ﬂOll
3597 1132 3773 1186 intravit

2238 1224 2336 1276 sub
2365 1234 2557 1276 tcctntn
2592 1237 2761 1288 usque
2804 1222 2870 1274 ad
2903 1222 3083 1290 viginti
3134 1221 3272 1283 dies,
3303 1231 3357 1272 ut
3396 1222 3624 1275 vinceret
3656 1236 3771 1274 som-

2240 1332 2388 1369 num.
2423 1315 2493 1367 Ita
2518 1314 2681 1367 nimio
2711 1315 2924 1381 quidem
2957 1320 3089 1365 aestu
3123 1312 3378 1366 urebatur
3402 1327 3496 1380 per
3519 1313 3667 1375 diem,
3708 1326 3779 1379 per

2240 1418 2452 1459 noctem
2505 1413 2681 1457 autem
2733 1402 3197 1472 constringebatur
3242 1400 3778 1469 irigore,et(utdtce-

2242 1495 2353 1563 bat)
2382 1496 2481 1547 nisi
2514 1495 2749 1548 velocius
2774 1491 3044 1561 ingressus
3065 1493 3164 1545 sub
3187 1502 3381 1545 tectum
3412 1492 3641 1556 fui~sem,
3665 1506 3778 1545 som-

2246 1601 2477 1652 numque
2516 1585 2803 1653 cepissem,
2847 1586 2916 1636 ita
2950 1584 3079 1637 mihi
3105 1583 3373 1637 easiccatu
3399 1602 3428 1633 ιι
3465 1583 3637 1636 fuisset
3661 1597 3775 1637 cere.

2245 1678 2420 1743 brum,
2466 1686 2521 1730 ut
2566 1691 2703 1744 pene
2753 1691 2817 1728 (ι
2854 1690 3032 1730 essum
3083 1686 3294 1744 paterer
3343 1672 3557 1727 mentis.
3613 1673 3777 1738 Quanto

516 1773 741 1840 ,etipiat
785 1787 905 1833 nos,
958 1782 1010 1821 et
1043 1776 1305 1836 protegat,
1358 1779 1411 1821 et
1458 1774 1702 1821 conterat
1747 1765 1998 1820 Silanam
2040 1767 2141 1820 sub
2181 1766 2214 1820 li
2249 1785 2378 1839 ergo
2410 1784 2516 1833 me,
2566 1767 2756 1837 inquit.
2792 1768 2913 1832 vici,
2960 1776 3109 1821 tanto
3137 1767 3201 1821 ad
3233 1779 3442 1821 natura:
3471 1769 3776 1822 necessarium

557 1865 780 1933 pedibus
826 1866 1045 1915 nostris.
1076 1864 1299 1925 oportet
1326 1872 1455 1927 ergo
1486 1866 1542 1910 ut
1580 1858 1741 1911 etiam
1773 1858 2132 1925 IIOsIIIeliIEStiS

552 1955 865 2027 paenitendo
920 1963 973 2008 et
1026 1969 1055 2007 a
1110 1952 1344 2023 peccatis
1392 1954 1708 2008 abstinendo
1755 1954 2133 2023 corripiantus,

553 2048 900 2114 dicamusque
932 2045 998 2099 ad
1030 2046 1262 2099 animam
1292 2055 1527 2098 nostram
1562 2061 1576 2098 :
1604 2046 1863 2112 Quoniam
1899 2047 2133 2099 delecta-

559 2142 634 2194 tio
670 2139 887 2209 quidem
918 2140 1179 2208 corporis,
1232 2154 1346 2207 qu:e
1372 2150 1420 2191 te
1450 2142 1589 2191 male
1622 2139 1869 2202 oblectat,
1924 2139 1988 2191 ad
2019 2156 2136 2193 mo-

557 2230 734 2285 dicum
769 2242 975 2298 tempus
1005 2242 1119 2294 est;
1152 2246 1271 2283 natu
1299 2237 1559 2283 tormenta
1587 2242 1639 2284 et
1660 2231 1923 2283 cruciatus
1944 2231 2137 2284 anima:

556 2328 611 2374 ct
638 2321 877 2389 corporis
901 2319 951 2372 in
988 2322 1105 2389 igne
1128 2328 1328 2373 a-tcrnu
1352 2321 1607 2389 gehenna:
1630 2323 1680 2373 in
1714 2332 1992 2389 perpetuas
2020 2337 2139 2389 per-

558 2421 775 2463 manent
830 2425 1034 2479 preuas.
1097 2410 1229 2463 Illud
1288 2411 1448 2464 etiam
1505 2411 1853 2465 adtttuuctttes
1904 2415 2135 2465 animam

557 2514 819 2562 nostram,
861 2500 1096 2554 dicamus
1124 2502 1211 2554 :Si
1257 2515 1304 2555 ei
1324 2502 1531 2556 ubescis
1564 2503 1806 2556 hOmines
1835 2503 2036 2556 simles
2065 2503 2139 2557 tui

558 2598 889 2658 peccatores,
938 2607 1004 2645 ne
1028 2593 1238 2645 videant
1265 2604 1315 2645 te
1340 2602 1669 2659 peccantem,
1702 2608 1867 2659 quate
1893 2608 1997 2646 non
2029 2609 2142 2645 tua-

555 2685 635 2751 gis
666 2684 895 2737 revereri
929 2695 982 2737 et
1015 2684 1201 2737 timere
1240 2684 1404 2738 debes
1444 2683 1779 2752 maiestatem
1827 2684 1917 2739 Dei
1964 2683 2140 2738 omni-

562 2777 815 2840 p0tentis,
866 2778 951 2843 qui
999 2772 1235 2828 omnium
1280 2785 1485 2830 secreta
1533 2778 1772 2829 cordium
1813 2777 2139 2843 considerat,

557 2869 696 2921 sicut
718 2877 771 2922 et
800 2870 1089 2935 Apostolus
1136 2872 1245 2922 ait:
1280 2869 1466 2924 Umnia
1514 2870 1653 2921 nuda
1694 2880 1747 2922 et
1791 2880 1974 2936 aperta
2016 2882 2141 2924 sunt

560 2958 730 3015 oculis
759 2961 876 3029 ejus
911 2959 1097 3030 (Hebr.
1147 2977 1197 3016 iv
1225 2963 1266 3031 ).
1315 2962 1532 3015 Talibus
1576 2977 1703 3031 ergo
1733 2963 2144 3031 cogitationibus

561 3053 607 3106 si
639 3054 974 3120 increpamus
1019 3053 1396 3121 nosmetipsos,
1442 3054 1695 3107 continuo
1728 3055 1886 3108 timor
1930 3055 2138 3109 Domini

2242 1861 2570 1930 requirentis
2593 1876 2838 1915 somnum
2870 1861 3031 1916 cessi.

2313 1975 2414 2029 Iste
2445 1974 2735 2044 aliquando
2768 1982 3002 2029 tentatus
3029 1982 3111 2028 est
3137 1975 3385 2043 passione
3432 1974 3772 2043 fornicationis,

2237 2075 2291 2121 et
2340 2066 2718 2121 condemnavit
2764 2065 3115 2133 semetipsum
3144 2065 3197 2119 in
3248 2067 3496 2135 paludem
3545 2067 3777 2135 Scythica-

2241 2173 2385 2225 sem,
2409 2176 2527 2228 quae
2553 2170 2637 2215 est
2662 2162 2713 2214 in
2742 2160 3051 2226 solitudine,
3082 2163 3272 2216 sedere
3317 2162 3521 2216 nudum
3553 2162 3777 2217 mensibus

2242 2267 2362 2317 sex,
2393 2253 2482 2306 ubi
2514 2262 2637 2307 sunt
2656 2253 2856 2306 culices
2879 2254 3017 2306 sicut
3046 2248 3250 2307 nebula:
3275 2253 3376 2322 (5);
3405 2270 3621 2323 quaeque
3653 2254 3776 2308 etiam

2248 2344 2541 2410 agrestium
2574 2357 2859 2411 porcorum
2891 2343 3170 2413 peiforaut
3201 2344 3416 2409 pellem.
3453 2345 3521 2398 Ita
3547 2360 3658 2413 ergo
3684 2360 3774 2411 per-

2243 2430 2452 2486 foratus
2482 2441 2566 2486 est
2608 2443 2772 2496 totus,
2803 2444 2859 2487 et
2887 2443 3122 2487 strumas
3160 2434 3305 2500 fecit,
3341 2443 3401 2487 ut
3444 2443 3671 2498 putarent
3703 2433 3779 2486 ali-

2242 2523 2356 2589 qui,
2401 2524 2524 2591 quia
2566 2522 2968 2589 elephantiosus
3023 2535 3168 2577 esset
3213 2524 3409 2578 factus.
3447 2523 3661 2579 Veniens
3683 2537 3778 2590 ergo

2246 2624 2365 2682 post
2391 2629 2486 2667 su
2514 2628 2729 2668 menses
2773 2613 2825 2666 in
2858 2614 3047 2667 cellam
3085 2629 3273 2681 suam,
3323 2614 3393 2670 de
3427 2631 3554 2671 voce
3579 2615 3778 2685 cognitus

2247 2716 2328 2758 est
2360 2704 2483 2770 quia
2518 2705 2630 2772 ipse
2653 2714 2771 2759 erat
2799 2704 3082 2760 Macarius.

2323 2793 2655 2848 Desideravit
2710 2796 3001 2865 aliquando
3034 2796 3148 2864 ipse
3199 2797 3252 2851 iti
3284 2797 3501 2852 hortum
3544 2798 3782 2867 sepultura

2247 2885 2432 2941 Jannac
2464 2897 2518 2941 et
2548 2887 2783 2941 Mambre
2812 2889 3054 2959 ingredi,
3108 2892 3247 2944 sicut
3285 2894 3443 2945 nobis
3479 2892 3664 2945 retulit.
3692 2890 3779 2958 Ipse

2248 2990 2428 3035 autem
2464 2982 2651 3035 hortus
2676 2983 2967 3049 sepultura:
3000 2983 3169 3038 factus
3200 2994 3281 3037 est
3315 2999 3344 3037 a
3377 2984 3571 3053 magis,
3614 2984 3689 3052 qui
3714 2997 3783 3051 po-

2255 3080 2432 3129 tentes
2466 3084 2621 3129 erant
2652 3075 2921 3143 quondam
2954 3076 3092 3143 apud
3127 3077 3482 3131 Pharaonem.
3520 3077 3587 3130 De
3616 3075 3783 3145 quadris

561 3149 708 3238 Ϋθυίί
737 3149 789 3199 ί¹¹
822 3148 987 3200 cm“
1014 3156 1216 3211 ηοδιτοο
1265 3156 1320 3201 οι
1347 3149 1397 3238 ἧυ
1443 3163 1679 3202 amorem
1718 3151 1979 3204 εθδῑίιθιίε
2009 3166 2145 3204 εοηο
2175 3133 2221 3197 C
2253 3181 2383 3236 ergo
2426 3166 2696 3236 lapidibus
2742 3178 3159 3223 construxerunt
3199 3184 3356 3238 opus,
3387 3179 3449 3225 et
3491 3168 3781 3236 sib‘uictipsis

562 3237 806 3290 ﬁrmatur
834 3240 1008 3288 anima
1048 3249 1248 3301 nostra,
1294 3237 1453 3290 etiam
1495 3248 1547 3291 et
1574 3239 1641 3291 ad
1672 3239 1851 3292 omnia
1881 3246 2147 3309 praecepta

567 3332 778 3386 Domini
835 3331 1074 3385 iacienda
1121 3332 1441 3397 incitamur,
1486 3334 1773 3404 adiuvante
1822 3349 1918 3387 nos
1968 3336 2141 3402 gratia

568 3426 777 3483 Domini
810 3424 980 3477 nostri
1026 3423 1152 3477 Jesu
1188 3426 1409 3489 Christi,
1441 3429 1529 3497 qui
1558 3426 1914 3481 servientibus
1955 3425 2058 3480 sibi
2090 3427 2140 3480 in

565 3523 847 3575 sanctitate
893 3528 946 3572 et
998 3519 1247 3572 castitate
1289 3522 1532 3587 prounsit
1577 3520 1823 3573 chcStia
1866 3529 1920 3574 et
1950 3529 2149 3572 mterna

570 3611 776 3665 donare
808 3613 861 3664 in
892 3610 979 3664 illa
1008 3610 1177 3679 gloria
1209 3610 1368 3665 futuri
1400 3614 1579 3667 saeculi
1620 3613 1759 3678 vita,
1792 3628 1913 3666 cum
1945 3615 2150 3684 angelis

565 3703 766 3758 sani-tis
815 3704 865 3757 in
903 3702 1144 3771 perpetui
1176 3703 1392 3757 luminis
1433 3702 1721 3774 splendore
1765 3720 1978 3775 semper
2024 3722 2153 3777 gau-

571 3795 720 3849 dere.

1185 3866 1411 3923 CAPUT
1450 3867 1520 3921 Χ.

578 3974 693 4029 Vita
723 3986 767 4029 et
793 3979 1102 4031 conversatio
1132 3978 1343 4032 alterius
1376 3978 1616 4043 Macarii,
1667 3980 1895 4033 videlicet
1923 3980 2150 4036 Alexan-

851 4049 985 4100 drini
1013 4050 1313 4118 presbyteri,
1345 4061 1393 4103 et
1421 4050 1585 4103 Marci
1608 4052 1862 4106 monac/ii.

642 4153 823 4210 Alium
848 4165 1021 4209 autem
1049 4156 1334 4210 Macarium
1362 4159 1749 4226 contemplatus
1777 4175 1893 4213 sum
1919 4161 2152 4217 Alevan-

572 4243 785 4300 drinum
811 4246 1175 4315 presbyterum
1208 4246 1524 4314 (Heraclid.,
1566 4264 1683 4317 cap.
1714 4250 1790 4317 6),
1822 4251 1874 4305 in
1908 4252 2023 4306 loco
2053 4253 2141 4321 qui

567 4338 767 4393 dicitur
810 4339 1002 4405 Cellia,
1036 4340 1088 4394 itt
1134 4343 1324 4410 quibus
1366 4341 1525 4395 Cellis
1572 4342 1802 4397 habitavi
1846 4360 1944 4413 ego
1998 4346 2151 4398 anuis

571 4443 785 4494 novem,
819 4428 871 4482 in
901 4430 1090 4499 quibus
1114 4441 1164 4483 et
1191 4432 1371 4485 tribus
1387 4433 1540 4485 annis
1572 4443 1689 4501 post
1723 4450 1808 4487 tne
1829 4436 2147 4504 supervixit.

568 4520 632 4575 Et
658 4521 899 4589 quaedam
928 4521 1034 4574 vidi
1072 4523 1208 4588 apud
1261 4538 1404 4589 eum,
1458 4526 1702 4594 quaedam
1734 4538 1911 4579 autem
1942 4527 2146 4591 audivi,
2184 4506 2229 4563 ι)

569 4613 811 4681 quaedam
841 4623 893 4667 et
942 4613 1009 4667 ab
1050 4614 1167 4667 aliis
1208 4615 1386 4669 didici.
1445 4617 1571 4670 Erat
1618 4627 1797 4671 autem
1846 4618 2150 4672 observatio

570 4705 684 4772 ejus
725 4707 857 4759 lizcc‘
885 4708 1002 4775 quia
1037 4708 1080 4760 si
1111 4707 1237 4776 quid
1280 4709 1477 4762 audivit
1508 4710 1722 4776 alicubi,
1760 4711 1930 4764 modis
1972 4712 2149 4765 omni-

570 4796 670 4848 bus
722 4796 821 4849 hoc
872 4798 1275 4864 apprehendere
1320 4799 1625 4855 festinabat.
1675 4804 1911 4856 Audiens
1960 4819 2087 4872 ergo
2119 4819 2151 4857 a

574 4887 805 4953 quodam
853 4888 975 4956 quia
1032 4888 1441 4946 Tabeuensiotze
1496 4895 1739 4947 monachi
1790 4911 1883 4963 per
1936 4912 2151 4953 omnem

576 4978 1041 5047 quadragesimam
1077 4984 1277 5053 absque
1326 4987 1446 5054 igne
1475 4987 1649 5041 cibum
1683 5000 1918 5053 sumunt,
1970 4992 2155 5045 statuit

575 5080 777 5138 septem
797 5070 945 5125 annis
967 5076 1104 5142 quod
1136 5093 1229 5146 per
1259 5078 1433 5148 ignem
1451 5082 1642 5134 transit
1666 5097 1769 5134 non
1803 5083 2149 5151 mandi-care,

577 5160 675 5214 nisi
710 5162 854 5217 olera
896 5166 1081 5235 cruda,
1132 5180 1183 5222 et
1231 5171 1519 5240 siquando
1567 5174 1957 5242 inveniebatur,
2009 5177 2157 5245 legu-

510 5266 527 5273 ‘
578 5270 699 5310 men
724 5256 976 5321 infusum,
1028 5261 1157 5313 nihil
1189 5261 1328 5315 aliud
1362 5274 1599 5334 gustatis.
1650 5264 1938 5335 Complens
1970 5276 2151 5322 autem

581 5348 703 5410 hoc,
729 5363 822 5416 pro
848 5348 1011 5403 nihilo
1032 5351 1183 5406 duxit
1211 5354 1515 5423 huiusmodi
1545 5372 1721 5411 usum.

650 5441 862 5494 Audivit
891 5442 1081 5497 iterum
1111 5444 1177 5499 de
1199 5447 1305 5499 alio
1334 5450 1586 5517 quodam,
1620 5452 1741 5518 quia
1773 5452 1959 5507 libram
2000 5455 2153 5522 panis

576 5532 881 5587 comederet
911 5552 925 5601 ;
953 5535 1200 5607 frangens
1229 5540 1713 5610 sibi‘buccellatim,
1745 5553 1799 5599 et
1830 5546 2068 5602 condens
2098 5549 2153 5604 in

577 5623 822 5694 lagenam
884 5629 1027 5683 misit
1068 5632 1471 5703 :‘decrevitque
1551 5646 1753 5691 tantum
1833 5639 2147 5709 comedere,

574 5729 829 5775 quantum
863 5732 1039 5783 posset
1066 5738 1254 5778 manus
1282 5725 1473 5783 atierre
1518 5744 1614 5798 per
1641 5745 1701 5787 os
1726 5730 1949 5803 lagonae.
1985 5733 2055 5791 Et
2078 5734 2153 5790 si-

2250 3258 2558 3328 scpulcrum
2590 3262 2850 3325 fecerunt,
2885 3271 2938 3314 et
2978 3263 3200 3316 multum
3242 3277 3433 3316 aurum
3465 3261 3783 3321 recondcntes,

2252 3349 2625 3419 plantaverunt
2655 3354 2817 3406 etiam
2864 3352 3119 3419 arbores;
3153 3353 3439 3408 humectus
3469 3362 3550 3408 est
3576 3353 3698 3409 enim
3721 3351 3784 3404 lo-

2249 3454 2364 3505 ens,
2421 3441 2473 3494 in
2526 3456 2631 3510 quo
2679 3452 2733 3495 et
2776 3452 2995 3511 puteum
3041 3443 3303 3499 fecerunt.
3359 3445 3493 3512 Quia
3537 3461 3652 3514 ergo
3677 3443 3780 3495 viam

2253 3532 2570 3601 ignorabat,
2615 3534 2899 3589 arbitrium
2959 3536 3226 3605 quoddam
3276 3539 3599 3608 sequebatur
3638 3536 3780 3591 stella-

2252 3637 2392 3686 rum,
2426 3624 2563 3677 sicut
2605 3624 2656 3678 in
2688 3626 2851 3679 maris
2880 3627 3070 3695 pelago
3096 3630 3407 3697 navigantes
3435 3631 3703 3684 observare
3725 3640 3786 3679 so.

2257 3713 2392 3768 lent.
2446 3714 2518 3768 Ita
2544 3715 2596 3769 in
2641 3716 2983 3772 solitudinem
3015 3719 3436 3788 ingrediebatur,
3467 3722 3708 3789 accipiens
3744 3717 3787 3770 Ii«

2256 3816 2501 3876 gaturam
2553 3808 2885 3864 calamorum
2935 3825 3031 3879 per
3078 3812 3495 3881 unumquodque
3539 3808 3788 3865 milliarium

2256 3899 2435 3952 indicii
2464 3902 2632 3968 gratia
2674 3901 2890 3968 ﬁgebat.
2939 3910 2998 3954 ut
3030 3902 3273 3956 semitam
3322 3903 3649 3957 adinveniret
3683 3901 3787 3954 unde

2255 4001 2638 4047 reverteretur.
2672 3994 3060 4051 Perambulans
3099 4012 3227 4068 ergo
3254 3997 3448 4052 diebus
3477 4013 3673 4061 novem,
3699 4008 3788 4065 per-

2258 4086 2406 4139 venit
2439 4085 2505 4139 ad
2539 4086 2739 4141 locum.
2783 4088 2998 4143 Dtrmon
3029 4103 3205 4144 autem
3248 4090 3334 4160 qui
3364 4105 3581 4160 semper
3618 4089 3787 4143 dimicas

2257 4178 2463 4231 toribus
2501 4179 2697 4234 Christi
2737 4180 2993 4236 resistere
3032 4182 3193 4247 solet,
3242 4182 3505 4252 colligens
3540 4192 3772 4236 omnesca
3856 4246 3863 4255 ὅ

2258 4270 2447 4335 lautos,
2499 4286 2635 4340 quos
2683 4287 2783 4341 pro
2819 4273 3014 4327 indicio
3059 4276 3159 4328 sibi
3201 4286 3459 4345 posuerat
3505 4291 3534 4329 a
3584 4271 3787 4328 milliaria

2261 4362 2400 4416 horti
2433 4363 2577 4418 illius
2607 4364 2860 4432 sepulcri,
2912 4366 3037 4419 dum
3069 4364 3184 4435 ipse
3230 4368 3608 4436 requiesceret,
3639 4365 3695 4419 ad
3719 4378 3787 4416 ca-

2262 4463 2353 4520 put
2383 4454 2545 4522 ipsius
2578 4456 2775 4523 posuit.
2800 4457 3037 4525 Surgens
3068 4457 3230 4525 igitur
3258 4458 3459 4528 reperit
3488 4460 3718 4513 calamos.
3745 4453 3790 4505 Et

2259 4546 2358 4599 ltoc
2402 4546 2597 4600 factum
2627 4556 2729 4610 est,
2773 4548 2884 4601 Deo
2917 4552 3280 4615 permittente,
3318 4551 3382 4603 ad
3412 4551 3529 4619 ejus
3575 4546 3775 4617 probatio

2260 4654 2402 4703 ncm,
2428 4648 2482 4692 ut
2503 4654 2606 4693 non
2634 4640 2682 4693 in
2703 4641 2921 4694 calamis
2949 4653 3213 4710 speraret,
3248 4645 3341 4697 sed
3386 4645 3441 4697 in
3475 4644 3702 4698 columna
3721 4654 3791 4694 uu-

2260 4732 2340 4784 bis
2384 4748 2502 4801 qua:
2545 4736 2877 4802 pra-cedebat
2924 4735 3061 4789 ﬁlios
3104 4737 3262 4791 l~racl
3304 4739 3647 4807 quadraginta
3673 4732 3789 4788 annis

2263 4823 2313 4875 in
2339 4824 2649 4878 Solitudine.
2685 4825 2903 4879 Dicebat
2940 4837 3117 4881 autem
3149 4830 3269 4896 quia
3315 4836 3491 4883 castra
3535 4830 3789 4883 da-monum

2257 4913 2569 4969 obviasseot
2602 4915 2650 4969 ei
2698 4917 3084 4985 egredientium
3133 4918 3200 4971 de
3240 4917 3332 4971 illo
3375 4917 3551 4983 horto,
3603 4919 3792 4971 claman-

2260 5006 2413 5069 tium,
2448 5007 2638 5073 inquit,
2668 5009 2818 5075 quasi
2849 5009 2996 5063 corvi
3024 5015 3213 5062 contra
3238 5008 3424 5064 faciem
3455 5023 3646 5073 meam,
3669 5014 3714 5061 et
3734 5003 3792 5057 iii-

2258 5100 2489 5152 centium
2518 5098 2687 5164 :Quid
2719 5100 2819 5165 vis,
2844 5100 3074 5156 Macari?
3098 5103 3226 5172 quid
3256 5103 3357 5167 vis,
3386 5094 3789 5169 monacheiquid

2259 5191 2451 5246 venisti
2484 5192 2535 5246 in
2567 5196 2742 5248 locum
2788 5195 3068 5249 nostrum?
3111 5196 3226 5251 Non
3273 5206 3424 5264 potes
3466 5209 3674 5250 manere
3710 5189 3790 5244 hic.

2262 5278 2381 5333 Dixi
2412 5295 2540 5350 ergo
2581 5283 2663 5336 eis
2698 5298 2798 5352 ego
2837 5300 2850 5334 :
2883 5282 3017 5349 Quia
3058 5296 3272 5354 oportet
3303 5303 3389 5342 me
3423 5287 3621 5357 ingredi
3660 5294 3706 5337 et
3725 5278 3790 5333 vi-

2260 5369 2412 5426 dere.
2460 5372 2795 5441 lngrediente
2831 5385 3008 5430 autem
3039 5393 3104 5429 eo
3147 5361 3199 5432 in
3242 5379 3450 5433 hortum
3473 5420 3488 5443 ,
3519 5374 3731 5433 occurrit
3754 5369 3791 5423 in

2263 5459 2491 5516 Satanas
2520 5478 2643 5517 cum
2671 5465 2848 5535 gladio
2871 5470 3152 5537 evaginato
3176 5469 3509 5523 comminans
3547 5468 3614 5522 ei.
3634 5466 3792 5520 Contra

2260 5567 2417 5622 quem
2462 5563 2676 5608 sanctus
2703 5556 2966 5612 Macarius
2998 5557 3097 5612 hoc
3143 5558 3291 5613 dedit
3330 5572 3635 5628 responsum
3678 5571 3691 5608 :
3731 5552 3789 5604 Tu

2261 5646 2411 5701 venis
2459 5647 2525 5701 ad
2556 5663 2643 5704 me
2665 5665 2784 5703 cum
2816 5650 3011 5720 gladio,
3047 5666 3145 5721 ego
3183 5661 3357 5708 autem
3388 5666 3607 5706 occurro
3647 5647 3726 5701 tibi
3753 5645 3790 5695 in

2262 5739 2478 5795 nomine
2500 5737 2710 5796 Domini
2756 5742 2975 5798 sabaoth
3022 5742 3112 5799 Dei
3144 5744 3327 5800 Israel.
3375 5744 3669 5815 Ingrediens
3693 5749 3789 5807 ergo

2484 5820 2515 5829 who
2536 5820 2635 5831 υ-ιισηιρ
