3982 6354
189 321 292 380 361

1486 315 1805 375 PALLADII
1847 315 2211 375 LAUSIACA.

3368 302 3476 361 3⁸52

190 442 404 498 invenit
426 440 643 500 situlam
673 456 866 499 aream
889 440 1284 512 dependentem
1309 479 1325 506 ,
1351 448 1668 496 etcatcnam
1683 440 1790 496 fer-
1821 444 1869 499 Δ
1901 442 2048 510 virgo
2089 437 2335 507 qumdam
2385 436 2453 491 de
2479 435 2865 489 Thessa.on.ca
2906 431 3144 495 veniens,
3177 443 3297 496 quae
3344 429 3483 483 mul-

190 550 345 591 ream
371 550 534 603 super
559 534 929 606 puteum,jam
945 535 1013 590 de
1029 533 1208 589 multis
1226 534 1557 603 temporibus
1586 534 1789 589 resolu-

193 638 332 694 tam,
345 638 398 683 et
411 627 621 684 fructus
635 628 897 683 malorum
911 636 1276 695 granatorum,
1290 625 1423 679 nihil
1441 626 1582 681 intus
1594 626 1791 680 haben'

197 720 663 790 tium,propterea
695 718 836 789 quod
867 718 1135 773 aruissent
1158 733 1187 770 a
1218 717 1385 770 nimio
1407 715 1539 771 solis
1560 716 1789 783 ardore;

188 809 626 864 abominationes
646 810 809 863 etiam
826 807 1089 862 idolorum
1109 821 1267 875 quam
1293 807 1552 875 plurimas
1575 818 1790 862 aureas.

194 900 282 956 Ita
310 915 444 972 ergo
464 909 763 966 revertens,
789 901 941 955 venit
966 912 1084 969 post
1124 898 1239 953 dies
1268 900 1472 968 viginti.
1507 898 1795 954 Deficiente

196 1008 337 1063 ergo
357 994 406 1048 ei
435 1008 573 1062 aqua
605 1008 764 1063 quam
801 994 1046 1062 portabat
1075 1001 1129 1047 et
1157 1006 1315 1062 pane,
1348 992 1401 1047 in
1429 993 1646 1047 multam
1695 1006 1790 1046 an-

194 1086 438 1155 gustiam
479 1086 719 1142 devenit.
749 1087 817 1141 Et
857 1101 978 1141 cum
1006 1086 1116 1154 jam
1151 1084 1426 1152 deﬁceret,
1472 1085 1718 1155 apparuit
1744 1085 1796 1139 ei

198 1178 401 1249 puella,
458 1187 609 1233 stans
661 1178 831 1243 (sicut
881 1177 1171 1245 referebat)
1227 1178 1580 1232 mundissimo
1633 1176 1799 1232 linteo

206 1270 509 1335 amicta,et
557 1269 763 1325 habens
812 1268 1057 1340 hydriam
1100 1269 1388 1324 stillantem
1433 1284 1607 1338 aqua).
1638 1284 1796 1339 quam

201 1360 427 1416 dicebat
453 1359 667 1429 longea
696 1374 756 1415 se
802 1360 956 1429 quasi
1002 1359 1235 1413 stadium
1283 1375 1469 1414 unum.
1524 1361 1590 1415 Et
1631 1375 1801 1429 usque

203 1453 326 1506 dies
356 1461 463 1506 tres
485 1451 786 1514 ambulans,
813 1458 868 1504 et
897 1449 1081 1505 videns
1109 1465 1226 1504 eam
1257 1465 1381 1505 cum
1410 1448 1602 1521 hydria
1646 1458 1803 1505 stan-

213 1553 352 1610 tem,
379 1542 809 1612 appropinquare
836 1556 942 1596 non
972 1541 1199 1611 valebat,
1226 1544 1362 1597 sicut
1380 1544 1682 1608 somnians;
1707 1556 1804 1613 spe

212 1642 404 1689 autem
451 1632 665 1689 videndi
716 1634 1076 1702 exspectando
1126 1632 1550 1689 confortabatur.
1608 1634 1802 1691 Postea

215 1724 469 1795 apparuit
496 1725 545 1779 ei
595 1723 882 1779 multitudo
936 1723 1276 1790 bubularum,
1330 1739 1395 1780 ex
1449 1725 1643 1795 quibus
1698 1740 1802 1780 una

1895 534 1962 589 tis
1989 534 2145 587 annis
2180 534 2231 585 in
2285 529 2518 601 paralysi
2563 527 2859 582 laborabat.
2892 524 3039 579 Hanc
3080 522 3260 591 itaque
3315 535 3484 590 usque

1893 625 1957 678 ad
1999 623 2182 695 viginti
2212 623 2330 677 dics
2376 623 2497 676 oleo
2538 629 2724 674 sancto
2773 629 3096 686 pertingens,
3127 623 3184 669 et
3225 614 3488 668 orationi-

1896 718 1994 772 bus
2034 732 2129 785 pro
2180 732 2239 771 ea
2301 716 2576 779 insistens,
2609 726 2793 767 sanam
2843 711 3051 766 remisit
3099 709 3165 763 ad
3215 709 3486 778 propriam

1893 813 2185 867 civitatem.
2216 811 2345 878 Quae
2393 818 2671 877 postquam
2703 804 2945 876 pervenit
2972 804 3039 857 ad
3069 804 3287 857 domum
3313 816 3487 864 suam,

1898 905 2096 960 multas
2125 904 2432 958 oblationes
2474 899 2673 956 direxit
2722 912 2818 967 per
2866 896 3084 951 diversa
3139 902 3321 950 sancta
3378 907 3490 948 mo-

1898 995 2155 1049 nasteria.

1973 1088 2071 1141 llic
2111 1088 2294 1155 itaque
2337 1085 2598 1140 Macarius
2643 1084 2886 1150 audiens,
2920 1082 3041 1152 quia
3070 1096 3316 1150 magnam
3362 1095 3490 1135 con-

1901 1180 2263 1237 versationem
2319 1190 2374 1235 et
2432 1179 2668 1249 regulam
2718 1177 3017 1241 disciplinae
3074 1174 3490 1229 Tabenensiom

1904 1269 2154 1325 monachi
2182 1271 2461 1338 haberent,
2500 1277 2703 1323 mutato
2753 1268 2958 1335 habitu,
2988 1267 3361 1335 accipiensquc
3407 1264 3493 1318 in-

1902 1360 2159 1416 dumenta
2215 1360 2429 1423 rustici,
2474 1375 2569 1425 per
2624 1358 2739 1413 dies
2794 1358 3101 1427 qu'ndecim
3151 1364 3395 1411 an‘Ofidll
3440 1356 3493 1408 in

1908 1452 2239 1506 Thebaidam
2276 1465 2371 1519 per
2413 1450 2778 1505 solitudinem.
2826 1450 2891 1502 Et
2924 1450 3196 1517 ingressus
3228 1457 3495 1501 tnouaste-
3590 1468 3599 1476 ·

1915 1545 2053 1598 rium
2103 1543 2615 1597 Tabenensiotarum
2646 1540 2920 1611 quaerebat
2967 1540 3246 1605 abbatem,
3280 1548 3335 1593 ut
3378 1539 3495 1607 ejus

1910 1642 2331 1702 praesentaretur
2376 1633 2707 1701 aspectibus,
2743 1632 2913 1685 virum
2956 1641 3199 1686 sanctum
3225 1670 3243 1696 ,
3292 1631 3497 1686 Pacho«

1910 1725 2074 1779 mium
2131 1724 2390 1787 nomine,
2444 1723 2881 1792 probatissimum
2942 1724 3195 1777 famulum
3254 1724 3495 1787 Christi,

210 1833 335 1887 qua:
371 1816 600 1872 habebat
632 1816 855 1872 vitulum
884 1817 1063 1882 stetit;
1100 1818 1394 1873 sunt'enim
1424 1818 1602 1872 multae
1635 1818 1686 1871 in
1738 1819 1802 1873 il-
1834 1806 1882 1865 B
1908 1815 2130 1882 gratiam
2156 1814 2451 1883 prophetiae
2482 1814 2791 1879 habentem,
2820 1813 2907 1867 cui
2931 1812 3229 1867 occultatus
3250 1822 3335 1867 est
3365 1823 3493 1867 nutu

213 1910 467 1975 lislocis,
498 1916 572 1974 et,
625 1908 768 1964 sicut
826 1910 941 1979 ipse
980 1909 1212 1976 dicebat,
1266 1911 1589 1966 decurrebat
1641 1912 1690 1967 ei
1735 1911 1803 1967 de

224 2001 483 2057 uberibus
506 2000 609 2055 lac.
638 2000 705 2055 Et
734 2000 869 2055 facta
893 2011 973 2055 est
1003 2015 1106 2055 vox
1143 2000 1397 2072 desuper,
1428 2002 1617 2057 dicens
1647 2017 1665 2058 :
1698 2003 1811 2056 Ma-

238 2092 374 2161 cati,
404 2090 598 2146 a(cede
625 2090 693 2145 ad
715 2090 989 2157 bubulam,
1021 2100 1074 2146 et
1104 2106 1253 2161 suge.
1281 2094 1563 2162 Supposuit
1592 2108 1722 2164 ergo
1752 2108 1812 2148 se

217 2185 302 2252 ei,
328 2192 384 2238 et
402 2184 630 2239 laetatus
660 2184 949 2253 resumpsit
996 2185 1159 2239 vires.
1196 2185 1458 2254 Venitque
1499 2187 1692 2242 bubula
1722 2188 1810 2242 illa

222 2285 400 2342 usque
423 2272 491 2327 ad
515 2271 706 2327 cellam
736 2271 854 2341 ejus
882 2271 1089 2327 lactans
1113 2287 1257 2339 eum,
1304 2283 1359 2327 et
1393 2273 1617 2329 vitulum
1651 2290 1806 2330 suum

216 2382 333 2422 non
360 2368 679 2439 suscipiens.

289 2459 559 2514 Reversus
587 2473 717 2532 ergo
746 2458 815 2514 ad
844 2458 1036 2514 fratres
1083 2474 1205 2515 cum
1264 2458 1560 2515 indicasset
1601 2458 1668 2514 de
1714 2474 1814 2529 op-

218 2550 554 2620 portunitate
585 2551 709 2617 loci,
750 2551 1039 2606 multorum
1087 2551 1400 2606 inflammati
1446 2559 1573 2607 sunt
1625 2552 1811 2619 animi,

221 2650 281 2695 ut
327 2652 608 2711 pergerent
654 2642 780 2697 illuc
803 2657 922 2696 cum
958 2657 1022 2698 eo
1065 2641 1103 2696 ⁸.
1152 2642 1259 2698 Sed
1290 2643 1377 2697 ubi
1406 2644 1578 2698 sancti
1625 2636 1815 2702 Patres

218 2732 736 2788 senseruntanimos
757 2733 1014 2803 juvenum
1039 2734 1335 2789 concitatos
1359 2736 1426 2789 ad
1458 2736 1812 2805 pergendum,

220 2835 598 2894 represserunt
644 2840 739 2880 eos
768 2826 967 2882 salubri
1009 2826 1258 2893 consilio,
1290 2827 1533 2884 dicentes
1581 2846 1595 2882 :
1629 2830 1808 2887 Locus

218 2926 332 2971 iste
356 2917 402 2971 si
430 2932 580 2984 vere,
614 2927 670 2972 ut
694 2917 910 2985 dicitur,
953 2934 982 2971 a
1012 2919 1186 2975 Janne
1215 2929 1269 2973 et
1296 2920 1532 2976 Mambre
1560 2925 1818 2977 constitu-

222 3018 315 3064 tus
342 3017 447 3078 est,
472 3024 578 3064 non
622 3010 768 3065 aliud
795 3011 863 3067 de
902 3025 969 3066 eo
1011 3011 1341 3066 credendum
1389 3023 1493 3080 est,
1522 3014 1623 3069 nisi
1674 3016 1815 3085 quod

221 3100 429 3155 diaboli
460 3117 625 3171 opere
652 3104 718 3157 ad
746 3101 1113 3172 deceptionem
1157 3112 1394 3159 nostram
1428 3106 1646 3161 forsitan
1678 3121 1815 3175 prae-

1916 1906 2007 1960 Dei
2031 1904 2291 1961 adventus
2327 1906 2564 1960 Macarii.
2599 1905 3033 1974 Reprmsentatus
3060 1919 3209 1974 ergo,
3244 1906 3376 1959 dixit
3407 1906 3499 1961 ei:

1913 1998 2185 2068 Deprecor
2216 2007 2286 2064 te,
2338 1998 2553 2052 domine
2596 2006 2783 2052 sancte
2810 1996 2987 2063 Pater,
3043 1997 3257 2064 suscipe
3310 2013 3396 2051 me
3447 1997 3499 2050 in

1917 2091 2302 2146 monasterium
2349 2100 2519 2158 ttmm,
2545 2101 2603 2144 ut
2640 2090 2849 2145 efficiar
2894 2090 3209 2145 monachus.
3258 2089 3400 2144 Dixit
3449 2091 3500 2146 ei

1920 2180 2239 2236 Pachomius
2268 2198 2282 2234 :
2314 2182 2427 2237 Jam
2461 2192 2737 2236 senectute
2768 2181 2930 2252 993
2963 2191 3244 2250 provectus
3270 2223 3286 2247 ,
3331 2181 3500 2236 absti-

1918 2275 2158 2329 nentiam
2200 2289 2305 2329 non
2333 2274 2481 2328 vales
2508 2274 2797 2337 sustinere,
2832 2274 3021 2328 fratres
3049 2275 3191 2328 enim
3220 2275 3501 2329 continen-

1917 2364 2110 2419 tissimi
2132 2374 2278 2432 sunt,
2309 2373 2363 2419 et
2388 2379 2492 2420 non
2526 2367 2703 2420 ferens
2742 2380 2926 2420 eorum
2969 2365 3228 2433 laborem,
3277 2366 3502 2422 scanda-

1916 2457 2025 2510 lum
2060 2471 2272 2525 passus,
2322 2467 2377 2512 et
2404 2458 2728 2528 regredieris
2771 2457 3106 2513 detrahendo
3145 2460 3245 2513 eis.
3276 2458 3343 2513 Et
3396 2474 3500 2513 non

1915 2549 2324 2618 suscepiteum,
2349 2563 2450 2604 nec
2480 2550 2649 2619 prima
2680 2563 2778 2603 nec
2820 2548 3051 2603 secunda
3083 2547 3193 2617 die,
3228 2563 3397 2618 usque
3434 2550 3501 2603 ad

1916 2642 2033 2697 dies
2065 2652 2300 2711 septem.
2323 2640 2457 2695 Cum
2509 2656 2638 2711 ergo
2676 2650 3047 2708 perseveraret
3091 2643 3252 2696 etiam
3286 2640 3504 2712 jejunus

1920 2749 2245 2805 permanens
2265 2775 2280 2798 ,
2309 2744 2432 2804 post
2481 2737 2594 2790 ἥλιε
2624 2735 2766 2790 dixit
2794 2737 2842 2790 ei
2884 2753 2898 2788 :
2926 2734 3152 2803 Suscipe
3181 2750 3288 2801 me,
3322 2735 3457 2789 abba
3486 2775 3503 2798 ,

1926 2838 1985 2884 et
2016 2831 2061 2883 si
2095 2843 2199 2882 non
2219 2826 2535 2898 jejunavero
2556 2829 2693 2883 sicut
2723 2838 2775 2882 et
2802 2828 2890 2881 alii
2918 2827 3505 2896 fratres,operatnsque

1920 2933 2029 2972 non
2056 2916 2217 2973 fuero
2261 2918 2402 2972 sicut
2444 2927 2499 2973 et
2529 2918 2628 2985 illi,
2676 2917 2954 2987 tuncjube
3001 2933 3088 2974 me
3126 2918 3312 2987 jactari
3342 2920 3504 2974 foras.

1922 3010 2049 3065 llaec
2079 3010 2304 3064 audiens
2331 3009 2527 3075 abbas,
2554 3008 2717 3079 jussit
2768 3010 3025 3064 fratribus
3071 3018 3133 3064 ut
3168 3011 3505 3079 susciperent

1924 3116 2069 3157 cum.
2097 3101 2194 3157 Est
2217 3111 2395 3156 autem
2423 3101 2765 3173 congregatio
2797 3116 2893 3170 per
2921 3101 3130 3172 singula
3178 3103 3505 3156 mona~teria

223 3202 445 3262 paratus
484 3195 576 3249 sit.
628 3195 685 3251 Si
728 3197 877 3250 enim
934 3196 1222 3253 deliciosus
1261 3207 1345 3253 est
1390 3208 1448 3255 et
1494 3199 1769 3256 abundans
1792 3243 1811 3271 ,
1841 3175 1890 3239 (ἶ
1926 3192 2074 3248 mille
2104 3193 2482 3263 quadringenti
2516 3194 2636 3249 viri.
2665 3192 2948 3247 Multorum
2980 3193 3124 3248 enim
3153 3196 3505 3249 monasterio-

222 3299 389 3354 quam
423 3288 670 3353 requiem
708 3288 1044 3357 sperabimus
1073 3290 1126 3344 in
1156 3288 1336 3345 futuro
1379 3292 1599 3358 saeculo,
1650 3296 1696 3349 si
1728 3295 1816 3351 hic

224 3377 438 3433 deliciis
459 3379 719 3435 fruimur?
751 3380 877 3437 Hac
917 3391 1076 3453 atque
1101 3383 1203 3438 alia
1250 3383 1512 3456 dicentes,
1556 3387 1814 3457 juvenum

221 3468 442 3524 animos
478 3481 874 3540 represserunt.
900 3473 1055 3530 Licet
1084 3476 1227 3530 enim
1256 3478 1587 3533 diversorum
1623 3494 1815 3550 pomo-

232 3575 353 3613 rum
392 3575 638 3616 amtenus
667 3572 815 3618 esset
844 3562 1016 3629 locus,
1039 3572 1094 3618 et
1123 3565 1402 3620 abundans
1433 3567 1683 3624 omnibus
1725 3584 1819 3624 ne-

228 3650 506 3715 cessariis,
538 3651 635 3707 sed
667 3667 771 3707 non
800 3668 959 3723 posse
989 3654 1203 3711 dicebat
1247 3657 1437 3712 adduci
1484 3659 1611 3715 illuc
1641 3661 1819 3730 plures

230 3739 449 3807 fratres,
479 3756 547 3797 ne
572 3740 713 3798 forte
741 3745 1016 3802 venientes
1044 3763 1141 3817 per
1167 3763 1406 3804 eremum
1430 3766 1457 3803 a
1481 3751 1820 3807 daemonibus

229 3830 633 3902 deciperentur.
684 3834 877 3891 Multos
924 3836 1066 3891 enim
1116 3838 1294 3895 aiebat
1351 3856 1472 3896 esse
1522 3842 1819 3911 daemones,

236 3938 472 3993 quorum
498 3925 743 3982 fremitus
770 3938 826 3981 et
858 3928 1178 3985 calliditates
1222 3930 1365 3989 ferre
1402 3932 1687 3989 multitudo
1715 3935 1821 3989 fra-

234 4023 381 4070 trum
404 4015 611 4072 insueta
638 4032 745 4073 non
773 4028 972 4088 posset.

308 4103 551 4171 Quodam
582 4114 825 4177 tempore
864 4107 1006 4164 idem
1040 4120 1257 4165 sanctus
1298 4110 1564 4170 Macarius
1602 4126 1821 4185 puteum

233 4193 500 4262 fodiebat,
526 4196 653 4251 etin
681 4198 930 4266 proximo
967 4197 1149 4254 fruteti
1178 4200 1332 4256 silvae
1360 4201 1429 4258 ab
1475 4204 1661 4275 aspide
1688 4221 1811 4276 per»

234 4300 431 4342 cussus
460 4298 543 4344 est
570 4289 893 4360 (Heraclid.,
936 4308 1053 4363 cap.
1084 4292 1166 4363 6).
1198 4294 1301 4362 Qui
1329 4296 1665 4354 mortiferum
1709 4301 1823 4356 ani-

236 4382 350 4435 mal
396 4396 431 4435 a
483 4383 722 4439 faucibus
771 4383 1224 4453 apprehendens,
1280 4388 1526 4445 manibus
1582 4393 1824 4463 utrisque

236 4472 666 4538 scindens,dixit
687 4476 770 4532 ei:
798 4476 915 4533 Non
938 4476 1283 4548 permittente
1306 4480 1437 4550 Deo,
1469 4498 1636 4553 quare
1668 4501 1823 4542 usur-

235 4563 384 4633 pasti
412 4567 629 4621 venire?

321 4655 565 4713 Habebat
602 4668 779 4714 autem
811 4660 1055 4717 diversas
1080 4662 1337 4731 cellulas,
1368 4680 1531 4721 unam
1558 4667 1610 4721 in
1641 4677 1822 4725 monte

236 4743 450 4813 Nitriae,
494 4748 655 4803 aliam
688 4750 740 4804 in
764 4750 1054 4808 solitudine
1083 4753 1328 4809 interiori
1349 4756 1557 4827 Scythi,
1581 4766 1635 4813 et
1662 4758 1821 4814 aliam

236 4840 296 4894 in
336 4840 454 4896 loco
475 4842 565 4911 qui
595 4842 793 4899 dicitur
837 4844 1005 4899 Cellia
1037 4862 1054 4901 :
1099 4857 1153 4901 et
1208 4847 1452 4917 quaedam
1493 4849 1697 4919 absque
1736 4850 1821 4907 fe-

236 4933 441 4987 nestris
469 4943 615 5001 sunt,
649 4934 704 4990 in
734 4936 930 5005 quibus
960 4936 1242 4993 dicebatur
1288 4939 1482 4996 sedere
1510 4942 1564 4996 in
1595 4943 1825 5013 quadra-

235 5022 479 5092 gesima;
506 5023 610 5079 alia
650 5030 877 5095 angusta
905 5037 1040 5091 erat,
1069 5026 1123 5082 in
1152 5043 1257 5098 qua
1300 5029 1487 5097 jacens
1532 5034 1826 5091 extendere

239 5116 409 5185 pedes
447 5132 552 5173 non
602 5128 848 5188 poterat;
897 5122 1002 5176 alia
1048 5130 1225 5178 autem
1256 5120 1418 5178 latior
1456 5134 1596 5192 erat,
1628 5124 1680 5180 in
1721 5143 1824 5197 qua

233 5209 565 5277 suscipiebat
594 5211 871 5266 venientes
894 5212 960 5267 ad
983 5225 1062 5268 se.
1096 5212 1195 5268 Hic
1217 5228 1369 5282 vero,
1398 5214 1632 5272 donante
1652 5220 1821 5287 gratia

237 5299 466 5370 Christi,
497 5311 699 5358 tantam
731 5304 1126 5360 multitudinem
1168 5317 1481 5363 vexatorum
1507 5322 1537 5362 a
1562 5309 1826 5365 daemoni-

238 5393 345 5447 bus
374 5393 600 5463 curavit,
646 5406 703 5451 ut
752 5412 940 5452 omnes
986 5399 1332 5467 mirarentur,
1363 5409 1419 5456 et
1465 5401 1830 5473 glorificarent

243 5484 499 5539 virtutem
529 5486 825 5544 Salvatoris
854 5491 1024 5545 nostri
1046 5489 1175 5547 Jesu
1201 5491 1424 5560 Christi,
1464 5493 1555 5564 qui
1585 5508 1679 5564 per
1702 5509 1823 5550 eum

233 5575 567 5641 operabatur
603 5578 904 5647 magnifica.

310 5662 447 5718 Cum
492 5674 669 5721 autem
712 5682 811 5723 nos
864 5668 1060 5725 ibidem
1118 5684 1381 5740 essemus,
1430 5673 1607 5728 oblata
1644 5680 1726 5730 est
1774 5675 1825 5732 ei

314 5777 333 5809 ³
370 5779 527 5838 Deest
558 5781 846 5839 Heraclidi.

606 5875 876 5938 PATBOL.
922 5873 1196 5946 LXXIV,

1923 3298 2045 3338 rum
2100 3283 2288 3339 beatus
2318 3284 2638 3340 Pachomius
2668 3285 2825 3339 Pater
2867 3292 3012 3351 erat,
3060 3294 3115 3341 et
3146 3286 3310 3341 multa
3341 3287 3505 3343 millia

1924 3373 2310 3430 monachorum
2337 3375 2679 3446 congregatio
2704 3383 2844 3439 erat,
2879 3374 3038 3430 etiam
3078 3385 3135 3431 et
3164 3392 3333 3448 usque
3364 3393 3507 3432 nunc

1921 3465 2270 3523 suntChristi
2314 3468 2484 3536 gratia
2511 3468 2794 3537 largiente.
2845 3469 3123 3541 Ingressus
3154 3478 3238 3525 est
3275 3484 3407 3541 ergo
3451 3471 3505 3526 in

1927 3559 2338 3616 monasterium.
2374 3560 2667 3616 Transacto
2696 3568 2876 3617 autem
2909 3576 3077 3631 pauco
3108 3572 3370 3631 tempore,
3416 3577 3506 3617 su—

1922 3651 2174 3719 pervenit
2201 3650 2635 3721 quadragesima,
2682 3660 2739 3707 et
2792 3652 2929 3707 vidit
2982 3654 3223 3723 singulos
3263 3669 3509 3724 quosque

1922 3742 2186 3798 addentes
2207 3743 2424 3813 jejuniis
2450 3744 2816 3801 abstinentim.
2858 3745 3086 3811 Quidam
3134 3745 3278 3800 enim
3320 3759 3504 3799 eorum

1924 3842 2045 3902 post
2075 3833 2210 3887 duos
2251 3834 2369 3887 dies
2407 3834 2737 3901 reficiebant,
2769 3834 2856 3890 alii
2896 3844 3075 3890 autem
3106 3844 3228 3905 post
3275 3837 3510 3906 quinque

1924 3924 2042 3980 dies
2056 3924 2341 3993 capiebant
2356 3924 2560 3991 cibum,
2585 3926 2673 3979 alii
2693 3940 2820 3981 vero
2843 3941 2937 3996 per
2957 3934 3121 3981 totam
3141 3934 3352 3983 noctem
3377 3928 3511 3998 vigi-

1924 4015 2098 4070 lantes
2122 4014 2455 4071 orationibus
2486 4015 2827 4086 insistebant,
2859 4033 2960 4088 per
2981 4019 3122 4074 diem
3145 4028 3323 4075 autem
3347 4034 3511 4089 opera

1926 4122 2179 4163 manuum
2200 4110 2543 4165 exercebant.
2560 4110 2657 4166 Hic
2677 4126 2810 4168 vero
2826 4123 3043 4169 sanctus
3058 4114 3319 4171 Macarius
3333 4115 3513 4171 stabat

1925 4200 1981 4254 in
2010 4200 2234 4271 angulo,
2258 4209 2364 4256 tam
2391 4201 2589 4259 diebus
2615 4218 2775 4274 quam
2818 4206 3064 4261 noctibus
3095 4223 3199 4263 non
3230 4207 3513 4264 discedens

1928 4288 2231 4363 quoquam;
2264 4309 2542 4365 usquequo
2566 4296 2685 4352 dies
2710 4297 3064 4369 quadraginta
3093 4302 3511 4369 complerentur.

1931 4388 2164 4444 Advenit
2192 4398 2242 4445 ct
2274 4389 2479 4446 Pascha
2508 4409 2523 4454 ;
2557 4407 2731 4462 neque
2764 4405 2889 4449 tunc
2918 4411 3110 4466 panem
3135 4398 3387 4465 gustavit,
3422 4414 3513 4452 ηερ

1934 4494 2039 4547 que
2068 4479 2213 4535 aliud
2245 4497 2457 4552 quoque
2498 4485 2852 4553 pulmentum,
2900 4487 3006 4541 nisi
3051 4485 3181 4543 folia
3212 4498 3416 4543 tantum
3446 4492 3515 4545 de

1854 4563 2190 4636 Dcaulibus,
2225 4582 2278 4628 et
2305 4574 2421 4630 haec
2450 4577 2615 4630 semel
2660 4578 2714 4631 in
2760 4579 3058 4648 septimana
3107 4578 3195 4634 die
3239 4580 3512 4636 Domimca

1929 4664 2197 4720 sumebat.
2228 4665 2336 4721 Nec
2356 4665 2666 4725 discedebat
2688 4671 2753 4725 de
2781 4672 2976 4740 angulo
3013 4671 3130 4736 illo,
3165 4673 3253 4726 ubi
3278 4674 3509 4741 elegcrn.

1929 4764 2099 4821 atare,
2152 4757 2253 4812 nisi
2285 4766 2488 4814 tantum
2532 4763 2828 4831 corporalis
2868 4763 3205 4819 necessitatis
3230 4779 3411 4831 causa,
3458 4776 3517 4819 et

1929 4847 2111 4903 statim
2144 4846 2465 4904 festinanter
2502 4853 2891 4919 revertebatur,
2919 4862 2971 4909 et
3008 4855 3289 4910 claudebat
3314 4858 3509 4910 ostium

1927 4952 2091 5008 super
2118 4953 2201 5005 se,
2234 4949 2287 4994 et
2335 4940 2469 4995 nihil
2498 4943 2710 5011 penitus
2760 4944 3094 5013 loquebatur,
3120 4946 3215 5001 sed
3242 4947 3295 5001 in
3349 4950 3513 5003 silen-

1928 5029 2005 5084 tio
2036 5038 2238 5085 tantum
2270 5031 2413 5086 labia
2444 5032 2564 5101 ejus
2596 5035 2969 5089 movebantur.
3019 5036 3082 5088 Et
3109 5052 3215 5090 non
3262 5038 3506 5093 cessabit

1927 5120 2185 5176 continue
2197 5131 2253 5177 et
2270 5123 2387 5178 sine
2404 5123 2705 5181 cessatione
2721 5125 2773 5180 in
2786 5126 2949 5181 corde
2960 5142 3061 5184 suo
3073 5128 3281 5200 eloquia
3300 5130 3507 5187 Domiti

1928 5213 2271 5284 divinamque
2299 5215 2593 5283 Scriptum
2640 5223 3205 5275 commemorationem
3236 5222 3486 5277 meditari

1933 5314 1989 5361 et
2009 5319 2169 5375 opera
2190 5320 2445 5363 manuum
2464 5308 2796 5364 incessanter
2820 5323 3074 5366 exercere
3091 5313 3260 5367 multo
3283 5315 3513 5383 amplius

1929 5415 2087 5468 quam
2123 5400 2215 5456 alii
2246 5403 2457 5456 fratres.
2489 5402 2614 5456 Haec
2644 5401 2835 5456 fratres
2867 5404 3129 5474 videntes,
3162 5421 3298 5474 pene
3324 5422 3513 5462 omnes
3576 5474 3579 5477 ν

1930 5493 2274 5548 scandalizati
2301 5503 2457 5559 sunt;
2508 5502 3009 5565 murmurantesque
3033 5496 3284 5552 dixerunt
3305 5514 3514 5567 praepo-

1931 5584 2033 5637 sito
2082 5584 2389 5640 monasterii
2419 5603 2430 5637 :
2458 5584 2616 5643 Unde
2666 5584 2820 5641 nobis
2860 5590 3001 5643 hunc
3059 5588 3348 5654 adduxisti,
3392 5598 3509 5642 tau-

1931 5690 2090 5746 quam
2156 5676 2273 5733 sine
2325 5690 2488 5733 carne
2539 5676 2819 5748 degentem
2880 5679 2948 5734 ad
3000 5679 3506 5737 condemnationem

3043 5874 3107 5936 12
