3982 6354
540 264 645 323 503
1649 261 1992 317 APPENDIX
2037 260 2126 315 AD

539 381 813 441 nostram?
857 377 1067 448 Projice
1119 393 1265 443 cum,
1292 391 1578 446 cognosce,
1606 376 1726 446 quia
1760 377 1912 431 valde
1967 391 2124 431 scan‘

541 475 842 530 dalizantur
907 473 1104 526 fratres
1162 472 1214 526 itt
1270 485 1356 524 eo.
1418 470 1538 523 lla'c
1594 469 1816 524 audiens
1873 469 2124 537 prteposi-

541 577 630 623 tus
663 565 972 621 monasterii
995 605 1009 629 ,
1040 553 1312 619 admirans
1355 571 1459 616 tam
1509 562 1805 614 districtam
1837 576 2124 614 conversa-

545 663 743 713 tionem
789 657 938 726 ejus,
980 657 1158 712 oravit
1215 655 1516 719 Dominum,
1562 654 1747 706 dicens
1785 669 1800 706 :
1853 653 2126 707 Manifesta

547 753 672 807 mihi
723 751 986 822 peccatori
1013 765 1170 805 servo
1225 758 1336 812 luo,
1395 747 1649 808 nomine,
1683 745 1811 815 quid
1842 759 2001 810 agere
2030 746 2128 796 de-

543 847 721 900 beam.
757 844 824 897 Et
871 843 1167 898 revelatum
1211 849 1291 894 est
1335 843 1406 903 ei,
1440 837 1580 906 (μιυὰ
1628 840 1740 907 ipse
1776 847 1914 892 esset
1953 837 2127 891 Maca-

541 941 678 994 rius.
709 937 914 992 Eduxit
938 945 1113 989 autem
1155 948 1274 986 eum
1304 931 1447 984 foras
1471 933 1522 982 in
1554 929 1866 991 oratorium,
1917 928 2005 982 tibi
2051 928 2129 981 al-

541 1042 656 1085 tare
681 1030 913 1098 positum
941 1035 1076 1091 erat,
1107 1036 1161 1078 et
1194 1025 1522 1090 amplectens
1561 1022 1836 1075 osculatus
1873 1029 1957 1074 est
1979 1035 2124 1082 eum,

541 1135 595 1178 et
616 1123 757 1178 dixit
780 1122 868 1176 ei:
901 1120 1038 1174 Vere
1065 1120 1144 1172 vir
1172 1119 1355 1172 beatus
1387 1131 1466 1180 es,
1498 1123 1681 1169 sancte
1705 1114 1921 1176 Macari,
1960 1124 2012 1166 et
2038 1113 2123 1165 Ia-

541 1214 686 1268 tt‘iiSIi
708 1228 824 1267 nos.
856 1211 993 1264 Olim
1028 1209 1171 1262 enim
1219 1225 1282 1262 ex
1317 1209 1485 1262 multo
1513 1217 1755 1274 tempore
1785 1203 2130 1259 desideraba-

540 1321 661 1360 tnus
702 1304 884 1358 vidi-re
931 1303 1268 1356 sanctitatem
1327 1310 1502 1362 tuam;
1562 1309 1616 1350 et
1670 1297 1870 1366 gratias
1923 1298 2130 1362 agimus

543 1396 766 1450 Domino
817 1404 1003 1448 nostro
1052 1393 1178 1448 .lesu
1235 1393 1472 1454 Christo,
1507 1390 1631 1458 quia
1663 1389 1716 1442 in
1763 1389 2130 1457 spiritualihus

542 1489 720 1553 bonis,
754 1487 1092 1554 maximeque
1133 1486 1185 1537 in
1222 1484 1512 1538 virtutibus
1538 1481 1874 1535 abstinentia:
1904 1479 2126 1533 crudis-ti

541 1595 637 1634 nos
666 1587 721 1632 et
753 1577 1006 1646 parvulus
1034 1586 1250 1629 nostros
1276 1589 1380 1627 non
1408 1573 1516 1626 alta
1537 1586 1728 1639 sapere
1757 1572 1806 1624 in
1831 1585 2124 1625 conversa-

543 1673 687 1730 tione
712 1686 831 1724 sua.
863 1669 1154 1723 Revertere
1180 1683 1308 1737 ergo
1337 1666 1402 1720 ad
1437 1665 1609 1719 locum
1651 1673 1822 1732 tuum,
1851 1680 1955 1717 non
1979 1665 2123 1719 enim

545 1775 734 1828 parum
765 1758 1044 1813 atdilicasti
1078 1772 1195 1820 nos,
1229 1757 1535 1810 beatissime
1563 1755 1740 1820 Pater,
1773 1763 1942 1809 etora
1972 1754 2118 1808 indc-

537 1851 778 1905 sinenter
812 1864 908 1918 pro
938 1848 1113 1902 nobis.

606 1944 848 2009 Quodam
891 1951 1129 2008 tempore
1166 1938 1486 1994 visitationis
1525 1947 1687 2008 atque
1743 1936 2120 1992 :ediﬁcationis

536 2036 700 2103 gratia
738 2033 948 2102 perrexi
989 2047 1089 2101 ego
1133 2033 1197 2086 ad
1241 2047 1392 2096 cum,
1433 2041 1484 2086 et
1525 2031 1704 2086 inveni
1755 2039 1880 2086 ante
1923 2030 2119 2084 ostium

536 2126 657 2180 atrii
689 2125 806 2194 ejus
831 2123 1100 2193 jacentem
1141 2123 1424 2194 quemdam
1460 2124 1827 2193 presbyterum
1859 2131 1968 2176 toto
1995 2136 2120 2174 cor-

537 2219 669 2287 pore
695 2218 960 2272 ulceribus
991 2216 1232 2285 plenum,
1257 2217 1444 2285 capitis
1470 2226 1645 2269 autem
1674 2215 1790 2284 ejus
1818 2214 1979 2268 etiam
2009 2214 2118 2280 ipsa

535 2323 658 2376 ossa
693 2317 1162 2377 computrucrunt,
1194 2309 1282 2376 qui
1320 2307 1441 2363 ideo
1484 2307 1799 2373 advenerat,
1832 2317 1888 2361 ut
1916 2307 2119 2360 oratio-

537 2402 694 2456 nibus
719 2403 836 2471 ejus
860 2399 1140 2455 sanitatem
1172 2403 1451 2469 reciperet.
1477 2401 1584 2456 Sed
1610 2411 1829 2456 sanctus
1854 2398 2122 2453 Macarius

537 2506 644 2546 non
669 2490 993 2559 suscipiebat
1038 2505 1160 2544 eum
1209 2505 1222 2544 :
1263 2504 1364 2558 ego
1409 2499 1588 2543 autem
1643 2491 1904 2558 prostravi
1938 2503 2022 2542 me
2066 2487 2117 2540 in

537 2593 735 2636 terram
777 2580 844 2635 ad
883 2580 1046 2650 pedes
1091 2580 1229 2650 ejus,
1271 2589 1330 2634 et
1365 2580 1690 2648 deprecabar
1731 2590 1788 2633 ut
1826 2580 2121 2646 susciperet

535 2689 680 2729 eum.
721 2673 1179 2741 Resp‘ondensque
1219 2673 1300 2726 vir
1335 2671 1546 2738 beatus,
1589 2671 1722 2726 dixit
1760 2672 1929 2726 mihi:
1977 2672 2116 2725 lndi-

516 2783 671 2840 guns
706 2777 790 2824 est
838 2777 894 2822 ut
933 2753 1215 2822 sanitatem
1268 2765 1524 2835 recipiat,
1565 2765 1660 2820 sed
1699 2765 1866 2835 magis
1907 2765 2119 2834 increpa

537 2875 685 2924 eum,
715 2869 770 2913 ct
796 2857 964 2914 suade
989 2859 1061 2924 ei,
1092 2866 1151 2912 ut
1191 2871 1295 2911 non
1325 2856 1518 2910 audeat
1556 2857 1813 2912 accedere
1840 2856 1905 2910 ad
1940 2869 2120 2910 sacro-

533 2964 778 3007 sanctum
809 2952 978 3006 altare
1004 2949 1250 3014 Domini,
1302 2958 1357 3004 et
1403 2949 1597 3004 oll'erre
1647 2948 1964 3002 sacrilicium
2018 2947 2122 3000 Do-

529 3045 701 3107 mino,
731 3043 855 3114 quia
884 3041 1193 3097 fornicando
1221 3040 1404 3105 offert;
1441 3048 1656 3109 propter
1685 3039 1783 3092 hoc
1809 3037 2115 3107 castigatur.

536 3135 714 3191 Suade
741 3147 869 3204 ergo
894 3134 942 3188 ei
974 3141 1033 3187 ut
1057 3133 1338 3201 resipiscat
1363 3144 1412 3187 et
1444 3132 1760 3200 condignam
1793 3139 1917 3200 agat
1949 3131 2119 3197 paeni-

539 3227 786 3291 tentiam,
818 3235 877 3279 ut
902 3223 1324 3278 misericordiam
1357 3239 1384 3275 a
1418 3225 1641 3276 Domino
1673 3233 1944 3276 mercatur
1983 3221 2124 3274 acci-

537 3330 686 3384 pere.
731 3315 916 3384 Itaque
960 3329 1059 3383 ego
1089 3326 1340 3382 egressus
1382 3313 1447 3365 ad
1481 3314 1626 3365 illuni
1678 3313 1970 3376 illlil'lllllll‘l,
2007 3311 2121 3364 dixi

537 3409 590 3464 ei
620 3408 817 3462 omnia.
850 3407 915 3461 Et
944 3407 1031 3461 ille
1079 3406 1392 3460 terribiliter
1427 3408 1793 3470 conturbatus,
1831 3407 2122 3471 intremuit,

535 3499 839 3570 iuravitque
865 3499 988 3567 quia
1018 3499 1069 3551 in
1100 3497 1300 3551 exitum
1332 3497 1451 3549 vitae
1478 3513 1587 3549 sur
1618 3512 1720 3550 non
1753 3509 2028 3564 usurparet
2059 3497 2123 3550 ad

533 3591 706 3645 altare
737 3590 944 3645 Domini
972 3588 1252 3643 accedere.
1288 3588 1412 3641 Post
1445 3587 1558 3642 hate
1589 3588 1838 3654 prwcepit
1869 3598 1926 3640 nt
1951 3591 2127 3656 ingre-

533 3682 773 3749 deretur,
821 3682 1164 3749 suscepitque
1192 3695 1338 3743 eum,
1373 3690 1427 3734 et
1479 3679 1612 3733 dixit
1667 3679 1714 3733 ei
1746 3697 1757 3731 :
1789 3679 1975 3734 Credis
2002 3681 2123 3747 quia

538 3775 682 3830 Deus
708 3783 789 3828 est
833 3789 992 3843 quem
1039 3773 1170 3828 nihil
1219 3773 1384 3827 latet?
1414 3773 1752 3843 Respondit:
1801 3774 1991 3837 Etiam,
2026 3777 2124 3827 do-

535 3867 702 3920 mine.
736 3866 877 3920 Dixit
905 3867 994 3921 ei:
1043 3865 1291 3934 Nunquid
1325 3866 1540 3934 potuisti
1588 3867 1811 3920 illuderc
1839 3876 1931 3921 aut
1962 3867 2126 3919 latere

537 3955 742 4008 Deum?
775 3943 1066 4023 Respondit
1093 3973 1106 4010 :
1134 3955 1268 4010 Non.
1300 3957 1384 4010 Ait
1407 3972 1534 4026 ergo
1566 3975 1577 4009 :
1604 3957 1660 4015 Si
1689 3973 1817 4027 ergo
1847 3959 2126 4028 cognoscis

539 4046 671 4100 tanti
709 4046 946 4100 criminis
989 4057 1266 4116 peccatum
1301 4056 1470 4113 tuum,
1500 4059 1552 4102 et
1585 4049 1678 4102 Dei
1718 4051 2122 4118 castigationem

538 4137 811 4206 intelligis,
843 4153 938 4206 pro
969 4152 1072 4207 qua
1099 4153 1256 4191 causa
1292 4140 1419 4193 tanti
1461 4140 1583 4192 tnali
1617 4141 1768 4210 plaga
1809 4141 1860 4193 in
1899 4156 2126 4210 corpore

535 4238 628 4283 tuo
661 4239 762 4296 est,
800 4229 1025 4296 ideoque
1051 4243 1339 4294 percussus
1369 4245 1458 4293 es;
1490 4244 1640 4284 cessa
1672 4247 1699 4282 a
1733 4231 1884 4284 malis
1917 4231 2042 4294 tuis,
2072 4239 2124 4283 et

534 4320 745 4390 corrige
772 4321 838 4376 de
865 4329 1084 4385 car-tero,
1113 4329 1172 4374 et
1194 4323 1449 4376 conlitere
1469 4336 1683 4392 semper
1708 4337 1829 4376 cum
1875 4321 2125 4391 lacrymis

535 4413 883 4482 pmnitentiae,
941 4421 996 4465 et
1022 4412 1228 4466 intimo
1271 4413 1447 4466 cordis
1488 4413 1672 4467 dolore
1725 4413 1776 4466 in
1831 4423 2121 4482 conspectu

535 4505 745 4558 Domini
797 4515 1072 4573 peccatum
1118 4516 1291 4567 tuum,
1323 4513 1376 4556 ut
1408 4505 1458 4557 in
1487 4504 1574 4558 die
1609 4503 1794 4572 judicii
1825 4507 1999 4571 possis
2026 4505 2120 4558 ali-
2153 4505 2202 4566 D

533 4612 692 4664 quam
735 4595 1156 4650 misericordiam
1200 4609 1264 4648 ac
1308 4595 1557 4663 pietatem
1597 4595 1805 4649 Domini
1855 4595 2116 4648 invenire.

534 4687 691 4740 Dt'dll
715 4701 842 4756 ergo
867 4695 1260 4740 sacramentum
1289 4699 1348 4737 se
1381 4700 1651 4752 nunquam
1680 4699 1919 4754 peccare,
1946 4698 2121 4754 neque

532 4775 598 4829 ad
647 4785 1044 4830 sacrosanctum
1093 4776 1259 4828 altare
1307 4775 1599 4840 accedere,
1650 4789 1748 4830 nec
1799 4775 2121 4830 oblationem

533 4881 881 4932 consecrare;
930 4867 1024 4922 sed
1066 4867 1204 4922 sicut
1251 4867 1368 4922 laici
1417 4851 1618 4922 sortem
1668 4867 1886 4922 habere.
1943 4869 2125 4938 Itaque

539 4965 658 5023 post
700 4957 814 5013 haec
865 4958 1116 5027 imposuit
1156 4957 1204 5012 ei
1247 4973 1494 5027 manum,
1526 4968 1581 5012 et
1626 4959 1810 5013 oravit
1839 4974 2029 5028 proco
2057 4962 2123 5014 ad

543 5047 843 5114 Dominum,
890 5059 944 5102 et
985 5049 1039 5104 in
1069 5049 1253 5118 paucis
1282 5050 1471 5105 diebus
1501 5065 1663 5104 sanus
1707 5051 1878 5105 factus
1904 5060 2008 5117 est,
2035 5067 2126 5106 ca-

538 5137 757 5208 pillique
783 5140 970 5208 capitis
999 5141 1116 5210 ejus
1146 5151 1453 5208 creverunt,
1485 5153 1537 5196 et
1562 5142 1691 5196 abiit
1715 5156 1904 5196 sanus.

607 5231 746 5299 Ipsis
781 5230 972 5287 diebus
1013 5233 1221 5287 oblatus
1251 5244 1334 5290 est
1373 5235 1420 5288 ei
1451 5235 1662 5302 ju\enis
1705 5235 1793 5301 qui
1824 5235 2120 5288 vexabatur

534 5321 602 5374 ab
631 5320 907 5375 immundo
929 5323 1137 5392 Spiritu,
1166 5335 1218 5378 et
1250 5325 1500 5393 imposuit
1533 5341 1747 5380 manum
1775 5339 1937 5395 super
1961 5337 2122 5396 caput

534 5417 675 5479 ejus,
696 5421 752 5465 et
776 5411 935 5476 aliam
963 5428 1124 5482 super
1150 5426 1332 5484 pectus
1355 5416 1493 5484 ejus,
1515 5426 1567 5470 et
1595 5416 1776 5470 tandiu
1809 5433 1970 5487 super
1997 5433 2118 5472 eum

529 5504 737 5582 oravit,
769 5517 1050 5572 usquequo
1084 5506 1136 5560 in
1167 5522 1287 5563 aera
1317 5509 1597 5577 suspendit
1621 5524 1742 5563 eum
1775 5509 1864 5565 ille
1894 5510 2122 5564 immun-

534 5593 633 5648 dus
659 5594 914 5664 spiritus:
937 5595 1147 5653 inllatus
1173 5608 1348 5654 autem
1381 5609 1523 5658 tctus
1552 5600 1802 5656 intumuit
1831 5617 1957 5670 puer
1978 5603 2118 5656 sicut

541 5696 676 5746 uter.
711 5688 784 5742 ita
826 5700 966 5746 utex
997 5691 1242 5748 omnibus
1283 5693 1538 5750 membris
1561 5709 1749 5762 aquam
1779 5695 2042 5762 hinderet,
2073 5703 2126 5751 et

2166 261 2372 318 VITAS
2413 262 2720 320 PATRUM.
3421 273 3424 276 ι
3671 282 3750 340 δα

2157 378 2205 436 Λ
2231 377 2408 442 subito
2433 379 2673 434 clamans
2713 387 3018 435 attenuatus
3045 389 3148 444 est,
3177 395 3239 437 ac
3278 381 3503 441 redditus
3535 404 3747 454 mensum

2230 484 2365 525 sure.
2395 469 2634 525 Tradidit
2661 484 2790 541 ergo
2811 485 2930 526 eum
2947 473 3081 541 patri
3107 486 3205 528 suo
3228 461 3431 541 sanum,
3456 493 3634 548 augens
3653 501 3746 544 eum

2236 563 2355 617 oleo
2402 571 2615 631 sancto,
2649 565 3011 635 prtecepitque
3041 575 3098 619 ut
3147 580 3243 634 per
3286 567 3604 642 quadraginta
3644 577 3747 642 dies.

2234 672 2407 727 neque
2454 671 2671 712 carnem
2703 658 2909 725 ederet,
2935 674 3108 730 neque
3132 661 3312 718 vinum
3353 677 3591 732 sumeret,
3621 678 3665 723 et
3695 672 3750 726 ita

2231 765 2395 804 sanus
2425 750 2664 805 redditus
2694 762 2793 806 est.
3123 757 3126 762 '

2303 840 2588 896 Referebat
2616 853 2791 896 autem
2826 843 2980 898 nobis
3009 843 3148 898 idem
3178 854 3394 903 sanctus
3421 849 3498 904 vir
3519 850 3746 922 Macarius,

2230 931 2527 987 admonens
2568 941 2623 987 ut
2663 947 2970 1001 caveamus,
2999 937 3191 1004 inquit,
3221 939 3556 996 multilormes
3583 945 3750 1000 insidias

2231 1021 2566 1087 daemonum,
2600 1023 2722 1092 quia
2755 1025 2985 1092 quodam
3029 1036 3270 1094 tempore
3299 1029 3456 1082 nimis
3492 1031 3536 1085 ei
3564 1033 3750 1090 moleste

2231 1109 2447 1165 fuerunt
2484 1112 2836 1181 cogitationes
2877 1128 3029 1167 vana:
3052 1114 3257 1181 gloriae,
3308 1117 3504 1171 scilicet
3543 1128 3592 1172 ut
3623 1123 3749 1188 quali-

2229 1217 2438 1270 cunque
2460 1201 2619 1256 tnodo
2635 1203 2887 1272 ejicerent
2912 1220 3034 1259 eum
3059 1207 3126 1260 de
3147 1207 3282 1261 cella
3305 1207 3434 1277 ejus,
3455 1220 3505 1264 et
3521 1210 3579 1264 de
3596 1224 3749 1268 secreta

2229 1295 2397 1348 eremi
2433 1296 2862 1361 conversatione,
2891 1309 3240 1369 suggerentes
3265 1299 3338 1366 ei,
3369 1311 3426 1354 ut
3453 1301 3750 1359 adiﬁcationis

2228 1385 2398 1455 gratia
2443 1387 2506 1441 ad
2554 1389 2847 1443 remedium
2899 1398 2954 1444 et
2997 1391 3255 1446 sanitates
3295 1391 3554 1447 hominum
3579 1394 3750 1450 Romam

2234 1491 2483 1547 pergeret
2531 1494 2628 1549 pro
2680 1481 2853 1535 salute
2903 1481 3200 1536 animarum
3256 1484 3564 1547 multarum;
3624 1486 3750 1540 inerat

2228 1569 2369 1624 enim
2400 1569 2447 1624 ei
2477 1571 2644 1641 gratia
2699 1572 2905 1628 Domini
2929 1582 3114 1628 contra
3142 1572 3443 1630 immundos
3476 1575 3681 1644 spiritus.
3703 1579 3750 1630 Et

2228 1677 2349 1717 cum
2396 1663 2597 1718 diutius
2645 1663 2955 1722 insisterent
3004 1667 3054 1719 ei
3089 1665 3394 1734 hujusmodi
3440 1667 3749 1737 cogitationes.

2155 1757 2199 1816 Β
2226 1763 2280 1809 et
2311 1768 2410 1807 nec
2451 1753 2626 1808 oranti
2667 1754 2716 1808 ei
2745 1767 3042 1822 cessarent,
3073 1755 3292 1824 jactavit
3317 1770 3378 1809 se
3408 1769 3590 1824 pronus
3613 1757 3654 1809 in
3676 1765 3735 1811 ter

2231 1859 2371 1910 ram,
2411 1853 2466 1898 et
2504 1845 2744 1898 extendit
2783 1844 2945 1913 pedes
2983 1859 3112 1899 suos
3143 1862 3170 1898 a
3199 1845 3330 1900 loris
3363 1846 3516 1900 limen
3551 1845 3652 1901 ostii
3675 1845 3744 1901 cel-

2228 1936 2348 1989 lula:
2377 1951 2488 1990 suae
2517 1937 2753 1990 clamans
2775 1947 2830 1991 et
2853 1937 3038 1992 dicens
3069 1952 3085 1992 :
3112 1937 3353 2004 Trahite,
3381 1936 3646 2006 dauuooes,
3670 1947 3730 1990 ira

2226 2025 2358 2088 hite,
2387 2029 2487 2096 cg'o
2517 2027 2658 2081 enim
2693 2026 2920 2095 pedibus
2961 2026 3096 2082 meis
3127 2041 3232 2081 non
3267 2027 3432 2092 vado;
3464 2027 3550 2082 sed
3575 2029 3612 2081 si
3639 2035 3743 2096 pete-

2224 2120 2345 2186 Stis,
2397 2135 2483 2174 me
2525 2120 2646 2174 hinc
2695 2118 2942 2174 abducite
2983 2137 2997 2172 :
3037 2134 3138 2189 ego
3187 2119 3387 2196 quippe
3445 2127 3596 2175 testor
3631 2120 3753 2174 Deum

2225 2211 2366 2279 quod
2413 2211 2496 2264 hic
2532 2212 2689 2278 jaceo
2731 2212 2795 2264 ad
2837 2226 3138 2278 vesperam.
3180 2213 3272 2267 Sic
3308 2211 3754 2282 ergojacuitusquo

2225 2301 2290 2355 ad
2338 2315 2638 2370 veSperain.
2702 2300 3051 2356 Posttnodum
3101 2303 3343 2358 surrexit
3393 2302 3456 2357 ad
3501 2311 3756 2356 consuetum

2225 2408 2360 2462 opus
2387 2392 2618 2446 Domini.

2297 2483 2596 2538 Referebat
2633 2493 2813 2537 autem
2855 2484 3011 2539 nobis
3049 2483 3118 2540 de
3156 2487 3391 2554 quodam
3431 2485 3579 2541 fratre
3600 2486 3754 2551 Marco,

2225 2577 2494 2630 monacho
2524 2577 2683 2632 nimis
2711 2577 3198 2642 abstinentissimo;
3230 2589 3450 2634 sanctus
3476 2581 3604 2635 enim
3630 2580 3755 2632 Maca-

2225 2648 2642 2738 rius‘presbyter
2669 2675 2805 2720 erat.
2831 2667 3053 2724 Dicebat
3077 2679 3254 2726 autem
3281 2688 3294 2724 :
3325 2671 3458 2739 Quia
3486 2670 3640 2725 notavi
3665 2667 3755 2722 mihi

2227 2767 2488 2827 tempora,
2529 2760 2753 2827 quando
2814 2759 3044 2814 traditur
3100 2771 3448 2816 sacrosancta
3489 2761 3756 2818 communio.

2227 2853 2338 2918 Ego
2385 2867 2652 2921 nunquam
2687 2852 2813 2908 dedi
2858 2857 3295 2910 communionem
3330 2855 3506 2910 Marco
3535 2853 3756 2915 monacho,

2227 2944 2320 2998 sed
2345 2943 2566 3012 angelus
2588 2945 2750 2997 dabat
2770 2945 2817 2997 ei
2845 2943 2912 2998 de
2933 2945 3118 3010 altari;
3141 2947 3315 3000 solum
3340 2955 3513 3000 autem
3537 2944 3758 2999 articulum

2231 3051 2485 3090 manuum
2556 3036 2732 3090 dantis
2800 3037 3063 3093 videbam.
3128 3038 3341 3094 Marcus
3390 3049 3555 3095 autem
3595 3037 3758 3108 juvenis

2156 3138 2200 3198 ρ
2230 3136 2366 3188 θην-ι,
2397 3133 2451 3180 et
2478 3125 2682 3178 Novum
2741 3125 3010 3197 Vetnsque
3040 3126 3205 3199 994
3227 3129 3615 3183 Testamentum
3637 3137 3760 3179 sacra

2231 3219 2519 3288 Scriptura:
2549 3221 2861 3294 memoriter
2892 3222 3291 3276 observaverat.
3348 3222 3638 3276 Mansuetus
3661 3218 3759 3270 ultra

2231 3313 2467 3375 modum,
2516 3323 2695 3368 casms
2735 3328 2896 3380 super
2937 3327 3142 3367 omnes.
3193 3313 3332 3368 Cum
3382 3325 3553 3369 autem
3577 3321 3696 3368 esset
3717 3311 3752 3362 in

2233 3403 2419 3457 ultima
2449 3412 2728 3458 senectute
2757 3414 2975 3458 sanctus
3004 3403 3290 3471 Macarius,
3327 3404 3539 3474 perrexi
3565 3403 3623 3456 ad
3649 3415 3757 3462 eum.

2230 3503 2284 3547 et
2315 3495 2493 3549 inveni
2527 3495 2722 3548 ostium
2753 3495 2964 3548 cellula:
2995 3495 3116 3564 ejus
3144 3497 3411 3550 clausum.
3461 3496 3607 3550 Stans
3627 3503 3760 3548 autem

2229 3586 2295 3638 ad
2327 3587 2550 3648 u—tium,
2595 3586 2961 3640 auscultaham
2991 3587 3116 3652 quid
3154 3587 3396 3652 diceret,
3446 3590 3524 3642 vel
3564 3599 3761 3651 cumquo

2231 3679 2573 3747 loqueretur;
2625 3679 2906 3734 audiebam
2937 3680 3077 3733 enim
3109 3696 3227 3734 eum
3259 3680 3581 3750 loquentem.
3623 3676 3762 3732 Patavi

2229 3781 2406 3824 autem
2441 3771 2580 3839 quod
2612 3769 2806 3839 aliquis
2856 3786 2976 3825 cum
3001 3770 3125 3839 ipso
3171 3782 3318 3826 e-set
3345 3788 3469 3826 cum
3499 3788 3596 3839 quo
3621 3771 3762 3834 loque-

2231 3875 2396 3917 retur.
2432 3863 2550 3931 lpse
2590 3865 2732 3918 enim
2775 3879 2899 3918 cum
2924 3863 3275 3918 centesimum
3307 3875 3490 3934 ageret
3519 3877 3688 3918 annum
3715 3858 3764 3912 si-

2228 3956 2443 4026 quidem
2499 3955 2609 4024 jam
2661 3966 2714 4010 et
2753 3955 2941 4010 dentes
2986 3955 3257 4024 amiserat.
3309 3957 3478 4027 Igitur
3506 3971 3614 4010 cum
3656 3959 3762 4006 esset

2226 4048 2398 4112 Solus,
2433 4046 2530 4100 sibi
2564 4044 2660 4114 ipsi
2701 4046 2960 4115 litigabat,
3010 4058 3065 4100 et
3089 4048 3258 4121 quasi.
3279 4047 3496 4116 corpori
3528 4060 3616 4100 suo
3651 4040 3762 4096 dice-

2229 4138 2318 4192 bat
2344 4155 2356 4191 :
2387 4138 2524 4203 Quid
2565 4137 2646 4191 vis
2684 4152 2716 4190 ο
2758 4147 2810 4190 tu
2849 4137 2941 4206 qui
2980 4137 3122 4200 ntale
3158 4139 3426 4193 senuisti?
3464 4153 3584 4194 ecce
3613 4137 3706 4205 jam
3727 4139 3764 4184 el

2228 4233 2407 4285 oleum
2449 4230 2700 4298 accepisti
2738 4237 2793 4283 et
2826 4229 3006 4286 vinum
3037 4244 3052 4283 :
3082 4229 3149 4284 de
3185 4240 3386 4285 caatero
3414 4229 3538 4298 qttid
3568 4229 3640 4282 vis
3661 4225 3762 4294 jam.

2225 4322 2497 4390 decrepite
2529 4323 2755 4378 senum?
2801 4323 3149 4394 semetipsum
3176 4323 3463 4394 increpans
3491 4323 3635 4377 etiam
3662 4325 3764 4373 utet

2227 4413 2474 4468 diabolus
2496 4412 2933 4467 confunderetur.

2300 4502 2580 4557 Referebat
2613 4504 2766 4558 nobis
2793 4505 2873 4556 vir
2899 4519 3122 4558 summae
3150 4505 3458 4559 sanctitatis
3481 4499 3763 4571 Paphnutius

2229 4596 2522 4663 d‘scipulus
2549 4597 2683 4664 ejus,
2711 4598 2962 4665 quoniam
2987 4597 3218 4668 quadam
3238 4598 3326 4651 die
3353 4598 3523 4653 leaena
3549 4593 3766 4661 accipiens

2230 4689 2463 4740 catulum
2511 4702 2663 4740 suum
2713 4702 2939 4755 ciccum,
2989 4688 3179 4742 obtulit
3231 4697 3429 4743 sancto
3478 4685 3701 4742 Macario,
3730 4686 3766 4730 el

2229 4781 2406 4847 capite
2446 4779 2662 4848 pulsans
2697 4781 2820 4832 atrii
2852 4780 2971 4849 ejus
2998 4782 3192 4836 ostium
3221 4784 3462 4850 aperuit,
3495 4789 3549 4834 et
3575 4777 3766 4845 ingressa

2211 4871 2449 4936 sedente
2486 4880 2669 4925 sancto
2698 4872 2812 4924 viro
2845 4872 3066 4939 projecit
3108 4873 3345 4927 catulum
3378 4872 3446 4926 ad
3481 4870 3650 4939 pedes.
3683 4866 3767 4932 lpae

2229 4973 2404 5018 autem
2432 4963 2700 5033 accipiens
2731 4979 2880 5031 eum,
2905 4963 3118 5030 exspuit
3146 4962 3199 5017 in
3225 4963 3581 5032 oculosejus,
3605 4969 3652 5014 et
3674 4967 3767 5010 ora-

2228 5055 2322 5120 vit,
2354 5057 2532 5111 statim
2563 5055 2742 5122 aperti
2787 5063 2912 5109 sunt
2939 5055 3080 5109 oculi
3126 5055 3266 5123 ejus,
3297 5065 3354 5110 et
3382 5055 3607 5124 aspexit.
3639 5050 3694 5103 Et
3717 5047 3769 5098 la-

2230 5148 2390 5200 ctavit
2417 5161 2537 5199 eum
2575 5146 2780 5213 leazna,
2815 5147 3116 5216 levavitque
3155 5161 3277 5200 eum
3300 5188 3314 5212 ,
3349 5145 3592 5210 ct,abiit.
3628 5143 3769 5196 Altera

2227 5237 2314 5290 die
2339 5237 2527 5304 pellem
2556 5237 2768 5290 ovinam
2792 5221 3050 5306 grandem
3079 5238 3258 5293 attulit
3285 5237 3334 5293 ei
3367 5237 3560 5294 lemna.
3583 5237 3770 5289 Sanctus

2227 5343 2356 5381 vero
2390 5328 2581 5396 pellem
2616 5330 2824 5392 \idens,
2857 5330 3067 5385 dicebat
3116 5330 3304 5386 lezente
3334 5349 3348 5384 :
3384 5331 3540 5394 Unde
3570 5329 3650 5382 tibi
3676 5326 3768 5382 hoc.

2226 5423 2330 5490 nisi
2386 5423 2508 5490 quia
2565 5421 2846 5476 comedisti
2915 5423 3194 5492 cujusdam
3254 5438 3432 5487 ovem,
3491 5421 3693 5477 forsitan
3732 5420 3770 5467 ei

2227 5513 2509 5583 pauperis?
2549 5514 2700 5580 Quod
2759 5530 2886 5584 ergo
2915 5519 2982 5570 de
3025 5515 3282 5585 injustitia
3334 5527 3424 5571 est
3465 5531 3570 5572 non
3609 5506 3771 5578 accipi”

2225 5619 2251 5656 a
2288 5614 2359 5659 te.
2411 5604 2502 5657 Illa
2551 5620 2678 5660 vero
2723 5606 2984 5662 inclinans
3027 5615 3188 5676 caput
3209 5623 3364 5662 suum
3397 5607 3452 5662 in
3484 5607 3771 5676 pavimento.

2177 5751 2179 5753 .
2229 5699 2312 5765 de,
2337 5698 2617 5754 ret-absim
2655 5684 2806 5768 eum,
2835 5708 2887 5756 et
2919 5701 2984 5756 ad
3011 5701 3181 5770 pedes
3225 5702 3397 5760 sancti
3429 5698 3664 5772 deposuit
3686 5690 3769 5762 pcl-
