3982 6354
188 336 296 393 365

183 456 316 511 lem.
352 455 467 522 Ipse
509 465 637 508 vero
664 448 875 504 dicebat
897 448 946 502 ei
995 465 1006 499 :

183 548 329 618 piant
361 545 527 608 illam,
559 541 659 596 nisi
688 541 815 594 mihi
847 537 1159 606 promiseris
1190 545 1247 590 ut
1277 550 1545 603 nunquam
1575 533 1770 587 amodo

182 636 477 691 contristes
502 646 786 702 pauperes,
819 627 1127 683 devorando
1155 624 1522 696 quadrupedia
1557 637 1766 678 eorum.

187 727 283 781 Illa
314 741 443 780 vero
473 728 626 793 quasi
672 721 1014 776 consentiens
1061 729 1188 772 nutu
1236 717 1429 786 capitis
1481 715 1582 777 sui,
1618 711 1769 783 quasi

184 816 538 887 promittebat
570 832 583 868 :
614 823 740 868 tunc
785 812 1025 880 suscepit
1073 810 1267 880 pellem
1316 809 1382 862 ab
1411 823 1495 863 ea.
1546 806 1610 861 Et
1642 805 1769 873 quid

184 910 441 967 mirable
469 915 573 972 est,
622 905 840 973 fratres,
870 905 914 958 si
945 904 1203 958 Dominus
1246 911 1463 957 creator
1510 898 1769 962 omnium,

181 1003 283 1074 qui
313 1003 495 1055 leones
519 997 719 1053 Danieli
750 995 1026 1065 proiibetaz
1066 992 1438 1057 mansuefecit,
1472 992 1584 1061 ipse
1611 989 1770 1046 etiam

183 1104 243 1148 et
270 1092 505 1146 Macario
528 1090 751 1145 leaenam
782 1087 909 1143 fecit
933 1101 1053 1141 esse
1084 1085 1454 1140 mansuetam?

264 1205 485 1261 Dicebat
506 1213 685 1271 autem
710 1203 832 1270 quia
863 1217 927 1255 ex
958 1216 1064 1270 quo
1094 1199 1392 1267 baptizatus
1421 1206 1523 1260 est,
1555 1210 1659 1248 non
1689 1203 1776 1249 est

183 1299 404 1355 locutus
444 1297 674 1352 Otiosum
714 1309 1017 1350 sermonem
1052 1308 1066 1345 :
1108 1292 1501 1359 sexagesimum
1544 1287 1775 1341 habebat

180 1403 415 1454 annum,
444 1402 510 1441 ex
538 1403 643 1454 quo
669 1398 783 1439 erat
806 1384 1125 1451 baptizatus.
1176 1383 1305 1435 Erat
1353 1390 1529 1434 autem
1571 1387 1773 1431 statura

185 1481 394 1546 brevis,
425 1495 586 1546 super
615 1479 809 1533 labium
845 1476 1213 1531 tantummodo
1246 1474 1381 1541 pilos
1409 1473 1614 1526 habens
1639 1479 1691 1523 et
1723 1470 1773 1523 in

185 1575 502 1628 summitate
552 1572 734 1625 menti.
791 1571 865 1623 Ex
918 1570 1075 1622 nimia
1125 1566 1270 1623 enim
1318 1564 1656 1619 abstinentia'
1686 1563 1774 1631 pili

188 1662 379 1716 barba
416 1662 533 1731 ejus
573 1662 677 1715 rari
701 1661 810 1714 nati
839 1669 981 1713 sunt.
1028 1659 1161 1712 lIuic
1190 1656 1476 1724 aliquando
1498 1658 1776 1710 confessus

186 1768 356 1808 sum:
399 1752 535 1819 Quid
577 1751 791 1815 faciam,
834 1751 992 1814 abba,
1024 1750 1145 1819 quia
1185 1748 1535 1815 cogitationes
1574 1744 1774 1800 acedize

188 1842 454 1897 tribulant
493 1856 599 1902 me.
641 1841 881 1896 dicentes
916 1858 928 1893 :
965 1841 1100 1905 Quia
1147 1856 1178 1893 ιι

184 1934 265 1990 de
306 1934 407 1988 bac
446 1932 771 1988 solitudine?
811 1933 932 1998 Ipse
964 1942 1141 1985 autem
1180 1931 1313 1984 dixit
1351 1929 1477 1983 mihi
1504 1946 1517 1982 :
1547 1930 1638 1983 Dic
1675 1930 1774 1993 eis,

193 2026 337 2093 Quia
379 2035 594 2096 propter
616 2025 887 2080 Christum
917 2024 1004 2077 hic
1042 2024 1223 2087 sedeo,
1266 2032 1322 2076 et
1367 2024 1598 2091 parietes
1646 2024 1779 2076 istos

189 2116 461 2173 custodio.
488 2116 612 2171 Htec
635 2131 797 2185 pauca
832 2131 899 2171 ex
923 2115 1102 2170 multis
1137 2114 1254 2183 ejus
1288 2114 1524 2167 mirificis
1552 2113 1778 2167 iudicavi

186 2209 383 2278 gestis.

805 2274 1033 2330 CAPUT
1077 2274 1166 2328 X1.

647 2388 723 2440 De
751 2389 892 2440 beato
911 2385 1111 2439 Joanne
1139 2385 1340 2440 abbate.

272 2504 530 2559 Dicebant
567 2504 738 2558 sancti
764 2502 948 2557 Patres
990 2502 1057 2555 de
1092 2511 1278 2554 sancto
1305 2500 1530 2563 Joanne,
1559 2500 1647 2568 qui
1690 2514 1779 2553 co-

192 2596 612 2665 gnominabatur
653 2592 823 2647 Colob
853 2593 892 2655 ί,
935 2592 1057 2659 quia
1107 2606 1227 2644 cum
1273 2592 1337 2642 de
1384 2591 1571 2642 messis
1620 2604 1780 2659 opere

194 2693 563 2741 reverteretur
590 2682 742 2737 valde
765 2681 1035 2750 fatigatus,
1061 2679 1476 2747 repra-sentabat
1498 2694 1555 2733 se
1584 2681 1782 2733 sanctis

195 2776 524 2842 seniOribus,
561 2777 797 2842 factaque
826 2788 945 2828 cum
976 2774 1054 2827 eis
1085 2773 1349 2833 oratione,
1386 2772 1563 2824 statim
1595 2785 1782 2840 perge-

194 2867 291 2921 bat
316 2867 380 2920 ad
402 2867 590 2933 cellam
619 2881 790 2930 suam,
814 2875 867 2919 et
892 2880 986 2933 per
1016 2864 1181 2917 multa
1212 2875 1451 2932 tempora
1486 2864 1535 2915 in
1567 2863 1783 2916 silentio

196 2958 426 3014 vacabat
482 2958 809 3013 orationibus
866 2968 920 3011 et
980 2956 1294 3010 lectionibus
1352 2970 1413 3008 ac
1454 2954 1782 3008 meditationi

198 3048 602 3117 Scripturarum
633 3056 958 3111 sanctarum,
978 3028 1047 3099 ἐι
1078 3060 1237 3114 opera
1269 3060 1520 3098 manuum
1549 3045 1785 3113 quotidie

198 3155 484 3204 exercens,
531 3140 731 3193 nullum
766 3139 829 3192 ad
864 3154 925 3193 se
955 3139 1295 3208 permittebat
1324 3141 1522 3192 venire.
1572 3130 1785 3192 Dicebat

180 3234 343 3289 enim
374 3250 388 3285 :
434 3231 693 3302 Quoniam
727 3246 819 3299 per
847 3231 1178 3285 occasionem
1211 3231 1261 3283 in
1296 3232 1482 3285 messis
1510 3245 1672 3297 Opere
1702 3229 1784 3283 di-

196 3328 493 3397 spergitur,
520 3335 572 3381 et
602 3327 1033 3396 pervagationem
1066 3325 1262 3392 patitur
1300 3325 1492 3377 mentis
1537 3324 1781 3387 intentio,

194 3428 252 3474 et
283 3419 406 3473 ideo
430 3418 655 3472 diversis
682 3416 1091 3485 cogitationibus
1116 3415 1399 3484 obligatur.
1425 3415 1666 3470 Addebat
1687 3430 1785 3470 au-

199 3520 308 3566 tem
347 3509 450 3564 sibi
493 3510 661 3579 magis
706 3508 1109 3576 abstinentiam,
1145 3508 1328 3562 dicens
1361 3526 1373 3563 :
1404 3509 1539 3574 Quia
1570 3517 1788 3577 propter

199 3600 439 3655 laborem
472 3600 662 3654 messis
691 3599 743 3652 in
774 3598 961 3652 diebus
993 3598 1095 3652 illis
1125 3599 1360 3664 quotidie
1391 3615 1580 3667 panem
1621 3600 1673 3653 in
1701 3614 1787 3653 sa-

201 3694 422 3748 turitate
451 3692 699 3748 edebam.
756 3690 905 3745 Nune
944 3700 1121 3746 autem
1146 3693 1395 3761 quoniam
1430 3693 1478 3744 in
1508 3692 1643 3746 cella
1670 3707 1786 3746 mea

198 3786 442 3855 quiesco,
475 3791 688 3853 oportet
723 3797 810 3838 me
837 3782 1209 3837 abstinentiam
1243 3792 1295 3836 et
1325 3783 1534 3851 vigilias
1565 3782 1784 3847 addere,

199 3969 507 4026 termissum
530 3977 633 4024 est.

260 4082 499 4149 Quidam
539 4098 602 4137 ex
643 4081 896 4137 fratribus
938 4082 1402 4148 interrogaverunt
1432 4078 1571 4131 hunc
1611 4078 1783 4144 ipsum

200 4175 421 4230 beatum
447 4175 705 4230 Joannem
733 4173 803 4230 de
825 4188 987 4229 causa
1013 4171 1367 4226 abstinentiae.
1420 4169 1486 4223 Et
1516 4168 1789 4237 reSpondit

196 4267 306 4331 eis,
339 4266 567 4320 dicens:
597 4266 732 4332 Quia
759 4265 940 4320 Daniel
985 4263 1242 4331 propheta
1285 4261 1415 4315 dixit
1447 4278 1460 4314 :
1496 4261 1689 4314 Panem
1735 4259 1787 4311 iu

197 4355 636 4425 concupiscentia
681 4372 786 4409 non
825 4354 1032 4409 comedi
1060 4354 1223 4423 (Dan.
1254 4355 1336 4423 x).
1370 4353 1587 4407 Dicebat
1627 4352 1788 4406 etiam

200 4446 477 4500 monendo
505 4446 696 4501 fratres
722 4464 734 4499 :
761 4446 1124 4507 Considerate,
1155 4445 1510 4507 dilectissimi,
1538 4445 1787 4513 quoniam

201 4537 336 4592 nihil
378 4536 564 4592 fortius
602 4548 684 4591 est
722 4538 775 4591 in
816 4538 998 4591 bestiis
1041 4538 1222 4600 leone,
1263 4546 1316 4591 et
1354 4546 1529 4591 tamen
1570 4543 1791 4605 pr0pter
1820 4539 1873 4599 Ι)

203 4637 455 4684 ventrem
504 4644 657 4682 suum
707 4629 849 4693 cadit
897 4629 948 4681 in
996 4628 1263 4697 laqueum,
1296 4636 1351 4681 et
1395 4627 1484 4681 illa
1526 4626 1708 4681 feralis
1738 4636 1791 4681 et

202 4736 398 4791 magna
432 4700 684 4774 fortitudo
710 4721 826 4789 ejus
855 4720 1180 4775 humiliatur.
1213 4721 1326 4774 Tali
1355 4722 1516 4776 etiam
1542 4722 1790 4791 exemplo

204 4813 326 4880 ipse
354 4813 534 4867 leatus
556 4813 787 4867 Joannes
815 4813 1109 4866 instruebat
1130 4812 1339 4878 fratres,
1364 4813 1548 4868 dicens
1574 4830 1588 4867 :
1613 4813 1669 4868 Si
1698 4830 1789 4867 vo-

202 4903 370 4957 luerit
405 4904 695 4973 imperator
728 4903 956 4972 aliquam
988 4902 1414 4957 adversariorum
1444 4905 1687 4958 obtinere
1713 4905 1788 4958 ci-

203 4979 449 5056 vitatem,
484 4993 629 5063 prius
658 5008 835 5048 escam
877 5007 1061 5047 eorum
1111 5004 1162 5047 et
1194 5002 1372 5063 potum
1415 4993 1701 5059 interdicit,
1733 5004 1788 5049 et

204 5085 279 5137 ita
322 5085 639 5138 necessitate
671 5083 887 5138 contriti
935 5083 1304 5150 humiliantur,
1334 5094 1388 5137 et
1418 5085 1644 5152 imperio
1674 5085 1789 5153 ejus

206 5173 585 5243 subjiciuntur.
611 5174 867 5229 Similiter
890 5189 1101 5243 quoque
1130 5174 1406 5242 passiones
1435 5190 1497 5231 ac
1521 5176 1643 5229 vitia
1670 5192 1790 5232 cor-

208 5265 358 5335 poris
388 5266 577 5331 nostri,
607 5265 650 5319 si
682 5264 818 5319 fame
844 5264 1170 5335 jejuniorum
1200 5279 1261 5319 ac
1310 5265 1489 5320 labore
1515 5282 1790 5321 maceren-

208 5366 300 5411 tur
326 5357 643 5426 vigiliarum,
669 5365 793 5409 tunc
822 5356 980 5410 etiam
1010 5355 1431 5410 adversariorum
1461 5366 1788 5423 nostrorum,

208 5446 465 5503 videlicet
508 5447 808 5501 dtemonum
838 5488 852 5509 ,
903 5448 1072 5502 virtus
1115 5446 1439 5511 humiliatur,
1486 5464 1644 5518 quam
1700 5465 1792 5517 per

206 5535 454 5605 corporis
484 5537 649 5591 nostri
685 5535 1048 5591 fortitudinem
1072 5545 1257 5592 contra
1288 5552 1382 5592 nos
1416 5538 1573 5608 impie
1616 5540 1790 5596 solent

205 5641 485 5682 exercere.

285 5763 305 5802 ⁸
335 5761 498 5821 Deest
518 5762 799 5819 Heraclidi.

1460 326 1777 384 PALLADII
1822 327 2186 384 LAUSIACA.

1057 445 1170 499 Dixi
1202 445 1295 499 tibi
1328 444 1446 512 quia
1480 458 1584 496 non
1616 444 1759 495 acci-
1798 441 1844 500 Α

3347 329 3456 387 566

2476 438 2697 493 CAPUT
2741 437 2853 491 XII.

2257 531 2329 585 De
2353 531 2616 586 Marciano
2648 536 2843 603 famulo
2866 530 3072 589 Christi.

1943 623 2047 678 Sed
2068 634 2121 678 et
2141 623 2207 677 de
2231 623 2426 676 famulo
2446 624 2637 678 Christi
2665 625 2925 679 Marciano
2947 624 3122 679 simile
3143 625 3453 694 exemplum

1872 714 2163 770 referemus
2185 719 2224 771 ‘.
2250 716 2416 771 Soror
2443 717 2559 786 ejus
2583 733 2702 771 cum
2737 720 2843 770 lilio
2872 733 2969 771 suo
2995 718 3125 773 abiit
3152 719 3216 772 ad
3246 734 3368 773 eum
3400 721 3452 773 in

1876 807 2279 872 monasterium,
2313 817 2368 862 ut
2415 817 2535 873 post
2572 810 2732 862 multa
2764 818 3000 880 tempora
3033 810 3271 863 vigilaret
3299 825 3449 871 eum.

1876 900 1993 967 Ipse
2031 909 2207 953 autem
2247 916 2487 955 sororem
2529 916 2679 955 suam
2719 904 2965 969 accipere
3003 916 3106 956 non
3164 903 3453 972 acquievit,

1876 1006 1975 1045 nec
2007 993 2213 1057 videre;
2257 995 2422 1047 filium
2462 1008 2637 1049 autent
2667 995 2781 1064 ejus
2821 997 3072 1064 suscvipit.
3114 998 3213 1064 Qui
3254 998 3457 1052 intente

1876 1082 2300 1151 deprecabantur
2325 1099 2444 1138 eum
2473 1096 2525 1139 et
2548 1087 2795 1147 petebant
2821 1096 2875 1139 ut
2895 1087 3190 1153 suscipervt
3218 1091 3451 1149 tunicam

1877 1180 1929 1223 et
1956 1172 2171 1239 pallium
2203 1187 2321 1241 quae
2349 1174 2661 1228 detuliSsent
2687 1174 2756 1228 ei.
2788 1174 2892 1229 Sed
2924 1176 3090 1229 noluit
3124 1177 3332 1242 penitus
3364 1192 3453 1231 su-

1876 1262 2100 1330 scipere,
2126 1263 2341 1317 dicens:
2362 1266 2441 1317 Ab
2465 1264 2680 1317 infantia
2706 1280 2821 1319 mea
2844 1280 3008 1335 usque
3032 1266 3083 1319 in
3109 1267 3243 1320 hanc
3266 1268 3449 1321 horam

1880 1352 2135 1406 Dominus
2167 1369 2316 1408 meus
2344 1370 2429 1408 tne
2460 1355 2790 1423 gubernavit,
2825 1358 2984 1410 etiam
3017 1373 3184 1427 usque
3216 1359 3267 1412 in
3297 1360 3453 1411 finem
3528 1422 3531 1423 ν

1879 1443 2054 1498 exitus
2086 1446 2187 1500 ntei
2226 1446 2339 1514 ipse
2369 1446 2495 1499 mihi
2530 1447 2783 1514 prarliebit
2808 1449 2981 1501 omnia
3014 1465 3129 1516 qua:
3160 1449 3456 1501 oecos~aria

1878 1544 2032 1600 sunt;
2062 1550 2165 1588 non
2189 1536 2330 1590 enim
2354 1536 2569 1605 expedit
2593 1537 2702 1591 lucc
2734 1536 2784 1590 in
2811 1539 3110 1592 carnalibus
3132 1539 3455 1606 parentibus,

1881 1638 2164 1695 expeCIare
2202 1639 2294 1682 aut
2320 1630 2610 1697 suscipere.
2661 1629 2752 1684 Hle
2784 1640 2958 1683 autem
2993 1631 3275 1698 prOSIravit
3304 1646 3361 1684 se
3389 1632 3455 1684 ad

1884 1718 2044 1786 pedes
2065 1718 2203 1788 ejus,
2228 1719 2413 1779 dicens
2448 1739 2460 1773 :
2491 1720 2603 1775 Non
2648 1730 2894 1791 tanquam
2936 1722 3161 1790 parenti,
3203 1723 3295 1777 sed
3342 1732 3457 1777 tau-

1184 1809 1279 1893 ihii
1321 1840 1435 1906 agis
1455 1879 1468 1901 ,
1518 1839 1775 1908 egredere
1806 1816 1855 1877 B
1883 1822 2041 1877 quam
2073 1824 2237 1863 servo-
2254 1809 2343 1863 Dei
2384 1820 2437 1864 et
2463 1812 2721 1864 monacho
2752 1815 2864 1865 lucc
2890 1811 3180 1866 offerimus.
3213 1812 3454 1882 Responv

1883 1902 2015 1956 dens
2076 1911 2254 1957 autem
2297 1903 2481 1957 beatus
2524 1904 2687 1956 abbas
2747 1904 3070 1967 Marcianus,
3111 1903 3243 1957 dixit
3286 1921 3301 1959 ε
3354 1906 3457 1961 Per

1883 2003 2013 2061 quot
2054 1994 2371 2048 monasteria
2410 1993 2630 2049 venistis
2660 1995 2728 2049 de
2766 1996 2954 2050 itinere
2993 1995 3057 2048 ad
3088 1996 3222 2048 nos?
3245 1995 3344 2063 Qui
3374 2011 3461 2052 re-

1883 2080 2170 2147 spondens,
2203 2080 2335 2133 dixit
2359 2081 2406 2133 ei
2439 2098 2451 2131 :
2488 2080 2716 2134 Plurima
2746 2080 3066 2135 montSIeria
3098 2079 3455 2143 transivimus.

1884 2170 1949 2224 Et
1979 2186 2171 2242 quare,
2202 2172 2390 2237 inquit,
2421 2187 2523 2226 non
2550 2171 2770 2227 dedistis
2797 2188 2860 2227 ex
2890 2172 2972 2225 his
3002 2171 3333 2227 vestimentis
3360 2176 3456 2235 eis.

1885 2276 2135 2333 tanquam
2176 2267 2346 2321 servis
2379 2267 2467 2321 Dei
2511 2278 2565 2322 et
2594 2268 2901 2322 monachis?
2933 2269 3049 2337 Ipse
3078 2285 3206 2325 vero
3235 2286 3453 2340 respon-

1885 2358 1933 2408 di
1956 2371 2035 2419 ns,
2071 2358 2203 2411 dixit
2230 2375 2243 2411 :
2270 2358 2401 2426 Quia
2433 2359 2560 2413 nulli
2589 2360 2784 2424 aliquid
2813 2360 3076 2415 dedimus.
3125 2362 3212 2416 Ait
3241 2377 3369 2433 ergo
3397 2364 3463 2417 ad

1885 2463 2007 2501 eum
2051 2449 2237 2502 beatus
2277 2449 2577 2503 Marcianus
2612 2468 2622 2503 :
2659 2450 2793 2505 Ecce
2834 2451 3170 2505 manifestum
3212 2462 3313 2514 est,
3343 2450 3464 2519 quia

1888 2554 1992 2591 non
2034 2553 2187 2593 servo
2212 2539 2306 2593 Dei
2346 2549 2400 2594 et
2438 2540 2721 2604 monacho,
2764 2542 2855 2595 sed
2898 2552 3145 2611 tanquam
3181 2544 3383 2609 parenti
3413 2554 3465 2598 et

1886 2631 2184 2699 prOpinqno
2210 2642 2389 2685 vestro
2420 2634 2529 2687 haec
2582 2633 2646 2686 ad
2688 2650 2773 2687 me
2802 2634 3085 2688 detulistis.
3131 2633 3311 2689 Noluit
3334 2649 3466 2705 ergo

1886 2724 2180 2790 Suscipere.
2241 2724 2547 2777 Orationem
2578 2733 2752 2778 autem
2781 2741 2875 2791 pro
2902 2726 2976 2780 eis
3006 2725 3359 2782 intentissima
3391 2729 3466 2781 fa-

1890 2814 2062 2881 ciens,
2096 2829 2194 2883 pro
2219 2816 2390 2870 salute
2422 2817 2717 2870 animarum
2751 2832 2934 2871 eorum
2967 2819 3246 2873 Dominum
3277 2820 3467 2888 depre-

1800 2946 1804 2951 .
1890 2916 2040 2960 catus
2066 2917 2169 2973 est,
2202 2916 2256 2961 et
2286 2908 2490 2961 dimisit
2522 2924 2634 2963 eos.
2670 2909 3034 2979 Prmcepitque
3064 2912 3141 2964 eis
3167 2922 3222 2965 ut
3253 2912 3469 2966 ulterius

1890 3011 2160 3064 nunquam
2188 2997 2431 3051 venirent
2457 2999 2521 3051 ad
2553 3013 2696 3052 eum.

2482 3088 2709 3145 CAPUT
2748 3089 2881 3144 XIII.

2207 3181 2278 3235 De
2312 3182 2521 3253 Virgine
2549 3183 2771 3253 quadam
2801 3184 2908 3238 solo
2938 3187 3154 3238 nomine.

1962 3273 2077 3325 Non
2121 3284 2295 3328 autem
2329 3277 2734 3345 przetermittam
2778 3292 2994 3331 narrare
3016 3278 3175 3331 etiam
3213 3278 3361 3333 etde
3390 3277 3473 3334 bis

1892 3366 1982 3433 qui
2011 3367 2485 3436 contemptibiliter
2514 3379 2919 3436 conversantur,
2943 3369 3009 3423 ad
3033 3370 3240 3424 Iaudem
3271 3371 3474 3425 scilicet

1892 3473 2079 3512 eorum
2110 3458 2196 3527 qui
2228 3444 2391 3513 vitam
2421 3460 2729 3528 emendant,
2762 3470 2817 3515 et
2844 3462 2911 3515 ad
2941 3461 3354 3517 admonitionem
3396 3464 3472 3517 Ie-

1891 3551 2142 3617 geutium.
2175 3549 2332 3619 Virgo
2352 3550 2594 3619 quaedam
2615 3552 2712 3605 fuit
2739 3551 2789 3606 in
2814 3552 3131 3607 Alexandria
3154 3553 3474 3624 (lleraclid.,

1891 3656 2005 3711 cap.
2030 3640 2112 3710 2),
2138 3641 2413 3695 schemate
2439 3642 2654 3711 quidem
2684 3644 2979 3698 indumenti
3014 3644 3250 3707 humilis,
3286 3659 3475 3712 prope.

1890 3736 1995 3789 sito
2042 3744 2218 3791 autem
2271 3739 2463 3793 mentis
2505 3739 2664 3799 elata.
2718 3739 2865 3793 dives
2914 3742 2967 3794 in
3018 3741 3255 3807 pecuniis
3297 3740 3475 3803 nimis,

198 3830 442 3855 "‘"""’
478 3830 686 3853 """'
723 3830 809 3838 ""
838 3830 1209 3837 """"""""
1247 3830 1295 3886 Τ
1335 3830 1534 3885 '.'°,"'".
1566 3830 1593 3835 “
1618 3830 1784 3883 ""1"
1845 3842 2163 3903 ,nunquam
2193 3837 2372 3883 autem
2407 3830 2722 3897 procedens,
2761 3840 2818 3885 et
2856 3846 3029 3899 neque
3060 3833 3357 3900 peregrino,
3387 3845 3475 3886 aut

198 3888 258 3931 ut
288 3883 665 3946 compenselur
691 3883 746 3930 et
779 3884 1057 3942 reparatur
1082 3875 1219 3943 quod
1255 3890 1305 3928 In
1350 3875 1455 3928 illis
1485 3874 1673 3929 diebus
1702 3890 1784 3926 ιιι·
1893 3920 2185 3946 “nudum”-
2274 3936 2367 3946 ω,
2418 3923 2651 3946 AM,__,_
2699 3926 2778 3946 μ,
2830 3926 3148 3946 *ψη-ηιμ,

1893 3920 2223 3988 virginibus,
2272 3936 2367 3976 seu
2414 3923 2654 3978 ecclesia:
2699 3926 2779 3979 vel
2830 3926 3151 3993 pauperibus
3196 3940 3474 3980 nummum

1893 4011 2179 4079 aliquando
2208 4012 2464 4080 porrexit.
2510 4013 2636 4067 Ilasc
2666 4015 2847 4069 multis
2878 4014 3094 4070 monitis
3122 4017 3337 4072 Patrum
3371 4034 3477 4073 nou

1893 4102 2088 4173 abjecit
2113 4104 2299 4159 silvam
2325 4106 2651 4160 divitiarum.
2680 4107 2807 4162 Erat
2831 4118 3008 4163 autem
3037 4109 3087 4164 ei
3108 4119 3161 4163 et
3182 4125 3347 4179 genus
3371 4127 3475 4164 non

1896 4196 2195 4261 minimum,
2238 4198 2293 4253 in
2331 4200 2523 4267 quibus
2560 4200 2830 4270 adoptavit
2869 4202 2970 4256 sibi
3011 4205 3171 4258 filiam
3211 4219 3476 4273 germana:

1894 4303 2028 4355 suae,
2059 4290 2144 4344 cui
2176 4302 2331 4346 nocte
2357 4301 2414 4347 et
2438 4294 2526 4347 die
2554 4295 2894 4362 promittebat
2920 4296 3269 4350 substantiam
3299 4311 3473 4352 suam.

1898 4382 1939 4433 Α
1967 4380 2175 4435 caelesti
2203 4382 2345 4437 enim
2372 4384 2638 4439 desiderio
2670 4395 2901 4441 mentem
2931 4388 3211 4441 alienatam
3234 4387 3471 4456 gerebat.

1898 4472 2117 4539 Species
2146 4473 2288 4528 enim
2319 4484 2371 4529 et
2409 4476 2462 4529 in
2496 4476 2597 4530 hoc
2626 4493 2809 4534 errore
2836 4478 3035 4534 diaboli
3061 4488 3164 4544 est,
3196 4480 3297 4533 sub
3323 4492 3399 4533 oc.
3419 4495 3476 4530 a-

1899 4563 2051 4619 sione
2078 4566 2279 4621 amoris
2308 4573 2535 4638 propriae
2562 4573 2924 4639 generationis
2972 4574 3024 4625 in
3051 4573 3268 4626 avaritia
3321 4573 3471 4626 labo-

1896 4667 2035 4709 rare.
2075 4654 2207 4719 Quia
2240 4656 2403 4726 995
2431 4666 2606 4713 autem
2638 4659 2712 4712 illi
2742 4675 2843 4712 nou
2874 4660 3108 4728 pertinet
3136 4667 3351 4726 propter
3379 4675 3472 4728 ge-

1899 4760 2023 4808 nus,
2054 4745 2148 4812 qui
2186 4744 2475 4801 fratricidia
2516 4757 2571 4802 et
2609 4749 2881 4817 patricidia
2920 4748 3096 4812 docet,
3133 4750 3471 4802 manifestum

1897 4843 2000 4888 est.
2042 4834 2146 4891 Sed
2186 4836 2231 4890 si
2269 4837 2510 4892 videatur
2539 4850 2813 4907 parentum
2863 4839 3278 4893 sollicitudinem
3330 4840 3477 4905 inge.

1898 4938 2043 4992 rere,
2075 4939 2180 4980 non
2225 4936 2386 4981 rectas
2417 4931 2612 4983 mentis
2658 4940 2799 4983 motu
2833 4930 2934 4983 hoc
2978 4928 3125 4996 facit,
3155 4927 3251 4983 sed
3282 4939 3339 4983 ut
3366 4932 3479 4983 aui-

1900 5030 2040 5069 mam
2090 5017 2288 5085 injuste
2337 5019 2579 5075 facientis
2635 5021 2686 5073 in
2730 5019 2965 5073 avaritia:
3019 5019 3210 5089 laqueo
3257 5021 3476 5091 obliget,

1898 5108 2074 5162 Sciens
2113 5112 2433 5166 sententiam
2473 5114 2597 5181 quia
2639 5113 2817 5180 injusti
2858 5124 2912 5167 et
2954 5116 3100 5168 avari
3131 5130 3351 5185 regnum
3388 5118 3477 5170 Dei

1897 5214 2004 5252 non
2031 5198 2419 5258 haereditabunt
2460 5204 2512 5275 (Ι
2543 5205 2660 5259 Cor.
2695 5206 2789 5274 vr).
2824 5205 3006 5261 Potest
3030 5218 3208 5262 autem
3234 5211 3477 5279 quisquis

1898 5289 2187 5357 prudenter
2223 5300 2278 5346 et
2317 5294 2699 5351 rationabiliter
2723 5338 2738 5360 ,
2781 5310 2881 5352 nec
2928 5312 3081 5354 suam
3130 5313 3477 5357 contemnere

1896 5381 2147 5446 animam,
2180 5386 2572 5453 etparentibus
2613 5389 2721 5441 suis
2764 5389 2994 5445 maxime
3022 5390 3067 5445 si
3093 5391 3361 5449 dehabeat
3392 5396 3471 5464 (6)

1896 5480 1948 5525 et
1976 5474 2281 5541 egentiorcs
2324 5487 2467 5541 sunt,
2495 5479 2910 5533 consolationem
2941 5492 3214 5551 praestare.
3247 5484 3475 5552 Quando

1897 5575 2073 5616 autem
2117 5564 2236 5631 quis
2277 5566 2503 5617 animam
2547 5581 2694 5621 suam
2736 5568 2961 5639 despicit
2999 5572 3322 5626 conferendo
3365 5588 3477 5625 sum

1900 5655 2195 5727 progeniei,
2235 5656 2350 5725 subj
2372 5669 2471 5711 teet
2498 5657 2620 5727 legi,
2674 5661 2795 5729 quia
2835 5663 2888 5717 in
2916 5676 3051 5715 vano
3075 5663 3141 5715 de
3167 5662 3341 5716 anima
3382 5678 3474 5716 sua
3519 5649 3534 5659 ’

2010 5773 2180 5827 .Deest
2203 5770 2484 5835 Heraclidi.
2520 5775 2910 5847 Tlteodorclus,
2947 5776 3201 5842 Philotiu,
3236 5790 3350 5843 cap.
3386 5775 3437 5838 5,
