3982 6354
473 336 572 389 3ὗ7

470 541 551 595 eis
580 537 669 607 qui
698 551 793 609 pro
829 534 1003 588 anima
1044 546 1141 585 sua
1184 528 1398 583 solliciti
1430 532 1555 580 sunt
1582 525 1633 579 in
1662 525 1852 578 timore
1881 541 1894 576 :
1929 523 2059 590 Quis

474 627 732 684 ascendet
778 626 831 679 in
859 631 1094 677 montem
1126 618 1360 679 Domini,
1404 616 1457 671 id
1505 624 1611 681 est,
1643 614 1765 682 quia
1806 612 2055 678 difficile,

472 728 565 774 aut
590 732 710 789 quis
739 715 901 773 stabit
946 715 1142 767 inloco
1178 720 1364 767 sancto
1388 707 1545 777 ejus?
1596 706 1855 761 lnnocens
1892 705 2063 758 mani-

474 816 575 871 bus
622 822 679 870 et
725 811 924 867 mundo
950 808 1133 873 corde,
1169 807 1258 877 qui
1289 819 1393 859 non
1436 802 1641 871 accepit
1684 802 1739 855 in
1771 814 1907 854 vano
1947 799 2063 853 ani-

475 923 618 963 mam
647 922 798 963 suam
824 901 998 977 (Paul.
1027 900 1211 971 uin).
1235 898 1323 952 Isti
1354 906 1531 951 autem
1566 898 1616 951 in
1650 909 1787 948 vano
1818 907 1937 948 eam
1965 906 2059 946 ac-

474 1001 697 1070 cipiunt,
726 1005 972 1068 putantes
996 1008 1113 1049 eam
1145 1006 1264 1047 cum
1285 1002 1513 1060 corpore
1539 985 1779 1051 dissolvi,
1804 984 1930 1039 dum
1956 983 2062 1038 vir-

478 1089 929 1159 tutes-negligunt.

547 1223 692 1277 Ilanc
718 1236 845 1287 ergo
887 1216 1176 1287 virginem,
1205 1222 1263 1269 ιιι
1293 1214 1365 1268 ita
1408 1211 1615 1277 dicam,
1648 1211 1832 1264 volens
1865 1208 2060 1264 ﬂexam

475 1315 695 1368 domare
725 1310 791 1365 ad
822 1308 1204 1364 revelationem
1235 1304 1475 1359 avaritia:
1524 1302 1899 1357 sanctissimus
1946 1301 2061 1355 Ma—

476 1406 651 1462 carius
694 1402 975 1471 presbytcr
1018 1406 1073 1453 et
1118 1395 1441 1468 praepositus
1483 1406 1775 1462 pauperum
1818 1392 2059 1460 leproso-

474 1512 591 1551 rnm
611 1536 626 1560 ,
655 1498 958 1563 composuit
986 1499 1041 1545 et
1069 1489 1273 1543 invenit
1302 1496 1471 1541 artem
1518 1485 1855 1554 hujusmutli;
1892 1483 2064 1539 fuerat

474 1589 613 1643 enim
641 1602 668 1639 a
696 1585 978 1654 juventute
1006 1596 1102 1635 sua
1132 1579 1474 1640 cambiarius,
1503 1576 1644 1649 quod
1684 1576 1868 1631 dicunt
1906 1590 2063 1646 gem-

477 1695 591 1736 nias
620 1677 948 1741 distrahere;
983 1676 1070 1743 qui
1100 1674 1231 1727 abiit
1271 1681 1326 1727 et
1363 1671 1497 1725 dixit
1542 1671 1631 1725 ei:
1667 1669 1895 1738 Lapides
1942 1684 2065 1739 pre-

476 1771 597 1826 tiosi
621 1767 887 1837 smaragdi
919 1777 972 1821 et
998 1765 1272 1836 hyacinthi
1306 1765 1645 1817 incurrerunt
1672 1763 1835 1829 mihi,
1869 1771 1924 1818 et
1951 1761 2067 1817 sive

477 1862 738 1918 inventitii
766 1862 901 1924 sint,
930 1859 1044 1914 sive
1074 1858 1253 1913 furtivi
1295 1856 1483 1912 dicere
1514 1872 1620 1911 non
1653 1871 1900 1921 possum;
1938 1871 2065 1927 pre-

472 1955 600 2010 tiosi
630 1962 807 2008 autem
837 1960 961 2006 sunt
994 1950 1175 2016 nimis,
1209 1950 1281 2003 ita
1316 1958 1370 2002 ut
1402 1964 1507 2003 non
1560 1948 1765 2017 possint
1814 1949 2068 2009 aestimari

480 2062 638 2117 quam
677 2044 923 2115 praeclari
963 2043 1287 2097 habeantur.
1325 2041 1519 2096 Vendit
1556 2051 1733 2096 autem
1775 2042 1866 2111 qui
1914 2041 2073 2095 habet

481 2155 574 2195 eos
619 2137 926 2209 quingentis
966 2136 1173 2190 solidis.
1203 2135 1258 2189 Si
1293 2136 1465 2204 placet
1517 2134 1612 2188 tibi
1644 2149 1738 2189 eos
1771 2133 1977 2202 tollere,
2006 2134 2072 2188 de

480 2244 595 2283 uno
626 2228 803 2298 lapide
852 2236 1003 2297 potes
1032 2224 1280 2295 accipere
1313 2225 1631 2295 quingentos
1670 2223 1903 2289 solidos;
1935 2224 2072 2279 alios

484 2329 663 2372 autem
713 2318 765 2372 in
805 2324 1125 2371 ornamento
1170 2315 1344 2384 neptis
1377 2324 1479 2369 tua:
1531 2316 1878 2384 praeparabis.
1912 2315 2075 2385 Virgo

484 2416 659 2462 autem
691 2407 1050 2462 intentissime
1080 2405 1308 2460 audiens
1332 2404 1598 2461 delectata
1629 2415 1745 2473 est,
1775 2416 1831 2462 et
1874 2407 2074 2463 eatlens

475 2501 550 2555 .ad
580 2501 744 2569 pedes
773 2500 909 2570 ejus,
940 2499 1113 2555 dixit:
1146 2500 1248 2555 Per
1279 2500 1618 2556 sanctitatem
1668 2510 1811 2555 tuam
1844 2517 1912 2556 ne
1954 2504 2074 2572 quis

476 2592 623 2646 alius
666 2604 758 2646 eos
804 2601 1099 2661 comparet.
1142 2589 1389 2645 Invitavit
1435 2607 1564 2661 ergo
1608 2607 1724 2645 eam
1769 2593 2071 2664 presbyter,

486 2684 709 2738 dicens:
746 2680 881 2737 Veni
923 2697 1091 2751 usque
1129 2682 1195 2735 ad
1234 2682 1422 2737 cellam
1476 2696 1680 2747 meam,
1713 2693 1764 2737 et
1795 2683 1915 2737 vide
1959 2696 2073 2737 eos.

487 2774 623 2842 Quae
661 2789 766 2829 non
806 2772 1103 2843 acquievit,
1131 2774 1223 2828 sed
1271 2773 1501 2828 adorans
1540 2789 1694 2838 eum,
1728 2773 1875 2829 dedit
1916 2774 2075 2844 quin-

487 2876 677 2937 gentos
706 2866 928 2933 solidos,
963 2865 1146 2920 dicens
1174 2882 1187 2919 :
1217 2865 1497 2932 Quomodo
1536 2867 1615 2920 vis
1666 2866 1793 2920 tolle
1832 2880 1945 2930 eos,
1978 2880 2078 2937 ego

488 2958 634 3013 enim
666 2971 881 3014 causam
910 2973 1015 3014 non
1047 2957 1240 3013 habeo.
1275 2957 1392 3027 Ipse
1434 2967 1613 3013 autem
1643 2959 1914 3028 accipiens
1951 2976 2076 3015 ero-

487 3055 629 3122 gavit
660 3052 1003 3123 pauperibus.
1030 3052 1299 3123 Tempore
1319 3061 1501 3107 autem
1531 3061 1826 3119 transacto,
1848 3067 1914 3107 eo
1935 3053 2074 3122 quod

489 3158 695 3213 magnae
754 3142 1023 3212 Opinionis
1070 3158 1134 3198 ac
1181 3143 1502 3199 reverentia:
1549 3152 1666 3198 erat
1719 3142 1804 3197 vir
1854 3141 1906 3199 in
1970 3151 2079 3199 tota

489 3234 812 3289 Alexandria
855 3244 1064 3290 amator
1092 3233 1219 3300 Dei,
1247 3242 1303 3290 et
1332 3236 1559 3290 multum
1594 3234 1901 3291 misericors
1930 3234 2076 3305 (pcr-

492 3331 713 3379 venerat
728 3323 870 3379 enim
889 3338 1058 3393 usque
1078 3323 1144 3380 ad
1163 3336 1380 3381 centum
1401 3340 1664 3380 annorum
1687 3328 1806 3396 ejus
1827 3336 2074 3395 senecta;

478 3432 619 3472 cum
641 3431 745 3488 quo
766 3417 926 3472 etiam
947 3427 1000 3473 et
1026 3433 1125 3472 nos
1144 3421 1460 3475 commorati
1485 3419 1713 3491 sumus),
1736 3421 2081 3476 reverebatur

492 3524 616 3565 eum
639 3522 984 3565 commonere
1006 3509 1310 3580 supradicta
1340 3512 1511 3581 virgo.

566 3643 647 3699 Ad
674 3643 920 3699 ultimum
948 3644 1227 3701 inveniens
1253 3660 1375 3701 eum
1404 3646 1458 3701 in
1488 3646 1739 3714 ecclesia,
1768 3644 1906 3700 dixit
1930 3662 1944 3699 :
1977 3644 2082 3700 Ro-

496 3752 565 3808 go
595 3745 667 3807 te,
698 3736 936 3805 domine,
970 3739 1097 3808 quid
1133 3738 1291 3808 jubes
1332 3748 1547 3809 propter
1572 3738 1778 3809 lapides
1824 3738 1946 3793 illos
1989 3752 2084 3806 pro

491 3828 686 3899 quibus
714 3829 958 3885 dedimus
997 3830 1316 3900 quingentos
1344 3830 1582 3885 solidos?
1629 3830 1730 3897 Qui
1770 3828 2081 3899 respondit,

495 3921 681 3976 dicens
702 3921 756 3976 ei
787 3938 800 3976 :
828 3921 911 3976 Ex
942 3929 1069 3977 tunc
1106 3938 1213 3992 quo
1230 3920 1437 3978 dedisti
1471 3921 1598 3977 mihi
1628 3935 1817 3975 aurum
1838 3960 1855 3987 ,
1888 3919 2083 3975 tradidi

498 4014 631 4068 illud
676 4018 729 4067 in
760 4015 987 4084 pretium
1024 4030 1389 4085 gemmarum,
1417 4024 1472 4071 et
1515 4016 1562 4071 si
1588 4016 1670 4071 vis
1698 4016 1883 4072 venire
1914 4025 1969 4072 et
1996 4014 2083 4069 vi-

501 4105 629 4161 dere
658 4107 712 4160 in
745 4105 974 4174 hospitio
1012 4107 1098 4161 ubi
1124 4116 1278 4175 sunt,
1309 4110 1430 4162 veni
1458 4116 1512 4162 et
1539 4108 1692 4174 vide;
1723 4109 1797 4163 ibi
1824 4109 1966 4163 enim
1995 4107 2084 4177 ja-

503 4206 647 4253 ccnt.
675 4188 740 4252 Et
767 4198 813 4252 si
839 4197 932 4254 tibi
959 4200 1283 4267 placuerint,
1309 4201 1479 4266 bene;
1508 4201 1590 4254 sin
1612 4215 1763 4267 vero,
1792 4201 1921 4255 tolle
1945 4200 2084 4269 quod

502 4300 652 4345 tuum
689 4296 805 4357 est,
837 4297 892 4345 et
927 4288 1083 4345 vade.
1112 4290 1242 4355 Quae
1291 4292 1692 4361 promptissime
1740 4292 1981 4361 perrexit
2020 4293 2086 4347 ad

502 4380 694 4435 cellam
719 4380 855 4448 ejus.
886 4379 1013 4434 Erat
1035 4369 1219 4435 autem.
1238 4380 1524 4450 hOSpltium
1552 4396 1843 4452 pauperum
1862 4424 1878 4448 ,
1907 4384 1958 4437 in
1983 4398 2089 4452 quo

503 4471 706 4539 Ieprosi
730 4470 999 4541 jacebant.
1028 4470 1083 4524 In
1113 4471 1454 4527 inferioribus
1479 4472 1693 4541 quidem
1723 4472 1953 4528 habebat
1982 4488 2094 4529 mu-

1591 319 1934 378 AI‘PENDIX
1980 320 2069 374 AD
2111 318 2311 376 VITAS
2354 317 2657 375 PATRUM.

469 447 685 518 cogitat.
732 443 928 499 Caniat
974 448 1151 495 autem
1203 445 1417 492 sanctus
1468 434 1739 503 psalmista
1790 432 1956 487 David
1994 432 2061 486 de
2093 438 2139 493 Α

3648 314 3770 375 568

2753 430 2977 488 CAPUT
3018 432 3151 488 XIV.

2312 519 2429 575 Vita
2457 531 2505 576 et
2535 523 2851 576 conversatio
2882 523 3051 593 Moysi
3072 524 3337 593 quondam
3367 523 3603 578 latronis,

2236 632 2459 700 Quidam
2510 633 2719 705 Moyses
2769 633 2985 688 nomine
3028 632 3349 703 (lleraclid.,
3381 650 3495 705 cap.
3525 632 3612 703 7),
3655 632 3776 689 Δί-

2168 727 2340 794 iliiops
2377 740 2593 795 genere,
2621 740 2810 780 servus
2836 725 3119 795 cujusdam
3171 724 3273 779 fuit
3319 725 3558 787 curialis,
3588 739 3777 793 quem

2166 826 2383 886 prepter
2424 818 2645 871 multam
2689 819 3093 886 perversitatem
3124 827 3177 871 et
3206 818 3345 872 furta
3376 826 3430 873 et
3470 818 3779 873 latrocinia

2168 911 2389 980 projeeit
2416 909 2664 964 dominus
2685 902 2825 979 ejus.
2857 911 3144 967 Dicebatur
3169 914 3310 966 enim
3341 912 3463 982 quia
3491 927 3673 982 usque
3698 911 3782 964 ad

2168 1002 2451 1057 homicidia
2486 1004 2837 1071 pervenisset.
2873 1002 3177 1072 Compellor
3218 1004 3361 1059 enim
3394 1003 3571 1059 dicere
3608 1003 3783 1056 mala

2167 1096 2300 1165 ejus,
2328 1105 2382 1151 ut
2404 1096 2681 1151 ostendam
2714 1097 2962 1152 virtutem
2996 1096 3267 1166 patientia:
3292 1098 3431 1167 ejus.

2251 1207 2535 1263 Dicebatur
2564 1222 2692 1277 ergo
2722 1208 2845 1276 quia
2884 1207 2989 1262 dux
3022 1208 3288 1264 latronum
3331 1220 3477 1276 erat,
3506 1210 3656 1265 sicut
3707 1225 3788 1264 ex

2169 1300 2295 1368 ipsis
2326 1300 2578 1369 operibus
2607 1299 2725 1367 ejus
2753 1299 3055 1354 ostenditur
3081 1300 3134 1354 in
3175 1300 3331 1355 furtis
3356 1309 3410 1356 et
3438 1300 3784 1356 latrociniis.

2172 1390 2409 1457 Denique
2452 1388 2664 1443 cuidam
2713 1388 2912 1457 pastori
2959 1388 3215 1444 malitiam
3268 1391 3529 1458 retinens,
3573 1391 3788 1445 subito

2170 1478 2335 1535 voluit
2362 1480 2414 1533 in
2439 1488 2593 1533 necte
2615 1477 2818 1533 irruere
2838 1486 2891 1533 et
2913 1478 3215 1535 interficere
3235 1494 3357 1534 eum
3380 1497 3392 1532 :
3420 1480 3776 1550 perquisivit

2170 1586 2346 1631 autem
2380 1575 2495 1630 loca
2537 1573 2624 1629 ubi
2655 1574 2833 1629 caulas
2864 1573 3087 1630 haberet
3111 1574 3323 1641 ovium;
3359 1576 3789 1644 indicatumque

2173 1677 2257 1722 est
2282 1666 2363 1733 ci,
2394 1665 2518 1735 quia
2549 1674 2697 1720 trans
2741 1665 2918 1720 Nilum
2944 1675 3137 1737 esset,
3166 1666 3384 1736 irrigato
3429 1665 3690 1732 ﬂumine,
3730 1679 3795 1723 et

2176 1769 2359 1813 tenere
2405 1760 2455 1811 in
2489 1758 2652 1811 latum
2700 1755 2977 1811 milliaria.
3007 1755 3102 1812 Ille
3132 1758 3401 1812 mordicus
3432 1767 3621 1813 tenens
3661 1760 3795 1828 gla-

2173 1851 2318 1905 dium
2351 1850 2402 1902 in
2434 1863 2549 1913 ore,
2582 1848 2814 1902 tunicam
2849 1848 3101 1917 imposuit
3127 1861 3288 1917 super
3312 1858 3467 1917 caput
3487 1864 3657 1903 suum
3679 1889 3700 1914 ,
3732 1860 3797 1904 et

2177 1941 2535 1996 transnatavit
2561 1939 2806 1993 fluvium.
2842 1938 2977 1992 Dum
3005 1953 3132 2008 ergo
3162 1939 3250 1993 ille
3282 1947 3519 2007 nataret,
3554 1940 3629 1993 ita
3665 1950 3795 1993 stu-

2174 2033 2288 2087 duit
2314 2041 2493 2102 pastor
2515 2031 2607 2085 ille
2630 2043 2689 2085 se
2712 2030 2984 2085 occultare
3004 2038 3060 2110 et
3091 2030 3275 2085 laeee.
3302 2029 3432 2084 Nam
3461 2030 3554 2086 ille
3579 2038 3795 2099 utpote

2177 2125 2314 2179 latro
2339 2132 2567 2194 quatuor
2596 2124 2795 2177 arietes
2826 2121 3057 2187 occidit,
3089 2134 3142 2178 et
3172 2123 3345 2193 ligans
3371 2137 3484 2189 eos,
3517 2123 3795 2177 trahens-

2176 2234 2279 2290 que
2310 2233 2405 2288 per
2434 2217 2632 2271 flumen
2660 2217 2853 2272 iterum
2881 2218 3161 2273 renatavit.
3196 2217 3262 2271 Et
3287 2232 3536 2288 egressus
3563 2218 3637 2272 de
3676 2216 3793 2271 ﬂu-

2179 2314 2321 2367 mine
2358 2312 2653 2368 echriavit
2694 2328 2807 2381 eos,
2855 2324 2909 2369 et
2955 2314 3246 2371 comedens
3297 2317 3493 2385 optima
3536 2331 3798 2385 queque

2177 2402 2446 2467 carnium,
2501 2403 2702 2473 reliqua
2744 2405 2799 2458 in
2829 2405 2949 2459 vina
2992 2405 3272 2470 distraxit,
3309 2405 3543 2475 hibitque
3581 2407 3795 2461 decem

2178 2503 2231 2547 et
2258 2502 2378 2548 octo
2410 2494 2623 2549 calices.
2655 2495 2951 2565 Statimque
2976 2497 3357 2567 quinquaginta
3398 2496 3654 2551 milliaria
3692 2499 3793 2552 iti-

2188 2598 2317 2639 nere
2356 2586 2456 2638 sub
2496 2586 2583 2639 die
2628 2583 2782 2649 fecit,
2816 2595 2869 2640 ct
2918 2588 3158 2655 pervenit
3190 2587 3257 2641 ad
3297 2587 3469 2641 locum
3496 2588 3587 2643 ubi
3615 2602 3798 2644 eratis

2182 2675 2313 2729 socii
2354 2676 2490 2743 ejus.
2536 2675 2638 2731 Iste
2666 2692 2795 2746 ergo
2834 2677 2956 2732 talis
2984 2692 3048 2733 ac
3089 2686 3267 2733 tantus
3310 2681 3363 2734 in
3410 2680 3573 2733 tantis
3609 2679 3795 2734 malis

2178 2782 2440 2823 COIWCI‘SD
2450 2782 2532 2822 tus
2559 2780 2657 2823 CSl.

2254 2880 2494 2948 Quodam
2524 2890 2763 2953 tempore
2790 2898 2819 2937 a
2848 2885 3078 2954 qundam
3111 2886 3228 2943 viro
3272 2888 3518 2959 religioso
3544 2888 3797 2944 audiens

2185 2972 2403 3028 verbum
2439 2975 2529 3028 Dei
2560 2976 2600 3040 ί,
2631 2987 2685 3031 ει
2716 2976 2766 3030 in
2800 2976 2885 3032 die
2909 2977 3092 3044 iudicii
3139 2977 3366 3034 futuram
3418 2981 3796 3035 examinatio-

2182 3083 2306 3123 nem
2339 3071 2480 3131 inter
2512 3071 2690 3140 jusios
2729 3082 2785 3127 et
2828 3084 3159 3144 peccatores,
3191 3077 3330 3131 inter
3370 3075 3709 3131 criminosus
3741 3086 3800 3132 et

2185 3173 2416 3228 sanctos,
2460 3179 2524 3220 ac
2565 3166 2726 3219 etiam
2780 3168 2921 3222 inter
2968 3183 3175 3223 amaras
3224 3169 3482 3238 gehennae
3530 3181 3585 3224 et
3644 3172 3803 3242 ignis

2184 3257 2369 3310 mterni
2403 3271 2609 3325 poenas,
2639 3266 2694 3312 et
2729 3258 3002 3315 cruciatus
3026 3260 3143 3317 sine
3184 3260 3290 3316 line
3319 3262 3372 3316 in
3408 3262 3647 3318 tenebris
3694 3279 3801 3319 ex-

2186 3348 2494 3416 terioribus,
2520 3364 2641 3419 qua:
2673 3362 2973 3420 praeparata
3003 3361 3129 3407 sunt
3157 3354 3350 3424 iniquis
3380 3362 3433 3409 et
3471 3358 3803 3424 peccatori~

2185 3441 2324 3508 bus;
2354 3440 2482 3496 item
2518 3442 2743 3497 audiens
2771 3452 3024 3498 aeternam
3057 3443 3309 3514 gloriam,
3338 3453 3392 3501 et
3420 3455 3656 3501 aeternos
3696 3447 3801 3501 ho-

2189 3547 2381 3598 nores,
2424 3542 2481 3587 et
2510 3533 2747 3603 requiem
2793 3537 2846 3588 in
2878 3550 3044 3605 regno
3072 3536 3328 3592 cmloriim
3380 3539 3517 3592 inter
3558 3541 3801 3609 angelos

2188 3635 2408 3679 sanctos
2439 3641 2557 3695 quae
2590 3628 2904 3697 praeparavit
2949 3628 3091 3682 Deus
3134 3629 3338 3684 sanctis
3365 3638 3419 3684 ct
3443 3629 3619 3699 jUsIIS,
3664 3644 3800 3685 ser-

2190 3720 2464 3774 vientibus
2500 3720 2633 3784 sibi;
2666 3730 3019 3790 compunctus
3059 3722 3220 3776 corde
3248 3722 3410 3791 (cepit
3444 3723 3803 3780 amarissime

2189 3810 2318 3866 ﬂere
2344 3826 2466 3865 cum
2495 3812 2695 3878 gemitu
2746 3823 2800 3867 et
2835 3813 3067 3882 ejulatu.
3088 3813 3465 3884 Ingressusque
3506 3825 3803 3871 monaste-

2190 3902 2358 3965 rium,
2389 3901 2537 3955 dedit
2564 3915 2624 3956 se
2655 3904 2705 3955 in
2751 3903 3154 3971 paenitendum,
3181 3913 3236 3959 et
3264 3905 3537 3958 cruciabat
3580 3916 3804 3961 semet-

2192 3994 2366 4062 ipsum
2410 3991 2463 4045 itt
2513 3994 2698 4048 multis
2738 3995 3009 4067 lacrymis,
3057 3994 3438 4063 indulgentiam
3470 4004 3525 4050 et
3567 3998 3801 4053 veniam

2193 4090 2533 4151 peccatorum
2576 4098 2797 4139 suorum
2829 4085 2898 4140 de
2928 4088 3125 4155 pietate
3153 4094 3205 4140 et
3225 4086 3586 4141 misericordia
3614 4101 3654 4141 a
3682 4087 3804 4143 Do—

2196 4177 2343 4230 mino
2374 4177 2715 4245 postulando,
2740 4185 2793 4232 et
2814 4178 2887 4232 ita
2916 4180 3211 4249 permansit
3239 4180 3291 4234 in
3321 4182 3676 4236 mona5tcrio.

2262 4286 2503 4352 Quodam
2532 4296 2772 4358 tempore
2800 4289 2856 4343 in
2877 4288 3124 4344 cellulam
3150 4289 3267 4361 ejus
3289 4289 3526 4345 latrones
3553 4290 3805 4361 ingressi

2194 4389 2347 4447 sunt,
2379 4382 2686 4450 ignorantes
2709 4382 2828 4451 quis
2853 4391 2996 4437 esset
3020 4381 3341 4453 (Heraclid.,
3367 4399 3483 4452 cap.
3510 4383 3589 4453 7).
3618 4385 3810 4440 Erant

2194 4480 2370 4525 autem
2414 4480 2683 4541 quatuor:
2714 4487 2848 4543 quos
2894 4473 3076 4545 ligavit
3113 4474 3270 4529 simul
3311 4477 3448 4529 sicut
3492 4476 3808 4531 tabernam

501 4565 683 4629 lieres,
724 4565 779 4618 in
828 4564 1194 4635 superioribus
1240 4580 1369 4621 vero
1416 4566 1581 4621 viros.
1624 4566 1913 4622 Adducens
1958 4582 2088 4640 ergo
2118 4580 2169 4639 1)
2201 4563 2278 4633 (7)
2308 4563 2376 4619 de
2406 4564 2596 4633 paleis,
2627 4576 2681 4620 et
2712 4565 2965 4635 imposuit
2995 4580 3089 4621 eos
3120 4567 3219 4621 sibi
3248 4568 3303 4621 in
3330 4568 3575 4630 dorsum,
3604 4577 3670 4620 et
3703 4568 3813 4623 de-

500 4670 653 4720 eam,
685 4654 887 4711 inducit
912 4671 1034 4712 eam
1068 4659 1121 4711 in
1161 4657 1412 4727 januam,
1441 4668 1495 4714 et
1533 4659 1661 4715 dicit
1690 4658 1740 4715 ei
1777 4676 1789 4712 :
1822 4660 1966 4727 Quos
2011 4660 2092 4716 vis

500 4739 688 4801 vid'ere
735 4749 906 4816 prius,
955 4747 1273 4818 hyacinthos
1313 4758 1406 4803 aut
1450 4750 1799 4821 smaragdos?
1831 4750 1967 4805 Dicit
1995 4752 2086 4805 ei:

503 4842 657 4910 Quos,
694 4842 809 4912 ipse
838 4844 940 4908 vis,
971 4841 1204 4899 domine.
1243 4843 1306 4898 Et
1332 4843 1444 4898 ait:
1477 4842 1616 4898 Ecce
1654 4843 1741 4898 isti
1783 4852 1910 4897 sunt
1957 4844 2091 4914 hya-

505 4934 692 4989 cinthi.
724 4930 921 4990 alterum
951 4944 1127 4990 autem
1160 4935 1274 5005 ipse
1303 4935 1550 5004 deposuit
1578 4950 1698 4989 eam
1729 4934 1781 4989 in
1814 4934 2090 4999 inferiora,

508 5032 565 5080 et
590 5025 877 5082 ostendens
916 5026 967 5082 ei
1008 5027 1285 5093 mulieres,
1317 5025 1485 5081 dixit:
1526 5027 1662 5083 Ecce
1703 5026 1968 5096 smaragdi
2000 5044 2014 5083 :
2042 5027 2094 5082 si

512 5115 605 5171 tibi
637 5116 867 5184 placent,
893 5116 1060 5183 bene;
1092 5118 1175 5173 sin
1200 5128 1376 5173 autem
1394 5159 1410 5185 ,
1438 5118 1618 5187 recipe
1640 5118 1779 5188 quod
1810 5126 1962 5173 tuum
1992 5127 2094 5174 est.

512 5206 697 5273 Itaque
727 5208 1098 5263 verecundiam
1130 5224 1309 5279 passa,
1338 5223 1553 5279 egressa
1584 5216 1687 5264 est.
1720 5211 1785 5264 Et
1813 5210 2001 5266 abiens
2028 5225 2098 5265 ex

514 5294 681 5349 multa
730 5296 966 5363 tristitia,
1007 5299 1128 5367 quia
1177 5313 1282 5354 non
1332 5300 1625 5355 secundum
1679 5300 1845 5355 Deum
1899 5301 2101 5356 fecerat

513 5395 628 5440 rem
646 5426 662 5455 ,
696 5386 958 5441 infirmata
989 5398 1093 5444 est.
1118 5389 1245 5446 Post
1274 5391 1389 5446 hmc
1416 5392 1574 5447 etiam
1598 5392 1795 5463 gratias
1821 5392 1931 5462 egit
1960 5406 2104 5457 pres-

518 5478 730 5549 bytero.
761 5478 941 5533 Puella
971 5490 1143 5536 autem
1175 5482 1242 5539 de
1273 5497 1377 5553 qua
1418 5484 1646 5541 sollicita
1676 5493 1822 5553 erat,
1856 5494 1971 5555 post
2003 5500 2100 5540 nu-

518 5570 656 5641 ptias
682 5571 802 5625 sine
829 5570 969 5638 liliis,
997 5572 1247 5629 defuncta
1274 5584 1372 5633 est.

591 5725 609 5761 ¹
642 5725 801 5786 Deest
831 5728 981 5784 Ilerat
1003 5728 1109 5784 lidi.

2203 4652 2320 4706 tulit
2361 4668 2454 4707 εος
2497 4652 2562 4708 ad
2609 4655 2890 4709 ecclesiam
2938 4655 3188 4721 fratrum,
3236 4656 3456 4711 dicetis:
3489 4652 3625 4720 Qui:
3685 4657 3810 4725 jam

2201 4744 2331 4798 mihi
2363 4760 2467 4798 non
2506 4746 2721 4816 expetit
2769 4761 2963 4802 nocere
3005 4747 3234 4817 aliquem
3257 4788 3273 4814 ,
3305 4747 3445 4817 quod
3469 4748 3686 4814 jubetis
3741 4751 3815 4805 de

2201 4834 2317 4889 istis
2344 4834 2632 4905 disponite.
2661 4837 2809 4891 Tunc
2840 4838 2915 4891 illi
2968 4838 3202 4893 latrones
3247 4846 3610 4908 cognoverunt
3649 4842 3815 4907 quod

2202 4925 2318 4995 ipse
2343 4935 2488 4982 esset
2515 4928 2722 5001 Moyses
2752 4929 2841 4998 qui
2869 4929 3043 4984 fuerat
3066 4928 3505 4985 sceleratissimus
3534 4930 3697 4986 inter
3732 4932 3816 4987 Ia-

2205 5027 2409 5087 trones,
2434 5031 2488 5076 et
2513 5022 2815 5089 compunrti
2842 5030 2966 5077 sunt
2988 5023 3169 5091 corde,
3194 5023 3552 5094 glorificantes
3579 5022 3777 5079 Deum
3798 5067 3814 5091 ,

2206 5116 2296 5186 qui
2329 5130 2434 5172 non
2467 5117 2675 5187 repellit
2706 5126 3033 5187 peccatores,
3064 5117 3158 5173 sed
3189 5119 3410 5189 suscipit
3440 5118 3816 5187 pmnitentes,

2207 5218 2265 5261 ut
2301 5209 2575 5263 salventnr
2613 5208 2663 5262 in
2710 5216 2909 5263 reterna
2950 5210 3141 5264 salute.
3177 5209 3244 5264 Et
3280 5210 3393 5266 haec
3436 5209 3719 5278 dicentes,
3758 5223 3815 5266 ut

2208 5301 2352 5369 dixi,
2384 5303 2686 5372 compuncti
2711 5311 2835 5357 sunt
2861 5305 3039 5371 corde,
3070 5312 3125 5357 et
3151 5302 3413 5359 dedeth
3440 5318 3497 5358 se
3526 5304 3580 5358 in
3614 5306 3811 5371 poeni-

2212 5392 2465 5459 tentiatn,
2512 5394 2946 5449 abrenuntiantes
2993 5396 3243 5450 omnibus
3290 5395 3443 5451 malis
3489 5395 3718 5452 actibus
3760 5407 3811 5452 cl

2208 5488 2674 5557 concupiscentiis,
2707 5489 3113 5560 carnalibusque
3135 5488 3436 5545 desideriis.

2285 5601 2414 5657 lluic
2438 5602 2603 5674 Moysi
2628 5603 2933 5661 institerunt
2954 5602 3245 5673 daemones,
3268 5600 3561 5660 secundum
3581 5615 3800 5660 censue
