3982 6354
182 370 287 431 369

1440 361 1757 421 PALLADII
1800 360 2163 423 LAUSIACA.

3356 374 3473 429 570'

185 493 426 548 tudinem
453 490 569 562 ejus
618 487 889 557 antiquam
936 486 1199 540 luxuriam
1230 482 1596 539 fornicationis
1626 482 1773 551 inge—
1804 483 1847 535 Α
1877 496 2146 552 exponere
2172 483 2452 547 debemus,
2488 485 2763 552 quomodo
2786 487 3247 541 conversationem
3276 503 3460 556 suam,

183 594 367 641 rentes
396 586 468 641 ei.
499 584 598 651 Qui
633 592 739 637 tam
766 581 940 637 valide
972 588 1202 636 tentatus
1231 585 1345 642 est,
1378 578 1517 632 sicut
1546 576 1660 645 ipse
1688 589 1772 628 re-

182 681 430 748 ferebat,
456 690 509 734 nt
544 678 879 746 paulontinns
909 675 979 729 de
1026 674 1303 745 proposito
1348 670 1622 727 excideret
1650 682 1770 721 suo.

182 773 369 843 Itaque
407 787 470 827 ex
517 770 621 825 hoc
667 769 895 824 validius
938 766 1269 831 abstinebat,
1299 773 1354 820 et
1402 764 1611 833 vigilias
1654 776 1771 814 am-

182 863 325 931 plius
373 860 603 917 addebat
648 860 785 923 sibi,
830 868 885 914 et
927 873 1090 927 opera
1152 871 1401 911 manuum
1458 852 1773 924 propensius

180 951 510 1019 exercebat,
540 949 865 1007 labefaciens
886 964 1083 1019 corpus
1108 963 1287 1003 suum.
1317 945 1557 1015 Denique
1585 957 1773 1011 propo-

180 1045 290 1099 suit
337 1043 440 1099 sibi
483 1058 541 1099 se
572 1057 678 1098 non
717 1041 951 1096 dormire
985 1041 1253 1111 iacentem
1297 1040 1349 1094 in
1397 1038 1637 1103 mattula,
1678 1035 1772 1090 sed

118 1144 123 1147 '
182 1153 281 1206 per
308 1145 474 1193 totam
507 1145 717 1192 noctem
747 1135 937 1192 stando
963 1136 1016 1189 in
1045 1133 1182 1190 cella
1211 1131 1428 1196 orabat,
1460 1139 1515 1187 et
1542 1129 1774 1199 psalmo-

191 1229 341 1283 diam
384 1229 656 1297 explebat.
690 1228 821 1283 Nam
852 1228 1149 1298 parietibus
1189 1225 1355 1297 996
1383 1240 1442 1280 se
1486 1222 1771 1284 reclinans,

180 1340 376 1395 parum
406 1324 531 1395 quid
569 1324 742 1380 somni
781 1323 1047 1392 capiebat.
1087 1324 1281 1378 Iterum
1328 1321 1505 1392 posuit
1549 1321 1649 1376 sibi
1679 1320 1776 1374 ob-

179 1415 512 1471 servantiam
540 1416 720 1469 aliam.
752 1414 1136 1485 Egrediebatur
1163 1412 1428 1479 noctibus,
1457 1421 1513 1469 et
1540 1411 1650 1467 ibat
1679 1426 1772 1478 per

180 1508 353 1564 cellas
382 1508 692 1571 seniorum,
720 1514 777 1560 et
805 1506 1025 1561 tollebat
1054 1505 1271 1577 hydrias
1300 1520 1515 1571 eorum,
1558 1504 1611 1559 in
1652 1505 1773 1574 qni-

184 1599 290 1652 bos
322 1596 396 1651 illi
428 1596 529 1651 sibi
559 1596 912 1663 hanriebant,
943 1604 999 1651 et
1040 1597 1287 1665 portabat
1330 1596 1437 1651 illis
1462 1611 1688 1666 aquam;
1722 1597 1772 1662 in

182 1691 481 1760 longinquo
527 1690 669 1745 enim
718 1687 986 1744 habebant
1032 1704 1257 1759 aquam,
1299 1697 1353 1745 et
1399 1689 1615 1759 quidam
1666 1689 1775 1745 duo

183 1783 458 1850 milliaria,
490 1782 578 1835 alii
611 1791 787 1835 autem
840 1774 999 1836 etiam
1043 1791 1096 1836 et
1135 1784 1369 1850 quinque
1412 1782 1600 1836 millia.
1631 1782 1774 1849 Qua—

1875 576 2164 631 auxiliante
2193 578 2359 645 gratia
2390 575 2512 630 Cltri
2548 579 2615 643 ti,
2649 577 2865 647 dignam
2917 578 3026 631 Deo
3070 578 3329 634 exhibuit;
3361 580 3463 636 De-

1875 667 2087 721 functus
2122 677 2203 723 est
2230 676 2408 731 autem
2451 683 2570 723 cuut
2602 679 2747 725 esset
2778 672 2830 723 in
2874 670 3163 725 solitudine
3202 676 3463 728 annorum

1876 758 2253 828 quinquaginta
2286 771 2534 845 quatuor.
2570 762 2667 815 llic
2708 776 2834 826 ergo
2865 762 3032 816 lector
3057 762 3334 818 ordinatus
3379 775 3465 820 est

1876 865 1905 903 a
1934 861 2121 905 sancto
2152 852 2351 907 Basilio
2378 855 2652 921 episcopo.
2687 856 2995 927 VidenSque
3024 859 3467 928 irreprehensilii-

1878 942 1981 997 lem
2024 944 2143 1013 ejus
2184 948 2646 1002 conversationem
2697 948 3040 1006 beatissimus
3079 961 3131 1006 et
3177 953 3466 1007 admodum

1877 1036 2053 1089 clarus
2101 1037 2152 1090 in
2209 1036 2454 1094 doctrina
2514 1039 2715 1094 Christi
2766 1039 3056 1111 Gregorius
3102 1043 3470 1098 Nazianzenus

1877 1127 2183 1193 episcopus,
2213 1128 2456 1196 provexit
2486 1144 2608 1183 eum
2635 1130 2698 1183 ad
2730 1131 3045 1188 diaconatus
3073 1132 3331 1188 officium.
3363 1135 3468 1187 Ex-

1879 1215 2003 1272 inde
2032 1218 2083 1272 in
2117 1233 2306 1288 magna
2350 1220 2557 1291 synodo
2598 1222 3194 1292 Constantinopolitano
3238 1227 3464 1297 conjun-

1876 1319 1996 1366 ctus
2032 1320 2119 1367 est
2163 1312 2319 1369 beato
2353 1314 2621 1380 Nectario,
2657 1318 2899 1388 ejusdem
2930 1319 3164 1376 civitatis
3194 1321 3466 1390 episcOpo.

1878 1401 2011 1458 Cum
2038 1414 2184 1460 esset
2210 1422 2336 1477 ergo
2370 1408 2821 1465 instructissimus
2855 1414 2905 1466 in
2930 1412 3126 1467 divinis
3152 1412 3467 1483 Scripturis,

1878 1505 2063 1551 contra
2094 1512 2285 1552 omnes
2324 1497 2560 1556 haereses
2610 1501 2864 1567 florebat,
2911 1504 2963 1558 in
2996 1521 3184 1575 magna
3229 1506 3465 1573 civitate,

1879 1585 2038 1640 etiam
2066 1587 2281 1657 eloquio
2310 1592 2699 1658 potentissimo,
2728 1602 2785 1648 ut
2808 1609 2869 1649 ex
2904 1595 3005 1651 hoc
3034 1597 3195 1652 nimis
3223 1599 3289 1653 ab
3318 1600 3464 1653 omni

1878 1678 2099 1735 civitate
2135 1696 2254 1735 cum
2296 1682 2502 1739 honore
2539 1696 2591 1741 et
2640 1686 2927 1741 dilectione
2973 1688 3280 1745 haberetur.
3319 1691 3469 1747 Unde

1876 1771 2157 1828 fascinatio
2201 1776 2513 1844 nugacitatis
2542 1777 2838 1845 diabolicae,
2872 1796 2991 1850 qua:
3038 1782 3332 1839 insectatur
3360 1771 3469 1839 ob:

183 1875 311 1927 dam
337 1888 466 1928 νει-ο
492 1883 650 1928 nocte
672 1887 775 1927 ηοι,
804 1872 1064 1928 maerens
1091 1872 1299 1927 daemon
1330 1872 1624 1927 ferventem
1654 1872 1770 1941 ejus
1808 1856 1857 1916 B
1885 1881 2103 1922 scurare
2129 1866 2289 1933 bona,
2322 1868 2542 1923 immisit
2574 1872 2623 1923 in
2654 1871 2817 1925 corde
2846 1872 2963 1941 ejus
2995 1874 3345 1946 cogitationes
3378 1877 3467 1932 de-

181 1967 311 2023 ﬁdei
355 1967 849 2035 conversationem,
895 1965 1147 2021 inclinato
1174 1980 1240 2021 eo
1283 1966 1334 2020 in
1383 1974 1600 2035 puteum
1644 1965 1769 2020 dum

181 2059 429 2115 hauriret
451 2075 675 2129 aquam,
710 2061 977 2129 percussit
1007 2074 1130 2114 eum
1160 2060 1213 2113 in
1244 2073 1402 2114 renes
1427 2058 1495 2114 de
1523 2067 1687 2125 retro,
1717 2067 1771 2113 et

178 2150 400 2218 reliquit
428 2165 584 2213 eum;
616 2149 848 2220 denique
878 2150 945 2206 de
976 2150 1141 2205 nimio
1171 2149 1356 2205 dolore
1384 2150 1684 2216 obmutuit,
1718 2159 1772 2206 et

179 2242 447 2300 remansit
485 2243 634 2298 velut
672 2251 933 2297 mortuus.
981 2241 1102 2297 Alia
1149 2241 1238 2298 die
1283 2243 1506 2297 veniens
1554 2241 1769 2312 quidam

178 2334 400 2389 haurire
429 2348 620 2404 aquam
640 2375 655 2400 ,
686 2335 888 2389 invenit
916 2350 1038 2390 eum
1078 2334 1344 2405 jacentem
1369 2378 1383 2400 ,
1415 2343 1471 2388 et
1503 2334 1770 2389 nuntiavit

177 2424 342 2480 beato
371 2423 575 2479 Isidoro
606 2423 917 2496 presbytero
946 2424 1148 2495 Scythii
1168 2466 1183 2490 ,
1208 2424 1299 2495 qui
1329 2425 1507 2490 misit;
1535 2435 1590 2480 et
1619 2425 1768 2479 leva-

182 2524 387 2571 verunt
412 2530 556 2580 eum,
581 2526 635 2570 et
658 2516 964 2571 detulerunt
983 2515 1048 2571 ad
1073 2517 1378 2584 ecclesiam,
1405 2527 1459 2572 et
1486 2532 1654 2588 prope
1675 2534 1771 2588 per

176 2626 383 2664 annum
431 2610 500 2663 ita
545 2610 840 2665 infirmatus
883 2619 995 2677 est,
1042 2619 1100 2665 ut
1145 2612 1230 2664 vix
1280 2621 1581 2666 resumeret
1628 2611 1770 2667 vires

175 2717 328 2757 suas.
381 2702 520 2756 Dixit
565 2710 743 2757 autem
790 2702 839 2756 ei
884 2701 1119 2757 Isidorus
1168 2702 1487 2773 presbyter:
1521 2703 1768 2768 Quiesce,

176 2792 415 2865 Moyses,
441 2802 491 2847 et
519 2794 627 2848 noli
654 2794 938 2848 indiscrete
963 2808 1308 2863 praesumere,
1334 2794 1427 2848 sed
1455 2796 1623 2864 magis
1647 2808 1767 2849 cum

176 2886 512 2941 discretione
542 2897 647 2938 tam
679 2884 1054 2939 abstinentiam
1083 2899 1241 2953 quam
1284 2884 1495 2955 vigilias
1523 2893 1577 2940 et
1604 2899 1768 2954 opera

180 2994 439 3034 manuum
468 2992 679 3033 exerce.
704 2977 1056 3048 Respondens
1079 2988 1252 3033 autem
1278 2979 1486 3049 Moyses
1511 2979 1585 3033 ait
1612 2997 1624 3033 :
1652 2979 1768 3034 Non

178 3070 491 3139 quiescam,
541 3069 847 3124 beatissime
892 3070 1076 3138 Pater,
1131 3084 1406 3139 usqueqno
1453 3070 1764 3139 quiescant,

179 3160 471 3230 adjuvante
500 3175 588 3215 me
616 3162 781 3230 gratia
812 3159 1055 3225 Domini,
1098 3160 1537 3216 immundissimte
1567 3161 1769 3230 cogita-

1875 1957 2061 2013 siderii
2093 1959 2328 2013 carnalis
2368 1959 2819 2026 concupiscentiae
2862 1966 3161 2021 muliebris.
3209 1966 3467 2035 Denique,

1874 2048 2012 2103 sicut
2037 2050 2373 2118 postmodum
2404 2051 2557 2105 nobis
2582 2051 2696 2119 ipse
2723 2054 3019 2122 referebat,
3051 2056 3319 2112 adamavit
3344 2073 3469 2112 eum

1875 2140 2087 2206 mulier,
2115 2156 2237 2209 qum
2278 2151 2393 2196 erat
2424 2144 2691 2213 magnifici
2734 2145 3008 2215 cujusdam
3051 2149 3119 2205 de
3152 2151 3467 2221 primatibus

1877 2229 2054 2298 palatii
2094 2230 2192 2286 viri
2237 2247 2392 2287 uxor.
2422 2232 2685 2305 Evagrius
2727 2247 2904 2293 autem
2953 2239 3146 2298 timens
3194 2243 3381 2306 Deum,
3413 2255 3468 2299 et

1875 2336 2071 2379 verens
2101 2324 2373 2394 propriam
2400 2327 2809 2397 conscientiam,
2833 2347 2897 2386 ac
2926 2348 3036 2400 prae
3062 2336 3235 2391 oculis
3265 2351 3468 2405 ponens

1876 2415 2294 2483 magnitudinem
2326 2415 2681 2485 confusionis,
2715 2422 3049 2494 maximeque
3080 2426 3133 2481 in
3175 2428 3468 2497 gaudentes

1876 2506 2179 2576 btereticos,
2222 2510 2410 2564 orabat
2450 2512 2761 2581 Dominum,
2791 2516 3087 2584 deprecans
3131 2520 3463 2578 Salvatorem

1874 2595 2175 2665 Christum,
2199 2607 2256 2655 ut
2284 2602 2630 2671 impediretur
2659 2613 2763 2658 tam
2795 2606 2978 2661 rabida
3010 2608 3251 2666 mulieris
3282 2622 3469 2668 contra

1874 2702 1935 2744 le
1964 2689 2237 2745 instantia.
2269 2691 2399 2747 Nam
2440 2694 2554 2762 ipse
2578 2695 2792 2764 quidem
2820 2698 3035 2754 volebat
3062 2703 3339 2769 recedere,
3372 2706 3466 2760 sed

1876 2792 1981 2834 non
2011 2779 2249 2845 valebat,
2281 2781 2711 2851 colligationibus
2740 2787 3062 2858 olisequioru
3086 2809 3115 2843 n
3140 2791 3254 2860 ejus
3283 2793 3468 2850 deten-

1877 2878 1982 2925 tus.
2014 2870 2299 2939 Postquam
2328 2880 2504 2929 autetn
2534 2876 2719 2930 multis
2748 2877 2991 2947 precibus
3022 2883 3265 2937 exoravit
3291 2884 3468 2939 Domi-

1878 2980 2004 3020 num
2034 2974 2092 3021 ut
2123 2967 2371 3021 liberaret
2400 2981 2520 3021 eum
2549 2983 2577 3021 a
2608 2980 2825 3036 peccato
2856 2972 3109 3041 maximo,
3140 2977 3278 3043 quod
3310 2993 3469 3043 opere

1876 3067 2014 3123 pene
2071 3054 2495 3123 perpetrabatur,
2544 3057 2696 3112 affuit
2745 3058 2793 3113 ei
2848 3062 3083 3131 angelica
3132 3064 3368 3120 visitatio
3416 3067 3468 3121 in

1877 3144 2151 3200 schemate
2184 3144 2505 3214 praefectiani
2533 3148 2636 3220 (8),
2661 3159 2715 3205 et
2745 3152 2957 3221 rapiens
2978 3170 3098 3211 eum
3129 3158 3375 3226 perduxit
3402 3162 3469 3217 ad

180 3255 358 3307 tiones
385 3263 440 3307 et
469 3254 699 3320 somnia,
732 3268 847 3323 qua:
878 3253 1167 3309 immittunt
1210 3254 1517 3323 nequissimi
1560 3254 1763 3310 deamo.

1882 3240 2178 3313 praetorium
2208 3238 2471 3309 praefecti,
2495 3249 2549 3296 et
2575 3242 2717 3298 misit
2744 3259 2865 3300 eum
2893 3246 2943 3301 in
2966 3248 3261 3303 custodiam
3285 3266 3470 3307 carce-

177 3358 305 3411 nes,
335 3342 475 3397 sicut
510 3343 766 3413 scriptum
794 3353 918 3399 est:
951 3343 1250 3414 Persequar
1302 3345 1551 3400 inimicos
1595 3359 1768 3412 meos,

177 3436 635 3505 comprehendam
658 3436 804 3502 illos,
831 3444 886 3492 et
915 3451 1020 3492 non
1045 3446 1351 3505 convertar,
1379 3451 1478 3493 nec
1498 3437 1771 3507 quiescant

178 3529 357 3584 donec
395 3528 648 3584 deficiant
688 3529 863 3601 (Paul.
888 3529 1041 3601 xvn).
1075 3529 1277 3586 Vidcns
1302 3539 1479 3587 autem
1526 3531 1775 3587 beatissi-

178 3638 305 3677 mus
331 3622 566 3679 Isidorus
586 3624 743 3678 fixam
767 3624 819 3679 in
850 3616 1078 3680 Domino
1101 3624 1223 3682 fidei
1250 3626 1364 3696 ejus
1386 3627 1763 3694 constantiam,

180 3716 419 3770 surrexit
451 3723 507 3769 et
533 3715 788 3785 expandit
831 3730 1022 3771 manus
1062 3716 1128 3771 ad
1165 3717 1464 3774 orationem
1487 3758 1501 3783 ,
1531 3718 1773 3787 dixitque

180 3804 279 3859 ei:
313 3806 369 3858 In
399 3804 613 3860 nomine
644 3805 856 3860 Domini
908 3807 1075 3862 nostri
1116 3806 1240 3864 Jesu
1282 3807 1513 3875 Christi,
1544 3809 1775 3866 donante

177 3896 356 3965 gratia
398 3894 537 3965 ejus,
567 3911 632 3952 ex
666 3897 922 3953 hodierna
949 3899 1039 3954 die
1062 3898 1172 3968 jam
1208 3900 1525 3969 quieverunt
1568 3904 1774 3958 somnia

179 4002 305 4055 qua'
343 3987 641 4057 inquietare
671 3997 724 4045 te
750 3990 1014 4047 solebant.
1044 3990 1211 4063 Igitur
1239 3995 1543 4064 glorificans
1570 4005 1625 4052 et
1651 4011 1776 4067 gra-

181 4080 288 4132 tias
315 4094 478 4148 agens
520 4079 795 4136 Salvatori
829 4081 1077 4152 Domino,
1107 4099 1354 4141 reversus
1396 4096 1479 4142 est
1518 4086 1583 4141 ad
1613 4088 1778 4143 cellu-

181 4167 292 4221 lam
325 4184 496 4223 suam.
533 4171 659 4226 Post
687 4172 899 4241 aliquod
926 4182 1103 4230 autem
1136 4178 1391 4246 temporis
1422 4178 1773 4248 interrogavit

181 4273 311 4312 eum
361 4259 595 4315 Isidorus
646 4263 928 4335 presbyter
971 4265 1041 4321 de
1087 4267 1335 4323 molestia
1387 4270 1774 4338 cogitationum

182 4354 505 4407 carnalium.
542 4353 609 4408 Et
647 4354 734 4409 ille
773 4356 1106 4425 respondens
1132 4358 1302 4414 dixit:
1338 4360 1662 4431 Protegente
1692 4378 1779 4419 me

185 4445 407 4499 Christo
438 4445 688 4515 Domino,
720 4458 776 4503 et
803 4448 1137 4509 orationibus
1186 4450 1313 4518 tuis,
1358 4452 1492 4508 nihil
1534 4453 1640 4509 tale
1680 4467 1777 4524 pa—

183 4539 315 4593 tior.
346 4537 481 4593 Huic
507 4553 634 4609 ergo
666 4538 806 4595 Deus
832 4540 1051 4596 donavit
1080 4542 1304 4612 gratiam
1323 4587 1338 4612 ,
1368 4544 1436 4599 ad
1466 4544 1779 4617 etfugandos

1874 3337 1970 3402 ris,
2000 3335 2296 3404 ferreisque
2316 3337 2520 3392 catenis
2546 3339 2808 3393 cervicem
2828 3348 2881 3393 et
2912 3354 3100 3394 manus
3121 3340 3236 3409 ejus
3257 3342 3470 3415 colliga-

1874 3429 1969 3483 vit.
1991 3427 2096 3482 Sed
2123 3442 2217 3496 pro
2233 3444 2334 3495 qua
2356 3442 2513 3483 causa
2544 3429 2645 3484 hoc
2676 3438 2965 3498 pateretur,
2994 3446 3095 3486 nou
3118 3430 3331 3488 dicebat
3353 3434 3424 3489 ei.

1947 3522 2063 3585 Ipse
2089 3529 2266 3572 autem
2292 3518 2343 3571 in
2368 3522 2691 3576 conscientia
2717 3535 2811 3576 sua
2838 3530 3059 3576 noVerat
3083 3537 3184 3590 qua
3209 3523 3275 3579 de
3298 3539 3458 3581 causa

1881 3610 2005 3689 hac
2022 3612 2333 3667 sustineret.
2360 3614 2730 3669 Arbitrabatur
2749 3615 2894 3670 enim
2916 3615 3056 3685 quod
3082 3615 3163 3669 vir
3188 3616 3332 3673 illius
3360 3635 3466 3675 ma-

1882 3711 2050 3757 tronae
2098 3703 2492 3772 interpellasset
2522 3720 2780 3763 accusans
2811 3725 2952 3765 eum.
2986 3715 3119 3771 cum
3167 3729 3343 3774 autem
3375 3737 3467 3775 νο-

1879 3794 2156 3848 hementer
2172 3803 2479 3863 angeretur,
2502 3795 2753 3853 audiebat
2768 3802 2909 3856 enim
2935 3807 3216 3877 strepitum
3241 3818 3294 3863 et
3312 3817 3471 3865 voces

1878 3886 2108 3939 aliorum
2134 3886 2224 3955 qtti
2253 3885 2479 3941 diversis
2507 3890 2777 3956 suppliciis
2805 3898 3191 3965 torquebantur
3219 3902 3357 3971 apud
3384 3903 3472 3973 ju-

1881 3977 2055 4032 dicem
2089 3991 2186 4047 pro
2217 3974 2582 4033 criminalibus
2629 3983 2825 4048 causis,
2860 3993 2914 4042 et
2951 3986 3072 4043 ideo
3123 3993 3473 4059 permanebat

1883 4067 2041 4122 valde
2072 4066 2311 4131 territus,
2345 4076 2398 4123 et
2425 4071 2872 4130 eontremiscens.
2904 4077 3040 4134 Cum
3084 4092 3263 4139 autem
3295 4093 3474 4140 trans-

1885 4161 2170 4233 figurasset
2214 4173 2275 4216 se
2319 4161 2542 4232 angelus
2584 4164 2673 4234 qtti
2724 4166 2985 4225 visionem
3029 4176 3473 4244 concinuaverat,

1884 4250 2037 4321 quasi
2067 4250 2118 4305 in
2153 4250 2374 4320 figuram
2406 4251 2523 4322 ejus
2549 4255 2702 4311 amici
2732 4260 2820 4329 qui
2845 4262 3000 4319 valde
3030 4264 3280 4335 diligebat
3311 4284 3432 4323 eum
3452 4313 3469 4335 ,

1885 4342 2019 4429 d’Hit
2046 4345 2093 4398 ei
2126 4358 2247 4399 cum
2281 4353 2553 4401 teneretur
2594 4348 2647 4403 in
2679 4351 2904 4410 vinculis
2935 4356 3079 4411 inter
3118 4359 3471 4429 quadraginta

1883 4422 2096 4490 reorum
2131 4450 2387 4502 personas
2413 4455 2425 4492 :
2451 4438 2586 4505 Quid
2619 4440 2706 4497 hic
2730 4448 2949 4513 teneris,
2974 4449 3190 4507 domine
3216 4452 3473 4507 diacone?

1887 4526 2185 4591 Respondit
2235 4528 2514 4597 Evagrius,
2560 4532 2790 4591 dicens:
2827 4536 2883 4592 In
2926 4542 3153 4597 veritate
3200 4542 3294 4598 tibi
3337 4543 3473 4609 dico,

180 4644 253 4684 ex
287 4628 526 4684 obsessis
566 4631 882 4700 corporibus
906 4632 1203 4700 daemones,
1237 4634 1307 4687 ita
1336 4642 1398 4688 ut
1427 4614 1639 4691 muscas
1668 4650 1772 4691 non

1886 4634 1992 4672 non
2022 4618 2143 4673 novi
2174 4630 2502 4689 quapropter
2525 4622 2612 4677 hic
2639 4635 2855 4696 teneor;
2883 4631 3117 4700 suspicio
3137 4641 3316 4687 autent
3344 4634 3471 4689 mihi

184 4721 362 4791 magis
387 4723 670 4778 timeamus
696 4738 855 4794 quam
888 4724 981 4780 ille
1006 4724 1300 4780 darmones.
1332 4726 1458 4781 llaec
1485 4741 1772 4783 conversa-

184 4817 263 4869 tio
293 4814 463 4885 Moysi
490 4815 783 4887 Ethiopis,
806 4817 895 4886 qui
924 4817 1084 4872 etiam
1107 4817 1221 4887 ipse
1242 4825 1359 4873 erat
1388 4818 1527 4873 inter
1556 4833 1777 4890 magnos

183 4916 577 4963 annumeratus
607 4908 811 4965 Patres.
840 4908 1129 4963 Defunctus
1157 4917 1243 4964 est
1287 4917 1469 4963 autem
1510 4924 1773 4965 annorum

183 4996 524 5067 septuaginta
574 5000 834 5070 quinque.
866 4999 1104 5071 Reliquit
1137 5013 1263 5055 vero
1311 4999 1631 5070 discipulos,
1661 5015 1776 5056 mo-

182 5092 393 5147 nacbos
420 5092 778 5163 septuaginta.

787 5184 1015 5241 CAPUT
1059 5185 1175 5241 XV.

802 5276 915 5329 Vita
945 5274 1174 5348 Evagrii.

260 5364 409 5419 Beati
443 5363 651 5434 Evagrii
678 5367 695 5399 ¹
724 5381 850 5422 vere
901 5367 1009 5421 Deo
1049 5367 1192 5438 digni
1241 5368 1481 5434 diaconi,
1511 5377 1564 5425 et
1601 5369 1782 5425 erudi-

184 5455 385 5510 tissimi
415 5456 465 5511 in
496 5458 674 5513 divina
702 5460 924 5513 scientia
947 5461 1044 5513 viri
1073 5459 1338 5530 (Heracl.,
1366 5476 1478 5529 cap.
1506 5460 1635 5530 25),
1669 5475 1776 5516 non

185 5553 275 5599 est
300 5545 503 5615 justum
536 5547 696 5604 silere
726 5550 887 5603 vitam
908 5591 924 5616 ,
957 5550 1050 5604 sed
1094 5559 1305 5619 Oportet
1337 5548 1474 5603 hanc
1502 5552 1781 5621 scripturae

186 5637 452 5692 mandare
481 5638 547 5692 ad
579 5639 858 5697 utilitatem
901 5643 1217 5711 legentium,
1250 5653 1305 5698 et
1348 5643 1567 5713 gloriam
1597 5646 1783 5703 Salva-

191 5730 326 5783 toris
374 5731 539 5783 nostri
577 5728 703 5787 Iesu
748 5732 966 5787 Cbrisﬁ.
1001 5733 1169 5800 Quam
1209 5733 1367 5790 etiam
1421 5735 1575 5805 paulo
1624 5735 1782 5791 latius

268 5846 282 5874 '
316 5840 574 5916 Evagrius
602 5843 896 5915 Origenisla
930 5844 1046 5901 fuit.

1887 4718 1999 4772 est,
2031 4710 2153 4779 quia
2203 4711 2284 4764 vir
2315 4710 2404 4765 ille
2436 4714 2748 4784 magnificus
2774 4734 2840 4775 ex
2869 4721 3136 4789 praefectis
3165 4725 3475 4792 interpella-

1886 4800 1963 4855 vit
1990 4810 2175 4855 coutra
2209 4816 2293 4856 me
2317 4801 2552 4870 judiccm
2575 4850 2589 4874 ,
2624 4808 2971 4866 irrationabili
3012 4815 3131 4870 zelo
3161 4831 3474 4887 percussus,

1888 4901 1944 4948 et
1973 4892 2139 4949 timeo
2162 4909 2228 4949 ne
2253 4892 2393 4951 forte
2420 4900 2658 4967 pecuniis
2681 4901 2839 4969 judex
2866 4917 3169 4976 corruptus,
3198 4914 3478 4968 tormentis

1887 4996 1974 5038 me
1999 4982 2269 5052 subjiciat.
2301 4985 2670 5056 ReSpondens,
2698 4991 2832 5047 dixit
2856 4994 2904 5048 ei
2931 5012 2944 5048 :
2973 4997 3026 5050 Si
3056 4999 3209 5056 audis
3237 5017 3323 5056 me
3345 5005 3479 5057 ami-

1887 5086 2012 5127 eum
2043 5082 2221 5142 tuum,
2258 5091 2363 5131 non
2406 5080 2622 5148 expedit
2652 5082 2745 5138 tibi
2777 5085 2827 5139 in
2859 5086 3072 5146 civitate
3112 5090 3214 5148 hac
3244 5108 3474 5151 conver-

1880 5163 2010 5219 sari.
2044 5163 2390 5235 Respondens
2426 5178 2603 5226 autem
2637 5172 2911 5243 Evagrius,
2944 5178 3078 5236 dixit
3105 5182 3155 5237 ei
3189 5201 3203 5239 :
3236 5185 3291 5239 Si
3334 5187 3476 5243 Dens

1882 5253 2191 5312 liberaverit
2212 5273 2297 5314 me
2318 5257 2385 5314 de
2405 5264 2669 5331 angustia,
2696 5273 2749 5320 et
2778 5267 3235 5331 circumventione
3268 5275 3387 5343 hac,
3425 5287 3479 5334 et

1885 5345 2082 5403 videris
2111 5363 2195 5405 me
2222 5350 2273 5405 in
2303 5351 2795 5427 Constantinopoli,
2823 5362 2957 5416 scito
2980 5365 3101 5430 quia
3132 5365 3275 5435 juste
3317 5374 3475 5425 susti-

1888 5454 1990 5495 neo
2020 5454 2225 5510 poenas.
2249 5443 2335 5497 Ait
2356 5445 2405 5499 ei
2432 5462 2443 5496 ε
2470 5445 2619 5501 Alfer
2643 5448 3016 5519 Evangelium,
3048 5458 3239 5528 etjura
3268 5461 3396 5515 mihi
3426 5463 3477 5515 in

1891 5532 2199 5605 Evangelio,
2216 5536 2337 5604 quia
2356 5538 2573 5593 recedes
2585 5539 2650 5596 de
2667 5543 2880 5601 civitate
2899 5546 3017 5617 hac,
3034 5560 3083 5604 et
3101 5551 3484 5609 sollicitnseris

1891 5622 1957 5678 de
1977 5625 2148 5679 salute
2165 5627 2357 5682 anima:
2382 5636 2506 5694 tuzc,
2524 5640 2578 5685 et
2599 5631 2837 5691 liberabo
2857 5647 2909 5694 te
2930 5639 2996 5695 de
3022 5641 3120 5696 hac
3143 5645 3480 5700 necessitate.

1967 5733 2161 5790 Detulit
2190 5749 2317 5808 ergo
2347 5737 2721 5810 Evangelium,
2752 5754 2803 5799 ct
2831 5745 3056 5816 juravit,
3089 5748 3271 5805 dicens
3299 5767 3309 5801 :
3344 5750 3480 5818 Quia
