3982 6354
580 312 674 375 371

1690 318 2031 376 APPENDIX
2071 320 2164 375 AD
2206 317 2408 375 VITAS
2446 311 2751 376 PATRUM.
3695 323 3770 379 ω
3840 406 3841 411 γ

584 449 687 489 una
728 436 899 491 solum
944 437 1027 490 die
1058 443 1116 491 ut
1146 438 1461 491 vestimenta
1507 452 1621 491 mea
1671 440 1867 505 possim
1898 438 1951 493 in
1984 437 2164 492 navim
2195 438 2244 497 Α
2272 436 2489 491 intravit
2512 436 2613 492 sub
2635 444 2856 501 tectum,
2887 440 2959 488 ita
2979 440 3039 489 ut
3056 446 3250 502 corpus
3271 432 3384 501 ejus
3406 431 3533 490 sicut
3547 433 3769 496 irrationa-

576 529 814 592 mittere,
845 543 1107 583 remoror.
1140 528 1204 580 Et
1232 539 1566 582 sacramento
1594 529 1739 593 dato,
1773 529 1933 583 rediit
1970 528 2040 583 de
2064 543 2159 583 ex-

578 634 733 674 cessu
762 634 919 689 quem
955 634 1238 688 perpe-sus
1268 620 1316 672 in
1351 629 1504 674 nocte
1551 619 1738 673 fuerat.
1770 620 1834 673 Et
1862 634 2162 689 exsurgens

579 711 832 781 cogitavit
853 712 990 780 apud
1018 726 1097 776 se,
1124 711 1246 781 quia
1276 711 1397 765 licet
1421 712 1470 764 in
1496 727 1720 767 excessu
1744 711 1841 767 fuit
1867 725 2165 767 sacramen-

578 812 721 867 tum,
752 804 843 869 sed
878 811 1051 857 tamen
1083 802 1280 872 juravi.
1313 802 1375 856 Et
1404 802 1618 857 mittens
1645 804 1822 858 omnia
1850 820 1970 874 quae
1998 805 2162 859 habe-

578 905 663 949 hat
714 897 768 951 in
817 898 1020 961 navim,
1054 895 1196 950 venit
1241 892 1652 967 Jerosolymam.
1689 897 1943 969 Suscepit
1980 908 2158 953 autem

578 1001 697 1040 eum
722 987 874 1041 beata
902 987 1147 1049 Melania,
1172 988 1435 1055 quondam
1458 989 1692 1043 senatrix
1720 990 1981 1056 Romana,
2007 990 2161 1060 cujus

578 1079 667 1132 lilii
700 1090 754 1134 et
784 1090 1002 1149 nepotes
1030 1087 1155 1133 sunt
1190 1080 1342 1142 primi
1377 1081 1426 1135 in
1459 1091 1679 1147 senatu,
1709 1098 1847 1138 nunc
1877 1095 2052 1138 autem
2083 1083 2162 1137 [ει-

576 1176 715 1229 mula
744 1176 939 1229 Christi
968 1190 1046 1228 ver
1061 1190 1111 1227 ε.

648 1268 841 1321 lterum
872 1281 1046 1321 autem
1074 1266 1320 1321 diabolus
1350 1266 1617 1320 induravit
1644 1282 1736 1323 cor
1764 1267 1879 1337 ejus
1911 1277 2158 1338 tanquam

570 1359 800 1431 juvenis.
830 1359 1009 1428 Coepit
1055 1362 1215 1413 etiam
1273 1358 1341 1411 ibi
1391 1370 1598 1413 mutare
1649 1368 1825 1414 vestes
1854 1362 1989 1429 ejus,
2022 1368 2078 1415 et
2107 1361 2161 1415 in

571 1452 787 1521 eloquio
834 1453 1103 1506 sermonis
1138 1450 1476 1506 exaltabatur
1516 1451 1567 1503 in
1618 1452 1781 1520 gloria
1833 1468 1988 1507 vana.
2022 1453 2161 1507 Deus

574 1553 749 1596 autem
777 1544 863 1610 qui
897 1552 1113 1611 propter
1143 1557 1293 1595 suam
1326 1544 1570 1611 rn'agnam
1606 1543 2027 1597 miscricordiam
2060 1543 2160 1597 im-

573 1632 720 1700 pedit
762 1632 1074 1686 occasiones
1104 1632 1416 1701 perditionis
1464 1645 1682 1699 nosme,
1716 1634 1959 1703 permisit
1990 1645 2045 1689 ut
2073 1638 2146 1689 ni-

572 1724 763 1778 mietas
792 1721 1015 1778 febrium
1047 1724 1368 1779 labefaceret
1392 1740 1585 1795 corpus
1607 1727 1745 1795 ejus,
1773 1738 1826 1781 et
1852 1727 2160 1783 inﬁrmitate

572 1815 729 1882 longa
758 1816 1084 1870 laceraretur
1116 1832 1209 1883 per
1230 1831 1321 1869 sex
1356 1832 1588 1872 menses.

634 1906 977 1960 Adhibentes
1006 1905 1146 1960 enim
1187 1908 1232 1961 ei
1286 1906 1474 1961 medici
1521 1908 1735 1963 diversa
1782 1908 2158 1972 medicamina,

573 1996 707 2052 nihil
740 1997 1271 2066 proﬁciebant.Tunc
1298 2000 1430 2054 dixit
1457 2002 1505 2055 ei
1535 2014 1715 2057 sancta
1747 2003 1970 2057 leania
1997 2020 2009 2055 :
2044 2002 2159 2056 Non

578 2089 712 2142 mihi
745 2090 943 2157 placet,
975 2089 1082 2155 ﬁli,
1116 2097 1223 2144 tam
1257 2092 1407 2161 longa
1439 2093 1717 2147 inﬁrmitas
1762 2103 1847 2149 tua
1878 2113 1889 2147 :
1922 2095 2007 2149 die
2033 2109 2162 2163 ergo

576 2179 705 2233 mihi
749 2196 866 2249 quze
912 2191 1036 2235 sunt
1068 2182 1119 2234 in
1151 2184 1312 2238 corde
1345 2193 1456 2246 tuo,
1488 2200 1592 2237 non
1642 2186 1784 2239 enim
1835 2194 1917 2240 est
1961 2186 2163 2255 absque

576 2272 838 2341 permissu
883 2272 973 2327 Dei
1025 2272 1138 2326 hare
1184 2273 1468 2327 infirmitas
1516 2286 1624 2330 tua.
1656 2277 1818 2346 997
1871 2276 1935 2331 Et
1983 2279 2162 2331 statim

576 2361 853 2415 confessus
876 2372 956 2416 est
986 2364 1160 2415 omnia
1191 2379 1310 2433 quae
1342 2366 1391 2416 in
1418 2368 1594 2419 animo
1625 2366 1741 2435 ejus
1782 2377 1955 2422 erant.
1995 2368 2080 2422 Ait
2110 2371 2161 2423 ci

577 2454 770 2509 famula
803 2455 936 2509 Dei:
971 2455 1225 2511 l'romitte
1263 2472 1404 2511 nunc
1449 2472 1629 2511 coram
1676 2459 1783 2513 Deo
1825 2459 1942 2529 quia
1980 2469 2161 2515 teneas

577 2550 989 2617 promissionem
1030 2551 1284 2607 solitaria:
1319 2554 1438 2606 vita:
1479 2570 1636 2622 quam
1670 2556 1892 2610 Domino
1923 2571 2162 2626 spopon-

578 2640 703 2695 disti
725 2681 739 2703 ,
768 2651 821 2696 et
851 2642 975 2697 licet
1007 2644 1271 2709 peccatrix
1319 2644 1582 2713 deprecor
1615 2646 1895 2702 Dominum
1925 2656 1983 2702 ut
2007 2649 2165 2703 detur

581 2731 677 2787 tibi
704 2741 912 2801 tempus
938 2734 1086 2796 vitae,
1110 2743 1371 2803 quatenus
1397 2736 1690 2805 adimplere
1720 2740 1890 2806 possis
1918 2754 2037 2808 quae
2069 2754 2166 2809 pro

581 2826 754 2880 salute
779 2828 975 2881 anima:
1006 2836 1110 2883 ture
1137 2829 1393 2883 Statuisti.
1422 2830 1538 2899 ipse
1570 2846 1700 2885 vero
1727 2833 1992 2901 acquievit
2022 2834 2165 2887 salu-

579 2919 781 2974 laribus
812 2911 1026 2976 moniiis
1053 2922 1189 2990 ejus,
1216 2932 1269 2976 et
1297 2923 1348 2975 in
1377 2924 1560 2990 paucis
1581 2923 1768 2976 diebus
1790 2939 1951 2979 sanus
1972 2924 2163 2990 factus,

578 3013 734 3079 petiit
763 3022 817 3067 et
846 3014 1165 3083 deprecatus
1195 3025 1277 3068 est
1310 3022 1366 3068 ut
1394 3013 1590 3069 famula
1626 3015 1716 3069 Dei
1750 3031 1847 3085 pro
1874 3032 1932 3072 se
1963 3029 2163 3072 oraret.

578 3100 696 3170 ipsa
722 3106 865 3158 enim
899 3106 1212 3159 vestimenta
1248 3107 1565 3160 monachilis
1597 3107 1851 3175 propositi
1896 3108 2160 3163 induerat.

582 3192 844 3262 Egressus
866 3204 1077 3259 autem,
1112 3196 1378 3261 proiectus
1408 3207 1486 3249 est
1520 3196 1569 3249 in
1602 3208 1836 3251 montem
1870 3198 2049 3251 Nitriae
2073 3198 2165 3266 qui
2197 3203 2244 3263 ο

582 3293 666 3337 est
712 3285 763 3337 in
793 3282 1046 3353 Egypto,
1081 3286 1131 3339 in
1159 3301 1265 3353 quo
1296 3286 1549 3339 habitavit
1581 3287 1714 3340 duos
1744 3303 1931 3342 annos.
1978 3287 2163 3342 Tertio

577 3386 756 3429 autem
785 3390 924 3430 anno
951 3377 1223 3447 ingressus
1246 3389 1325 3432 est
1355 3378 1692 3434 solitudinem
1712 3423 1725 3445 ,
1754 3390 1809 3436 et
1838 3381 1907 3435 ibi
1938 3395 2162 3436 conver-

584 3474 729 3519 satus
758 3475 840 3519 est
878 3468 1281 3534 quatuordecim
1330 3469 1484 3521 armis
1529 3470 1580 3523 in
1624 3470 1707 3525 his
1753 3486 1872 3539 ane
1919 3471 2162 3527 dicantur

578 3556 763 3611 Cellia.
795 3555 1137 3613 Comedebat.
1161 3568 1339 3612 autem
1391 3559 1578 3614 libram
1623 3562 1773 3629 panis
1806 3563 1857 3615 in
1889 3562 1995 3625 die,
2027 3574 2078 3617 et
2109 3564 2159 3617 in

578 3658 687 3706 tres
718 3668 928 3708 menses
960 3654 1195 3709 Italicum
1226 3654 1328 3708 olei
1365 3654 1468 3723 (9),
1503 3669 1625 3708 nam
1659 3655 1787 3709 nihil
1828 3666 2036 3711 coctum
2067 3673 2161 3712 su-

576 3744 756 3798 mebat
783 3744 836 3798 in
868 3746 1074 3813 cibum,
1110 3761 1209 3801 nec
1241 3746 1441 3815 aliquid
1471 3746 1537 3801 de
1570 3748 1742 3816 pomis
1775 3750 2050 3817 gustabat,
2084 3752 2163 3804 vir

577 3844 725 3891 certe
751 3853 813 3892 ex
864 3838 1026 3891 multa
1069 3839 1340 3907 opulentia
1383 3849 1435 3893 et
1481 3840 1804 3894 abundantia
1849 3840 2158 3895 deficiarum

577 3925 820 3979 veniens.
851 3925 1103 3981 Faciebat
1148 3940 1326 3983 autem
1375 3929 1427 3982 iu
1462 3929 1549 3984 die
1594 3931 1865 3985 orationes
1907 3940 2159 3996 centum,

580 4016 817 4082 exceptis
840 4017 1035 4084 vigiliis
1057 4020 1353 4073 nocturnis.
1379 4020 1657 4074 Scribebat
1681 4035 1812 4075 vero
1834 4029 1889 4074 ut
1910 4019 1975 4073 de
1997 4034 2161 4087 opere

579 4120 828 4159 manuum
861 4122 1076 4161 suarum
1107 4118 1342 4163 sumeret
1367 4110 1573 4175 cibum;
1605 4110 1827 4179 pulchre
1854 4112 1997 4165 enim
2024 4111 2162 4164 scri-

579 4198 743 4254 bebat
769 4200 1014 4257 libralem
1046 4217 1260 4257 manum
1290 4201 1427 4272 (10).
1456 4203 1594 4259 intra
1623 4220 1818 4273 paucos
1842 4221 1969 4276 ergo
1992 4222 2161 4264 annos

580 4291 761 4347 lumen
809 4293 1068 4361 scientize,
1102 4304 1156 4348 et
1183 4294 1446 4362 veritatis,
1478 4306 1530 4349 et
1576 4295 1767 4350 divinae
1815 4299 2076 4367 scientiae,
2108 4308 2163 4354 et

578 4388 913 4444 discretionis
941 4391 1229 4460 spirituum
1250 4390 1474 4459 gratiam
1500 4406 1527 4446 a
1560 4390 1784 4445 Domino
1806 4391 2021 4446 Christo
2047 4408 2158 4461 per-

579 4482 759 4551 cipere
790 4482 1003 4536 meruit.
1034 4480 1273 4549 Quantos
1315 4491 1490 4535 autem
1522 4482 1686 4537 libros
1712 4494 1765 4537 et
1800 4482 2159 4551 expositiones

2268 532 2337 587 iis
2363 532 2609 587 animalis
2638 532 2996 588 rhinocerotis
3018 530 3238 587 duceret
3268 530 3399 601 (ll).

2335 626 2468 681 Huic
2496 626 2722 696 quodam
2752 634 2992 694 tempore
3021 625 3293 680 daemones
3323 635 3430 681 tres
3456 625 3504 681 in
3531 626 3609 683 die
3627 644 3770 700 super.

2262 726 2543 777 venerunt.
2578 717 2645 771 de
2674 717 2839 771 verbo
2869 716 2988 770 ﬁdei
3017 716 3413 785 conquirentes.
3445 716 3505 771 Et
3530 732 3645 774 unus
3678 724 3766 791 qui.

2263 810 2384 866 dein
2432 810 2640 864 dicebat
2693 824 2752 863 se
2779 808 3036 863 Arianunt
3064 822 3204 871 esse,
3253 808 3391 862 alius
3419 808 3769 879 Eunomianam,

2263 900 2398 956 alter
2425 916 2554 956 vero
2578 900 3037 968 Apollinaristam.
3093 899 3159 953 Et
3207 899 3336 953 istos
3385 912 3476 967 per
3516 900 3680 956 divina.
3702 904 3770 957 Sa-

2263 993 2479 1062 pientia:
2502 992 2747 1063 gratiam,
2780 991 2904 1044 dum
2932 990 2998 1044 de
3024 989 3347 1044 testimoniis
3374 997 3648 1045 sanctarum
3668 991 3773 1046 Scri-

2265 1095 2538 1152 pturarom
2567 1082 2936 1147 concluderet,
2971 1081 3046 1135 illi
3079 1081 3258 1135 subito
3288 1081 3600 1145 conturbati,
3632 1092 3675 1136 et
3696 1099 3774 1137 ma-

2264 1160 2424 1244 gnum
2459 1173 2741 1240 strepitum
2773 1170 3051 1239 facientes,
3088 1173 3405 1241 phantasma
3434 1171 3687 1227 schematis
3709 1188 3774 1228 eo-

2264 1280 2379 1318 rum
2409 1264 2726 1318 dissolutum
2751 1273 2853 1329 est,
2887 1273 2941 1317 et
2969 1276 3227 1332 nusquam
3250 1272 3656 1330 eomparuerunt.
3680 1263 3772 1318 Fre-

2262 1364 2489 1425 quenter
2529 1366 2705 1409 autem
2755 1370 2783 1408 a
2829 1353 3166 1408 daemonibus
3213 1350 3507 1421 ﬂagellatus
3573 1360 3675 1417 est;
3706 1356 3771 1407 sed

2263 1449 2438 1503 divina
2498 1450 2667 1517 gratia
2701 1463 2822 1503 eum
2879 1446 3200 1516 adjuvante,
3253 1442 3535 1511 superabat
3586 1443 3773 1512 maligni-

2264 1551 2425 1595 tatem
2456 1555 2667 1595 eorum.

2337 1633 2714 1688 Sextodecimo
2764 1647 2892 1687 vero
2940 1646 3082 1685 anno
3130 1628 3551 1685 conversationis
3595 1625 3777 1695 cjus,in

2264 1726 2456 1796 quibus
2502 1724 2633 1780 nihil
2675 1734 2882 1779 coctum
2933 1724 2986 1777 in
3041 1722 3163 1777 cibo
3214 1720 3505 1789 accipiebat
3530 1718 3778 1774 necessitate

2198 1817 2241 1874 Β
2268 1820 2530 1888 corporis,
2564 1828 2782 1888 propter
2814 1816 3176 1872 inﬁrmitatem
3230 1814 3489 1868 stomachi
3529 1823 3701 1867 coctum
3724 1810 3773 1863 ei

2272 1900 2394 1966 hum
2447 1912 2691 1980 accipere
2738 1910 3044 1979 compulsus
3092 1917 3193 1981 est.
3240 1906 3438 1962 Panem
3487 1904 3671 1975 quidem
3702 1902 3778 1972 jam

2263 2020 2367 2055 non
2384 2003 2626 2072 contigit.
2656 2002 2811 2057 Olera
2840 2016 2968 2056 vero
2998 2010 3051 2055 et
3080 2001 3311 2069 ptisanas
3345 2042 3359 2064 ,
3389 2012 3458 2051 ac
3485 1997 3693 2065 legumen
3718 2009 3780 2047 us.

2261 2110 2364 2164 que
2391 2094 2454 2149 ad
2481 2096 2616 2148 duos
2649 2110 2820 2149 annos
2850 2094 3140 2163 accipiens,
3166 2095 3236 2145 ita
3264 2090 3541 2145 defunctus
3558 2097 3646 2153 est,
3670 2101 3773 2139 com-

2264 2188 2541 2241 municans
2595 2194 2933 2240 sacrosancta
2967 2186 3217 2249 mysteria
3260 2184 3310 2237 in
3361 2181 3595 2243 ecclesia,
3637 2179 3678 2233 in
3713 2176 3774 2229 die

2266 2274 2579 2344 Epiphaniae
2608 2276 2839 2329 Domini.

2338 2369 2667 2422 [inferebant
2690 2377 2869 2423 autem
2891 2366 3044 2421 nobis
3067 2366 3305 2434 quicirt-a
3329 2380 3454 2419 eum
3481 2371 3638 2427 erant,
3663 2371 3704 2415 et
3718 2359 3782 2413 ob

2266 2460 2551 2514 servabant
2576 2474 2718 2523 eum,
2752 2459 2873 2528 quia
2901 2468 3026 2512 ante
3057 2473 3220 2511 unum
3247 2455 3389 2512 diem
3424 2455 3596 2510 mortis
3615 2467 3702 2507 suae
3731 2450 3782 2503 di-

2269 2551 2374 2604 ait:
2401 2550 2523 2619 quia
2556 2551 2660 2616 iam
2693 2551 2880 2604 tertius
2910 2563 3081 2603 anuus
3103 2558 3206 2611 est,
3237 2562 3302 2602 ex
3332 2563 3444 2617 quo
3472 2563 3569 2600 non
3595 2543 3784 2598 molestot

2274 2658 2302 2695 a
2335 2627 2532 2695 carnali
2562 2641 2991 2711 concupiscentia
3027 2658 3038 2692 :
3063 2648 3210 2694 certe
3230 2649 3351 2710 post
3381 2647 3575 2692 tantam
3603 2648 3648 2692 et
3672 2636 3784 2688 talem

2267 2735 2453 2795 vitam,
2487 2743 2541 2787 et
2571 2732 2777 2786 aridam
2824 2731 3222 2794 abstinentiam,
3270 2740 3322 2784 et
3355 2728 3584 2792 labores,
3607 2742 3661 2780 ac
3682 2724 3787 2779 dolo-

2268 2841 2375 2889 res,
2415 2835 2471 2881 et
2500 2824 2773 2878 orationes
2811 2824 2927 2879 sine
2970 2822 3395 2877 intermissione.
3433 2819 3560 2874 Huic
3588 2818 3632 2871 in
3658 2829 3787 2869 mona-

2268 2921 2436 2974 sterio
2467 2918 2684 2985 degenti
2705 2918 2948 2971 nuntiata
2980 2925 3064 2972 est
3084 2930 3229 2970 mors
3260 2914 3429 2985 patris
3451 2913 3529 2967 sui
3555 2928 3567 2976 ;
3596 2909 3671 2979 qni
3696 2906 3789 2961 dixit

2270 3010 2528 3065 nuntianti
2562 3009 2700 3065 sibi:
2734 3010 2895 3065 Cessa
2920 3010 3310 3079 blasphemare,
3357 3021 3509 3062 meus
3534 3005 3658 3059 enim
3685 3010 3789 3070 pater

2268 3102 2585 3158 immortalis
2616 3113 2721 3156 est.

2864 3189 3090 3267 carur
3131 3190 3266 3244 xvr.

2268 3304 2345 3359 De
2399 3304 2577 3358 Cranii
2624 3303 2902 3373 presbyteri
2961 3304 3173 3384 vita,“
3236 3301 3300 3356 de
3368 3299 3576 3370 Eulogii
3609 3294 3789 3365 longani-

2968 3383 3160 3427 mitate.

2354 3466 2582 3523 Cronius
2650 3465 2928 3535 presbyter
2987 3463 3230 3520 ecclesiae
3290 3462 3479 3517 tvm-ia:
3527 3453 3788 3530 (Heracliti,

2266 3579 2380 3633 cap.
2412 3562 2491 3631 9),
2521 3561 2709 3617 retulit
2740 3560 2867 3614 mihi
2896 3559 3111 3615 dicens:
3141 3560 3273 3626 Quia
3296 3557 3423 3613 dum
3447 3556 3648 3628 juvenis
3665 3564 3792 3607 essent

2268 3655 2319 3708 in
2351 3652 2677 3709 monaSterio
2722 3652 2939 3705 nimiam
2970 3650 3213 3719 patiebar
3257 3650 3522 3704 acediam.
3569 3644 3702 3702 Unde
3735 3641 3793 3695 itt-

2266 3746 2416 3813 giens
2457 3744 2595 3812 cmpi
2620 3758 2785 3813 vagus
2814 3758 2907 3811 per
2935 3756 3175 3797 eremum
3222 3742 3524 3805 ambulare,
3554 3747 3604 3794 et
3630 3730 3795 3806 perveni

2267 3852 2437 3907 usque
2466 3838 2532 3890 ad
2565 3847 2799 3891 montem
2835 3835 2923 3889 ubi
2966 3843 3185 3889 sanctus
3211 3834 3485 3889 Antonius
3513 3832 3727 3902 degebat,
3760 3824 3795 3880 id

2265 3941 2366 3995 est,
2402 3931 2542 3985 inter
2582 3930 2815 3984 medium
2856 3928 3164 3998 Babylonia:
3190 3936 3245 3983 et
3294 3926 3556 3981 Heraclia:
3584 3927 3630 3979 in
3657 3920 3796 3975 vastis-

2266 4020 2401 4073 sima
2441 4019 2747 4084 solitudine,
2780 4035 2899 4088 quae
2942 4018 3089 4073 ducit
3134 4018 3200 4072 ad
3231 4031 3380 4072 mare
3427 4017 3675 4072 Rubrum.
3720 4008 3795 4062 Ve-

2270 4112 2426 4164 niens
2456 4125 2586 4182 ergo
2615 4110 2666 4163 in
2700 4109 3082 4165 monasterium
3112 4122 3268 4164 secus
3296 4107 3522 4176 ﬁumen,
3556 4103 3683 4177 quod
3703 4098 3797 4156 dici-

2267 4211 2351 4255 tur
2382 4201 2569 4272 Pisper
2610 4200 2744 4273 (l2),
2780 4202 2868 4255 ubi
2900 4202 3017 4271 ejus
3046 4201 3304 4256 sedebant
3341 4200 3593 4270 discipuli
3620 4201 3793 4254 Amalns

2266 4304 2321 4348 et
2350 4293 2631 4359 Macarius,
2665 4295 2752 4364 qui
2795 4304 2849 4350 et
2883 4295 3208 4364 sepelierunt
3232 4309 3381 4362 eum,
3405 4290 3696 4363 exspectavi
3717 4288 3799 4343 dies

2264 4385 2520 4454 quinque,
2575 4396 2629 4439 ut
2669 4385 2907 4440 viderem
2954 4396 3197 4440 sanctum
3243 4386 3559 4440 Antonium.
3601 4380 3799 4437 Dicebant

2265 4479 2404 4530 enim
2430 4491 2551 4531 eum
2577 4486 2857 4531 venturum
2880 4476 2943 4530 ad
2979 4477 3111 4531 illud
3136 4478 3544 4545 monasterium,
3570 4468 3820 4543 aliquando.

579 4573 647 4628 de
671 4574 863 4629 divinis
882 4573 1170 4644 Scripturis
1192 4575 1539 4643 conscripsit,
1571 4575 1910 4631 manifestum
1938 4584 2020 4631 est
2044 4592 2156 4630 om-

2264 4567 2476 4637 quidem
2521 4578 2638 4637 post
2670 4568 2858 4622 decem
2885 4568 3023 4635 dies,
3075 4568 3362 4635 aliquando
3406 4576 3585 4623 autem
3623 4572 3721 4635 post
3747 4559 3799 4611 ri-

579 4666 756 4731 nibus,
784 4677 838 4723 et
866 4667 1097 4721 maxime
1124 4667 1209 4721 his
1234 4667 1321 4735 qui
1356 4667 1606 4736 praeclara
1635 4667 1751 4735 ejus
1780 4667 2030 4734 opuscula
2061 4667 2156 4721 ad-

579 4758 860 4824 mirantes,
890 4758 955 4813 ad
989 4758 1146 4814 ﬁdem
1182 4758 1393 4813 Domini
1436 4758 1727 4814 Salvatoris
1756 4760 1945 4815 relicto
1974 4774 2157 4815 errore

581 4851 823 4905 conversi
866 4860 1008 4906 sunt.
1044 4851 1173 4905 Nam
1203 4860 1258 4906 et
1282 4850 1347 4904 ad
1377 4850 1781 4905 instructionem
1811 4860 2010 4906 sanctae
2041 4869 2155 4905 mo-

582 4941 872 4996 nachorum
894 4944 1315 4998 conversationis
1347 4943 1507 4996 multa
1536 4957 1602 4997 ex
1626 4944 1821 4998 divinis
1841 4944 2149 5012 Scripturis,

581 5044 634 5088 et
656 5036 811 5090 nimis
833 5044 954 5105 apta
977 5037 1276 5091 testimonia
1297 5046 1485 5091 contra
1506 5034 1631 5089 vitia
1653 5045 1706 5094 et
1731 5037 2156 5105 impugnationes

582 5125 977 5180 immundorum
1000 5126 1303 5182 daemonum
1325 5170 1339 5191 ,
1364 5128 1644 5181 continens
1668 5124 1783 5195 ejus
1813 5126 1966 5180 valde
1990 5124 2159 5179 admi-

582 5216 769 5271 rabilis
791 5224 845 5272 et
871 5217 1120 5273 salutaris
1146 5218 1387 5273 doctrina
1411 5226 1517 5273 est.

548 5310 549 5317 ‘
653 5308 805 5363 llunc
832 5309 1115 5377 aliquando
1153 5311 1386 5380 graviter
1410 5310 1753 5381 impugnabat
1795 5308 2161 5365 fornicationis

581 5402 817 5466 daemon,
851 5401 985 5457 sicut
1019 5402 1132 5471 ipse
1156 5402 1427 5458 referebat
1453 5402 1626 5467 nobis,
1652 5411 1705 5455 et
1732 5415 1825 5467 per
1853 5411 2013 5456 totam
2038 5417 2163 5458 noc-

579 5504 686 5549 tem
738 5503 978 5565 tempore
1028 5493 1216 5548 hiemis
1266 5495 1436 5549 nudus
1482 5496 1628 5550 stetit
1667 5496 1766 5549 sub
1812 5509 1954 5557 aere,
2005 5494 2072 5547 ita
2103 5499 2166 5551 ut

582 5586 932 5657 congclareut
954 5600 1141 5640 omnes
1172 5600 1359 5639 carnes
1380 5585 1515 5653 ejus.

650 5678 770 5731 Alio
822 5677 1014 5732 iterum
1072 5685 1311 5745 tempore
1372 5675 1714 5744 impugnahat
1766 5690 1887 5729 eum
1944 5674 2159 5742 spiritus

579 5758 943 5834 blasphemia,
990 5775 1042 5823 et
1070 5781 1163 5837 per
1192 5764 1535 5834 quadraginta
1589 5764 1701 5821 dies
1753 5780 1815 5819 ac
1842 5774 2025 5820 noctes
2054 5781 2157 5820 non

2265 4658 2396 4727 ginti
2428 4658 2561 4723 dies,
2594 4658 3043 4728 quemadmodum
3066 4659 3117 4714 ei
3150 4657 3405 4714 Dominus
3429 4658 3710 4714 revelasset
3730 4664 3800 4723 pro

2266 4749 2495 4804 utilitate
2523 4750 2918 4805 advenientium
2951 4750 3002 4805 in
3035 4754 3439 4806 monasterium.
3587 4733 3602 4740 ’

2335 4843 2500 4909 Quam
2534 4843 2745 4911 plurimi
2776 4860 2903 4913 ergo
2932 4857 3145 4898 eramus
3175 4844 3489 4915 congregati
3522 4844 3718 4905 fratre=,
3742 4835 3798 4889 di-

2264 4949 2447 4988 versas
2478 4935 2734 4988 habentes
2766 4936 3136 5001 necessitates,
3190 4935 3240 4989 in
3273 4935 3467 5004 quibus
3518 4942 3572 4987 et
3601 4927 3802 4995 Eulogius

2264 5027 2478 5095 quidam
2519 5027 2936 5090 Alexandrinus,
2985 5035 3038 5081 et
3068 5026 3204 5081 alius
3236 5026 3504 5096 leprosus,
3554 5023 3641 5093 qui
3684 5013 3803 5073 simul

2264 5121 2485 5174 aderant
2526 5137 2623 5189 pro
2649 5121 2736 5174 tali
2786 5135 2943 5175 causa
2992 5119 3238 5192 (Pasch.,
3268 5137 3314 5175 c.
3351 5122 3435 5183 19,
3472 5136 3612 5173 num.
3642 5115 3709 5180 5).
3736 5110 3803 5165 Hic

2266 5210 2521 5280 Eulogius
2534 5211 2887 5266 scholasticus
2914 5213 3367 5277 erat,eteruditus
3390 5211 3474 5266 vir
3500 5229 3515 5277 ;
3548 5208 3635 5278 qui
3660 5215 3804 5260 amore

2265 5305 2444 5359 divino
2474 5316 2843 5373 compunctus,
2869 5305 3265 5360 abrenuntiavit
3286 5305 3453 5359 turbis
3478 5303 3702 5363 urbium,
3720 5307 3803 5347 om'

2268 5395 2851 5466 nemquejsnbstantiam
2866 5411 3014 5449 suam
3029 5395 3339 5451 distraxitet
3355 5394 3595 5465 erogavit
3607 5383 3807 5463 pauperi-

2264 5487 2385 5549 bus.
2427 5486 2833 5555 sicutscriptum
2853 5497 2964 5541 est:
3008 5487 3290 5556 Dispersit,
3323 5486 3468 5542 dedit
3501 5480 3803 5555 pauperibus.

2265 5580 2463 5645 iustitia
2478 5577 2591 5647 ejus
2611 5587 2789 5632 manet
2814 5579 2864 5630 in
2889 5580 3141 5632 saeculum
3156 5578 3332 5634 surculi
3351 5576 3527 5647 (Psal.
3554 5572 3692 5641 cn);
3718 5567 3808 5623 eli“

2266 5669 2555 5735 Evangelia
2572 5668 2781 5722 dicente
2799 5668 3057 5723 Domino:
3098 5669 3247 5723 Beati
3275 5664 3652 5722 misericordes
3670 5702 3686 5727 ,
3711 5656 3806 5727 quia

2266 5765 2364 5832 ipsi
2408 5762 2825 5815 mi-ericordiam
2866 5771 3259 5831 consequentur
3290 5758 3507 5830 (Matth.
3543 5757 3623 5826 ν).
3659 5754 3810 5819 itaun
