3982 6354
242 368 310 422 ἷῖ)
1448 357 1557 411 PAI
1581 358 1759 413 LADII
1802 359 2161 414 LAUSIACA.

3354 360 3485 413 57!

198 495 401 551 paucos
422 476 669 532 denarios
699 475 750 529 in
776 487 900 527 usus
926 474 1171 544 proprios
1193 471 1510 534 reservavit.
1536 472 1775 542 cogitans
1810 476 1854 534 A
1885 479 2239 543 Interrogavit
2284 485 2456 532 autem
2489 476 2777 531 secundum
2810 477 3279 533 consuetudinem:
3332 478 3457 532 Fra-

194 574 340 644 apud
358 574 738 640 semetipsum:
767 568 896 634 Quia
924 566 1131 637 operari
1166 564 1392 633 propriis
1411 556 1656 618 manibus
1672 581 1777 619 non

198 665 380 729 valeo,
409 676 507 717 nec
540 661 592 715 in
627 660 932 715 monasterii
952 655 1775 725 congregationemingredipos-

195 771 341 809 sum.
362 754 569 808 Invenit
594 767 721 821 ergo
759 750 1037 821 quemdam
1063 749 1115 802 in
1136 747 1583 817 plateajacentem
1605 748 1782 813 lepro-

193 862 340 911 sum,
371 846 458 913 qui
488 859 586 898 nec
601 858 787 897 manus
807 842 1035 896 habebat
1064 856 1161 894 nec
1178 840 1359 908 pedes,
1379 838 1530 907 cujus
1551 848 1780 892 tantum-

199 937 366 990 modo
380 937 551 1004 lingua
569 935 799 1004 vigebat.
818 933 979 989 Stans
995 944 1170 986 autem
1198 931 1449 999 Eulogius
1480 944 1777 999 propeeunt

194 1033 377 1086 oravit
416 1031 715 1094 Dominum,
768 1039 821 1084 et
868 1032 1044 1097 posuit
1091 1030 1241 1099 quasi
1270 1038 1478 1099 pactum
1508 1045 1626 1082 cum
1678 1029 1781 1082 Do-

195 1122 367 1184 mino.
398 1122 612 1177 dicens:
669 1121 911 1186 Domine,
953 1122 1005 1174 in
1039 1122 1255 1174 nomine
1302 1131 1391 1174 tuo
1427 1122 1613 1174 levabo
1644 1124 1781 1175 hunc

195 1213 471 1280 leprosom
499 1213 550 1265 in
599 1212 814 1266 domum
849 1228 1041 1277 meam,
1075 1224 1126 1268 et
1172 1213 1486 1268 ministrabo
1514 1215 1586 1281 ei,
1617 1226 1671 1268 et
1699 1231 1782 1269 re-

193 1307 439 1375 pausabo
467 1321 585 1359 eum
632 1320 800 1373 usque
831 1306 895 1359 ad
944 1317 1190 1369 mortem,
1223 1315 1281 1361 ut
1309 1316 1527 1375 prepter
1559 1307 1697 1360 hunc
1728 1318 1779 1361 et
1820 1333 1829 1341 ι

194 1413 304 1466 ego
344 1398 607 1451 inveniam
640 1396 1061 1451 misericordiam
1094 1406 1256 1452 tuam.
1290 1398 1435 1452 Dona
1468 1413 1593 1463 ergo
1622 1398 1778 1463 mihi,

192 1486 414 1545 Christe
458 1488 701 1551 Domine,
746 1486 1048 1555 patientiam
1075 1488 1137 1541 ad
1164 1488 1319 1555 hujus
1350 1489 1681 1558 obsequium.
1716 1490 1778 1541 Et

194 1578 462 1631 accedens
490 1577 552 1630 ad
578 1577 867 1646 leprosum,
896 1578 1029 1631 dixit
1051 1579 1130 1633 ei:
1180 1579 1233 1633 Si
1267 1579 1367 1641 vis,
1402 1578 1581 1644 Pater,
1610 1579 1781 1632 susci-

196 1670 290 1737 pio
322 1678 374 1722 te
413 1670 464 1722 in
503 1668 720 1722 domum
769 1684 963 1734 meam,
1012 1680 1066 1724 et
1111 1672 1403 1739 repausabo
1453 1680 1523 1725 te.
1572 1673 1641 1724 At
1693 1671 1781 1725 ille

198 1759 534 1825 respondens
562 1761 727 1817 dixit:
781 1762 835 1817 Si
885 1762 1118 1827 digneris
1169 1764 1368 1828 facere,
1414 1764 1610 1834 gratias
1657 1781 1776 1833 ago.

1884 582 1989 624 tres
2021 569 2251 641 .IEgypdi
2300 580 2422 623 sunt
2459 586 2522 621 an
2554 569 2982 640 Jerosnlymitar?
3016 568 3311 639 Respondit
3343 571 3457 625 Ma-

1882 661 2055 713 carius
2077 671 2129 712 et
2151 660 2312 713 dixit:
2346 659 2476 726 Quia
2510 660 2648 712 misti
2680 669 2821 713 sunt.
2851 660 3072 725 Quando
3099 669 3272 714 autem
3307 659 3454 713 dicer-

1884 749 2001 803 bat:
2033 751 2159 815 Quia
2193 751 2429 819 Aﬂgyptii
2476 762 2616 811 sunt,
2648 750 2864 819 jubebat
2893 751 3078 805 beatus
3109 751 3367 805 Antonius
3401 762 3455 803 ιιι

1885 841 2216 908 pulmentum
2276 841 2535 895 lenticula).
2593 853 2921 909 apponerent
2985 844 3063 897 eis
3118 843 3337 907 cibum,
3403 853 3457 895 et

1882 934 2093 1002 quando
2120 935 2426 988 reiecissent
2447 976 2459 999 ,
2487 934 2709 988 faciebat
2741 936 2817 987 eis
2845 936 3171 1001 orationem,
3199 945 3253 989 et
3279 935 3459 989 dimit-

1889 1021 2029 1074 tebat
2064 1037 2174 1074 eos.
2220 1021 2441 1087 Quando
2489 1036 2661 1076 autem
2696 1024 2935 1077 dicebat:
2978 1025 3108 1091 Quia
3148 1024 3459 1092 Jersolymi—

1892 1123 1959 1162 ιω
1983 1122 2103 1163 sunt
2132 1152 2145 1172 ,
2178 1111 2397 1165 sedebat
2445 1127 2536 1179 per
2567 1122 2727 1165 totam
2760 1124 2989 1177 noctem,
3048 1114 3319 1183 disputans
3339 1129 3460 1168 cum

1886 1205 1963 1259 eis
1988 1205 2055 1258 de
2082 1203 2255 1258 verbis
2290 1204 2380 1258 Dei
2415 1221 2532 1273 quae
2584 1206 2647 1257 ad
2681 1211 2901 1259 salutent
2932 1208 3121 1260 anima:
3171 1208 3456 1276 pertinent.

1885 1297 1940 1350 Itt
1973 1298 2055 1349 illa
2088 1312 2214 1366 ergo
2245 1312 2463 1365 vespera
2512 1297 2750 1361 sedebat,
2795 1307 2846 1351 et
2874 1299 3093 1353 vocabat
3130 1314 3316 1353 omnes
3349 1298 3457 1352 fra-

1888 1396 2015 1439 tres.
2046 1386 2143 1452 Qui
2174 1401 2292 1439 cum
2340 1387 2699 1450 advenissent,
2736 1388 2910 1441 subito
2938 1388 3142 1442 vocavit
3178 1388 3455 1458 Eulogium

1888 1481 2065 1544 tertio,
2091 1495 2211 1536 cum
2245 1482 2418 1535 nullus
2466 1483 2749 1535 indicasset
2793 1483 2841 1537 ei
2878 1500 3069 1536 nomen
3114 1483 3248 1551 ejus.
3303 1483 3461 1536 Eulo-

1891 1576 2004 1640 gius
2053 1586 2225 1630 autem
2275 1591 2377 1629 non
2411 1577 2873 1646 respondebatei;
2923 1578 3275 1632 arbitrabatur
3319 1577 3460 1630 cnim

1887 1666 2022 1733 quod
2056 1665 2217 1719 alium
2264 1667 2536 1737 Eulogium
2584 1683 2647 1720 ex
2698 1668 3022 1720 monasterio
3053 1678 3282 1721 vocaret.
3316 1666 3463 1720 Tunc

1888 1759 2013 1810 dieit
2043 1759 2125 1811 ei:
2158 1759 2273 1813 'fibi
2299 1758 2439 1821 dico,
2464 1760 2675 1827 Eulogi,
2699 1759 2784 1828 qui
2806 1761 2871 1812 ab
2903 1746 3218 1812 Alexandria
3249 1758 3461 1811 venisti.

197 1850 283 1906 Ad
305 1854 441 1906 luxit
477 1868 604 1921 ergo
651 1853 881 1917 asinum,
916 1863 967 1906 et
1008 1853 1202 1906 levavit
1246 1869 1391 1919 eum,
1424 1864 1478 1909 et
1524 1854 1676 1907 duxit
1730 1854 1781 1907 in
1819 1838 1861 1897 Β
1892 1848 2181 1914 Respondit
2211 1850 2463 1919 Eulogius
2487 1862 2533 1903 et
2558 1852 2715 1904 dixit:
2748 1851 2883 1917 Quid
2910 1851 3087 1919 jubes,
3114 1852 3269 1903 domi:
3296 1852 3359 1904 e?
3384 1851 3463 1903 In-

193 1942 422 1996 domum
451 1959 620 2007 suam,
645 1953 698 1997 et
719 1942 1005 1998 adhibebat
1026 1945 1073 1999 ei
1101 1959 1282 1999 curam
1314 1945 1615 2015 diligenter.

270 2032 349 2086 Ita
372 2048 465 2100 per
492 2048 658 2085 annos
688 2033 986 2101 quindecim
1017 2034 1436 2103 gubernabatur,
1469 2046 1523 2089 et
1554 2036 1782 2105 accipie-

196 2124 293 2177 bat
317 2140 499 2177 curam
532 2124 597 2178 de
625 2124 866 2178 manibus
894 2125 1121 2195 Eulogii,
1149 2135 1201 2178 et
1222 2126 1485 2196 condigne
1517 2127 1786 2181 nutrieba-

194 2223 306 2269 tur.
359 2215 481 2270 Post
524 2202 823 2285 quindecim
869 2226 1042 2292 autem
1075 2233 1242 2272 annos
1293 2219 1571 2275 insidiatus
1615 2230 1697 2275 est
1728 2222 1777 2275 ei

198 2309 464 2371 diabolus,
494 2317 546 2362 et
576 2308 807 2362 clamare
836 2308 997 2376 cmpit
1023 2319 1202 2363 contra
1234 2309 1545 2378 Eulogium,
1580 2313 1784 2367 multis-

195 2414 306 2472 que
336 2402 541 2469 injuriis
567 2410 620 2453 et
648 2400 1067 2454 detractionibus
1097 2400 1312 2455 afficere
1337 2402 1530 2454 virum.
1560 2402 1779 2456 Dicebat

196 2495 344 2546 enim
370 2491 420 2547 ei
446 2510 457 2543 :
482 2490 638 2544 Multa
669 2492 803 2544 mala
832 2491 1164 2554 commisisti,
1194 2488 1415 2560 fugitive
1445 2492 1664 2545 forsitan
1690 2493 1783 2544 do-

200 2583 335 2637 mini
365 2584 468 2647 tui;
498 2582 696 2635 alienas
729 2582 978 2648 pecunias
1008 2580 1212 2634 furatus
1252 2596 1331 2645 es,
1365 2589 1417 2634 et
1461 2597 1553 2649 per
1579 2597 1663 2634 mc
1704 2583 1784 2635 vis

200 2690 231 2726 a
264 2674 497 2742 peccatis
548 2671 650 2725 tuis
693 2671 926 2725 liberari.
963 2672 1026 2725 Et
1054 2671 1347 2726 clamabat:
1403 2671 1549 2724 Jacta
1599 2688 1681 2725 me
1733 2673 1784 2725 in

202 2768 431 2835 plateam
461 2764 545 2818 ubi
577 2774 698 2817 ante
734 2763 974 2831 jacebam
994 2804 1009 2828 ,
1041 2777 1229 2819 carnes
1270 2763 1515 2817 desidero
1560 2766 1793 2816 mande-

198 2874 353 2915 care.
388 2857 497 2911 Ilnc
539 2872 657 2910 cum
688 2856 929 2909 audisset
971 2854 1245 2925 Eulogius,
1275 2855 1469 2909 obtulit
1498 2855 1545 2908 ei
1593 2868 1784 2908 carncs

203 2953 256 3006 in
283 2950 483 3005 cibum.
517 2948 708 3001 lterum
741 2947 831 3001 ille
854 2947 1152 3001 clamabat:
1185 2946 1301 3001 Non
1326 2947 1630 3016 acquiesco,
1666 2946 1783 3012 sed,

203 3050 265 3094 ut
312 3039 440 3102 dixi,
480 3039 619 3106 jaeta
652 3052 736 3091 me
776 3038 828 3091 in
877 3037 1125 3105 plateam,
1162 3028 1384 3106 populos
1428 3038 1549 3091 volo
1581 3038 1785 3101 videre,

203 3131 347 3201 iacta
378 3144 462 3183 me
484 3129 571 3184 ubi
605 3145 689 3182 tne
719 3128 983 3184 invenisti.
1013 3128 1255 3183 Forsitan
1280 3132 1324 3183 si
1355 3145 1543 3183 manus
1570 3129 1784 3181 habuis-

1895 1941 2177 2008 terrogavit
2207 1957 2325 1995 cum
2354 1943 2618 1997 Antonius
2645 1961 2655 1995 :
2689 1944 2821 2009 Quid
2857 1944 2956 1997 huc
2988 1943 3212 1997 venisti?
3241 1942 3324 1995 Ait
3357 1942 3465 1996 Eu-

1892 2031 2089 2099 logius:
2116 2033 2175 2084 Et
2201 2035 2318 2099 quis
2350 2034 2606 2087 revelavit
2647 2035 2735 2087 tibi
2772 2049 2959 2087 nomen
2996 2050 3190 2096 meum,
3220 2048 3465 2087 causam-

1892 2138 1994 2188 que
2025 2122 2422 2176 manifestarit?
2474 2123 2615 2178 Dixit
2661 2125 2708 2177 ci
2759 2124 3049 2178 Antonius:
3100 2125 3226 2178 ει]ῗο
3258 2135 3467 2192 propter

1892 2216 2015 2279 qttid
2045 2217 2237 2269 venisti
2264 2256 2277 2280 ,
2328 2220 2419 2270 sed
2449 2233 2626 2271 coram
2662 2219 2906 2270 omnibus
2952 2218 3166 2279 cdicito,
3201 2226 3255 2270 ut
3285 2227 3336 2270 et
3368 2204 3485 2281 ipsi

1891 2307 2126 2360 audiant.
2161 2308 2412 2376 Eulogius
2440 2308 2605 2361 dixit:
2640 2309 2789 2362 Hunc
2842 2310 3105 2379 leprosum
3165 2308 3337 2362 inveni
3380 2308 3468 2377 ja-

1893 2409 2096 2452 centem
2130 2400 2179 2451 in
2228 2400 2420 2467 platea,
2452 2410 2503 2453 et
2537 2400 2699 2453 levavi
2733 2416 2873 2461 eum,
2919 2410 2969 2452 et
3025 2400 3241 2467 promisi
3277 2400 3384 2452 Deo
3413 2405 3467 2452 ttt

1893 2506 2012 2543 eum
2034 2505 2372 2557 repausarem
2393 2500 2654 2558 quate-us
2676 2500 2728 2543 et
2751 2505 2848 2554 ego
2866 2491 3040 2543 salvus
3055 2489 3274 2551 efliciar,
3290 2498 3341 2543 et
3358 2489 3469 2554 ipse

1895 2597 1987 2647 per
2019 2597 2193 2634 meum
2216 2582 2525 2651 Obsequium
2558 2582 2981 2646 repanSntionem
3009 2581 3218 2635 habeat.
3253 2583 3315 2635 Et
3341 2581 3465 2650 quia

1895 2682 2010 2739 post
2040 2682 2114 2727 tot
2141 2689 2308 2728 annos
2334 2675 2584 2728 recedere
2616 2676 2726 2727 vult
2758 2689 2784 2726 a
2815 2690 2920 2739 me,
2951 2684 3002 2726 et
3044 2673 3199 2727 nimis
3240 2688 3467 2726 exacer-

1896 2765 1983 2817 bat
2011 2780 2116 2829 me,
2168 2765 2291 2818 dum
2327 2766 2537 2819 festinat
2571 2767 2841 2831 recedere,
2870 2775 2923 2819 ct
2950 2765 3172 2826 cogitavi
3206 2764 3468 2831 projicere

1894 2870 2038 2923 eum,
2093 2857 2210 2909 ideo
2261 2857 2326 2911 ad
2370 2858 2701 2910 sanctitatem
2760 2866 2901 2910 tuam
2936 2857 3077 2919 veni,
3108 2866 3163 2909 ut
3196 2855 3323 2908 mihi
3372 2854 3466 2908 des

1894 2947 2170 2999 consilium
2198 2947 2321 3011 quid
2346 2961 2502 3013 agere
2523 2946 2767 3007 debeam,
2802 2955 2857 3000 et
2885 2960 3005 2999 ores
3040 2959 3135 3012 pro
3162 2959 3277 3006 me;
3311 2943 3468 2997 nimis

1894 3037 2034 3090 enim
2067 3036 2323 3090 sollicitus
2354 3053 2494 3102 smn,
2523 3047 2579 3091 et
2609 3037 2834 3090 tribulor
2865 3051 2958 3105 pro
2983 3038 3078 3089 ista
3110 3050 3289 3088 causa.
3315 3035 3465 3088 'fuuc

1894 3140 2106 3182 austero
2135 3130 2278 3182 vultu
2319 3129 2612 3198 respiciens
2661 3144 2779 3182 eum
2830 3128 3108 3191 Antonius,
3162 3127 3333 3180 dixit:
3386 3127 3464 3180 'I'u

206 3237 310 3292 set,
365 3226 693 3281 exsulfoeare
737 3242 795 3280 se
840 3227 1026 3298 potuit,
1078 3226 1128 3279 in
1161 3234 1363 3278 tantum
1407 3239 1527 3277 eum
1575 3223 1783 3276 daemon
1812 3218 1856 3277 υ
1891 3219 2104 3289 projicis
2132 3220 2297 3274 eum?
2327 3220 2419 3274 sed
2449 3219 2536 3287 qui
2586 3219 2708 3273 fecit
2736 3235 2888 3285 cum,
2925 3234 3028 3271 non
3080 3218 3290 3287 projicit
3321 3233 3465 3271 eum.

208 3318 535 3387 exagitabat.

278 3411 447 3481 998
475 3408 703 3477 Ideoque
733 3408 884 3461 valde
920 3407 1179 3461 sollicitus
1231 3406 1503 3476 Eulogius,
1552 3410 1789 3476 perrexit

208 3499 276 3553 ad
310 3500 628 3552 monasteria
682 3498 912 3550 virorum
956 3497 1067 3558 Dei,
1118 3507 1167 3550 et
1200 3497 1337 3549 dixit
1364 3498 1479 3550 eis:
1532 3498 1668 3563 Quid
1715 3499 1791 3551 fa-

210 3588 375 3650 ciam.
405 3589 600 3641 domini
634 3588 738 3641 mei
771 3588 973 3652 Patres,
1021 3589 1142 3655 quia
1175 3593 1224 3641 in
1249 3588 1671 3654 desperationem
1704 3607 1789 3645 me

214 3681 418 3736 inducit
444 3679 684 3747 lcprosus
710 3679 850 3734 iste?
878 3680 1145 3748 Projicere
1175 3696 1295 3734 cum
1321 3681 1504 3743 timeri,
1528 3682 1647 3749 quia
1682 3682 1789 3736 Deo

216 3774 436 3828 dextras
462 3771 602 3836 dedi,
637 3780 690 3825 et
734 3772 951 3838 promisi
979 3788 1143 3841 usque
1171 3756 1247 3826 ad
1269 3780 1501 3828 mortem
1528 3784 1709 3829 tenere
1736 3784 1789 3829 et

216 3877 505 3927 repausare
534 3878 674 3916 eum.
705 3861 763 3917 Si
792 3878 919 3933 ergo
946 3878 1048 3917 non
1080 3866 1354 3933 projecero
1394 3880 1538 3929 eum,
1567 3867 1662 3920 sed
1699 3883 1790 3935 per

210 3953 521 4008 virulentiam
546 3964 727 4007 tenere
756 3956 997 4017 voluero,
1023 3957 1282 4025 pessimos
1303 3958 1418 4011 dies
1444 3966 1497 4009 et
1515 3959 1786 4012 amarissi-

211 4059 329 4098 mas
348 4053 530 4099 noctes
558 4045 713 4100 faciet
741 4045 887 4100 mihi.
917 4046 995 4099 Ad
1026 4045 1140 4100 lucc
1164 4047 1237 4101 illi
1263 4048 1512 4102 dixerunt
1541 4051 1587 4103 ei
1616 4069 1627 4101 :
1657 4051 1785 4105 υιιιιιι

212 4134 389 4188 adhuc
420 4136 472 4187 in
518 4149 742 4202 corpore
771 4145 852 4189 est
895 4150 1116 4205 magnus
1145 4151 1207 4190 ac
1238 4137 1575 4193 beatissimus
1619 4138 1789 4192 famu-

214 4227 304 4280 lus
355 4227 445 4280 Dei
498 4226 653 4280 Pater
683 4225 965 4290 Antonius,
1018 4226 1246 4282 ascende
1286 4228 1354 4280 in
1384 4229 1559 4281 navim
1592 4230 1788 4297 pariter

206 4335 332 4371 C-‘tIII
363 4318 452 4373 illo
482 4319 712 4387 leproso,
751 4328 805 4374 et
825 4320 958 4373 vade
988 4319 1040 4373 in
1072 4310 1451 4376 monasterium
1488 4323 1575 4377 ubi
1603 4338 1788 4376 mona-

207 4410 299 4463 chi
329 4408 446 4479 ejus
474 4419 616 4473 sunt,
651 4418 706 4464 et
736 4421 988 4479 ex5pecta
1022 4412 1090 4465 ibi
1120 4426 1395 4481 usquequo
1421 4413 1547 4466 dum
1578 4415 1785 4483 egredi-

205 4508 298 4553 tur
323 4500 393 4555 de
424 4503 673 4571 spelunca
717 4513 774 4558 et
801 4503 978 4557 veniat
1005 4503 1074 4557 ad
1124 4505 1519 4570 monasterium,
1552 4519 1607 4560 et
1632 4506 1785 4575 quid-

1892 3311 2068 3364 .Iactas
2091 3326 2210 3364 cum
2240 3319 2291 3365 tu
2314 3311 2337 3362 ‘!
2367 3309 2457 3365 sed
2506 3310 2781 3364 suscitabit
2826 3312 2960 3363 [reus
3003 3310 3276 3363 meliolem
3308 3318 3378 3371 te,
3412 3318 3469 3363 ct

1890 3405 2253 3459 consolabitur
2282 3419 2423 3458 eum.
2453 3402 2516 3457 Et
2546 3404 2709 3458 silens
2742 3403 2995 3472 Eulogius
3022 3401 3326 3471 pavefactus
3357 3411 3460 3456 est.

1893 3494 2021 3548 Item
2054 3496 2239 3550 beatus
2271 3494 2529 3549 Antonius
2557 3495 2718 3563 erepit
2764 3494 3123 3561 asperioribus
3166 3494 3341 3547 verbis
3373 3495 3455 3545 in-

1891 3602 2111 3656 crepare
2143 3589 2407 3654 leprosum
2440 3588 2606 3652 illum,
2640 3596 2691 3641 et
2736 3588 2970 3641 clamans
2998 3587 3207 3642 dicebat
3237 3589 3316 3641 ci:
3359 3585 3464 3640 Le-

1893 3693 2047 3746 prose
2087 3679 2377 3734 inveterate
2409 3678 2611 3733 dierum
2665 3678 2946 3745 malorum,
2998 3678 3223 3746 indigne-
3254 3676 3373 3731 ρωιί
3406 3687 3462 3731 et

1894 3779 2044 3822 terrm
2076 3809 2091 3831 ,
2141 3786 2244 3823 non
2294 3771 2538 3837 quiesces
2590 3768 2961 3835 biaspbemare
3012 3768 3222 3821 Deum?
3254 3766 3469 3841 Ignoras

1895 3862 2016 3930 quia
2043 3847 2284 3916 Christus
2313 3871 2397 3915 est
2426 3862 2511 3928 qui
2544 3860 2809 3913 ministrat
2832 3859 2964 3912 tibi?
2995 3857 3271 3925 Quomodo
3304 3858 3467 3911 audes

1890 3952 2149 4005 adversus
2203 3951 2474 4004 Christum
2536 3950 2661 4002 talia
2713 3950 3000 4017 proloqui?
3053 3948 3297 4018 Nunquid
3361 3965 3466 4003 nun

1894 4051 2108 4110 propter
2131 4037 2397 4096 Christum
2421 4042 2763 4110 semetipsum
2788 4057 2998 4095 servum
3023 4056 3083 4095 se
3101 4041 3337 4095 exhibuit
3366 4041 3468 4095 Eu-

1894 4131 2063 4200 logius
2089 4133 2152 4186 ad
2179 4142 2325 4186 tuum
2356 4132 2749 4187 ministerium?
2779 4131 3066 4202 Increpans
3091 4147 3219 4203 ergo
3248 4142 3301 4187 et
3329 4133 3468 4187 hunc

1892 4224 2126 4293 reliquit.

1965 4327 2089 4380 Post
2120 4327 2231 4380 bzrc
2261 4340 2440 4381 coram
2491 4324 2742 4380 omnibus
2767 4325 2901 4381 dixit
2952 4327 3028 4380 eis
3059 4341 3176 4395 quae
3221 4327 3466 4395 expedie-

1892 4417 2017 4470 bant
2047 4417 2203 4471 saluti
2233 4417 2423 4469 animze
2452 4431 2659 4481 eorum,
2683 4416 2976 4471 admonens
3002 4416 3273 4487 Eulogium
3306 4428 3359 4472 et
3388 4418 3461 4471 le-

1891 4526 2125 4579 prosum,
2158 4518 2217 4564 ut
2262 4525 2366 4564 non
2399 4522 2777 4577 separarentur
2806 4514 2871 4566 ab
2901 4513 3192 4567 alterutro:
3243 4513 3347 4569 Sed
3402 4517 3452 4569 in

205 4593 337 4661 quid
368 4594 561 4650 dixerit
585 4595 699 4661 tibi,
732 4596 833 4650 hoc
859 4596 1106 4663 observa,
1140 4606 1192 4649 et
1212 4597 1491 4667 acquiesce
1517 4598 1634 4667 ejus
1665 4614 1787 4653 sen-
1817 4600 1869 4659 D
1893 4602 2079 4655 cellam
2112 4610 2362 4665 vestram,
2395 4600 2852 4673 inquit,'pergite;
2900 4607 3292 4661 incontinenter
3317 4610 3461 4663 enim

209 4689 415 4742 lentiae.
439 4687 575 4743 Deus
598 4688 738 4742 enim
766 4688 860 4743 tibi
889 4703 983 4757 per
1007 4688 1177 4758 ipsum
1196 4689 1357 4743 dicet.
1391 4690 1529 4744 Misit
1551 4705 1679 4759 ergo
1706 4691 1785 4746 Ie-

205 4793 426 4847 prosum
454 4778 601 4832 illum
633 4779 685 4831 in
717 4779 918 4842 navim,
950 4778 1167 4847 ipseque
1197 4780 1397 4847 pariter
1424 4781 1682 4834 ascendit.
1718 4782 1783 4835 Et

205 4868 519 4936 navigantes
565 4876 829 4922 venerunt
857 4867 921 4920 ad
967 4869 1343 4923 monasterium
1393 4870 1778 4939 discipulorum

202 4958 347 5012 beati
381 4958 619 5011 Antonii.
670 4954 859 5014 Evenit
900 4966 1077 5012 autem
1132 4961 1182 5012 in
1214 4960 1312 5012 alia
1344 4960 1451 5025 die,
1484 4969 1543 5013 ut
1571 4962 1778 5015 veniret

201 5060 359 5118 pater
389 5050 666 5114 Antonius,
694 5050 802 5118 jam
834 5064 1054 5117 vespera
1086 5058 1320 5119 peracta,
1349 5051 1486 5105 sicut
1515 5051 1781 5106 referebat

196 5142 453 5197 Cronius.
479 5142 702 5209 Quando
731 5151 911 5198 autem
942 5144 1263 5200 adveniebat
1286 5144 1338 5200 in
1368 5149 1772 5215 monasterium,

200 5232 341 5285 banc
368 5231 593 5287 habebat
622 5233 1061 5292 consuetudinem
1090 5253 1103 5289 :
1134 5236 1357 5291 vocabat
1386 5236 1691 5303 Macarium,
1723 5247 1779 5292 et

197 5322 561 5391 interrogabat
600 5337 745 5386 eum,
776 5323 997 5377 dicens:
1033 5327 1216 5380 Frater
1244 5327 1460 5391 lllacari,
1509 5337 1775 5382 venerunt

200 5411 367 5479 aliqui
410 5403 602 5467 fratr'es
646 5412 782 5467 huc?
827 5413 1202 5482 Respondebat
1230 5415 1458 5479 :Etiam,
1489 5428 1771 5473 venerunt.

198 5502 399 5557 Iterum
431 5502 815 5572 interrogabat:
848 5504 1081 5574 Egyptii
1113 5517 1235 5560 sunt
1261 5521 1325 5560 an
1340 5507 1771 5579 Jerosolymitze?

196 5592 421 5664 dederat
457 5594 601 5648 enim
631 5595 709 5648 eis
750 5595 982 5665 signum,
1013 5595 1222 5650 dicens:
1254 5598 1477 5663 Quando
1529 5601 1770 5656 videritis

193 5683 569 5756 inquietiores,
598 5686 789 5742 dicite:
827 5686 955 5759 Quia
991 5685 1222 5757 IEgyptii
1249 5700 1401 5753 sunt;
1427 5690 1637 5758 quando
1674 5706 1769 5744 au-

194 5786 306 5833 tem
356 5777 735 5848 religiosiores,
785 5778 973 5835 dicite:
1008 5779 1141 5846 Quia
1190 5778 1576 5850 Jerosolymitae
1624 5791 1764 5836 sunt.

1890 4706 1981 4745 vos
2025 4690 2203 4743 visitat
2233 4690 2372 4745 Deus
2404 4707 2418 4757 ;
2450 4699 2504 4744 et
2549 4694 2769 4747 tentatio
2801 4694 2913 4749 haec
2942 4696 3120 4750 evenit
3154 4698 3276 4766 quia
3321 4708 3463 4755 uter-

1888 4796 1991 4851 que
2020 4781 2156 4834 circa
2190 4779 2345 4836 tinem
2368 4781 2516 4845 estis,
2561 4791 2614 4837 et
2656 4797 2870 4839 coronae
2901 4786 3049 4839 vobis
3078 4799 3459 4855 prarparantnr,

1886 4889 1952 4928 ne
1982 4873 2197 4928 veniens
2223 4874 2442 4943 angelus
2480 4890 2581 4928 non
2644 4876 2875 4930 inveniat
2912 4892 3005 4931 vos
3047 4878 3099 4931 in
3130 4880 3317 4934 eodem
3357 4882 3460 4937 loci

1885 4963 2179 5032 proposito,
2212 4973 2265 5016 et
2295 4964 2523 5032 perdatis
2555 4963 2681 5017 tanti
2713 4967 2961 5033 temporis
3002 4969 3300 5023 mercedem
3332 4966 3469 5026 boni

1880 5054 2075 5121 aperis.
2110 5054 2205 5110 [Iis
2230 5054 2445 5120 auditis,
2477 5070 2594 5109 cum
2626 5056 2960 5109 festinatione
3000 5061 3198 5113 reversi
3230 5071 3353 5114 sunt
3382 5062 3447 5115 ad

1882 5147 2147 5215 prepriam
2182 5147 2391 5202 cellam.
2428 5147 2492 5201 Et
2522 5156 2639 5211 post
2686 5147 3027 5217 quadraginta
3077 5146 3190 5205 dies
3237 5151 3457 5205 defunc-

1880 5246 1964 5291 tus
1994 5244 2073 5290 est
2109 5234 2381 5304 Eulogius,
2431 5244 2483 5288 et
2533 5245 2651 5302 post
2696 5244 2799 5288 tres
2835 5234 2945 5288 dies
2975 5237 3219 5292 similiter
3248 5242 3456 5306 requie-

1879 5327 1958 5381 vit
1984 5327 2244 5395 leprosus.
2289 5326 2415 5378 l‘ost
2440 5325 2640 5392 aliquot
2670 5340 2797 5379 vero
2826 5325 2938 5379 dies
2966 5324 3188 5383 Cronius
3215 5329 3282 5383 de
3311 5330 3450 5384 Tlte-

1879 5419 2032 5473 baida
2055 5418 2327 5472 descendit
2350 5419 2399 5471 in
2426 5417 2805 5473 monasterium
2836 5419 3191 5483 Alexandriae.
3221 5431 3275 5475 et
3301 5421 3449 5476 inve-

1879 5512 1958 5566 nit
1984 5511 2239 5580 quosdam
2271 5509 2464 5563 fratres
2489 5509 2628 5563 diem
2674 5511 2881 5564 tertium
2932 5512 3124 5580 leprosi
3154 5514 3445 5580 celebrare,

1879 5604 2132 5674 quosdam
2188 5592 2362 5656 autem
2420 5602 2878 5670 quadragesimum
2947 5603 3171 5673 Eulogii.
3223 5605 3450 5672 Agam-it

1881 5709 2011 5763 ergo
2039 5692 2263 5747 Cronius
2288 5703 2343 5747 et
2387 5692 2676 5761 obstupuit,
2709 5704 2759 5749 et
2803 5695 3069 5764 accipiens
3095 5695 3445 5764 Evangelinm

1880 5785 2152 5853 proposuit
2186 5783 2524 5851 fraternitati,
2559 5793 2609 5840 et
2644 5784 2839 5854 juravit
2880 5785 3113 5840 referens
3147 5784 3222 5839 cis
3249 5825 3261 5849 ,
3310 5799 3449 5849 quo-
