3982 6354
541 359 608 418 75
1605 355 1945 416 APPENBIX
1992 354 2085 413 AD
2128 352 2328 416 VI'I'AS
2366 357 2677 418 PATRUM.

3674 358 3770 417 376

504 474 667 533 modo
685 474 866 530 omnia
889 490 1009 543 quae
1034 481 1327 530 evenerunt
1359 472 1580 543 Eulogio
1601 481 1655 528 et
1688 473 1923 542 leproso,
1948 486 2087 543 przev
2114 471 2162 530 Α
2193 484 2323 540 ergo
2352 485 2451 527 nos
2476 472 2785 528 consolatus
2807 479 2911 539 est,
2941 482 2997 529 et
3018 472 3343 529 confirmans
3368 474 3420 528 in
3458 471 3564 530 fide
3587 488 3650 529 ac
3678 490 3767 537 pa-

503 567 640 623 dixit
671 566 857 623 beatus
884 567 1166 623 Antonius.

576 660 748 714 Etiam
781 658 885 716 hoc
926 660 1190 715 referebat
1222 655 1375 711 nobis
1400 654 1629 712 Cronius
1655 653 1911 724 (Pasch.,
1941 670 1988 708 ε’.
2021 655 2085 709 1⁸.)

501 764 646 806 nam.
668 750 736 813 ἂς
770 749 892 806 Vita
919 751 1151 814 Antonii,
1179 766 1225 802 c.
1252 748 1340 817 58)
1367 765 1380 801 :
1413 746 1545 815 Quia
1577 748 1629 802 in
1662 756 1818 802 nocte
1848 746 1935 801 illa
1960 746 2085 800 dum

502 843 672 898 verbo
701 842 793 897 Dei
825 842 1080 912 prolixius
1112 856 1207 895 nos
1237 840 1454 895 doceret
1479 849 1696 893 sanctus
1726 838 1885 893 Pater
1911 837 2083 892 Anto-

504 934 646 999 nius.
691 943 747 991 et
786 935 886 990 hoc
913 933 1112 1001 intulit,
1141 935 1355 989 dicens:
1390 933 1524 998 Quia
1571 948 1768 986 annum
1818 932 2085 1001 integrutn

468 1080 473 1083 ,
501 1025 654 1081 oravi
685 1036 743 1081 ut
770 1026 1007 1082 revelare
1037 1025 1165 1081 mihi
1205 1024 1515 1095 dignaretur
1545 1039 1637 1093 per
1664 1023 1886 1093 gratiam
1935 1038 2085 1077 suam

501 1120 760 1176 Dominus
789 1120 962 1175 locum
984 1120 1251 1187 justortnn
1276 1128 1328 1174 et
1352 1126 1723 1189 peccatorum.
1760 1116 1825 1170 Et
1852 1114 1957 1169 vidi
1990 1131 2084 1170 es-

502 1209 704 1266 celsum
736 1209 1016 1279 quemdam
1062 1209 1329 1280 gigantem
1378 1222 1545 1276 usque
1571 1207 1637 1262 ad
1670 1207 1840 1263 nubes
1872 1205 2085 1277 pertin-

501 1313 716 1370 gentem
738 1341 755 1366 ,
788 1315 978 1356 manus
1020 1308 1270 1357 estentas
1299 1299 1607 1365 habentem,
1650 1308 1700 1354 et
1744 1297 1933 1353 subter
1960 1311 2083 1352 eum

503 1405 751 1465 stagnum
781 1394 927 1450 velut
961 1409 1131 1459 mare,
1190 1404 1243 1447 et
1273 1390 1407 1462 ignis
1434 1389 1758 1456 flammabat,
1813 1387 2084 1444 fervebat-

505 1501 611 1556 que
639 1486 786 1541 velut
810 1486 1039 1541 caldaria
1065 1526 1079 1549 ,
1112 1494 1166 1538 et
1193 1484 1436 1539 videbam
1467 1484 1671 1538 animas
1700 1482 1841 1537 velut
1877 1478 1929 1535 in
1964 1493 2085 1548 spe-

498 1579 581 1631 cie
610 1576 789 1631 avium
816 1576 1077 1639 volantes,
1111 1583 1165 1628 et
1188 1583 1611 1644 quantuscunque
1652 1572 1864 1642 quidem
1895 1586 2084 1640 supcr-

498 1669 750 1724 volabant
788 1682 979 1722 manus
1026 1668 1144 1736 ejus
1174 1679 1225 1719 et
1270 1675 1450 1734 caput,
1490 1664 1865 1729 salvabantur,
1908 1674 1962 1717 et
1990 1675 2080 1717 IIS-

495 1778 602 1833 que
646 1762 712 1817 ad
763 1761 956 1817 caelum
1008 1758 1422 1830 perveniebant;
1466 1769 1678 1829 quantm
1705 1768 1881 1813 autem
1915 1773 2083 1827 usque

2195 562 2401 629 tientia,
2450 564 2735 623 mdilicavit
2765 579 2886 621 nos.
2935 564 3062 622 llaec
3101 574 3280 622 autem
3327 566 3685 634 narravimus,
3714 574 3767 619 ut

2196 667 2303 706 non
2343 654 2725 711 conturbemur
2751 654 2970 725 quando
3007 666 3223 713 sanctos
3278 656 3488 726 aliquos
3531 656 3767 712 videmus

2186 744 2520 814 gravissimis
2548 748 2790 819 corporis
2821 749 3215 805 infirmitatibus
3245 750 3517 807 laborare.

2754 834 2982 896 CAPUT
3021 839 3208 897 XVIII.

2340 925 2455 981 Vita
2480 938 2526 983 et
2555 931 2693 985 zelus
2722 943 2824 1000 pro
2851 931 3093 985 castitate
3120 933 3288 987 sancti
3314 931 3627 992 Innocentii}

2265 1015 2461 1074 Beatus
2517 1019 2857 1077 Innocentius
2907 1022 3186 1094 presbyter
3238 1024 3292 1079 in
3346 1036 3528 1081 monte
3581 1024 3765 1081 Oliveti

2189 1104 2291 1162 fuit
2320 1106 2586 1177 (Heracl.,
2636 1126 2753 1181 cap.
2786 1109 2903 1181 51).
2943 1113 3103 1168 Multa
3152 1124 3329 1170 autem
3374 1114 3557 1170 audivi
3583 1115 3652 1172 ab
3689 1115 3765 1172 bis

2192 1199 2284 1268 qui
2310 1200 2613 1257 conversati
2662 1212 2938 1259 suntcum
2968 1218 3034 1260 eo
3074 1204 3241 1260 tribus
3286 1206 3464 1262 anuis.
3497 1206 3603 1261 lste
3636 1205 3763 1261 eim-

2189 1292 2311 1363 plex
2342 1308 2501 1365 supra
2533 1295 2749 1352 modum
2776 1307 2913 1364 erat,
2945 1313 3067 1354 nam
3111 1306 3166 1356 et
3191 1301 3245 1354 in
3276 1300 3475 1369 palatio
3513 1303 3692 1357 clarus
3714 1302 3762 1357 iu

2187 1385 2373 1440 militia
2403 1384 2523 1443 fuit.
2560 1385 2935 1445 Verumtamen
2969 1389 3021 1446 in
3064 1390 3216 1445 initio
3255 1391 3467 1460 imperii
3512 1392 3763 1447 Constan-

2191 1477 2285 1532 tiui
2318 1475 2581 1548 [Heras-1.,
2615 1478 2939 1551 Constantii]
2993 1480 3385 1539 abrenuntiavit
3425 1480 3626 1537 saculo
3652 1497 3765 1537 cum

2187 1582 2356 1624 uxore
2385 1582 2505 1623 sua.
2527 1568 2622 1624 Hic
2649 1569 2877 1627 habebat
2905 1570 3071 1627 lilium
3096 1573 3313 1628 nomine
3340 1572 3568 1628 Paulum
3589 1573 3766 1629 dome-

2188 1661 2381 1714 sticum
2437 1661 2781 1732 militantem,
2840 1666 2929 1734 qui
2977 1664 3233 1720 instinctu
3282 1664 3480 1721 diaboli
3530 1667 3766 1735 peccavit

2188 1766 2311 1806 cum
2358 1751 2463 1806 filia
2498 1753 2821 1824 presbyteri.
2856 1754 3014 1823 Quod
3045 1769 3166 1810 cum
3196 1755 3438 1811 audisset
3478 1764 3632 1825 pater
3659 1757 3768 1826 ejus

498 1853 566 1908 ad
598 1866 786 1908 manus
817 1851 937 1922 ejus
981 1852 1367 1920 pervenissent,
1404 1866 1507 1903 non
1539 1848 1778 1904 valentes
1835 1850 2080 1917 superius
2114 1858 2158 1919 Β
2193 1842 2554 1908 Innocentius.
2581 1846 2754 1901 oravit
2786 1847 3095 1917 Dominum,
3121 1847 3308 1903 dicens
3339 1847 3608 1903 :Domine
3632 1847 3769 1903 Deus

496 1946 715 2009 volare,
748 1944 1077 2013 percutiebat
1124 1958 1214 1997 eas
1246 1942 1487 1995 manibus
1529 1941 1641 1994 suis
1665 1981 1681 2003 ,
1716 1951 1764 1994 et
1799 1939 2079 2003 allidebat,

498 2035 868 2103 cadebantque
907 2037 957 2088 in
986 2044 1227 2103 stagnum
1262 2032 1493 2087 fervens.
1526 2031 1715 2085 Audivi
1747 2026 2012 2100 quoquev
2053 2059 2080 2071 -

495 2143 612 2183 cem
638 2127 902 2183 dicentem
922 2126 1046 2180 mihi
1071 2126 1168 2180 has
1187 2141 1307 2181 esse
1325 2124 1531 2178 animas
1555 2130 1893 2192 peccatorum
1914 2138 1928 2187 ;
1955 2137 2077 2175 nam

499 2218 622 2272 illas
648 2232 768 2285 qum
790 2218 1056 2286 gigantem
1088 2216 1235 2270 illum
1265 2214 1628 2284 supervolant,
1656 2213 1796 2281 ipsas
1825 2226 1945 2267 esse
1966 2213 2081 2267 ani-

494 2324 611 2365 mas
654 2310 945 2380 jnstorum,
976 2323 1107 2378 quas
1136 2308 1344 2377 pondus
1397 2306 1600 2377 peccati
1632 2321 1737 2361 non
1784 2315 1993 2377 gravat,
2025 2316 2078 2362 et

493 2402 615 2458 ideo
641 2410 861 2470 possunt
887 2401 953 2456 ad
978 2401 1165 2456 altiora
1186 2400 1564 2464 conscendere,
1599 2414 1717 2467 qua:
1743 2398 1797 2453 in
1828 2399 2075 2468 paradiso

494 2495 591 2550 Dei
639 2493 942 2563 salvantur;
990 2495 1107 2548 alia:
1159 2504 1337 2547 autem
1389 2501 1513 2547 sunt
1545 2503 1908 2560 peccatorum,
1961 2505 2075 2561 qua

494 2585 619 2640 ideo
648 2587 699 2641 in
732 2584 995 2641 infernum
1018 2584 1418 2654 demerguntur,
1442 2582 1564 2652 quia
1588 2598 1691 2637 non
1716 2592 1941 2655 egerunt
1970 2597 2082 2652 pte-

493 2676 768 2733 nitentiam
818 2675 943 2731 dum
995 2675 1046 2729 in
1095 2688 1321 2743 corpore
1358 2684 1530 2740 erant,
1585 2683 1642 2728 ut
1689 2672 2077 2745 indulgentiam

492 2776 831 2839 peccatorum
879 2768 961 2822 vel
991 2766 1274 2822 criminum
1303 2782 1521 2821 suorum
1564 2781 1592 2818 a
1622 2764 1817 2820 Christi
1867 2767 2078 2820 Domini

491 2860 696 2930 pietate
732 2870 1067 2917 mererentur
1109 2859 1376 2929 accipere.
1405 2876 1546 2916 nunc
1585 2868 1762 2916 autem
1794 2861 2079 2916 traduntur

492 2950 563 3006 ad
592 2950 923 3007 infernorum
953 2951 1226 3018 tenebras,
1251 2948 1338 3006 ubi
1365 2960 1448 3006 est
1477 2951 1633 3005 fletus
1655 2960 1710 3006 et
1728 2950 1927 3006 stridor
1951 2951 2081 3008 den-

493 3041 624 3097 tium
648 3059 758 3116 pra:
790 3044 1065 3101 nimietate
1094 3058 1372 3113 pmnarum
1402 3051 1740 3100 aeternarum.

1082 3153 1312 3210 CAPUT
1352 3154 1510 3210 XVII.

792 3242 910 3300 Vita
937 3254 985 3301 et
1014 3244 1314 3314 stt/ferentia
1351 3245 1482 3301 beati
1512 3245 1789 3319 Stephani.

564 3335 867 3405 Stephanus
918 3336 1134 3407 quidam
1193 3338 1422 3409 Libycus
1484 3354 1721 3409 genere,
1787 3354 1852 3395 ex
1910 3338 2078 3395 latere

497 3428 820 3486 Marmaritis
854 3439 909 3484 et
935 3429 1183 3485 Mareota‘.
1222 3429 1443 3484 sedebat
1485 3444 1653 3499 usque
1681 3429 1957 3499 sexaginta
1981 3445 2078 3485 an-

495 3536 594 3578 nos
616 3519 852 3589 (Hrracl.
882 3538 998 3593 cap.
1030 3521 1138 3593 Η).
1183 3521 1281 3576 llic
1308 3536 1533 3576 summa:
1563 3522 1910 3578 continentiae
1938 3521 2037 3577 fuit
2061 3520 2085 3589 ;’

494 3628 615 3668 nam
641 3621 697 3669 et
740 3612 1078 3669 discretionis
1120 3613 1344 3683 gratiam
1375 3621 1431 3667 et
1455 3614 1841 3669 consolationis
1873 3616 2079 3684 accepit

494 3721 524 3759 a
555 3704 802 3768 Domino,
836 3706 909 3760 ita
957 3714 1015 3760 ut
1042 3720 1230 3761 omnes
1253 3705 1510 3769 tribulati,
1538 3720 1637 3773 pro
1662 3706 1897 3775 qualibet
1918 3720 2078 3762 causa

494 3796 727 3852 tristitia:
747 3795 921 3852 affecti
942 3796 1235 3860 venissent,
1253 3796 1357 3851 laeti
1382 3796 1720 3853 discederent
1747 3814 1840 3866 per
1856 3798 2076 3853 verbum

494 3887 873 3944 consolationis
911 3885 1051 3957 ejus.
1082 3888 1248 3943 Notus
1290 3897 1467 3943 autem
1512 3896 1631 3943 erat
1652 3899 1705 3942 et
1730 3888 1887 3943 beato
1915 3889 2079 3943 Anto-

496 3979 605 4031 nio.
660 3978 913 4031 Pervenit
955 3994 1082 4031 vero
1110 3980 1270 4032 etiam
1305 3979 1371 4032 ad
1406 3988 1640 4047 tempora
1672 3989 1890 4046 nostra,
1918 3995 2076 4050 quem

498 4079 601 4134 ego
618 4065 831 4135 quidem
854 4082 959 4121 non
982 4068 1089 4121 vidi
1111 4077 1326 4137 propter
1347 4068 1791 4139 longinquitatem
1817 4072 2075 4127 locorum.

569 4156 671 4222 Qui
698 4167 873 4213 autem
905 4171 1025 4213 cum
1056 4167 1244 4214 sancto
1283 4162 1569 4214 Ammonio
1609 4170 1662 4215 et
1694 4163 1913 4233 Eulogio
1940 4163 2077 4236 [Ile-

497 4249 652 4316 racl.,
689 4249 936 4321 Evagrio]
982 4263 1133 4305 erant
1178 4251 1417 4305 videntes
1451 4268 1573 4307 eum
1595 4292 1610 4316 ,
1646 4254 1940 4309 retulerunt
1984 4271 2080 4310 no-

472 4340 601 4407 -bis,
642 4342 763 4411 quia
795 4342 1095 4397 invenimus
1123 4344 1289 4415 999
1314 4360 1458 4408 eum,
1506 4345 1771 4411 inquiunt,
1806 4346 2080 4400 infirmita-

499 4441 606 4486 tem
650 4430 955 4501 hujusmodi
987 4434 1266 4489 habentem
1299 4434 1352 4488 in
1379 4433 1509 4503 ipsis
1550 4436 1757 4492 locisin
1791 4436 2076 4502 testiculis,

497 4533 553 4579 et
580 4526 631 4578 in
678 4524 985 4579 summitate
1028 4537 1230 4579 naturae
1260 4526 1455 4581 vulnus
1482 4526 1797 4593 habentem.
1828 4527 1969 4597 quod
1996 4526 2080 4582 di-

499 4616 638 4671 citur
665 4632 858 4673 cancer
886 4632 980 4673 seu
1010 4619 1278 4674 carcinus.
1323 4619 1419 4674 llic
1448 4635 1576 4689 ergo
1605 4635 1725 4675 cum
1754 4620 2081 4676 incideretur
2113 4601 2162 4661 D

499 4711 555 4766 in
584 4712 806 4766 vulnere
831 4710 923 4766 illo
951 4726 981 4764 a
1011 4710 1242 4775 medico,
1275 4720 1450 4767 tamen
1484 4709 1731 4766 manibus
1757 4713 1869 4767 suis
1895 4728 2082 4783 opera-

501 4803 657 4857 batur
697 4812 753 4858 et
780 4802 1043 4872 plectebat
1073 4802 1299 4872 palmas,
1333 4812 1387 4857 et
1432 4803 1746 4871 loquebatur
1772 4805 1948 4860 nobis.
1984 4806 2086 4862 Re-

503 4893 653 4962 liquo
680 4902 857 4949 autem
881 4908 1106 4964 corpore
1132 4894 1201 4948 ita
1233 4904 1346 4948 erat
1374 4894 1655 4949 immobilis
1691 4897 1843 4964 quasi
1873 4897 1916 4950 si
1947 4898 2085 4952 alius

504 4986 846 5041 incideretur.

486 5104 493 5114 ι
581 5076 847 5133 Abscissis
874 5093 1002 5147 ergo
1027 5079 1304 5145 membris,
1336 5080 1486 5149 quasi
1516 5080 1561 5135 si
1590 5080 1724 5150 pilus
1750 5081 1798 5135 ei
1827 5082 2072 5138 abscide-

503 5178 654 5223 retur
687 5169 759 5222 ita
788 5182 890 5222 non
934 5170 1220 5224 sentiebat.
1254 5170 1642 5226 Validissimam
1674 5173 1817 5227 enim
1852 5173 2083 5228 habebat

424 5264 425 5267 “
504 5274 601 5327 per
624 5258 847 5329 gratiam
870 5259 965 5314 Dei
994 5259 1376 5316 sulferentiam.
1406 5263 1568 5318 Nobis
1588 5276 1767 5318 autem
1795 5265 2081 5319 contrista-

512 5352 580 5405 tis
606 5360 661 5405 et
707 5350 959 5405 ﬂentibus
1007 5351 1142 5405 dixit
1169 5370 1181 5404 :
1212 5353 1408 5418 Filioli,
1442 5354 1493 5407 in
1545 5355 1691 5409 nullo
1721 5355 1988 5409 laedamini
2016 5356 2083 5411 de

504 5455 667 5497 causa
694 5442 816 5496 ista.
849 5438 990 5495 Nihil
1016 5441 1156 5496 enim
1186 5443 1327 5513 quod
1357 5444 1618 5512 permittit
1648 5444 1789 5499 Deus
1823 5444 1933 5500 fieri
1965 5459 2081 5499 ma-

509 5532 618 5586 lum
665 5540 782 5596 est;
817 5530 910 5585 sed
953 5530 1224 5585 voluntate
1274 5533 1501 5601 benigna
1550 5533 1925 5602 perferendum
1956 5542 2078 5600 est;

506 5623 735 5679 fortasse
766 5622 907 5677 enim
938 5630 993 5677 et
1019 5622 1243 5677 obnoxia
1271 5632 1425 5678 erant
1444 5626 1683 5679 membra
1717 5626 1816 5679 ista
1844 5635 2082 5682 tarmen-

503 5717 593 5781 tis,
625 5716 861 5784 satisque
892 5714 1081 5770 melius
1112 5724 1195 5769 est
1239 5714 1324 5770 hic
1352 5716 1663 5784 persolvere
1710 5732 1893 5786 pmnas
1922 5734 2079 5789 quam

508 5818 627 5871 post
656 5809 856 5863 exitum
884 5809 1005 5863 vitae
1033 5806 1213 5877 hujus,
1261 5810 1312 5864 in
1356 5818 1554 5864 aeterno
1584 5810 1706 5880 igne
1734 5812 1980 5867 cruciari.
2011 5813 2082 5869 lta

2184 1945 2391 1990 amator
2416 1936 2702 2002 castitatis,
2732 1938 2798 1992 da
2828 1940 2877 1994 ei
2911 1939 3068 1996 talem
3098 1939 3456 2009 correptionis
3496 1939 3771 2010 spiritum,

2184 2033 2241 2079 ut
2262 2025 2374 2095 jam
2403 2042 2508 2081 non
2540 2028 2780 2084 inveniat
2808 2037 3016 2098 tempus
3045 2030 3307 2101 peccandi
3356 2032 3406 2085 in
3436 2045 3607 2087 carne
3626 2045 3722 2085 sua
3752 2048 3767 2084 :

2182 2119 2376 2174 melius
2400 2121 2716 2178 existimans
2744 2131 2801 2177 ut
2830 2124 2998 2193 magis
3018 2123 3283 2179 daemonio
3304 2133 3592 2180 vexaretur
3613 2140 3769 2193 quam

2183 2210 2411 2265 luxuria.
2452 2212 2603 2277 Quod
2647 2223 2701 2269 et
2753 2213 2946 2270 factum
2992 2224 3097 2271 est.
3147 2216 3279 2271 Nam
3333 2232 3501 2287 usque
3550 2218 3767 2272 nuncin

2184 2311 2367 2357 monte
2393 2302 2585 2358 Oliveti
2614 2301 2758 2359 ferro
2787 2309 2998 2361 vinctus
3027 2315 3260 2375 tenetur,
3290 2308 3413 2378 quia
3443 2320 3671 2364 vexatur
3697 2307 3761 2361 ab

2189 2392 2468 2449 immundo
2496 2395 2685 2464 spiritu
2712 2395 3001 2452 crudeliter

2256 2481 2360 2537 lste
2388 2483 2755 2552 Innocentius,
2798 2486 2969 2557 qualis
3016 2494 3071 2542 et
3122 2494 3377 2556 quantum
3426 2487 3527 2541 fuit
3560 2486 3765 2542 miseri-

2182 2588 2324 2638 cors,
2356 2575 2400 2629 si
2434 2577 2654 2631 voluero
2683 2592 2801 2647 quze
2829 2594 2954 2635 vera
2977 2588 3103 2634 sunt
3124 2580 3192 2634 de
3221 2594 3289 2633 eo
3314 2579 3517 2646 dicere,
3547 2582 3768 2638 fortasse

2182 2665 2448 2721 mendacii
2473 2682 2783 2738 opinionem
2812 2671 3051 2726 incurro.
3078 2670 3208 2725 Nam
3230 2671 3539 2740 frequenter
3565 2672 3767 2726 furaba-

2185 2762 2270 2810 tur
2307 2755 2375 2810 de
2402 2759 2655 2825 expensis
2686 2757 2934 2828 fratrum,
2961 2771 3015 2814 et
3038 2759 3197 2814 dabat
3227 2760 3611 2831 indigentibus.
3642 2762 3768 2816 Cum

2182 2858 2364 2906 autem
2390 2859 2534 2906 esset
2556 2852 3005 2920 simplicissimus,
3040 2853 3247 2922 accepit
3285 2867 3316 2907 a
3350 2853 3581 2909 Domino
3609 2853 3768 2908 Chri-

2186 2951 2272 2996 sto
2300 2942 2524 3013 gratiam
2566 2952 2753 2998 contra
2803 2943 3097 2998 daemones.
3131 2944 3273 3001 Inter
3296 2959 3433 3015 quos
3477 2947 3765 3017 aiiquando

2184 3032 2446 3089 adductus
2475 3042 2562 3089 est
2605 3036 2653 3091 ei
2688 3035 2917 3103 iuvenis,
2948 3035 3253 3091 videntibus
3298 3037 3479 3102 nobis,
3523 3053 3554 3091 a
3586 3038 3770 3107 spiritu

2184 3123 2467 3179 immundo
2489 3126 2933 3194 comprehensus,
2957 3127 3115 3181 simul
3148 3136 3204 3182 et
3231 3127 3464 3199 paralysi
3494 3127 3766 3183 laborans.

2102 3215 2149 3280 C
2183 3217 2354 3286 Quem
2376 3233 2476 3288 ego
2503 3219 2736 3286 intuens,
2764 3219 2909 3274 volui
2939 3230 3161 3275 matrem
3185 3221 3303 3293 ejus
3333 3221 3626 3291 repellere,
3653 3237 3768 3291 qua

2183 3308 2491 3365 adduxerat
2542 3324 2701 3376 eum;
2761 3310 3113 3380 desperabam
3178 3312 3321 3368 enim
3376 3326 3539 3382 posse
3595 3312 3767 3368 sanari

2182 3416 2333 3457 eum.
2381 3401 2519 3457 Cum
2575 3413 2750 3457 autem
2794 3403 3023 3459 vidisset
3059 3419 3177 3460 eam
3223 3406 3401 3459 senior
3456 3415 3691 3462 stantem
3719 3416 3769 3462 et

2184 3493 2403 3550 ﬂentem
2436 3508 2599 3563 super
2630 3494 2975 3549 inenarrabili
3023 3510 3149 3551 casu
3185 3495 3280 3549 lilii
3329 3495 3434 3565 sui,
3476 3511 3605 3551 cum
3633 3506 3768 3552 esset

2186 3585 2631 3656 benignissimus,
2688 3584 3052 3641 misericordia
3098 3597 3274 3640 motus
3314 3585 3479 3641 flevit.
3526 3588 3594 3642 Et
3636 3590 3766 3643 acci-

2185 3677 2337 3745 piens
2370 3676 2646 3745 juvenem,
2680 3678 2957 3746 ingressus
2986 3686 3069 3732 est
3097 3679 3391 3733 oratorium
3419 3694 3600 3744 suum,
3626 3679 3764 3748 quod

2185 3766 2287 3821 sibi
2343 3764 2457 3836 ipse
2503 3766 2885 3835 aediﬁcaverat,
2918 3768 2972 3822 in
3021 3783 3127 3837 quo
3167 3769 3407 3826 reliauia:
3445 3781 3602 3825 erant
3631 3772 3762 3826 beati

2181 3857 2400 3914 Joannis
2429 3859 2705 3930 Baptista},
2742 3869 2795 3918 et
2817 3863 2992 3916 oravit
3016 3877 3177 3933 super
3197 3878 3320 3917 eum
3360 3864 3427 3919 ab
3453 3867 3585 3920 hora
3614 3876 3763 3920 terna

2186 3966 2356 4023 usque
2386 3952 2451 4008 ad
2502 3954 2688 4008 boram
2717 3970 2937 4022 nonam,
2968 3963 3023 4009 et
3070 3955 3305 4011 donante
3348 3959 3519 4027 gratia
3547 3959 3762 4024 Christi,

2182 4058 2374 4099 sanum
2406 4042 2633 4098 reddidit
2656 4045 2912 4114 juvenem
2936 4047 3093 4101 matri
3121 4063 3254 4114 suae,
3287 4061 3341 4102 et
3369 4050 3631 4121 paralysis
3651 4052 3764 4122 ejus

2183 4146 2239 4192 et
2262 4137 2475 4192 daemon
2505 4138 2699 4192 virtute
2724 4137 3019 4194 Salvatoris
3043 4143 3211 4196 nostri
3239 4142 3640 4214 elfugata‘sunt.
3664 4147 3766 4200 Ta-

2184 4228 2251 4283 lis
2282 4236 2458 4283 autem
2506 4240 2622 4284 erat
2651 4230 2770 4300 ejus
2801 4231 3083 4302 paralysis,
3117 4240 3173 4287 ut
3199 4233 3413 4304 quando
3442 4249 3639 4306 spuere
3668 4252 3768 4291 vo-

2185 4323 2375 4377 luisset
2402 4338 2553 4393 puer,
2600 4338 2762 4393 super
2802 4323 3017 4379 dorsum
3050 4339 3217 4381 suum
3258 4339 3495 4397 spueret,
3538 4328 3610 4383 ita
3654 4339 3767 4385 erat

2184 4421 2456 4469 extortus.

2765 4485 2993 4544 CAPUT
3030 4487 3175 4545 XIX.

2563 4595 2825 4653 Eustathii
2850 4601 3053 4657 lectoris
3073 4599 3394 4668 saliet-entia.

2260 4706 2565 4781 Presbyteri
2611 4711 2885 4781 cujusdam
2936 4712 3045 4767 ﬁlia
3095 4712 3147 4768 in
3177 4712 3423 4769 Caesarea
3469 4711 3767 4770 Palaestina

2191 4802 2385 4858 cecidit
2409 4803 2696 4859 infeliciter
2732 4805 2799 4859 de
2843 4804 3167 4875 virginitatis
3204 4806 3477 4875 proposito
3502 4806 3765 4877 (Heracl.,

2191 4909 2237 4946 c.
2263 4894 2383 4964 57),
2411 4904 2465 4950 et
2491 4895 2561 4950 ab
2588 4910 2655 4951 eo
2684 4898 2772 4965 qui
2818 4912 2934 4952 eam
2986 4908 3297 4968 corruperat
3340 4902 3657 4968 praemonita
3688 4912 3767 4957 est

2190 4992 2249 5039 ut
2279 4984 2533 5041 lectorem
2562 4986 3009 5043 incriminaretur.
3042 4987 3177 5043 Cum
3200 4998 3377 5045 autem
3406 4994 3767 5059 concepisset,

2193 5089 2249 5134 et
2296 5086 2449 5134 utero
2482 5087 2719 5135 tumente
2760 5081 3098 5149 apparuisset
3140 5083 3363 5148 crimen,
3403 5084 3570 5153 coepit
3618 5094 3771 5154 pater

2193 5170 2311 5240 ejus
2342 5172 2613 5241 requirere
2661 5181 2717 5227 et
2762 5172 3030 5227 discutere
3074 5189 3216 5228 eam.
3244 5173 3339 5233 Illa
3383 5185 3564 5230 autem
3596 5174 3770 5230 statim

2190 5266 2460 5318 accusavit
2486 5264 2762 5320 lectorem.
2800 5266 2923 5319 llmc
2958 5265 3183 5323 audiens
3230 5276 3378 5334 pater
3405 5267 3524 5337 ejus
3551 5269 3773 5337 presby-

2191 5360 2296 5421 ter,
2347 5355 2530 5409 retulit
2574 5356 2862 5424 epise0po;
2916 5356 3202 5425 episcopus
3250 5371 3380 5412 vero
3428 5357 3771 5429 congregavit

2191 5445 2555 5515 presbyteros,
2592 5454 2647 5501 et
2666 5446 2827 5515 jussit
2858 5449 3034 5502 vocari
3067 5448 3338 5503 lectorem.

2263 5534 2623 5609 Interrogatus
2649 5539 2717 5591 ab
2744 5539 2997 5607 episcolto
3028 5539 3222 5606 lector,
3254 5554 3358 5594 non
3390 5541 3765 5596 confitebatur.

2191 5628 2342 5696 Quod
2370 5628 2511 5684 enim
2540 5645 2643 5683 non
2667 5628 2887 5695 fecerat,
2918 5631 3187 5698 quomodo
3215 5632 3436 5687 dicere?
3466 5632 3770 5700 Indignatus

2192 5732 2320 5787 ergo
2345 5718 2645 5789 episcopus,
2675 5734 2796 5774 cum
2850 5729 3058 5775 terrore
3088 5720 3301 5776 dicebat
3330 5723 3378 5776 ei
3409 5740 3423 5775 :
3453 5722 3566 5776 Non
3598 5723 3764 5776 couti-

2195 5811 2344 5877 teris,
2377 5808 2563 5866 infelix
2596 5822 2649 5867 et
2678 5810 3028 5867 immunditiis
3060 5811 3253 5883 plene?
3300 5813 3651 5883 Respondeas
3691 5814 3767 5869 ια·
