3982 6354
255 338 364 393 377

1538 329 1853 392 PALLADII
1893 316 2252 395 Lausum;

3441 341 3536 403 378

264 463 383 510 ctor
412 448 552 506 dixit
577 467 592 506 :
616 445 729 520 Ego
752 447 966 519 quidem
997 446 1136 519 quod
1184 442 1300 502 erat
1331 462 1517 502 verum
1553 448 1686 514 dixi,
1719 451 1842 518 quia
1881 452 1930 511 Α
1960 459 2160 516 nostra,
2206 453 2341 506 sicut
2371 450 2501 506 dicit
2547 453 2836 522 Apostolus
2864 473 2876 509 :
2901 456 3128 515 Nescitis
3158 475 3280 530 quia
3307 475 3537 530 corpora

265 560 374 598 non
426 543 599 598 habeo
642 557 888 608 causam;
919 541 1170 596 immunis
1197 542 1339 594 enim
1388 556 1526 596 sum.
1560 541 1617 596 Si
1671 553 1846 596 autem

258 634 421 703 jubes
446 634 587 702 quod
614 648 717 686 non
751 641 832 687 est
855 630 1048 694 audiri,
1077 645 1204 686 ecce
1232 630 1380 695 dico,
1413 631 1545 698 Quia
1582 631 1703 686 feci.
1740 632 1851 686 Hoc

265 741 393 778 eum
443 725 690 788 dixisset,
745 723 925 778 statim
973 720 1225 790 deposuit
1275 735 1394 776 eum
1446 723 1731 798 episcopus
1783 723 1850 776 de

264 816 434 886 gradu
468 817 702 869 lectoris.

343 908 434 961 Ille
462 917 636 961 autem
683 907 999 974 deprecatus
1027 915 1109 959 est
1153 904 1485 972 episc0pum,
1515 914 1570 959 et
1597 906 1730 960 dixit
1758 906 1806 961 ei
1831 924 1843 960 :

261 997 402 1063 Quia
429 1012 557 1065 ergo
587 997 826 1065 peccavi.
857 996 983 1063 jube
1009 1010 1126 1050 eam
1157 995 1284 1048 mihi
1317 996 1429 1049 dari
1463 1011 1704 1051 uxorem.
1746 996 1849 1052 Ne-

229 1057 372 1159 lque
399 1090 541 1143 enim
573 1103 673 1158 ego
699 1103 792 1143 ero
819 1103 883 1142 ex
913 1093 1012 1142 hoc
1053 1087 1306 1150 clericus,
1339 1103 1512 1157 neque
1554 1089 1640 1142 illa
1673 1089 1845 1160 virgo.

266 1181 333 1233 Et
364 1177 554 1233 tradita
577 1189 661 1233 est
686 1179 737 1231 in
763 1186 1081 1246 potestatem
1111 1178 1347 1233 lect0ris.

339 1270 624 1338 Accipiens
650 1284 778 1338 ergo
809 1283 927 1322 eam
972 1269 1040 1321 ab
1068 1269 1321 1336 episcopo
1372 1277 1425 1322 et
1474 1284 1503 1321 a
1535 1279 1683 1336 patre
1711 1269 1847 1338 ejus,

265 1359 669 1412 commendavit
699 1372 816 1411 eam
850 1357 902 1410 iu
937 1359 1318 1411 monasterium
1343 1358 1647 1423 mulierum,
1680 1368 1734 1414 et
1756 1361 1848 1415 de-

267 1459 520 1517 precatus
545 1459 627 1503 est
657 1448 1036 1514 diaconissam,
1070 1464 1186 1518 qua:
1214 1458 1332 1504 erat
1363 1452 1645 1518 praeposita
1696 1467 1849 1505 soro-

269 1542 421 1595 ribus
471 1540 800 1603 monasterii,
846 1548 904 1592 ut
959 1556 1236 1609 usquequo
1281 1553 1564 1610 generaret
1605 1543 1851 1599 sufferret

268 1647 414 1687 eam.
445 1631 625 1699 Itaque
649 1631 701 1684 in
731 1645 900 1700 pauco
933 1641 1167 1699 tempore
1199 1633 1398 1701 impleti
1430 1643 1553 1687 sunt
1584 1635 1701 1688 dies
1728 1651 1852 1702 par-

268 1737 376 1791 tus,
404 1735 457 1780 et
481 1724 632 1779 affuit
680 1725 806 1779 liora
833 1723 1021 1793 judicii
1049 1742 1060 1776 :
1093 1725 1347 1794 gemitus,
1382 1726 1617 1796 dolores,
1671 1730 1851 1781 anxie—

1955 552 2132 598 vestra
2175 543 2428 612 templum
2465 544 2554 598 Dei
2599 548 2766 600 sunt?
2821 547 2874 602 Si
2921 552 3041 617 quis
3087 566 3214 620 ergo
3256 551 3536 608 violaverit

1956 636 2208 704 templum
2241 636 2354 700 Dei,
2377 636 2649 704 disperdet
2674 638 2818 693 illum
2846 639 3101 694 Dominus
3129 639 3184 707 (Ι
3213 640 3334 696 Cor.
3363 642 3457 711 ut).

2022 727 2076 779 2.
2115 727 2340 795 Quidam
2372 728 2538 782 frater
2568 731 2788 785 veniens
2833 732 2898 785 ad
2942 733 3188 788 abbatem
3235 734 3532 803 Pastorem,

1953 818 2090 873 dixit
2118 821 2166 874 ei
2198 821 2336 890 quod
2374 822 2628 892 grandem
2661 825 3012 879 tentationem
3047 835 3335 894 pateretur.
3389 828 3536 882 Dixit

1952 912 2000 966 ei
2034 912 2250 966 senior:
2278 913 2444 981 Perge
2483 914 2550 968 de
2577 914 2695 969 loco
2717 926 2972 983 quantum
3000 926 3107 972 tres
3134 919 3248 974 dies
3269 927 3323 973 et
3350 930 3535 976 noctes

1954 1001 2233 1056 ambulare
2266 1012 2441 1070 potes,
2493 1014 2549 1058 et
2583 1005 2664 1060 fac
2710 1021 2909 1060 annum
2959 1008 3245 1077 integrum,
3285 1009 3535 1080 jejunaus

1951 1109 2120 1162 usque
2148 1094 2214 1148 ad
2257 1106 2494 1150 noctem.
2524 1095 2621 1152 Cui
2653 1099 2816 1154 frater
2842 1102 3164 1170 respondit:
3192 1103 3258 1157 Et
3298 1103 3343 1159 si
3392 1121 3536 1160 mor-

1957 1193 2076 1238 tuus
2109 1185 2260 1239 fuero
2307 1195 2592 1256 antequam
2639 1204 2812 1245 annus
2861 1199 3114 1256 transeat,
3163 1194 3287 1262 quid
3336 1194 3404 1249 de
3450 1211 3536 1250 me

1955 1275 2084 1331 ﬁet?
2111 1277 2252 1331 Dixit
2281 1279 2328 1331 ei
2356 1279 2519 1334 abbas
2565 1280 2753 1335 Pastor
2785 1282 3052 1338 :Confido
3090 1285 3142 1338 in
3174 1285 3305 1353 Deo,
3337 1285 3457 1356 quia
3488 1288 3535 1343 si

1957 1381 2077 1421 cum
2121 1368 2212 1422 tali
2243 1372 2669 1438 proposito,.vel
2711 1374 3065 1445 qualicunque
3102 1377 3412 1444 paenitentia
3453 1379 3538 1434 in-

1956 1466 2156 1512 ventus
2182 1459 2366 1523 fueris,
2400 1460 2576 1516 salvus
2607 1461 2730 1516 eris.

2029 1547 2082 1601 5.
2123 1550 2256 1604 Cum
2288 1553 2523 1606 venisset
2547 1552 2712 1606 abbas
2738 1553 2926 1608 Pastor
2956 1557 3009 1610 in
3042 1543 3281 1625 partibus
3312 1558 3533 1631 Egypti

1962 1638 2226 1704 habitare,
2259 1643 2439 1696 evenit
2481 1643 2762 1711 quemdam
2796 1646 3108 1701 cohabitare
3149 1648 3230 1704 illi
3256 1664 3322 1703 ex
3354 1650 3537 1706 fratri-

1952 1735 2077 1800 bus,
2111 1734 2392 1790 babentem
2424 1736 2722 1791 mulierem.
2752 1735 2817 1791 Et
2847 1739 3051 1794 sciebat
3076 1742 3277 1804 senior,
3311 1755 3365 1797 et
3392 1760 3532 1799 nun-

271 1827 434 1882 tates,
465 1832 527 1871 ac
559 1816 843 1870 infernales
875 1825 1261 1870 tormentorum
1305 1817 1557 1882 dolores;
1586 1830 1639 1874 et
1669 1832 1850 1888 partus
1885 1821 1924 1877 Β
1952 1843 2107 1896 quam
2123 1828 2377 1896 arguebat
2397 1844 2540 1883 eum.
2569 1830 2760 1885 Evenit
2783 1842 2960 1886 autem
2983 1848 3100 1888 eam
3125 1845 3281 1890 nocte
3308 1851 3525 1902 parere;

267 1925 377 1962 non
410 1908 803 1977 egrediebatur.
835 1906 1067 1961 Transiit
1116 1908 1285 1976 prima
1331 1909 1467 1973 dies,
1510 1910 1768 1976 secunda,
1795 1917 1851 1964 et

265 2001 424 2054 tertia
453 2040 471 2065 ,
502 2009 554 2052 et
581 1999 805 2068 septima
829 1997 964 2063 dies,
1005 1999 1195 2053 mulier
1224 2015 1331 2068 pra:
1362 2001 1541 2056 nimiis
1570 2001 1845 2056 doloribus

261 2091 479 2146 inferno
502 2089 979 2159 appropinquabat.
1010 2090 1123 2144 Non
1147 2091 1402 2155 comedit,
1431 2107 1530 2146 nec
1561 2093 1709 2156 bibit,
1746 2108 1847 2148 nec

261 2177 543 2246 dormivit,
577 2182 673 2235 sed
725 2180 1080 2248 exclamabat,
1124 2181 1342 2238 dicens:
1372 2183 1484 2236 Ileu
1515 2182 1648 2236 mihi
1679 2183 1850 2237 infeli-

259 2275 522 2340 cisStmzr,
555 2273 826 2341 periclitor
861 2288 1018 2341 quam
1050 2274 1300 2335 maxime,
1343 2275 1461 2343 quia
1510 2275 1850 2329 iucriminata

261 2381 386 2418 sum
418 2366 692 2420 lectorem.
722 2365 997 2420 Abeuntes
1023 2374 1222 2433 autem,
1248 2366 1506 2422 dixerunt
1533 2370 1668 2436 patri
1701 2367 1848 2436 ejus:

265 2459 429 2514 Pater
450 2475 574 2513 vero
607 2459 798 2514 timens
821 2475 886 2514 ne
926 2460 1438 2528 reprehenderetur,
1469 2462 1618 2529 quasi
1645 2461 1734 2530 qui
1761 2476 1850 2514 ca-

264 2553 561 2607 lumniatus
614 2562 874 2608 lectorem
909 2553 1116 2619 fuisset,
1162 2555 1326 2607 tacuit
1373 2554 1509 2607 alios
1552 2552 1687 2607 duos
1717 2553 1842 2610 dies.

345 2646 527 2700 Puella
579 2655 758 2699 autem
802 2646 854 2699 in
897 2647 1177 2700 tormentis
1220 2647 1415 2715 posita,
1451 2660 1550 2701 nec
1589 2647 1851 2715 pariebat,

261 2751 370 2791 nec
417 2736 760 2802 moriebatur,
807 2736 1065 2789 intanttttn
1115 2744 1192 2800 ut,
1246 2736 1536 2790 clamorem
1583 2737 1698 2803 ejus
1744 2751 1848 2790 non

267 2832 533 2896 ferentes,
586 2830 893 2884 nuntiarent
947 2824 1200 2900 episcopo
1225 2871 1240 2897 ,
1284 2830 1566 2884 dicentes:
1606 2829 1853 2885 Testatur

269 2939 399 2980 cum
432 2931 768 2978 sacramento
801 2921 983 2976 infelix
1029 2922 1142 2984 illa,
1171 2923 1409 2976 clamans
1435 2921 1624 2977 diebus
1654 2937 1716 2976 ac
1754 2937 1854 2975 no-

265 3019 478 3083 ctibus,
531 3018 654 3087 quia
703 3017 982 3070 criminata
1033 3027 1116 3070 est
1169 3017 1449 3071 lectorem.
1500 3016 1649 3070 Tunc
1709 3018 1853 3071 misit

263 3111 552 3180 cpiscopus
580 3113 644 3163 ad
670 3119 792 3165 eum
821 3111 1122 3175 diaconum,
1155 3121 1210 3164 et
1227 3111 1496 3164 ntandavit
1522 3110 1594 3175 ei,
1621 3113 1806 3164 dicens
1837 3127 1850 3162 :

1951 1928 2006 1972 et
2045 1919 2294 1986 cognovit
2343 1921 2551 1986 senior;
2601 1931 2654 1975 et
2687 1937 2883 1976 vocans
2910 1922 3125 1979 fratrem
3170 1940 3324 1979 suum
3351 1930 3532 1994 junio-

1953 2024 2097 2073 rem,
2145 2009 2276 2063 dicit
2307 2010 2382 2064 illi
2413 2028 2426 2063 :
2453 2012 2648 2079 Accipe
2689 2022 2860 2068 tecum
2895 2029 3056 2068 unum
3087 2019 3358 2071 vasculum
3380 2020 3531 2074 citin-

1953 2098 2031 2151 dii
2061 2100 2170 2152 vini
2201 2098 2340 2169 (15),
2371 2109 2424 2154 et
2450 2101 2516 2155 da
2545 2103 2754 2168 vicino;
2789 2104 2946 2158 hodie
2975 2105 3116 2158 enim
3157 2121 3294 2172 opus
3324 2117 3406 2162 est
3435 2110 3533 2163 illi.

1956 2189 2024 2244 Et
2081 2191 2390 2245 nesciebant
2442 2190 2632 2246 fratres
2669 2207 2884 2247 causam
2930 2194 3068 2262 ejus.
3118 2196 3209 2251 Ille
3238 2212 3364 2252 vero
3413 2199 3538 2254 fecit

1952 2280 2090 2333 sicut
2120 2281 2372 2350 praecepit
2391 2282 2441 2335 ei
2470 2283 2676 2336 senior.
2702 2282 3123 2354 ASdiﬁcatusque
3143 2296 3226 2341 est
3255 2287 3418 2343 frater
3446 2290 3538 2344 ille

1953 2379 2112 2439 atque
2161 2381 2535 2440 compunctus.
2569 2372 2695 2428 Post
2741 2389 2938 2440 paucos
2967 2377 3109 2430 enint
3155 2377 3271 2430 dics
3315 2379 3430 2446 ipse
3457 2381 3538 2433 di-

1956 2463 2102 2518 misit
2126 2464 2423 2530 mulierem,
2454 2475 2507 2520 et
2533 2466 2627 2520 ivit
2655 2467 2718 2520 ad
2750 2469 3038 2533 seniorem,
3067 2478 3129 2540 ,ει
3162 2472 3432 2539 pmnituit.

2026 2557 2082 2610 4.
2126 2557 2317 2614 Frater
2343 2560 2692 2630 interrogavit
2720 2560 2969 2616 abbatem
3000 2562 3298 2629 Pastorem,
3323 2564 3535 2621 dicens:

1960 2650 2223 2706 Damnum
2256 2652 2432 2720 patior
2458 2653 2652 2706 anima:
2681 2668 2837 2718 mete,
2867 2655 3008 2723 quod
3039 2669 3154 2708 sunt
3185 2669 3307 2710 cum
3345 2656 3540 2712 abbate

1957 2756 2100 2809 meo,
2133 2743 2254 2810 quia
2310 2757 2487 2798 mores
2516 2744 2629 2812 ejus
2662 2760 2767 2797 non
2814 2745 3088 2811 sustineo;
3118 2747 3242 2814 quid
3289 2761 3417 2816 ergo
3443 2748 3533 2816 ju-

1957 2831 2096 2886 bes?
2125 2847 2318 2887 maneo
2345 2834 2519 2888 adhuc
2563 2836 2701 2904 apud
2729 2836 2889 2889 eum?
2920 2836 2984 2890 Et
3011 2837 3213 2891 sciebat
3251 2838 3414 2892 abbas
3438 2837 3538 2892 Pa~

1959 2932 2100 2989 stor,
2131 2925 2252 2992 quia
2284 2925 2566 2979 laederetur
2597 2926 2775 2978 anima
2805 2926 2920 2995 ejus
2957 2942 3053 2996 per
3079 2928 3322 2983 abbatem
3358 2945 3536 2994 suum,

1961 3024 2015 3072 et
2063 3016 2432 3070 admirabatur
2473 3032 2638 3086 quare
2688 3016 3045 3086 interrogaret
3078 3034 3200 3074 eum
3232 3021 3275 3072 si
3323 3035 3442 3074 cum
3474 3035 3541 3075 eo

1960 3120 2180 3160 manere
2227 3107 2468 3162 deberet.
2503 3107 2643 3160 Dixit
2686 3108 2734 3162 ei
2763 3106 2859 3162 :Si
2889 3109 2990 3174 vis,
3029 3118 3165 3164 esto.
3209 3111 3274 3164 Et
3319 3112 3542 3178 vadens,

266 3203 378 3258 Ora
416 3214 471 3256 ut
522 3203 774 3257 liberetur
801 3217 919 3271 qua:
949 3213 999 3256 te
1040 3203 1320 3256 criminata
1363 3211 1466 3255 est.
1526 3202 1646 3270 Ipse
1676 3211 1852 3255 autem
1885 3192 1930 3254 C
1963 3201 2160 3256 mansit
2185 3200 2323 3268 apud
2357 3215 2501 3256 eum.
2536 3201 2694 3256 Venit
2739 3202 2953 3268 iterum,
2997 3202 3182 3257 dicens
3226 3203 3400 3259 abbati
3442 3204 3546 3259 Pa-

269 3313 372 3352 nee
415 3297 690 3365 respondit
735 3297 804 3356 ei.
860 3311 958 3350 nec
1003 3299 1197 3349 ostium
1230 3297 1460 3364 aperuit.
1495 3296 1570 3350 Ex
1622 3311 1723 3365 qua
1769 3295 1855 3348 die

272 3400 452 3444 autem
484 3393 756 3460 ingressus
783 3391 1048 3444 clauserat
1095 3405 1176 3454 se,
1227 3390 1614 3460 deprecabatur
1655 3389 1856 3444 Christi

275 3481 491 3535 Domini
526 3481 968 3534 misericordiam.
1003 3481 1177 3550 Pergit
1209 3481 1400 3536 iterum
1449 3489 1599 3551 pater
1627 3481 1745 3551 ejus
1791 3481 1857 3536 ad

273 3574 611 3642 episcopum,
641 3581 697 3627 et
729 3573 785 3626 lit
815 3574 989 3627 oratio
1018 3574 1068 3627 in
1114 3574 1362 3642 ecclesia,
1397 3584 1452 3630 et
1484 3589 1581 3629 nec
1613 3577 1690 3630 sic
1723 3576 1854 3631 l'rbe-

274 3677 392 3718 rata
422 3679 522 3718 εει.

348 3758 588 3827 Surgens
612 3764 787 3810 autem
819 3757 1123 3825 episcopus,
1155 3756 1248 3811 ivit
1268 3756 1332 3810 ad
1360 3755 1637 3820 lectorem,
1665 3766 1718 3810 et
1746 3757 1860 3825 pul-

273 3866 400 3906 sans
423 3862 640 3916 ostium,
685 3851 983 3918 ingreditur
1012 3851 1076 3905 ad
1105 3866 1251 3917 eum,
1296 3861 1350 3905 et
1394 3850 1522 3904 dicit
1549 3852 1598 3903 ei
1625 3866 1640 3902 :
1673 3851 1861 3904 Eusta-

276 3945 378 4005 tlti,
422 3957 602 4012 surge,
653 3942 800 3996 solve
844 3941 981 4010 quod
1036 3943 1230 4011 ligasti.
1283 3943 1347 3995 Et
1384 3956 1506 3995 cum
1552 3943 1859 3996 inclinasset

275 4051 450 4107 genua
478 4037 645 4090 lector
675 4051 794 4089 cum
829 4035 1102 4106 episcopo,
1135 4037 1313 4090 statim
1343 4036 1500 4090 enixa
1531 4047 1612 4090 est
1643 4037 1858 4092 mulier.

276 4127 568 4182 Praevaluit
621 4136 803 4184 autem
851 4128 1158 4198 deprecatio
1201 4138 1254 4182 et
1301 4129 1549 4183 instantia
1605 4130 1861 4183 orationis

275 4220 342 4274 ad
377 4219 846 4274 demonstrandam
874 4220 1218 4285 calumniam,
1249 4231 1304 4275 et
1333 4220 1656 4289 arguendam
1681 4218 1862 4274 crimi-

275 4311 570 4375 natricem,
629 4320 686 4364 ut
735 4326 798 4366 ex
841 4311 943 4364 hoc
993 4312 1262 4364 discamus
1308 4324 1564 4380 quantum
1609 4312 1863 4378 prmvalet

278 4402 530 4456 instantia
576 4403 883 4456 orationum
912 4402 980 4456 de
1020 4401 1270 4470 periculis
1296 4402 1547 4470 liberare,
1579 4412 1631 4457 et
1658 4417 1861 4471 cogno-

278 4507 493 4547 scamus
529 4493 666 4562 apud
696 4494 862 4547 Deum
893 4509 1075 4546 earum
1109 4493 1423 4562 potentiam.

881 4583 1107 4639 CAPUT
1148 4584 1264 4638 XX.

354 4677 406 4730 l.
446 4675 661 4731 Solebat
691 4675 876 4730 beatus
918 4675 1084 4730 abbas
1115 4674 1302 4729 Pastor
1327 4677 1341 4705 ί
1375 4690 1645 4744 exponere
1675 4672 1857 4727 fratri-

279 4769 382 4824 bus
404 4769 471 4823 de
493 4768 784 4837 Scripturis
809 4769 1208 4836 pmpltctarum,
1234 4769 1320 4820 ubi
1345 4769 1539 4821 dicitur
1563 4787 1574 4818 :
1600 4767 1731 4834 Quia
1756 4767 1854 4819 nisi

276 4861 629 4914 Nabuzardan
653 4861 898 4929 princeps
919 4874 1171 4914 cocorum
1204 4859 1697 4914 Nabuchodonosor
1720 4859 1863 4927 regis

278 4954 516 5008 venisset
547 4954 596 5006 in
628 4953 949 5016 Jerusalem,
982 4953 1165 5019 utique
1210 4967 1316 5004 non
1350 4950 1533 5004 fuisset
1580 4951 1858 5002 incensum

278 5047 540 5112 templum
595 5046 826 5100 Domini.
877 5046 1021 5098 llanc
1068 5054 1245 5098 autem
1298 5043 1598 5112 parabolam
1639 5058 1703 5096 ex
1758 5042 1858 5095 hoc

282 5138 536 5207 exemplo
568 5139 640 5192 ita
671 5140 972 5206 exponebat
1002 5139 1367 5208 spiritualiter,
1392 5138 1578 5193 dicens
1611 5154 1624 5189 :
1655 5137 1788 5203 Quia
1812 5145 1867 5190 et

278 5245 384 5285 nos
435 5246 552 5284 cum
607 5233 899 5299 pulsaverit
945 5233 1164 5301 spiritus
1212 5231 1617 5300 gastrimargize,
1667 5230 1718 5283 id
1757 5238 1861 5294 est,

278 5324 420 5390 gulae
449 5325 906 5391 concupiscentia,
952 5324 1003 5378 in
1049 5325 1252 5394 aliquas
1279 5324 1666 5379 delectationes
1689 5338 1749 5377 ac
1780 5337 1866 5375 sa-

281 5415 551 5468 turitatem
583 5417 806 5482 ventris,
837 5416 878 5470 si
909 5417 997 5484 qui
1022 5417 1371 5471 obaudientes
1401 5426 1560 5486 atque
1583 5415 1863 5484 explentes

283 5508 583 5571 voluptates
607 5522 670 5561 ac
718 5507 986 5562 desideria
1034 5509 1193 5577 gula},
1239 5518 1363 5562 tunc
1395 5509 1698 5562 incenditur
1737 5508 1858 5574 igne

280 5595 520 5651 libidinis
555 5597 764 5667 ιοω
814 5598 1068 5666 templum
1119 5597 1350 5664 Domini,
1405 5597 1453 5650 ltl
1505 5607 1605 5662 est,
1639 5612 1864 5664 corpora

1964 3294 2098 3348 stori
2128 3312 2140 3347 :
2169 3294 2346 3349 Gravo
2371 3296 2604 3350 animam
2647 3310 2840 3351 meam.
2897 3296 2960 3349 Et
2990 3312 3094 3349 non
3138 3297 3274 3351 dixit
3303 3299 3350 3352 ei
3380 3299 3545 3352 abbas

1962 3386 2188 3441 Pastor:
2225 3387 2449 3443 Discede
2503 3388 2568 3442 ab
2620 3403 2705 3441 eo.
2763 3386 2920 3442 Venit
2975 3396 3028 3442 et
3087 3391 3266 3453 tertio,
3320 3389 3542 3443 dicens:

1961 3479 2132 3533 Crede
2155 3480 2308 3548 mihi,
2338 3480 2448 3548 jam
2477 3495 2582 3534 non
2606 3495 2700 3534 ero
2724 3495 2844 3533 cum
2873 3495 2957 3534 eo.
2992 3480 3057 3534 Et
3081 3480 3219 3533 dixit
3240 3480 3286 3534 ei
3318 3481 3501 3536 senior
3527 3499 3540 3533 :

1963 3571 2101 3625 Ecce
2120 3571 2280 3625 modo
2309 3572 2489 3625 salvus
2515 3586 2592 3635 es,
2625 3571 2782 3639 vade,
2815 3581 2869 3626 et
2896 3585 3002 3624 non
3030 3572 3104 3625 sis
3134 3572 3268 3625 ultra
3297 3587 3417 3624 cum
3457 3587 3542 3626 eo.

1966 3665 2109 3718 Dixit
2135 3675 2312 3719 autem
2343 3666 2521 3719 senior
2555 3665 2729 3719 eidem
2763 3682 2775 3717 :
2803 3665 2974 3719 Homo
3004 3664 3091 3733 qui
3138 3668 3290 3718 timet
3317 3665 3420 3731 pati
3445 3665 3549 3718 da-'

1963 3773 2146 3811 mnum
2194 3757 2384 3811 anima:
2410 3773 2542 3824 suae,
2574 3772 2680 3812 non
2711 3773 2847 3826 opus
2875 3757 3038 3810 habet
3077 3756 3444 3824 interrogare;
3475 3757 3544 3810 de

1966 3848 2190 3919 occultis
2219 3864 2346 3904 vero
2395 3849 2809 3919 cogitationibus
2837 3848 2997 3902 debet
3039 3848 3156 3915 quis
3188 3848 3542 3916 interrogare,

1964 3949 2019 3993 et
2048 3939 2317 3994 seniorum
2350 3948 2433 3993 est
2473 3939 2717 4007 probare.
2768 3938 2844 3993 De
2884 3937 3182 3992 manifestis
3211 3947 3389 3992 autem
3419 3952 3544 4006 pee-

1965 4029 2104 4083 catis
2134 4044 2239 4082 non
2288 4037 2372 4083 est
2418 4043 2554 4097 Opus
2585 4029 2880 4098 requirere,
2913 4029 3006 4083 sed
3036 4029 3216 4082 statim
3246 4027 3545 4082 abscidere.

1969 4120 2321 4188 Interrogavit
2367 4129 2545 4174 autem
2596 4135 2718 4174 eum
2770 4120 2953 4182 frater,
3013 4122 3236 4175 dicens:
3268 4120 3549 4187 Quomodo

1966 4213 2140 4268 debeo
2168 4227 2289 4267 esse
2330 4222 2386 4266 tn
2431 4213 2724 4267 coenobio?
2754 4210 3052 4281 Respondit
3095 4211 3169 4265 illi
3199 4212 3416 4266 senior:
3447 4211 3547 4276 Qui

1969 4307 2122 4361 sedet
2181 4307 2233 4360 in
2283 4305 2566 4370 coenobio,
2625 4313 2835 4373 oportet
2887 4320 3008 4360 eum
3056 4317 3246 4358 omnes
3293 4311 3546 4370 tanquam

1968 4412 2131 4451 unum
2161 4395 2498 4457 existimare,
2529 4403 2584 4450 et
2625 4409 2812 4449 omnes
2849 4395 3124 4464 :equaliter
3145 4392 3460 4462 justilicare,
3493 4399 3547 4444 et

1969 4489 2235 4542 neminem
2263 4487 2619 4542 condemnare
2640 4486 2741 4541 nisi
2771 4501 2849 4553 se,
2881 4495 2936 4541 et
2960 4499 3278 4540 conservare
3305 4499 3365 4538 os
3390 4498 3544 4537 suum

1895 4573 1943 4632 D
1967 4588 2023 4633 et
2051 4579 2255 4646 oculos,
2285 4589 2338 4633 et
2370 4588 2494 4633 tunc
2525 4579 2824 4648 requiescet
2850 4580 2968 4632 sine
2993 4575 3368 4631 sollicitudine.
3400 4575 3544 4628 Dixit

1965 4671 2014 4724 ei
2044 4671 2209 4724 abbas
2239 4671 2404 4734 Isaac,
2433 4671 2645 4740 quando
2672 4670 2804 4724 vidit
2834 4670 2979 4723 illum
3012 4669 3313 4722 mittentem
3358 4681 3544 4736 parum

1967 4777 2120 4831 aqum
2148 4778 2309 4832 super
2335 4764 2497 4832 pedes
2542 4779 2669 4818 suos
2695 4781 2708 4816 :
2742 4763 3020 4830 Quomodo
3049 4761 3268 4831 quidam
3307 4760 3390 4813 usi
3422 4768 3546 4814 sunt

1970 4857 2311 4924 discretione,
2346 4857 2680 4913 macerantes
2705 4874 2900 4927 corpus
2931 4857 3120 4912 suum?
3143 4854 3440 4924 Respondit
3469 4852 3546 4908 illi

1976 4951 2144 5005 abbas
2176 4952 2362 5005 Pastor
2390 4970 2403 5005 :
2431 4951 2539 5005 Nos
2569 4966 2672 5004 non
2715 4964 2900 5003 sumus
2942 4948 3086 5001 docti
3116 4961 3398 5016 corporum
3427 4959 3547 5002 esse

1971 5041 2360 5106 interfectores.
2393 5042 2485 5096 sed
2516 5041 2844 5111 passionum.

2043 5137 2096 5192 5.
2141 5136 2488 5206 Interrogavit
2515 5136 2677 5189 frater
2702 5131 2948 5186 eumdem
2971 5129 3216 5184 abbatem
3241 5129 3541 5190 Pastorem,

1971 5229 2156 5284 dicens
2185 5247 2196 5282 :
2230 5229 2286 5284 Si
2313 5228 2554 5284 cecidero
2576 5228 2628 5280 in
2661 5227 2922 5279 modicam
2949 5225 3181 5292 culpam,
3215 5221 3424 5275 mordet
3452 5235 3540 5272 me

1971 5321 2238 5392 cogitatus
2280 5333 2453 5382 meus,
2487 5318 2715 5371 dicens:
2763 5315 2870 5368 Cur
2899 5311 3200 5381 delinquis?
3252 5309 3548 5377 Respondit

1974 5412 2048 5466 illi
2109 5411 2274 5466 abbas
2331 5411 2520 5464 Pastor
2558 5407 2654 5460 :lu
2709 5419 3027 5476 quacunque
3078 5403 3207 5456 hora
3265 5397 3551 5469 deliquerit

1971 5501 2152 5570 homo,
2183 5511 2237 5556 et
2267 5501 2482 5564 dixerit,
2531 5498 2773 5561 Peccavi,
2805 5495 2983 5549 statim
3026 5492 3308 5547 remissum
3338 5499 3418 5544 est
3451 5487 3548 5540 illi.

1971 5595 2302 5663 Frequenter
2341 5591 2448 5645 dixi
2491 5591 2610 5659 quia
2659 5588 2857 5642 nullius
2896 5586 3204 5648 miseretur,
3235 5579 3336 5634 nisi
3386 5578 3548 5632 corde

358 5735 562 5787 'Deest
630 5734 920 5789 Heraclidi.
970 5735 1259 5801 Sequentia
1308 5735 1563 5788 hab-mur
1607 5736 1715 5786 l‘etc
1759 5746 1915 5799 supra
1957 5729 2006 5782 iu
2056 5729 2173 5784 aliis
2223 5730 2370 5784 libris
2419 5730 2553 5784 inter
2599 5729 2766 5784 Verba
2817 5721 3146 5783 Seuiorum;
3201 5711 3343 5768 ΠυίῘ·
3387 5711 3422 5765 Ι·
3465 5728 3518 5765 ιιι

281 5819 337 5861 n.
374 5804 474 5866 ὕες
511 5805 668 5870 l‘clag
699 5847 714 5870 ,
749 5805 914 5860 libeli.
951 5820 1021 5863 tv.
1053 5821 1106 5857 ιι.
1132 5805 1220 5858 29.
