3982 6354
446 339 552 396 5⁸29

1559 328 1903 389 APPENDIX
1942 330 2034 386 AD
2076 325 2275 385 VITAS
2313 328 2611 385 PATRUM.

3625 336 3724 394 580

440 456 695 513 contrito.
748 453 1096 526 lutermgavit
1146 468 1267 509 eum
1325 452 1517 509 iterum
1569 449 1755 513 frater,
1790 451 2026 506 idicens:
2064 451 2111 510 Α
2212 450 2265 502 8.
2308 445 2499 500 Abbati
2542 447 2803 499 Ammona
2849 445 3189 515 prophetavit
3232 449 3397 505 abbas
3438 455 3719 514 Antonius.

400 588 403 609 ε
444 546 782 603 Conturbant
808 561 893 599 me
932 545 1285 615 cogitationes
1310 557 1464 611 mete,
1497 552 1551 598 et
1579 559 1682 598 non
1716 543 2029 613 permittunt

398 615 404 633 ’
447 653 533 691 me
574 651 758 692 curam
806 636 1006 691 habere
1035 636 1354 692 delictorum
1400 651 1665 701 meorum,
1712 635 1805 689 sed
1834 642 2031 704 cogunt

447 744 534 784 me
553 729 796 798 aspicere
825 741 1081 783 excessus
1112 727 1289 782 fratris
1320 727 1446 781 mei.
1482 725 1771 795 Respondit
1792 726 1842 779 ei
1863 725 2029 778 abbas

408 818 639 874 'Pastor
667 819 734 875 de
784 819 979 873 abbate
1018 818 1325 883 Theodoro,
1378 818 1502 888 quia
1550 818 1771 871 sedebat
1796 818 1849 871 in
1897 816 2028 870 cella

446 908 541 964 sua
570 909 826 979 plangens
850 910 1215 978 semetipsum,
1246 917 1303 964 et
1321 909 1616 976 discipulus
1638 909 1754 977 ejus
1784 910 1836 962 in
1865 908 2028 961 altera

450 1002 586 1056 cella
615 1001 859 1057 sedebat.
888 1001 1042 1057 V'enit
1067 1009 1244 1056 autem
1290 1000 1585 1070 discipulus
1610 1000 1754 1055 senis
1790 999 1857 1053 ad
1882 1014 2026 1064 eum,

453 1106 506 1149 et
552 1095 752 1151 invenit
780 1110 901 1150 eum
929 1095 1165 1161 flentem,
1198 1104 1253 1150 et
1282 1095 1412 1149 dicit
1432 1093 1513 1157 jlli
1548 1093 1724 1148 Pater.
1753 1092 1888 1160 Quid
1922 1092 2032 1160 plo-

456 1186 584 1240 ras?
633 1187 927 1256 Respondit
968 1187 1043 1241 illi
1088 1188 1270 1241 senior
1300 1186 1557 1240 :Peccata
1611 1199 1749 1237 mea.
1781 1183 1918 1236 Dicit
1958 1182 2029 1235 illi

448 1278 783 1347 discipulus:
810 1279 926 1333 Non
962 1277 1130 1334 babes
1175 1289 1414 1346 peccata,
1447 1279 1624 1332 Pater.
1659 1276 1956 1345 Respondit
1981 1274 2030 1327 ei

449 1369 631 1423 senior
657 1387 669 1421 :
695 1368 875 1435 Certe,
910 1369 1006 1433 tili,
1038 1371 1081 1424 si
1112 1371 1431 1439 permissum
1467 1370 1625 1423 fuerit
1655 1368 1783 1422 flere
1815 1376 2030 1435 peeeata

451 1475 591 1523 inea,
644 1474 748 1513 non
806 1459 1355 1527 viderem‘aliorum;
1389 1475 1485 1515 nec
1537 1469 1714 1513 tamen
1762 1456 2034 1511 sufficeret

450 1552 580 1606 mihi
612 1552 742 1608 ﬂere
769 1563 982 1621 peccata
1014 1568 1153 1616 mea,
1181 1553 1340 1608 etiam
1369 1554 1413 1607 si
1445 1553 1530 1607 alii
1563 1562 1671 1607 tres
1700 1551 1782 1606 vel
1809 1561 2034 1621 quatuor

451 1644 768 1712 plangerent
796 1658 1026 1699 mecum.
1055 1645 1157 1710 Qui
1181 1644 1522 1714 semetipsum
1546 1644 1711 1710 videt,
1737 1643 1897 1697 homo
1917 1652 2028 1707 est;

447 1734 687 1803 judicare
716 1745 893 1791 autem
924 1738 1080 1801 alica,
1131 1739 1299 1791 solius
1335 1738 1425 1791 Dei
1460 1746 1562 1791 est.
1601 1736 2031 1804 Derelinquimus

2136 542 2334 595 dicens
2370 540 2584 594 :llabes
2629 540 2885 608 proficere
2926 541 2978 594 in
3021 541 3215 596 timore
3260 544 3374 598 Dei.
3433 544 3500 598 Et
3541 547 3722 601 eduxit

2132 647 2255 687 eum
2297 632 2366 686 de
2399 633 2530 686 cella
2573 633 2637 686 ad
2674 632 2924 702 lapidem,
2973 644 3027 688 et
3067 635 3203 690 dixit
3230 638 3279 691 ei
3305 655 3317 691 :
3343 638 3538 708 lnjuria
3584 641 3719 697 hunc

2134 722 2387 791 lapidem,
2418 723 2564 778 crede
2591 738 2735 779 eum.
2765 725 2829 777 Et
2858 725 2929 779 ita
2966 722 3114 781 fecit.
3148 728 3211 782 Et
3240 729 3374 783 dixit
3412 730 3583 785 abbas
3612 732 3720 786 An-

2136 815 2453 869 toniuszlta
2505 825 2560 869 et
2603 826 2656 869 tu
2706 816 2870 871 debes
2905 820 3161 885 perlicere
3210 836 3522 877 mensuram
3559 823 3715 879 hanc.

2138 911 2346 965 Etcum
2388 910 2559 965 factus
2588 920 2732 966 esset
2761 912 3067 991 episcopus,
3109 913 3422 971 obtulerunt
3465 918 3514 972 ei
3556 920 3717 990 virgi-

2136 1019 2256 1058 nem
2304 1005 2354 1057 in
2407 1015 2561 1058 utero
2608 1004 2913 1071 habentem,
2970 1015 3024 1060 et
3065 1006 3251 1061 dicunt
3293 1009 3383 1063 ei:
3421 1010 3592 1063 llomo
3622 1012 3715 1067 iste

2135 1095 2331 1148 malum
2383 1094 2484 1149 hoc
2514 1106 2768 1164 operatus
2804 1104 2912 1164 est,
2936 1095 3000 1149 da
3034 1097 3083 1151 ei
3105 1096 3469 1166 disciplinam.
3495 1101 3600 1168 Qui
3648 1106 3715 1155 si-

2134 1201 2304 1254 gnans
2349 1194 2561 1239 uterum
2605 1188 2742 1255 ejus,
2781 1187 2937 1255 jussit
2960 1186 3033 1240 illi
3072 1188 3189 1242 dari
3235 1204 3327 1244 sex
3358 1205 3513 1259 pares
3543 1192 3716 1247 sindo-

2140 1292 2257 1343 nes,
2287 1277 2473 1331 dicens
2502 1295 2516 1330 :
2542 1276 2618 1330 Ne
2665 1276 2801 1330 forte
2835 1292 2955 1330 eum
2996 1278 3177 1332 veniat
3215 1278 3333 1347 ejus
3375 1291 3580 1347 partus,
3610 1297 3715 1334 mo-

2137 1367 2303 1420 riatur
2328 1374 2416 1419 aut
2465 1369 2587 1429 ista,
2611 1373 2703 1418 aut
2727 1374 2871 1418 certe
2920 1364 3117 1433 infans,
3157 1375 3215 1421 ut
3262 1369 3497 1423 inveniat
3524 1371 3609 1423 vel
3637 1387 3715 1424 se-

2137 1460 2428 1523 pulturam.
2464 1459 2653 1511 lticunt
2679 1456 2754 1511 illi
2784 1467 3124 1513 accusatores
3151 1476 3165 1514 :
3196 1459 3335 1523 Quid
3371 1462 3472 1515 hoc
3503 1462 3714 1516 fecisti?

2138 1552 2212 1605 Da
2270 1551 2318 1604 ei
2369 1552 2724 1619 disciplinam.
2780 1550 3073 1620 Respondit
3125 1553 3713 1623 episcopuszvmetis,

2134 1641 2347 1705 fratres,
2373 1643 2495 1710 quia
2522 1657 2686 1709 prope
2712 1652 2937 1697 mortem
2962 1650 3064 1705 est,
3089 1655 3140 1698 et
3173 1645 3294 1714 quid
3328 1660 3428 1715 ego
3452 1645 3627 1701 habeo
3644 1648 3715 1700 fa-

2135 1735 2297 1788 cere?
2314 1734 2519 1787 Sufficit
2543 1733 2697 1786 dolor
2726 1749 2883 1802 quem
2906 1733 3083 1801 habet,
3109 1744 3163 1791 et
3185 1734 3461 1803 confusio;
3487 1738 3715 1792 dimisit-

451 1827 789 1894 Splendidam
836 1838 890 1882 et
937 1828 1195 1882 directam
1227 1829 1389 1891 viam,
1432 1828 1532 1883 hoc
1562 1839 1667 1894 εει,
1726 1838 1785 1881 ut
1817 1828 2027 1895 plangat
2063 1828 2106 1886 Β
2132 1839 2237 1895 (lue
2264 1840 2400 1887 eam,
2438 1826 2644 1895 1001
2666 1833 2845 1880 etnon
2878 1835 2959 1881 est
2986 1841 3147 1882 ausus
3181 1842 3299 1884 eam
3330 1831 3711 1885 condemnare.

448 1919 680 1986 seipsum
735 1920 915 1980 homo,
974 1927 1027 1971 et
1073 1920 1144 1972 sit
1188 1927 1473 1975 contentus
1532 1919 1764 1987 peccatis
1801 1920 2033 1971 suiszet

451 2007 724 2077 spinosam
752 2008 1085 2062 ambulamus
1112 2009 1251 2063 viam
1268 2020 1321 2064 et
1344 2010 1704 2075 tenebrosam,
1730 2007 2031 2076 utproximi

454 2109 657 2154 tantum
687 2100 966 2155 videamus
1014 2100 1206 2156 delicta
1252 2112 1307 2157 et
1360 2117 1464 2156 non
1496 2111 1697 2156 nostra.
1742 2099 2032 2154 Monachus

454 2191 713 2245 malorum
741 2193 1058 2260 retributor,
1088 2203 1142 2248 et
1163 2194 1388 2260 derisor,
1421 2204 1477 2249 et
1504 2194 1811 2257 iracundus,
1843 2206 2030 2245 mona-

452 2281 584 2336 chus
617 2296 720 2336 non
743 2293 844 2338 est.
1326 2330 1331 2335 .
1866 2270 1867 2275 “

528 2372 581 2425 6.
623 2372 818 2429 Senem
868 2374 1029 2430 frater
1071 2377 1437 2445 interrogavit,
1481 2379 1664 2431 dicens
1690 2394 1702 2429 :
1733 2375 1908 2443 Quare
1957 2376 2031 2429 la-

453 2460 753 2518 borantium
805 2466 1019 2520 Patrum
1051 2470 1404 2537 quorumdam
1448 2467 1609 2522 facies
1635 2467 1851 2531 ﬂorent,
1896 2467 2028 2519 alio-

453 2567 573 2607 rum
600 2557 812 2611 minus?
843 2558 908 2611 Et
928 2557 1060 2612 dixit
1090 2577 1102 2611 :
1126 2560 1441 2628 Quicunque
1469 2558 1731 2623 laborant,
1760 2566 1815 2611 et
1836 2557 2032 2626 depre-

453 2654 645 2701 cantur
675 2649 884 2703 veniam
913 2658 1274 2717 peccatorum,
1307 2657 1593 2719 antequam
1624 2650 1803 2703 veniat
1827 2649 1893 2702 ad
1938 2662 2033 2703 eos

452 2739 617 2806 gratia
661 2755 778 2809 qua:
807 2744 1041 2796 sustinet
1082 2743 1320 2797 laborem
1352 2758 1562 2806 eorum,
1598 2741 1686 2795 isti
1717 2758 1822 2796 non
1852 2742 2034 2795 viren-

456 2840 537 2884 tes
568 2841 715 2897 sunt,
742 2832 838 2887 sed
869 2833 1202 2889 laborantes.
1232 2833 1287 2887 ln
1318 2834 1510 2902 quibus
1538 2842 1718 2886 autem
1749 2832 2034 2902 appropia-

454 2921 531 2976 vit
568 2924 655 2991 qui
708 2934 832 2977 ante
883 2925 1287 2991 laboraverunt,
1346 2940 1440 2994 per
1495 2922 1857 2979 sull‘erentiam
1904 2924 2034 2980 Jesu

453 3012 661 3068 ﬂorent.
692 3013 864 3070 Corde
893 3017 1034 3070 enim
1066 3017 1282 3070 lzetante
1310 3017 1467 3071 floret
1495 3016 1681 3071 facies.
1718 3016 1866 3071 Mens
1888 3016 2032 3071 clara

454 3112 510 3157 et
538 3105 736 3160 munda
762 3116 844 3161 est
870 3107 1042 3161 lucida
1064 3110 1205 3164 sicut
1232 3109 1333 3164 sol.
1366 3110 1495 3163 Cum
1526 3110 1669 3163 enim
1702 3124 1807 3163 non
1836 3109 2036 3163 fuerint

2208 1919 2258 1970 9.
2292 1917 2431 1970 Dixit
2448 1917 2661 1987 quidam
2685 1933 2848 1974 senex
2875 1920 2940 1973 ad
2966 1914 3188 1975 alterum
3212 1937 3394 1978 senem
3419 1922 3706 1978 habentem

2136 2008 2455 2063 charitatem
2475 2050 2490 2074 ,
2521 2020 2574 2064 et
2599 2011 2981 2079 suscipientem
3026 2021 3131 2066 tam
3170 2016 3463 2069 monachos
3491 2015 3715 2079 multos,

2141 2114 2302 2168 quam
2346 2111 2395 2154 et
2426 2102 2715 2156 saeculares
2743 2120 2754 2154 :
2793 2102 3032 2157 Lucerna
3059 2105 3242 2159 multis
3274 2105 3449 2169 lucet,
3483 2116 3715 2161 rostrum

2138 2207 2316 2252 tamen
2349 2201 2621 2268 proprium
2654 2200 2890 2254 incendit
2919 2199 3162 2270 (Pusch.,
3187 2218 3233 2254 c.
3264 2203 3311 2267 l,
3339 2220 3391 2255 η.
3416 2202 3510 2272 Ξ).

2213 2290 2299 2344 lt).
2336 2290 2566 2356 Quidam
2598 2306 2759 2347 senex
2788 2291 2961 2347 dixit:
2990 2291 3043 2347 Si
3074 2294 3308 2347 audieris
3332 2294 3398 2349 de
3429 2295 3608 2362 aliquo
3631 2293 3718 2347 fra-

2138 2391 2219 2436 tre
2239 2383 2463 2437 verbum
2497 2383 2694 2436 malum
2712 2423 2728 2447 ,
2752 2383 2833 2437 vel
2863 2383 3003 2452 quod
3051 2390 3172 2452 agat
3198 2384 3369 2453 iniqua
3394 2425 3409 2449 ,
3434 2383 3718 2454 responde,

2136 2473 2356 2529 dicens:
2388 2474 2642 2543 Nunquid
2674 2492 2771 2545 ego
2797 2475 2963 2545 judex
2999 2477 3119 2545 ejus
3158 2493 3274 2531 sum
3299 2478 3322 2530 ’ἰ
3350 2479 3477 2547 ipse
3523 2478 3681 2533 hodie
3704 2523 3716 2543 ,

2136 2580 2237 2634 ego
2264 2581 2403 2621 cras.
2435 2566 2608 2635 Opera
2642 2567 2864 2636 quidem
2896 2568 3013 2635 ejus
3043 2568 3254 2621 infirma
3287 2569 3382 2622 tibi
3411 2578 3537 2623 nota
3566 2580 3715 2633 sunt,

2137 2666 2191 2713 et
2222 2659 2581 2727 perscrutaris
2624 2674 2720 2723 ea;
2763 2673 2931 2726 quare
2972 2657 3127 2712 fortia
3156 2659 3274 2728 ejus
3300 2674 3464 2728 Opera
3491 2669 3543 2713 et
3574 2660 3718 2714 utilia

2138 2749 2356 2804 nescis?
2380 2751 2500 2817 Ego
2536 2750 2646 2819 jam
2679 2758 2922 2803 mortuus
2949 2764 3065 2804 sitm
3099 2751 3149 2804 in
3183 2751 3412 2819 peccatis
3445 2752 3599 2817 meis,
3625 2752 3719 2806 sul.

2139 2839 2329 2892 liciunt
2364 2839 2493 2893 mihi
2526 2849 2748 2909 peccata
2781 2854 2916 2893 mea.

2214 2934 2302 2985 ll.
2348 2933 2541 2987 lterum
2583 2932 2717 2986 dixit
2758 2931 2973 3001 quidam
3015 2947 3176 2987 senex
3210 2933 3274 2987 ad
3306 2933 3530 2989 fratrem
3564 2953 3575 2988 :
3606 2935 3717 2989 Non

2137 3034 2385 3094 oportet,
2417 3026 2489 3079 tili
2509 3066 2522 3088 ,
2558 3025 2877 3079 monachum
2909 3025 3183 3094 requirere
3209 3025 3331 3095 quid
3361 3036 3486 3095 agat
3518 3028 3607 3082 ille
3638 3028 3718 3081 vel

2140 3120 2228 3174 ille
2251 3163 2265 3186 ,
2296 3128 2385 3172 aut
2412 3117 2867 3187 quemadmodum
2897 3118 3240 3172 abstrahatur
3274 3118 3362 3172 ille
3391 3120 3460 3172 ab
3486 3120 3721 3173 oratione

454 3197 684 3262 nebulge,
734 3200 978 3265 splendet
1024 3202 1166 3255 clare
1212 3212 1268 3256 et
1315 3200 1519 3266 lucide;
1553 3211 1610 3256 et
1656 3201 2032 3255 cumnebulre

2151 3211 2196 3264 in
2222 3210 2613 3265 detractionem
2637 3219 2691 3264 et
2715 3211 3093 3274 verbositates,
3123 3226 3240 3280 quae
3262 3209 3390 3264 nihil
3417 3211 3718 3280 proderunt.

462 3287 940 3352 operuerinteum,
989 3291 1333 3346 tenebrescit.
1383 3292 1447 3345 Et
1477 3292 1652 3344 anima
1684 3290 1875 3355 donec,
1917 3305 2041 3358 pas-

457 3375 637 3428 siones
664 3390 781 3429 eam
814 3377 1082 3448 obtinent,
1111 3380 1462 3446 obscuratur;
1486 3396 1607 3435 cum
1630 3390 1811 3435 autem
1841 3382 2039 3434 munda

458 3465 621 3520 fuerit
647 3482 740 3535 per
767 3469 991 3537 gratiam
1026 3471 1143 3537 Dei,
1195 3472 1264 3526 ita
1303 3473 1394 3527 lict
1439 3472 1579 3528 sicut
1623 3474 1884 3540 scriptum
1911 3482 1995 3528 est
2024 3491 2037 3524 :

462 3557 643 3626 Magna
675 3559 846 3627 gloria
873 3561 990 3630 ejus
1020 3563 1073 3616 in
1104 3564 1323 3618 salutari
1357 3574 1444 3618 tuo
1468 3564 1641 3634 (Psal.
1677 3564 1791 3633 xx).

536 3652 588 3705 7.
635 3654 714 3710 Ad
767 3655 982 3709 beatum
1039 3656 1354 3724 Apollonem
1403 3671 1523 3710 cum
1572 3671 1861 3726 germanus
1913 3671 2043 3711 suus

465 3745 787 3816 intempesta
818 3761 973 3805 nocte
1003 3750 1259 3816 venis-et,
1305 3760 1492 3819 petens
1520 3762 1580 3805 ut
1617 3752 1685 3805 de
1715 3750 2043 3804 monasterio

463 3853 561 3894 suo
591 3841 858 3912 paulisper
897 3858 1143 3915 egressus
1173 3844 1238 3899 ad
1267 3844 1584 3900 elevandum
1612 3844 1827 3907 bovem,
1872 3840 1961 3911 qui
1990 3843 2044 3896 in

466 3934 674 4002 paludis
704 3951 859 3991 coeno
886 3938 1191 4002 cecidisset,
1222 3938 1269 3994 ei
1296 3938 1556 4007 praeberet
1582 3932 1866 4000 auxilium,
1896 3934 2046 3988 ﬂebi-

464 4022 587 4077 liter
614 4026 959 4095 querebatur,
987 4029 1103 4097 quia
1136 4044 1256 4084 eum
1283 4029 1431 4084 solus
1460 4044 1567 4084 non
1603 4037 1783 4095 posset
1830 4040 2040 4081 eruere.

444 4111 565 4179 ~Cui
608 4112 775 4168 abbas
804 4116 996 4184 Apollo
1028 4118 1289 4174 instanter
1326 4120 1626 4174 obsecranti
1674 4116 1789 4171 ait:
1821 4115 1930 4171 Cur
1956 4117 2046 4185 ju-

466 4203 676 4265 niorem
705 4203 923 4259 fratrem
970 4216 1233 4276 nostrum,
1259 4224 1414 4277 quem
1460 4208 1780 4276 praeteriens
1824 4209 2048 4263 vicinio-

465 4310 580 4350 rem
624 4312 784 4367 quam
841 4313 929 4353 me
960 4298 1212 4363 habuisti,
1244 4314 1350 4354 non
1399 4299 1635 4369 rogasti?
1684 4299 1931 4369 Cumque
1959 4299 2049 4354 ille

466 4398 695 4446 mortem
718 4391 846 4446 olim
878 4393 1074 4461 sepulti
1101 4392 1282 4447 fratris
1320 4391 1541 4447 oblitum
1568 4407 1634 4446 ex
1679 4391 1844 4445 nimia
1877 4390 2048 4445 absti-

469 4484 673 4548 nentia,
699 4484 1076 4540 sollicitudinis
1100 4499 1163 4539 ac
1182 4484 1483 4557 solitudinis
1510 4484 1733 4555 jugitate
1769 4483 1919 4538 velut
1948 4482 2049 4536 im-

470 4584 646 4641 potem
695 4577 888 4632 mentis
916 4576 1226 4631 existimans
1255 4576 1623 4646 reSpondisset
1651 4574 2053 4641 :Quemadmo-
2084 4581 2126 4637 [)

467 4665 592 4720 dum
626 4677 864 4735 poteram
891 4684 1013 4724 eum
1043 4670 1111 4724 de
1130 4670 1401 4738 sepulcro,
1426 4672 1517 4739 qui
1542 4678 1662 4723 ante
1686 4684 1856 4724 annos
1885 4671 2045 4739 quin-

466 4754 642 4811 decim
670 4759 822 4825 obiit,
844 4760 1077 4814 vocare?
1116 4760 1281 4815 abbas
1327 4761 1518 4829 Apollo
1549 4754 1827 4827 respondit
1855 4761 1927 4829 ei,
1960 4761 2046 4815 di-

465 4859 593 4902 cens
620 4866 634 4900 :
666 4850 897 4918 Ignoras
931 4867 1017 4906 me
1046 4866 1258 4920 quoque
1303 4862 1428 4906 ante
1476 4867 1645 4906 annos
1685 4852 1872 4921 viginti
1926 4852 2047 4906 huic

471 4942 671 4996 mundo
694 4942 855 4998 fuisse
878 4943 1218 5002 defunctum?
1256 4945 1505 5014 nullaque
1526 4946 1633 5015 jam
1666 4960 1824 5014 posse
1854 4946 1924 5000 de
1951 4946 2047 4999 bu-

467 5032 558 5101 jus
577 5033 781 5088 cellula:
806 5035 1074 5104 sepulcro,
1100 5051 1218 5105 qua
1237 5037 1301 5090 ad
1329 5039 1607 5106 prresentis
1627 5039 1750 5092 vita:
1776 5040 2048 5107 pertinent

473 5135 695 5192 statum,
747 5128 945 5196 ubique
995 5129 1244 5185 conferre
1297 5129 1515 5197 solatia,
1576 5146 1732 5201 quem
1781 5134 2043 5185 intantum

468 5217 715 5274 Christus
742 5219 809 5276 ab
829 5219 1127 5279 intentione
1156 5220 1643 5278 abrenuntiationis
1672 5223 1854 5277 mundi
1892 5224 2041 5277 abre.

472 5320 643 5377 ptum,
693 5312 776 5367 vel
814 5311 1080 5371 modicum
1121 5314 1187 5369 ad
1230 5314 1614 5370 extrahendum
1667 5314 1856 5370 bovem
1900 5324 2047 5370 tuum

469 5414 576 5453 non
603 5401 798 5467 p’atitur
825 5403 1081 5471 relaxari,
1109 5413 1168 5458 ut
1193 5420 1261 5460 ne
1283 5405 1657 5463 brevissimum
1680 5410 1893 5475 quidem
1926 5422 2043 5460 mo-

470 5494 641 5548 menti
682 5494 927 5552 inducias
971 5500 1213 5569 sequenti
1254 5514 1314 5554 se
1342 5500 1605 5569 discipulo
1645 5514 1741 5569 pro
1772 5499 1942 5570 patris
1975 5500 2027 5554 in

368 5598 373 5601 ‘
465 5586 692 5644 dulserit
722 5589 1031 5658 sepultura?

2144 3301 2300 3358 Unde
2348 3302 2478 3356 nihil
2514 3303 2705 3356 melius
2735 3317 2895 3371 quam
2928 3312 3105 3358 tacere
3136 3315 3188 3358 et
3221 3303 3386 3359 Deum
3419 3319 3641 3375 rogare,
3670 3313 3720 3358 ut

2145 3399 2288 3454 unde
2320 3399 2455 3453 alius
2486 3399 2659 3463 cadit,
2699 3411 2750 3454 tu
2782 3400 3125 3455 continearis.

2220 3516 2303 3569 1'2.
2347 3515 2535 3571 Frater
2564 3516 2909 3588 interrogavit
2940 3531 3158 3581 senem,
3186 3517 3409 3570 dicens:
3446 3517 3619 3584 Abba,
3649 3533 3709 3573 co

2143 3606 2327 3674 gitatio
2358 3622 2475 3675 mea
2519 3606 2747 3675 insurgit
2780 3607 2941 3671 mihi,
2972 3608 3156 3662 dicens
3185 3624 3198 3660 :
3228 3608 3359 3674 Quia
3392 3607 3529 3663 bene
3582 3624 3713 3663 sum.

2146 3696 2447 3767 Respondit
2493 3700 2544 3753 ei
2589 3699 2810 3754 senior:
2862 3700 2960 3765 Qui
3008 3699 3112 3754 rion
3157 3700 3300 3754 videt
3349 3710 3566 3769 peccata
3605 3715 3721 3764 sua,

2147 3807 2418 3861 nunquam
2451 3793 2504 3845 in
2537 3792 2690 3846 bonis
2715 3791 2838 3847 erit.
2868 3792 2939 3848 Ut
2968 3802 3147 3847 autem
3176 3794 3401 3848 aliorum
3433 3794 3722 3858 videamus,

2149 3893 2331 3937 nostra
2380 3883 2745 3953 negligimus;
2793 3886 2913 3939 ideo
2956 3899 3228 3953 nunquam
3276 3885 3328 3939 in
3378 3885 3533 3940 bonis
3564 3900 3725 3941 versa-

2150 3990 2291 4027 mur.
2330 3973 2613 4028 Videutem
2644 3973 2858 4044 propria
2890 3985 3105 4043 peccata
3129 4020 3143 4045 ,
3174 3976 3359 4031 decem
3394 3976 3558 4031 millia
3600 3977 3725 4046 cogi-

2151 4069 2409 4122 tationum
2441 4084 2543 4122 non
2569 4077 2791 4137 possunt
2812 4068 3041 4124 suadere
3064 4069 3184 4139 quia
3209 4070 3259 4124 in
3285 4070 3439 4125 bonis
3459 4078 3543 4125 est
3567 4088 3581 4135 ;
3634 4073 3727 4125 scit

2150 4158 2294 4212 enim
2336 4158 2467 4225 quid
2512 4158 2673 4212 videt.
2720 4158 2868 4228 Opus
2905 4173 3033 4228 ergo
3075 4168 3162 4213 est
3204 4159 3448 4215 laborare
3485 4161 3724 4215 multum.

2151 4248 2489 4318 Negligentia
2529 4249 2672 4302 enim
2706 4255 2760 4304 et
2786 4248 2990 4303 desidia
3024 4258 3301 4305 exczecant
3340 4264 3438 4306 nos
3479 4251 3529 4304 in
3572 4258 3725 4306 extre

2154 4358 2242 4396 mo
2269 4344 2410 4395 vine.

2231 4455 2313 4509 15.
2357 4455 2710 4526 Interrogavit
2736 4455 2951 4525 quidam
2982 4453 3148 4508 frater
3178 4454 3391 4508 beatum
3418 4454 3726 4519 Antonium,

2155 4548 2369 4602 dicens:
2402 4547 2537 4614 Quid
2565 4557 2648 4602 est
2688 4546 2971 4609 detractio,
3000 4557 3054 4601 et
3082 4545 3208 4616 quid
3236 4555 3318 4600 est
3344 4545 3507 4599 alium
3532 4546 3727 4615 judica-

2154 4639 2247 4694 re?
2282 4639 2370 4693 lllc
2402 4639 2677 4707 respondit
2704 4656 2717 4691 :
2746 4639 3015 4693 Detractio
3042 4638 3094 4691 in
3125 4638 3372 4693 omnibus
3399 4637 3594 4692 dicitur
3614 4653 3723 4691 um-

2155 4733 2237 4786 nis
2283 4747 2460 4786 sermo
2510 4733 2712 4799 malus,
2765 4746 2923 4801 quem
2976 4746 3079 4784 non
3129 4729 3288 4785 audet
3318 4730 3436 4798 quis
3477 4738 3729 4798 praesente

2157 4824 2321 4879 fratre
2342 4839 2441 4877 suo
2468 4824 2649 4879 dicere
2675 4840 2688 4876 :
2713 4823 2963 4893 judicare
2989 4831 3198 4887 autem,
3226 4821 3315 4891 qui
3340 4820 3536 4876 dixerit
3563 4822 3628 4875 de
3651 4820 3730 4874 ali-

2154 4931 2290 4986 quo;
2324 4918 2461 4982 Quia
2493 4916 2659 4971 frater
2691 4916 2783 4969 ille
2815 4915 3116 4984 negotiator
3156 4922 3274 4979 est,
3319 4922 3375 4966 et
3415 4927 3643 4975 avarus,
3681 4918 3731 4963 et

2156 5020 2376 5065 Cretera.
2411 5010 2521 5064 lloc
2548 5020 2630 5064 est
2663 5008 2962 5078 proximum
2987 5000 3248 5075 judicare.
3275 5004 3536 5059 Judicasti
3569 5004 3731 5073 hujus-

2158 5104 2299 5159 modi
2328 5113 2479 5159 actus
2501 5147 2514 5170 ,
2553 5104 2653 5159 hoc
2685 5102 2835 5173 pejus
2865 5111 2946 5158 est
2971 5116 3130 5172 quam
3160 5099 3445 5154 detractio.

2228 5222 2315 5276 14.
2358 5219 2583 5286 Quidam
2611 5224 2778 5272 frater
2804 5214 3125 5283 interogavit
3147 5228 3331 5268 senem
3362 5211 3400 5276 ⁸,
3430 5210 3617 5265 dicens
3638 5224 3653 5264 :
3678 5207 3730 5263 Si

2157 5309 2550 5364 contristavero
2583 5308 2802 5363 fratrem
2838 5322 3051 5372 meum,
3095 5302 3366 5373 quomodo
3405 5298 3732 5369 deprecabor

2156 5403 2315 5459 eum?
2344 5401 2642 5471 Respondit
2670 5401 2795 5456 ille:
2847 5399 2925 5453 De
2976 5395 3238 5467 profundo
3281 5392 3461 5447 cordis
3501 5391 3578 5445 tui
3616 5402 3730 5443 cum

2157 5497 2346 5553 dolore
2378 5494 2732 5551 reconciliare
2770 5493 2819 5547 ei
2846 5509 2861 5557 ;
2890 5501 2944 5546 et
2989 5490 3176 5544 videns
3219 5487 3358 5542 Deus
3402 5483 3728 5554 propositum

2153 5599 2333 5656 tuum,
2380 5587 2672 5643 satisfaciet
2710 5584 2806 5639 illi.
2843 5582 2911 5637 Et
2950 5580 3271 5648 respondit:
3309 5576 3495 5632 Laesus
3542 5588 3657 5637 sum
3698 5583 3729 5624 a

596 5722 821 5817 Pasch.,
853 5764 904 5805 c.
940 5751 1040 5815 ιο,
1072 5765 1126 5806 n.
1161 5749 1479 5814 2,-nomine
1511 5748 1682 5816 Elim;
1714 5748 1928 5819 Pelag,
1962 5748 2036 5803 nu

2168 5766 2283 5816 xvt,
2328 5746 2528 5821 ".10;
2586 5745 2809 5808 Pasch,
2854 5756 2903 5797 c.
2943 5742 2973 5794 7
3004 5782 3016 5805 ,
3070 5755 3121 5793 η.
3189 5738 3246 5802 ι,
3294 5735 3511 5792 nomine
3557 5732 3727 5794 Sisoi;

466 5818 603 5905 Rpt’f.
626 5862 643 5890 ,
674 5822 767 5879 lib.
797 5836 887 5890 Ill,
919 5839 973 5879 n.
997 5823 1072 5875 ’77
