3982 6354
296 328 394 384 581

1293 328 1761 403 EGYPTIORUM
1804 324 2086 387 PATRUM
2127 322 2568 386 SENTENTIAB.

3459 325 3568 380 582

295 445 462 502 fratre
491 460 633 509 meo,
666 453 720 501 et
751 444 873 499 volo
919 445 1181 516 meipsum
1205 446 1506 502 vindicare.
1551 445 1745 502 Senior
1785 460 1878 498 au-
1907 448 1959 507 Α
1982 445 2176 499 velavit
2209 443 2339 498 mihi
2367 444 2525 502 Deus.
2550 441 2672 511 quia
2703 454 2863 496 ruens
2892 440 3144 496 subruisti
3175 439 3444 496 diabolum
3465 483 3483 508 ,
3505 452 3564 498 et

296 547 402 594 tem
431 540 651 609 rogabat
675 554 797 593 eum
821 579 836 602 ,
868 540 1060 594 dicens
1092 557 1104 591 :
1139 538 1266 605 Fili,
1298 540 1537 607 relinque
1568 539 1676 592 Deo
1707 537 1878 591 vindi-

295 641 466 697 ctam,
498 640 553 684 et
581 630 775 686 melius
802 639 907 685 est.
939 632 1011 685 At
1038 630 1148 695 ille,
1178 629 1291 683 Non
1323 628 1576 683 desistam
1603 670 1618 692 ,
1661 628 1873 697 inquit,

296 721 396 774 nisi
421 718 631 775 fortiter
656 721 1030 789 memetipsum
1055 720 1414 774 vindicavero.
1445 719 1541 774 Cui
1568 720 1640 773 ait
1670 722 1870 774 senior:

294 812 569 878 Quatenus
595 812 759 866 semel
802 812 904 867 hoc
936 812 988 865 in
1021 812 1201 865 animo
1244 822 1332 866 tuo
1373 811 1699 866 constituisti
1732 851 1745 873 ,
1790 810 1873 866 vel

202 922 205 925 λ
291 916 530 958 oremus.
553 902 618 956 Et
640 917 934 971 exsurgens
954 900 1158 969 senior,
1184 902 1267 957 his
1289 902 1467 957 verbis
1492 902 1655 969 cmpit
1676 916 1833 957 orare
1857 919 1871 954 :

292 991 439 1046 Deus
463 1032 479 1055 ,
505 991 616 1061 jam
649 1008 755 1045 non
779 1007 912 1061 Opus
935 993 1190 1048 habemus
1219 1004 1309 1045 tuo
1332 992 1555 1061 judicio,
1583 1006 1754 1060 neque
1780 1006 1877 1045 no-

289 1082 378 1137 bis
402 1083 512 1151 jam
544 1084 880 1137 necessarius
910 1098 999 1147 es,
1036 1094 1092 1137 ut
1119 1098 1301 1138 curam
1328 1083 1541 1137 habeas
1581 1084 1665 1137 de:
1688 1083 1871 1146 nobis,

293 1175 421 1242 quia
468 1190 565 1229 nos
613 1174 740 1244 ipsi,
771 1175 912 1229 sicut
942 1175 1105 1229 frater
1135 1176 1235 1230 iste
1264 1176 1426 1241 dicit,
1459 1185 1513 1229 et
1543 1178 1790 1229 volumus
1820 1184 1876 1230 et

289 1281 581 1334 possumus
605 1280 704 1321 nos
744 1267 1038 1321 vindicare.
1064 1267 1216 1335 Quod
1243 1282 1363 1321 cum
1386 1267 1475 1323 ille
1506 1268 1667 1321 frater
1695 1267 1875 1322 audis.

292 1370 414 1425 set,
457 1369 583 1415 ante
613 1360 776 1429 pedes
813 1361 959 1414 senis
997 1360 1228 1425 effusus,
1270 1360 1482 1413 veniam
1524 1360 1867 1429 postulabat,

283 1448 611 1517 promittens
638 1465 700 1505 se
724 1465 842 1505 cum
873 1451 962 1506 illo
991 1453 1076 1506 cui
1108 1450 1437 1504 irascebatur
1476 1448 1869 1519 nunquam'dc-

281 1542 480 1611 inceps
511 1551 864 1597 certaturum.

364 1634 449 1686 15.
476 1636 516 1687 Α
540 1634 768 1703 quodam
791 1633 954 1688 fratre
974 1635 1155 1689 senior
1175 1633 1366 1703 aliquis
1388 1634 1741 1702 interrogatus
1760 1641 1864 1687 est:

280 1724 425 1790 Quid
452 1733 530 1779 est
574 1724 888 1781 humilitas?
927 1725 1260 1795 Respondit:
1302 1725 1358 1782 Si
1396 1725 1697 1793 peccaverit
1726 1724 1778 1777 in
1811 1730 1865 1778 te

278 1817 450 1871 Irater
475 1827 617 1882 tuus,
640 1818 851 1873 remitte
876 1817 947 1871 illi
970 1827 1252 1888 antequam
1275 1819 1367 1873 tibi
1393 1817 1787 1882 reconcilietur,
1813 1826 1866 1871 et
1900 1829 1941 1889 Β

275 1904 339 1958 in
361 1906 507 1960 omni
538 1907 926 1975 vituperatione
956 1922 1023 1963 ne
1052 1909 1318 1978 vituperes
1340 1910 1629 1973 hominem,
1666 1907 1764 1963 nisi
1793 1917 1872 1964 te-

278 1996 575 2065 metipsum
600 2037 616 2063 ,
652 1997 885 2053 dicens:
918 1999 1142 2068 Propter
1169 2010 1387 2070 peccata
1428 2015 1543 2054 mea
1586 2000 1702 2055 haec
1739 1999 1870 2053 mihi

274 2096 604 2141 evenerunt.
644 2087 907 2154 Quoniam
953 2093 995 2144 si
1027 2093 1625 2146 commemoraverimus
1654 2107 1776 2162 qua:
1806 2091 1872 2147 ab

277 2178 591 2233 hominibus
622 2179 921 2234 inferuntur
950 2182 1102 2236 nobis
1124 2223 1138 2249 ,
1163 2181 1456 2237 auferimus
1482 2178 1730 2237 virtutem
1754 2198 1871 2237 me-

272 2272 470 2326 moriae
515 2273 626 2329 Dei.
668 2273 725 2329 Si
752 2284 932 2329 autem
962 2277 1566 2350 commemoraverimus
1591 2279 1726 2335 mala
1752 2293 1871 2345 qua:

268 2380 303 2416 a
341 2365 673 2422 daemonibus
703 2364 1003 2423 inferuntur
1031 2369 1183 2424 nobis
1204 2411 1219 2435 ,
1254 2371 1453 2426 erimus
1482 2372 1725 2427 insaucii.
1760 2372 1867 2428 Su-

268 2455 507 2523 spiravit
548 2467 758 2523 autem,
800 2470 853 2514 et
892 2459 1067 2514 dixit:
1115 2460 1315 2516 Omnes
1352 2457 1574 2519 virtutes
1614 2466 1869 2533 ingressa:

269 2555 409 2598 sunt
438 2546 488 2599 in
516 2547 705 2602 cellam
731 2548 868 2603 hanc
894 2565 1053 2603 unam
1076 2593 1089 2615 ,
1118 2560 1173 2606 et
1197 2568 1263 2607 ex
1290 2553 1418 2622 ipsis
1447 2554 1717 2611 laboribus
1738 2570 1867 2610 con-

267 2644 389 2690 stat
424 2636 604 2692 homo.
650 2640 714 2693 Et
750 2640 1219 2712 interrogaverunt
1257 2660 1420 2699 eum:
1465 2647 1597 2713 Qua:
1636 2647 1750 2702 haec
1787 2658 1871 2703 est

276 2729 463 2785 virtus
488 2731 511 2782 ?
540 2731 872 2802 Respondit,
908 2735 975 2790 Ut
1005 2736 1167 2789 homo
1193 2738 1457 2807 vituperet
1487 2743 1857 2809 semetipsum.

352 2822 448 2876 16.
485 2823 668 2878 Frater
691 2827 902 2893 quidam
927 2829 1056 2882 abiit
1078 2829 1287 2886 haurire
1308 2846 1497 2901 aquam
1523 2834 1590 2889 de
1612 2835 1864 2898 flumine:

282 2920 344 2965 et
374 2912 659 2969 inveniens
684 2917 961 2972 mulierem
994 2921 1260 2975 lavantem
1291 2924 1639 2991 vestimenta,
1669 2943 1862 2996 pecca-

275 3002 351 3055 vit
382 3018 505 3058 cum
534 3021 618 3060 ea.
653 3008 917 3065 Hauriens
957 3021 1135 3067 autem
1181 3028 1372 3083 aquam
1396 3056 1410 3079 ,
1447 3017 1557 3072 ibat
1592 3021 1655 3071 ad
1698 3021 1861 3075 cellu-

274 3090 410 3147 lam.
445 3089 767 3152 lnsiluerunt
792 3110 967 3155 autem
1001 3103 1051 3156 in
1080 3117 1204 3157 eum
1236 3105 1508 3161 daemones
1540 3124 1634 3176 per
1662 3114 1861 3179 cogitat

1983 538 2177 592 vicisti.
2208 536 2360 593 Tunc
2391 537 2555 592 frater
2581 535 2760 590 retulit
2788 535 2966 589 omnia
2997 533 3067 588 illi
3098 548 3220 603 qua:
3248 534 3349 589 sibi
3387 534 3558 590 adve-

1982 629 2205 683 nissent.
2237 628 2428 683 Senior
2447 636 2625 681 autem
2649 626 2783 680 dixit
2812 624 2884 679 illi
2917 644 2929 678 :
2962 627 3121 681 Certe
3148 626 3330 692 frater,
3359 627 3563 682 discre-
3654 696 3657 699 _

1985 718 2060 774 tio
2090 729 2175 774 tua
2204 720 2456 773 contrivit
2480 720 2730 773 virtutem
2761 717 2983 772 inimici.

2054 812 2139 865 17.
2182 811 2329 864 Dixit
2358 810 2524 865 abbas
2553 811 2818 865 Macarius
2845 828 2858 862 :
2892 809 2950 864 Si
2979 809 3207 877 aliquem
3236 808 3561 877 corripueris

1980 914 2280 954 commetus
2301 901 2367 954 ad
2394 900 2721 955 iracundiam
2738 938 2755 966 ,
2779 899 3045 970 propriam
3072 899 3374 968 passionem
3403 901 3561 954 adim-

1979 992 2114 1061 ples.
2144 992 2251 1047 Nec
2276 992 2419 1047 enim
2448 1001 2508 1046 ut
2533 992 2695 1046 alium
2725 992 2903 1046 salves
2922 1038 2937 1059 ,
2961 992 3188 1060 teipsum
3216 991 3442 1060 perdere
3466 992 3560 1047 de-

1982 1087 2101 1141 bes.
2136 1086 2273 1141 Erue
2304 1088 2604 1155 proximum
2638 1095 2783 1140 tuum
2813 1080 3107 1154 apeccatis
3137 1086 3255 1140 sine
3292 1087 3558 1155 imprope-

1977 1181 2058 1232 rio
2080 1219 2094 1243 ,
2128 1178 2439 1247 inquantum
2471 1180 2731 1247 prtevales
2753 1221 2768 1245 ,
2800 1180 2920 1247 quia
2950 1179 3016 1233 ad
3045 1193 3103 1233 se
3142 1180 3286 1233 Deus
3324 1194 3555 1235 conver-

1982 1278 2159 1323 tentes
2188 1283 2295 1325 non
2330 1269 2559 1339 projicit.
2592 1270 2783 1326 Sermo
2805 1282 2981 1325 autem
3007 1270 3223 1325 malitias
3245 1286 3350 1326 non
3377 1273 3558 1329 demo-

1952 1370 2124 1416 retur
2152 1361 2204 1415 in
2248 1362 2413 1417 corde
2457 1372 2550 1416 tuo
2594 1374 2776 1417 contra
2820 1377 2982 1430 eum,
3026 1373 3087 1418 ut
3124 1366 3299 1434 possis
3337 1364 3556 1420 dicere:

1976 1450 2192 1506 Dimitte
2223 1452 2377 1507 nobis
2403 1452 2580 1507 debita
2616 1462 2795 1508 nostra
2816 1494 2829 1516 ,
2858 1454 2993 1509 sicut
3021 1464 3075 1510 et
3108 1471 3207 1515 nos
3243 1457 3558 1513 dimittimus

1973 1544 2309 1600 debitoribus
2361 1547 2580 1601 nostris.
2631 1547 2762 1612 Qua:
2808 1558 3071 1617 praecepta
3115 1549 3271 1605 nobis
3320 1551 3556 1606 facienda

1974 1647 2099 1691 sunt
2127 1654 2247 1692 cum
2281 1639 2533 1693 fratribus
2565 1640 2790 1694 nostris.
2821 1641 2914 1695 Dei
2946 1650 3123 1697 autem
3153 1654 3235 1700 est
3263 1643 3554 1713 dimittere,

1973 1736 2027 1783 et
2053 1728 2375 1783 confirmare
2408 1729 2721 1797 petitionem
2754 1739 3015 1785 nostram.

2050 1819 2139 1873 18.
2188 1819 2511 1875 Referebant
2548 1821 2763 1890 quidam
2804 1822 2995 1878 fratres
3032 1826 3099 1879 de
3129 1825 3314 1881 abbate
3359 1826 3556 1897 Nytera

1976 1912 1996 1984 (
2024 1912 2203 1980 Pelag.
2226 1953 2241 1977 ,
2271 1912 2431 1967 libell.
2464 1929 2495 1967 x
2519 1957 2533 1981 ,
2566 1930 2621 1968 η.
2656 1914 2754 1981 56,
2786 1918 2991 1969 nomine
3020 1916 3222 1986 Natyra
3243 1916 3264 1986 )
3286 1957 3301 1983 ,
3345 1920 3432 1987 qui
3464 1918 3558 1974 fuit

1975 2004 2271 2074 discipulus
2314 2006 2519 2062 abbatis
2565 2006 2765 2062 Silvani
2794 2024 2808 2061 :
2841 2009 2928 2076 qui
2959 2010 3173 2079 quando
3203 2012 3255 2065 in
3284 2012 3419 2066 cella
3461 2029 3556 2067 sua

1974 2100 2027 2153 in
2060 2107 2239 2154 monte
2265 2099 2393 2154 Sina
2420 2100 2682 2170 degebat,
2714 2102 2989 2157 moderate
3015 2104 3316 2160 abstinebat
3344 2121 3441 2175 pro
3464 2123 3554 2162 nea

1973 2198 2223 2251 cessitate
2245 2197 2505 2266 corporis.
2527 2197 2750 2264 Quando
2775 2208 2950 2253 autem
2976 2199 3256 2269 episcopus
3278 2200 3558 2256 ordinatus

1957 2298 2068 2355 ‘est
2098 2289 2150 2341 in
2185 2288 2355 2343 Faran
2378 2330 2392 2354 ,
2426 2289 2583 2342 nimis
2612 2290 2930 2344 constrinxit
2959 2306 3018 2345 se
3050 2291 3219 2360 ipsum
3252 2291 3302 2345 in
3334 2291 3552 2347 duriore

1979 2379 2301 2433 abstinentia
2323 2422 2338 2445 ,
2380 2389 2433 2435 et
2462 2378 2513 2433 in
2552 2380 2748 2451 vigiliis
2779 2382 3096 2451 propensius
3121 2425 3136 2449 ,
3168 2393 3327 2453 atque
3356 2382 3409 2438 iu
3441 2400 3558 2439 ora-

1976 2460 2214 2527 tionibus
2246 2473 2501 2527 intentius
2542 2474 2750 2542 agebat.
2796 2474 2919 2529 llaec
2956 2483 3134 2530 autem
3179 2473 3365 2529 videns
3401 2474 3558 2530 ὰὶεεμ

1974 2562 2128 2631 polus
2160 2562 2310 2633 ejus,
2343 2564 2475 2619 dixit
2505 2566 2555 2619 ei
2584 2583 2601 2622 :
2632 2565 2769 2633 Quid
2819 2575 2927 2631 est,
2973 2565 3218 2632 domine,
3262 2567 3403 2621 hoc?
3436 2567 3558 2637 quia

1972 2656 2186 2723 quando
2220 2659 2273 2711 in
2302 2673 2485 2713 eremo
2513 2659 2985 2726 conversabamur,
3012 2675 3121 2713 non
3147 2668 3351 2714 tantum
3380 2661 3431 2714 in
3462 2661 3559 2716 ab-

1971 2746 2225 2802 stinentia
2248 2748 2569 2804 laborabas?
2594 2750 2890 2819 Respondit
2911 2752 2959 2806 ei
2989 2754 3172 2805 beatus
3199 2752 3298 2815 vir,-
3326 2751 3509 2806 dicens
3537 2767 3554 2806 :

1968 2838 2271 2895 Considera
2292 2884 2307 2907 ,
2340 2840 2526 2907 frater,
2560 2844 2813 2913 quoniam
2848 2842 2919 2897 ibi
2950 2858 3164 2898 eremus
3189 2851 3337 2905 erat,
3367 2852 3420 2896 et
3463 2858 3556 2898 se-

1976 2941 2116 2985 creta
2170 2932 2274 2985 vita
2301 2975 2317 2998 ,
2358 2942 2412 2988 et
2460 2944 2785 3004 paupertas:
2835 2949 2975 2989 nunc
3018 2944 3194 2988 autem
3242 2934 3443 3001 egressi
3488 2933 3557 2988 de

1975 3039 2160 3077 eremo
2189 3039 2309 3079 cum
2363 3026 2705 3080 saecularibus
2733 3041 3113 3082 conversamnr
3140 3026 3464 3088 hominibus.
3495 3037 3551 3082 et

1975 3115 2155 3168 multa:
2194 3130 2257 3171 ac
2285 3117 2446 3171 varia:
2478 3117 2630 3171 nobis
2656 3118 2964 3174 occasiones
2994 3127 3280 3173 occurrunt
3306 3137 3319 3185 ;
3352 3129 3406 3173 et
3434 3118 3557 3173 ideo

272 3184 996 3280 tiones,het‘contristabant
1033 3208 1155 3247 eum
1175 3234 1190 3257 ,
1236 3196 1514 3252 dicentes:
1556 3199 1630 3252 De
1670 3210 1865 3255 cmtero
1895 3208 1938 3269 C
1975 3206 2163 3271 timeo,
2188 3222 2255 3262 ne
2281 3208 2331 3262 in
2360 3209 2465 3264 line
2484 3210 2610 3264 vita:
2643 3225 2774 3265 mea:
2798 3211 2848 3264 in
2874 3212 3044 3280 aliqua
3074 3210 3356 3265 occasiune
3388 3211 3554 3265 Deum

273 3275 368 3327 ubi
404 3275 597 3331 vadis?
626 3294 731 3334 non
763 3289 847 3335 est
877 3283 968 3336 tibi
1001 3285 1224 3339 ulterius
1255 3287 1420 3341 salus.
1459 3289 1524 3343 Ut
1550 3292 1671 3359 quid
1705 3293 1862 3346 etiam

268 3365 532 3420 arculum
561 3370 743 3436 perdis
769 3372 792 3425 τ
822 3371 1138 3443 Intelligens
1181 3385 1359 3432 autem
1404 3378 1570 3434 frater
1609 3382 1699 3436 ille
1742 3384 1861 3453 quia

271 3455 472 3511 volunt
500 3472 620 3512 eum
652 3462 872 3517 omnino
902 3465 1149 3533 perdere,
1184 3467 1399 3538 erigens
1428 3485 1487 3525 se
1515 3472 1741 3526 viriliter
1772 3489 1867 3542 per

273 3546 697 3618 confidentiam,
752 3552 878 3606 dicit
927 3556 1337 3624 cogitationibus
1384 3562 1532 3615 suis:
1583 3563 1733 3618 Unde
1784 3565 1865 3618 in-

274 3652 323 3703 g:
344 3653 485 3692 essm
511 3642 640 3696 estis
662 3642 713 3697 in
741 3659 848 3709 me,
874 3646 1225 3717 cogitationes
1257 3651 1430 3714 malte,
1455 3662 1509 3705 et
1536 3655 1864 3709 contristatis

272 3743 372 3782 me
393 3769 408 3791 ,
440 3731 681 3789 volentes
726 3750 811 3789 me
839 3737 1057 3792 omnino
1090 3740 1354 3808 perdere?
1385 3742 1501 3797 Non
1528 3746 1778 3811 peccavi,
1811 3757 1866 3801 et

269 3820 471 3875 iterum
498 3822 621 3878 dico
642 3865 657 3891 ,
691 3826 806 3881 Non
837 3832 1074 3897 peccavi.
1120 3832 1184 3887 Et
1223 3833 1494 3903 ingressus
1533 3837 1584 3890 in
1617 3838 1862 3893 cellulam

268 3927 432 3971 suam
455 3953 471 3977 ,
499 3917 807 3973 continebat
834 3934 894 3975 se
920 3922 1057 3975 sicut
1088 3923 1203 3977 Ιιιτὶ
1228 3936 1282 3978 et
1306 3927 1495 3981 nudius
1522 3928 1729 3983 tertius.
1762 3929 1864 3985 Re-

268 4002 480 4056 velavit
507 4015 683 4062 autem
715 4009 855 4065 Deus
880 4011 971 4066 uni
997 4014 1173 4068 vicino
1199 4016 1316 4085 ejus
1342 4020 1580 4086 seniori,
1605 4022 1728 4090 quia
1761 4022 1837 4077 fra

272 4102 363 4146 ter
395 4092 486 4150 ille
514 4111 675 4152 ruens
696 4140 711 4166 ,
744 4111 798 4155 et
827 4102 879 4157 in
908 4104 1025 4173 ipso
1053 4120 1180 4161 casu
1212 4109 1514 4166 subruisset
1554 4113 1822 4169 diabolum
1846 4158 1861 4182 ,

266 4194 322 4238 et
360 4185 593 4242 vicisset.
626 4189 858 4247 Veniens
885 4205 1059 4250 autem
1088 4198 1153 4251 ad
1180 4199 1330 4254 illum
1359 4202 1559 4270 senior,
1588 4205 1720 4261 dicit
1750 4207 1859 4262 illi:

266 4277 552 4343 Quomodo
578 4280 765 4352 habes,
794 4285 989 4343 frater?
1016 4290 1133 4359 Ipse
1162 4296 1442 4362 reSpondit
1466 4316 1480 4352 :
1512 4298 1679 4365 Bene,
1704 4303 1864 4359 abba.

274 4369 423 4423 Dicit
452 4373 498 4426 ei
527 4376 708 4431 senior
734 4396 746 4429 :
783 4379 848 4434 Et
876 4395 983 4437 non
1013 4398 1072 4439 es
1100 4401 1288 4452 passus
1329 4391 1596 4448 tristitiam
1637 4394 1720 4451 bis
1748 4394 1863 4451 die-

270 4457 425 4515 bus?
452 4464 749 4537 Respondit
776 4472 825 4527 ei
855 4472 1058 4533 frater:
1089 4478 1227 4534 Non.
1261 4482 1398 4538 Dicit
1425 4486 1475 4540 ei
1504 4488 1719 4544 senior:
1761 4491 1865 4547 lie-

1969 3298 2321 3355 oll'endamus.
2364 3300 2417 3356 Si
2461 3303 2600 3356 enim
2634 3311 2850 3359 sanctus
2890 3305 3165 3373 aposmlus
3210 3304 3435 3370 Paulus,
3466 3306 3556 3372 qui

1968 3389 2242 3444 Christum
2288 3392 2339 3445 in
2383 3407 2442 3446 se
2486 3393 2789 3463 loquentem
2836 3395 3105 3463 habebat,
3146 3404 3200 3451 et
3240 3396 3332 3465 qui
3380 3404 3553 3450 tantas

1968 3483 2191 3538 virtutes
2218 3486 2380 3539 animi
2414 3487 2757 3555 possidebat,
2790 3497 2846 3541 ut
2876 3480 3043 3559 usQue
3072 3488 3137 3542 ad
3168 3488 3383 3543 tertium
3441 3502 3557 3542 caa-

1970 3576 2075 3630 lum
2130 3578 2303 3633 adhuc
2350 3580 2401 3632 in
2449 3594 2682 3649 corpore
2730 3583 2931 3649 positus
2976 3580 3325 3647 ascenderet,
3378 3590 3557 3635 tamen

1966 3669 2178 3726 dicebat
2202 3687 2216 3725 :
2249 3673 2460 3727 Macero
2484 3688 2681 3743 corpus
2711 3688 2889 3727 meum
2909 3715 2924 3740 ,
2953 3682 3007 3728 et
3036 3672 3277 3727 servituti
3307 3672 3557 3742 subjicio,

1970 3776 2038 3815 ne
2082 3762 2218 3816 forte
2258 3764 2375 3817 aliis
2405 3763 2704 3832 prmdicans
2726 3804 2741 3828 ,
2774 3765 2887 3831 ipse
2918 3762 3180 3831 reprobus
3209 3762 3452 3818 inveniar
3478 3765 3500 3834 (
3523 3758 3553 3815 Ι

1968 3850 2089 3906 Cor.
2124 3870 2173 3906 ix
2200 3856 2261 3920 );
2304 3855 2429 3933 quid
2477 3870 2575 3909 nos
2628 3854 2855 3909 humiles
2900 3863 2955 3911 et
2995 3864 3302 3924 peccatores
3341 3865 3556 3925 oportet

1966 3945 2140 3997 facere
2160 3944 2184 3997 ἲ

2042 4034 2129 4089 19.
2172 4033 2404 4089 Sedente
2440 4035 2726 4106 aliquando
2756 4035 2948 4091 abbate
2977 4035 3119 4094 Sisoi
3150 4036 3202 4090 in
3231 4035 3365 4091 cella
3386 4078 3402 4103 ,
3433 4045 3554 4091 erat

1971 4123 2140 4180 frater
2166 4142 2329 4195 prope
2370 4126 2516 4181 illum
2539 4168 2553 4193 ,
2585 4136 2639 4182 et
2664 4126 2844 4182 subito
2873 4128 3197 4199 suspiravit,
3234 4136 3289 4184 et
3320 4143 3425 4183 non
3455 4144 3553 4183 co—

1968 4221 2181 4291 gnovit,
2224 4235 2290 4275 co
2329 4222 2470 4291 quod
2511 4233 2655 4277 esset
2693 4221 2859 4276 frater
2904 4221 2957 4276 in
3001 4221 3247 4291 proximo
3288 4220 3400 4287 illi;
3440 4230 3555 4276 erat

1964 4311 2107 4366 enim
2152 4314 2204 4367 in
2247 4327 2475 4367 excessu
2517 4314 2731 4367 mentis.
2778 4313 2843 4367 Et
2882 4313 3099 4367 mittens
3140 4312 3240 4365 sibi
3284 4313 3555 4381 poeniten-

1966 4403 2095 4458 tiam
2123 4448 2137 4473 ,
2166 4404 2307 4459 dixit
2337 4423 2350 4459 :
2386 4405 2602 4475 ignosce
2633 4405 2765 4460 mihi
2789 4447 2804 4471 ,
2838 4405 3027 4469 frater,
3060 4404 3185 4474 quia
3219 4404 3452 4457 nondum
3483 4404 3556 4459 fa-

1968 4505 2089 4551 ctus
2119 4510 2234 4550 sum
2268 4500 2602 4565 monachus;
2638 4498 2900 4568 suspiravi
2945 4497 3087 4551 enim
3118 4511 3299 4550 coram
3335 4508 3405 4551 te.

826 4731 2098 4858 EGYPTIORUM
2173 4748 2966 4867 PATBUM
3322 4778 3327 4782 ’

1343 4946 1707 5094 SEN
1715 4954 2487 5101 TENTl/E

992 5184 1599 5297 AUCTORE
1681 5196 2144 5306 GB/ECO
2222 5205 2847 5349 INCERTO,
3455 5347 3457 5350 φ

432 5376 980 5469 MARTINO
1057 5398 1135 5468 (ι)
1208 5391 1797 5474 DUMIENSI
1856 5393 2457 5483 EPISCOPO
2532 5394 3375 5493 INTERPRETE‘.

346 5628 554 5723 i0q2
596 5630 651 5685 1.
692 5604 1148 5690 AbbasJoannes
1189 5634 1404 5690 dicebat
1448 5640 1513 5691 ad
1559 5641 1851 5712 discipulos
1888 5646 1936 5705 D
1965 5644 2128 5702 fortes
2182 5646 2305 5701 facti
2352 5658 2476 5701 sunt
2528 5648 2581 5704 in
2614 5666 2779 5721 opere
2827 5652 2951 5718 Dei,
3000 5655 3126 5710 dum
3175 5652 3541 5723 angustiorem

272 5731 401 5769 bttus
431 5737 443 5770 :
481 5719 667 5776 Patres
697 5723 1082 5781 manducantes
1112 5742 1301 5795 panem
1326 5738 1535 5783 .tantum
1565 5742 1616 5787 et
1644 5735 1810 5791 salem
1839 5780 1853 5804 ,

1963 5739 2209 5807 seipsos;
2258 5740 2686 5812 constringamus
2727 5761 2857 5816 ergo
2905 5760 3002 5802 nos
3046 5748 3097 5801 in
3146 5748 3261 5817 ipso
3307 5760 3441 5815 pane
3485 5754 3548 5801 et

346 5811 357 5839 ¹
400 5810 650 5866 fltttcdam
692 5830 755 5869 ex
797 5817 880 5873 his
920 5819 1078 5875 etiam
1121 5835 1279 5888 supra
1318 5834 1603 5879 occurrunt
1646 5825 1696 5881 in
1750 5831 1865 5884 aliis
1909 5832 2075 5887 libris.
