4014 6368
467 334 568 394 583

1587 334 1927 393 APPENDIX
1965 336 2059 392 AD
2097 335 2301 397 VITAS
2339 338 2638 400 PATRIS”.

3607 351 3712 410 εει

458 448 593 502 sale.
622 445 848 515 Oportet
876 445 1019 500 enim
1048 446 1346 502 servientes
1371 445 1481 502 Deo
1508 447 1560 501 in
1584 446 1711 515 ipsis
1733 446 1992 501 coarctari
2015 485 2031 512 ,
2060 452 2109 511 Α
2137 448 2261 504 vivo
2296 466 2425 522 ego,
2466 454 2595 509 dicit
2637 454 2891 511 Dominus
2916 496 2930 521 ,
2973 456 3069 526 ipsi
3111 458 3240 515 salvi
3281 472 3438 516 erunt
3473 462 3703 532 (Eua.

459 538 589 607 quia
636 537 752 604 ipse
800 536 1055 591 Dominus
1097 536 1269 590 dixit:
1302 540 1459 591 Arcta
1490 544 1544 591 et
1570 544 1791 605 angusta
1828 544 1911 591 est
1950 536 2031 590 via

460 643 583 698 qua:
610 628 758 683 ducit
781 628 846 681 ad
878 628 1039 682 vitam
1072 626 1286 698 (Matth.
1319 629 1437 697 vit).

532 717 591 775 2.
631 717 982 788 Interrogavit
1027 718 1194 773 frater
1235 718 1482 772 eumdem
1530 731 1751 781 senem,
1805 716 2029 771 dicens:

462 806 673 878 Jejunia
716 817 772 862 et
816 808 1008 877 vigiliae
1050 823 1181 877 quas
1220 809 1425 877 agimus
1468 807 1592 878 quid
1641 807 1885 861 faciunt?
1926 807 2033 861 Be-

473 898 689 961 spondit
721 914 737 949 :
768 898 884 966 Ipsa
916 896 1118 951 faciunt
1147 898 1379 950 animam
1411 897 1661 950 humilem
1692 896 1826 952 ﬁeri.
1857 896 2053 963 Scrip-

468 998 578 1045 tum
609 998 690 1044 est
718 991 860 1043 enim
891 1007 902 1041 :
936 989 1064 1043 Vide
1090 989 1438 1043 humilitatem
1469 1002 1642 1043 meam
1668 1028 1683 1053 ,
1713 997 1768 1043 et
1799 988 2035 1043 laborem

462 1098 642 1138 meum
668 1123 682 1146 ,
715 1091 771 1136 et
795 1081 1004 1136 dimitte
1031 1080 1206 1135 omnia
1237 1091 1451 1151 peccata
1482 1096 1597 1136 mea
1627 1078 1817 1152 (Psal.
1845 1096 1970 1135 xxiv
1991 1082 2034 1150 ).

460 1176 524 1231 Si
552 1175 692 1229 enim
723 1173 926 1228 laborat
957 1173 1011 1227 in
1042 1172 1124 1226 his
1149 1171 1323 1227 anima
1345 1213 1362 1239 ,
1394 1173 1679 1226 miseretur
1706 1182 1761 1226 et
1787 1171 2038 1239 condolet

461 1265 541 1320 illi
566 1265 728 1320 Deus.

533 1355 587 1411 '5.
628 1355 809 1411 Abbas
837 1355 1143 1412 Poemenius
1171 1353 1306 1410 dixit
1330 1354 1507 1424 :‘Cum
1531 1355 1850 1425 cogitatione
1873 1355 2039 1410 foruio

466 1446 693 1502 cationis
722 1456 779 1502 et
805 1447 1225 1502 detractionibus
1272 1447 1533 1515 proximi,
1562 1460 1685 1501 cum
1716 1447 1799 1500 liis
1828 1446 2036 1502 duolms

466 1536 519 1592 in
549 1537 712 1593 corde
742 1546 834 1592 tuo
873 1553 939 1593 ne
970 1538 1203 1606 loquaris
1225 1579 1240 1604 ,
1282 1552 1453 1605 neque
1473 1538 1778 1607 acquiescas
1819 1539 2039 1593 omnino

463 1627 863 1698 inquinamento
912 1630 1150 1697 ipsorum
1201 1629 1253 1682 in
1296 1632 1494 1683 anima.
1526 1628 1677 1696 Quod
1716 1629 1761 1682 si
1804 1629 2039 1684 volueris

458 1722 573 1777 haec
614 1723 665 1777 in
703 1721 867 1778 corde
906 1730 999 1776 tuo
1034 1721 1318 1785 meditari,
1361 1722 1479 1777 sine
1523 1736 1672 1775 mora
1713 1721 2036 1776 noxietatem

2142 542 2295 612 xiv).
2346 542 2458 599 Noe
2503 546 2646 600 enim
2698 557 2779 602 est
2834 548 2887 602 in
2938 562 3161 617 persona
3223 552 3540 610 νοιιιηιειιοίςε
3588 566 3710 627 ege—

2137 635 2331 699 statis,
2381 634 2483 691 Job
2534 637 2588 691 In
2640 653 2863 706 persona
2909 641 3265 698 tribulationis
3312 654 3371 700 et
3412 646 3709 717 patientia,

2141 722 2324 780 Daniel
2358 727 2411 780 in
2440 742 2666 796 persona
2695 730 3048 787 discretionis.
3095 734 3150 790 Si
3192 751 3322 806 ergo
3374 739 3532 793 trium
3584 741 3711 795 isto-

2139 828 2256 868 rum
2314 826 2620 872 sanctorum
2670 818 2904 875 virorum
2959 832 3109 877 actus
3155 825 3209 879 in
3277 826 3459 895 aliquo
3506 830 3713 887 homine

2139 902 2354 970 fuerint,
2387 906 2643 965 Dominus
2682 911 2734 964 in
2776 925 2842 965 eo
2870 921 2973 979 est,
3000 912 3243 969 habitans
3270 929 3389 970 cum
3418 918 3558 985 ipso,
3587 936 3700 975 sus-

2138 993 2342 1063 cipiens
2368 1011 2491 1052 eum
2511 1036 2528 1061 ,
2559 1008 2614 1053 et
2644 999 2908 1068 repellens
2935 1003 3004 1058 ab
3028 1019 3093 1060 eo
3113 1019 3326 1061 omnem
3360 1010 3702 1067 tentationem

2140 1092 2195 1139 et
2223 1100 2436 1141 omnem
2468 1088 2863 1146 tribulationem
2886 1097 3353 1163 supervenientem
3376 1100 3455 1153 ab
3472 1101 3705 1156 inimico.

2210 1174 2263 1230 9.
2309 1177 2629 1235 Referebant
2675 1181 2864 1238 Patres
2911 1187 3078 1240 sancti
3110 1187 3326 1259 (Pelag.
3352 1232 3367 1256 ,
3398 1192 3538 1246 libet.
3570 1209 3674 1248 xvn
3694 1236 3708 1261 ,

2141 1281 2193 1319 it.
2218 1266 2327 1337 20)
2353 1285 2367 1322 :
2398 1267 2531 1326 Tres
2558 1269 2753 1328 fratres
2781 1275 2994 1331 fuerunt
3035 1278 3102 1332 ad
3139 1281 3557 1338 conductionem
3599 1288 3704 1356 agri

2141 1358 2376 1431 metendi
2400 1401 2414 1425 ,
2441 1368 2497 1415 et
2522 1371 2800 1432 postquam
2825 1365 3194 1422 conduxerunt
3214 1377 3277 1425 et
3293 1382 3575 1441 coeperunt
3596 1390 3707 1431 me-

2141 1457 2276 1516 tere,
2299 1466 2439 1507 unus
2461 1468 2525 1508 ex
2550 1453 2633 1509 bis
2656 1455 2952 1513 inﬁrmatus
2970 1458 3217 1516 discessit
3234 1463 3287 1518 in
3309 1465 3503 1521 cellam
3526 1483 3704 1534 suam;

2137 1542 2227 1596 alii
2266 1560 2394 1615 ergo
2434 1546 2542 1600 duo
2579 1546 2769 1604 fratres
2806 1549 3053 1606 dixerunt
3087 1554 3154 1609 ad
3209 1555 3436 1612 invicem
3473 1576 3489 1612 :
3533 1559 3713 1617 Frater

2143 1644 2327 1689 noster
2356 1635 2680 1704 inﬁrmatur,
2709 1638 3057 1698 adhortemur
3087 1658 3184 1700 nos
3223 1647 3369 1716 ipsos
3408 1650 3705 1718 modicum,

2139 1731 2194 1776 et
2238 1738 2516 1791 speremus
2563 1740 2659 1795 per
2705 1730 2977 1787 orationes
3024 1732 3164 1789 illius
3192 1776 3208 1800 ,
3256 1737 3383 1805 quia
3425 1749 3483 1793 et
3527 1741 3703 1795 locum

458 1827 643 1867 eorum
673 1812 874 1867 senties
898 1853 913 1880 ,
958 1811 1081 1881 quia
1124 1812 1393 1883 instigatio
1437 1812 1747 1880 perditionis
1785 1821 1908 1877 est;
1940 1812 2035 1866 sed
2065 1827 2115 1889 Β
2142 1810 2308 1880 ipsius
2338 1824 2621 1872 metemus.
2659 1820 2944 1892 Postquam
2973 1839 3100 1895 ergo
3142 1841 3517 1896 messaerunt,
3550 1843 3605 1887 et
3630 1848 3711 1888 ac-

459 1917 557 1971 per
578 1905 876 1959 orationem
900 1913 955 1958 et
978 1904 1110 1958 bona
1133 1918 1293 1973 opera
1321 1906 1385 1958 ad
1413 1904 1635 1958 nihilum
1660 1904 1897 1959 deducas
1924 1918 2034 1959 ma-

416 1976 423 1985 ’
459 1997 658 2066 lignum
677 2037 692 2062 ,
722 2006 776 2051 et
807 1997 976 2066 magis
1008 1998 1203 2066 repelle
1231 1998 1319 2051 illa
1342 2035 1358 2062 ,
1392 2006 1448 2052 et
1478 1996 1699 2052 habebis
1729 1997 1986 2065 requiem.

538 2087 584 2142 ι.
627 2086 812 2142 Frater
841 2087 1121 2157 requisivit
1150 2104 1335 2143 senem
1367 2090 1551 2143 dicens
1582 2106 1594 2141 ε
1628 2088 1765 2154 Quid
1798 2087 1988 2143 faciam
2015 2128 2031 2155 ,

448 2179 639 2244 Pater,
683 2190 867 2232 contra
907 2179 1256 2248 cogitationes
1300 2179 1653 2247 passionum?
1693 2178 2031 2247 Respondit;

459 2270 563 2325 Ora
592 2269 872 2324 Domitium
898 2278 953 2323 ut
974 2270 1189 2324 videant
1228 2270 1365 2325 oculi
1394 2269 1586 2324 anima:
1631 2281 1734 2325 tua:
1757 2271 2032 2337 auxilium,

459 2361 600 2430 quod
624 2376 655 2415 a
679 2361 788 2415 Deo
809 2369 912 2425 est,
931 2360 1022 2429 qui
1043 2360 1335 2415 circumdat
1353 2362 1622 2416 hominem
1646 2371 1701 2416 et
1727 2370 2031 2416 conservat.

531 2452 588 2509 5.
626 2454 851 2520 Quidam
879 2453 1046 2509 frater
1072 2454 1271 2510 vadens
1295 2455 1346 2508 in
1374 2464 1664 2510 mercatum
1691 2455 2038 2525 interrogavit

458 2543 705 2599 abbatem
756 2544 1084 2600 Ptemenium
1112 2586 1127 2612 ,
1176 2545 1365 2601 dicens
1407 2562 1421 2600 :
1471 2547 1750 2613 Quomodo
1806 2548 2033 2601 vendam

459 2653 623 2708 opera
668 2639 827 2694 mea?
865 2639 1004 2694 Dixit
1040 2639 1087 2694 ei
1134 2655 1345 2695 senex:
1378 2640 1455 2695 Ne
1485 2639 1618 2694 velis
1643 2639 1839 2709 aliquid
1875 2653 2037 2709 super

457 2731 599 2801 quod
627 2732 771 2786 valet
796 2725 1046 2798 vendere,
1074 2732 1169 2786 sed
1199 2736 1368 2801 magis
1394 2734 1439 2787 si
1467 2732 1735 2802 gravaris,
1761 2740 1877 2786 esto
1901 2731 2035 2785 ami-

457 2836 554 2878 cus
586 2823 633 2878 ei
678 2822 768 2892 qui
810 2822 901 2877 tibi
940 2823 1201 2879 violenter
1240 2824 1361 2893 plus
1397 2825 1564 2890 tollit,
1609 2834 1664 2878 et
1700 2838 1820 2878 cum
1851 2824 2035 2894 requie

466 2914 659 2970 vende.
716 2914 829 2985 Ego
867 2914 1012 2969 enim
1056 2915 1343 2985 aliquando
1379 2917 1574 2972 vadens
1616 2917 1669 2972 in
1700 2926 1989 2973 mercatum
2014 2959 2030 2984 ,

466 3019 735 3075 nunquam
766 3004 906 3061 volui
935 3007 1001 3061 de
1037 3008 1208 3076 pretio
1237 3008 1416 3078 operis
1453 3010 1556 3063 mei
1596 3009 1717 3078 plus
1742 3009 1947 3079 juvari,
1977 3020 2033 3066 et

456 3098 675 3155 fratrem
708 3114 885 3155 meum
909 3102 1118 3170 gravari
1139 3141 1155 3168 ,
1190 3102 1327 3156 hanc
1356 3101 1561 3157 habens
1588 3115 1770 3171 spem,
1800 3104 1919 3172 quia
1952 3104 2035 3158 lu-

456 3203 608 3244 crum
639 3190 819 3245 fratris
848 3191 953 3245 mei
983 3205 1118 3258 Opus
1148 3192 1575 3246 fructificationis
1604 3202 1711 3247 est.

529 3282 582 3334 6.
629 3281 786 3336 Venit
820 3282 1034 3351 quidam
1079 3281 1249 3338 frater
1289 3283 1363 3337 ad
1401 3283 1649 3339 abbatem
1694 3285 2032 3353 Agathonem

457 3369 690 3442 (Pelag.,
722 3369 882 3426 ωειλ.
912 3387 986 3438 ιν,
1017 3389 1069 3428 n.
1098 3371 1157 3444 8)
1186 3374 1373 3429 dicens
1405 3392 1417 3426 ς
1452 3375 1636 3442 Pater,
1663 3377 1914 3444 permitte
1945 3391 2033 3431 me

460 3461 699 3517 habitare
728 3471 943 3528 tecum;
972 3463 1376 3534 suscipiensque
1408 3464 1559 3519 illum
1589 3465 1723 3519 vidit
1753 3465 1947 3521 nitrttm
1981 3468 2033 3522 in

372 3572 373 3575 η
458 3566 616 3606 manu
646 3551 760 3620 ejus
780 3592 799 3619 ,
821 3562 878 3608 et
905 3552 1037 3608 dicit
1064 3552 1148 3607 ei:
1185 3554 1335 3609 Unde
1361 3555 1524 3609 habes
1555 3554 1785 3611 nitrum?
1815 3572 2036 3628 respon-

458 3642 534 3695 dit
576 3644 778 3697 frater:
822 3642 1004 3700 Inveni
1042 3645 1169 3699 illud
1212 3645 1264 3699 in
1308 3645 1390 3699 via
1421 3646 1546 3701 dum
1582 3648 1841 3705 venirem.
1890 3650 2035 3703 Dixit

457 3732 534 3787 illi
564 3748 730 3789 senex
762 3750 775 3789 :
807 3734 888 3789 Tu
916 3734 1047 3791 illud
1095 3738 1386 3805 posueras?
1424 3739 1697 3807 reSpondit
1726 3757 1738 3793 :
1781 3740 1917 3795 Non.
1971 3741 2035 3795 Et

456 3825 582 3891 dicit
609 3827 657 3880 ei
686 3840 848 3883 senex
882 3843 897 3881 :
928 3828 986 3883 Si
1027 3843 1155 3899 ergo
1184 3840 1238 3884 tu
1277 3845 1384 3885 non
1427 3845 1682 3900 posueras
1706 3876 1721 3900 ,
1767 3837 2035 3904 quomodo

458 3917 676 3971 veniens
718 3918 960 3975 habitare
1007 3936 1217 3976 meeum
1261 3922 1361 3978 hoc
1405 3922 1573 3978 tulisti
1604 3925 1744 3993 quod
1788 3941 1894 3981 non
1939 3943 2037 3996 po-

459 4022 645 4062 sueras
665 4049 679 4073 ,
708 4009 833 4063 dum
864 4024 973 4078 pra:
997 4012 1164 4067 oculis
1192 4012 1360 4069 Deum
1404 4024 1459 4071 et
1496 4017 1743 4070 mandata
1784 4017 1901 4087 ejus
1943 4019 2036 4071 ba-

460 4098 682 4165 bemus,
712 4100 974 4156 dicentem
1004 4120 1019 4156 :
1052 4104 1167 4160 Non
1196 4109 1571 4177 concupisces,
1600 4125 1704 4164 non
1735 4109 1900 4165 facies
1925 4110 2038 4165 fur-

466 4198 577 4243 tum
626 4191 645 4262 (
677 4189 830 4255 Deut,
857 4208 888 4246 v
916 4194 936 4263 )
963 4194 985 4247 ?
1012 4199 1092 4249 An
1138 4197 1350 4267 ignoras
1388 4202 1509 4268 quia
1549 4201 1639 4270 qui
1677 4199 1881 4256 furatur
1920 4217 2036 4256 rem

465 4278 729 4348 alienam,
763 4282 973 4337 dazmon
1004 4284 1263 4340 efﬁcitur?
1295 4287 1412 4342 Mox
1439 4299 1616 4344 autem
1645 4291 1852 4346 remisit
1881 4308 2035 4361 eum,

462 4371 647 4427 dicens
676 4388 690 4424 :
722 4374 951 4444 Reporta
981 4376 1111 4432 illud
1143 4378 1197 4433 in
1232 4379 1405 4435 locum
1438 4384 1579 4438 unde
1608 4384 1811 4452 tulisti,
1852 4398 1906 4441 et
1936 4388 2035 4441 ha-

461 4466 573 4521 bita
598 4482 833 4522 mecum.

2140 1917 2399 1973 ceperunt
2428 1910 2729 1966 mercedem
2770 1915 3095 1971 conductelre
3129 1918 3206 1990 (Ω)
3247 1934 3359 1975 suae
3387 1934 3593 1977 certam
3625 1928 3712 1980 tri-

2142 1996 2233 2050 tici
2264 2013 2571 2055 mensuram
2594 2042 2608 2066 ,
2656 2013 2781 2059 tunc
2817 2020 3142 2064 vocaverunt
3182 2021 3237 2066 et
3271 2013 3418 2069 illuni
3462 2014 3711 2084 fratrem,

2140 2086 2382 2144 dicentes
2409 2108 2422 2143 :
2457 2093 2624 2160 Veni,
2656 2094 2768 2150 leva
2796 2108 3097 2154 mercedem
3121 2104 3450 2159 conductelre
3474 2116 3598 2162 tum.
3628 2109 3715 2163 Ille

2139 2190 2317 2234 autem
2357 2182 2530 2237 dixit:
2577 2184 2801 2251 Qualem
2844 2192 3148 2246 mercedem
3193 2194 3403 2262 habeo,
3443 2212 3568 2251 cum
3612 2215 3711 2253 non

2142 2272 2437 2337 potuissem
2483 2278 2728 2332 metere!
2758 2278 2837 2333 illi
2868 2295 2993 2336 vero
3031 2286 3453 2353 responderunt:
3498 2290 3719 2361 Propter

2144 2362 2444 2419 orationem
2474 2375 2617 2421 tuam
2647 2384 2747 2425 nos
2788 2374 3173 2441 complevimus
3209 2386 3265 2433 et
3304 2388 3452 2434 tuum
3494 2398 3629 2452 opus
3665 2395 3715 2439 et

2147 2465 2389 2510 nostrum
2411 2497 2429 2525 ,
2455 2469 2511 2513 et
2540 2460 2661 2515 ideo
2688 2463 2872 2533 accipe
2902 2468 3202 2523 mercedem
3230 2477 3393 2524 tuam.
3421 2471 3516 2527 llle
3541 2485 3724 2530 autem

2142 2550 2317 2603 noluit
2347 2550 2416 2605 ab
2444 2552 2523 2606 eis
2567 2554 2766 2623 aliquid
2802 2558 3087 2627 accipere:
3129 2562 3311 2617 multis
3347 2572 3526 2619 autem
3573 2567 3715 2622 illum

2143 2642 2594 2713 compellentibus
2618 2687 2633 2713 ,
2664 2655 2718 2701 et
2746 2647 2838 2703 illo
2886 2664 2993 2704 non
3031 2653 3431 2722 acquiescentc,
3474 2656 3714 2712 abierunt

2145 2731 2213 2787 ad
2249 2734 2536 2803 quemdam
2567 2751 2754 2793 senem
2786 2739 3066 2809 dijudicari
3098 2742 3177 2811 (3)
3204 2761 3218 2809 ;
3248 2746 3376 2800 dixit
3408 2757 3587 2803 autem
3617 2751 3714 2803 fra-

2141 2832 2223 2879 ter
2249 2826 2342 2894 qui
2377 2826 2674 2883 inﬁrmatus
2705 2829 2879 2885 fuerat
2912 2848 2925 2883 :
2968 2832 3337 2902 Perreximus,
3385 2837 3605 2893 domine
3641 2842 3708 2894 mi

2139 2918 2311 2983 abba,
2342 2932 2441 2972 nos
2473 2929 2579 2974 tres
2607 2929 2809 2976 metere
2835 2922 3154 2979 conductum
3194 2940 3378 2996 agrum
3405 2943 3421 2993 ;
3473 2930 3708 2983 infirma-

2142 3018 2227 3065 tus
2265 3019 2444 3065 autem
2485 3027 2585 3083 ego
2624 3024 2745 3082 post
2783 3030 2946 3069 unum
2986 3017 3127 3073 diem
3170 3019 3390 3074 discessi
3433 3021 3487 3075 in
3527 3023 3711 3078 cellam

2140 3114 2316 3155 meam
2342 3141 2357 3164 ,
2391 3111 2447 3156 et
2476 3103 2635 3156 modo
2664 3106 2990 3174 compellunt
3031 3108 3119 3163 me
3157 3111 3242 3165 isti
3289 3114 3479 3170 tollere
3518 3130 3713 3171 merce-

2061 3204 2108 3265 ς,
2147 3195 2269 3248 dent
2316 3208 2415 3260 pro
2456 3208 2619 3263 opere
2658 3198 2800 3265 quod
2847 3212 2953 3252 non
3007 3198 3261 3255 laboravi.
3310 3203 3712 3274 Respondentes

2143 3294 2323 3340 autem
2355 3285 2462 3341 duo
2489 3286 2681 3343 fratres
2721 3289 3011 3347 dixerunt:
3061 3294 3232 3360 Audi,
3276 3298 3495 3356 domine
3536 3312 3717 3359 noster

2138 3374 2339 3443 Pater;
2370 3379 2415 3431 si
2462 3378 2748 3434 fuissemus
2791 3389 2887 3437 tott
2935 3394 3077 3452 tres,
3128 3401 3247 3442 cum
3294 3389 3479 3446 labore
3526 3396 3708 3462 grandi

2138 3465 2369 3523 fortasse
2394 3471 2714 3539 completuri
2756 3472 3049 3531 fuissemus
3078 3493 3212 3548 opus
3244 3492 3532 3548 nostrum;
3581 3501 3714 3542 nunc

2141 3577 2237 3631 per
2266 3564 2538 3619 orationes
2569 3565 2747 3620 fratris
2775 3568 2942 3622 nostri
2988 3569 3128 3625 Deus
3173 3587 3272 3627 nos
3315 3573 3617 3644 adjuvavit,
3662 3588 3715 3634 et

2138 3654 2459 3723 perfecimus
2488 3665 2656 3711 totum
2687 3672 2871 3728 agrum
2893 3699 2909 3727 ,
2935 3670 2991 3716 et
3020 3677 3126 3718 non
3155 3665 3269 3719 vult
3297 3668 3484 3723 tollere
3513 3685 3714 3727 merce-

2146 3747 2270 3801 dem
2297 3762 2470 3803 suam.
2506 3749 2631 3805 Ha-c
2668 3751 2890 3808 audiens
2928 3771 3092 3810 senex
3134 3759 3357 3815 miratus
3398 3772 3487 3817 est
3525 3765 3707 3832 nimis,

2137 3848 2193 3894 et
2219 3841 2534 3895 convocatis
2564 3842 2817 3897 fratribus
2859 3846 2970 3901 suis
3014 3847 3186 3905 dixit:
3218 3852 3438 3921 Venite,
3486 3854 3708 3925 fatres,

2137 3941 2193 3985 et
2219 3932 2398 3987 audite
2427 3931 2586 3987 hodie
2625 3934 2847 4003 justitia:
2882 3937 3162 4007 judicium.
3206 3942 3463 4012 Exposuit
3508 3949 3710 4019 1003

2140 4024 2414 4091 utriusque
2443 4025 2607 4092 partis
2629 4028 2837 4096 singula
2866 4030 3024 4085 verba
3045 4075 3059 4090 .
3091 4041 3146 4087 et
3169 4049 3355 4089 omnes
3380 4038 3560 4093 mirati
3594 4053 3710 4093 sunt

2146 4122 2200 4170 in
2233 4129 2472 4187 utrisque
2499 4135 2513 4183 ;
2549 4134 2654 4174 uno
2686 4122 2899 4189 quidem
2931 4140 3035 4178 non
3066 4129 3442 4185 consentiente
3471 4146 3708 4202 accrperc

2140 4208 2340 4276 aliquid
2357 4246 2373 4273 ,
2403 4208 2510 4263 illis
2537 4225 2665 4265 vero
2690 4214 3131 4281 compellentibus
3157 4220 3417 4277 violenter
3441 4225 3711 4293 suscipere

2141 4301 2358 4357 fratrem
2388 4309 2691 4360 mercedem
2723 4321 2897 4363 suam.
2937 4310 3086 4366 Tunc
3126 4316 3427 4372 astantibus
3468 4319 3710 4373 omnibus

2148 4393 2418 4448 ordinavit
2448 4395 2665 4451 fratrem
2694 4399 2940 4467 accipere
2980 4403 3278 4459 mercedem
3318 4421 3503 4472 suam,
3543 4418 3599 4463 et
3633 4408 3710 4462 di-

2145 4500 2398 4555 spensare
2426 4503 2543 4543 eam
2583 4490 2725 4544 sicut
2762 4490 2940 4546 vellet.
2989 4493 3078 4549 Ille
3114 4510 3240 4551 vero
3282 4496 3412 4551 abiit
3454 4500 3623 4555 tristis
3659 4507 3712 4555 et

532 4557 584 4609 7.
625 4556 973 4628 interrogavit
996 4558 1160 4616 frater
1185 4562 1429 4620 abbatem
1455 4564 1686 4622 Sisoium
1714 4566 1947 4641 (Petag.,
1972 4570 2035 4623 li-
2064 4571 2114 4631 Ι)
2141 4579 2375 4649 plorans.

463 4646 581 4701 bell.
611 4664 674 4714 x,
708 4666 763 4702 η.
792 4649 894 4714 56,
926 4653 1125 4707 nomine
1155 4651 1419 4723 Pastoris;
1446 4656 1672 4725 Pasch.,
1701 4660 1807 4726 56,
1840 4677 1893 4713 η.
1925 4660 1992 4731 4)
2013 4702 2030 4729 ,

462 4737 691 4795 dicens:
739 4740 967 4796 Dimissa
1010 4753 1094 4798 est
1137 4746 1266 4801 mihi
1311 4747 1597 4805 haereditas
1639 4764 1671 4803 a
1720 4754 2034 4819 parentibus

465 4835 596 4888 meis
618 4874 637 4903 ,
666 4836 793 4906 quid
819 4836 887 4892 de
923 4839 1012 4894 illa
1052 4842 1284 4897 faciam?
1324 4845 1620 4913 Respondit
1655 4858 1856 4902 senex:
1895 4846 2032 4912 Quid

465 4923 556 4976 tibi
588 4925 761 4980 dicam
786 4968 801 4991 ,
830 4925 1036 4985 frater?
1063 4932 1120 4986 Si
1150 4932 1337 4988 dixero
1374 4935 1503 4989 tibi:
1549 4936 1622 4990 Da
1662 4937 1807 4990 illam
1848 4940 1901 4990 in
1944 4952 2031 4991 ec-

461 5015 677 5069 clesiam
706 5020 947 5089 clericis,
995 5024 1276 5091 epulantur
1309 5041 1375 5082 ex
1414 5027 1549 5096 ipsa.
1593 5028 1649 5083 Si
1691 5027 1916 5083 dixero:
1957 5029 2032 5084 Da

466 5110 876 5176 consanguineis
921 5112 1055 5180 tuis,
1100 5116 1300 5171 nullam
1338 5118 1640 5174 mercedem
1686 5120 1933 5175 habebis.
1972 5123 2030 5175 Si

462 5213 589 5268 ergo
617 5214 702 5255 me
729 5203 811 5256 vis
836 5203 1020 5261 audire
1042 5246 1058 5274 ,
1090 5207 1159 5262 da
1187 5210 1332 5264 illam
1362 5212 1669 5280 egentibus,
1700 5222 1755 5268 et
1782 5214 1900 5270 sine
1927 5216 2037 5268 sol-

467 5292 744 5348 licitudine
772 5298 896 5351 eris.

534 5383 587 5439 8.
628 5385 808 5443 Abbas
836 5389 1046 5462 Moyses
1074 5391 1213 5450 dixit
1240 5396 1473 5469 (Pelag.,
1497 5399 1634 5456 libet.
1661 5415 1711 5467 t,
1736 5415 1789 5455 η.
1821 5399 1907 5465 ﬂ,
1939 5417 2033 5454 uo-

464 5476 881 5560 mine‘Paxtoris)
908 5500 923 5537 :
953 5482 1184 5541 Privatio
1211 5504 1392 5545 rerum
1425 5492 1807 5559 materialium,
1838 5492 1887 5547 id
1915 5504 2032 5556 eSt,

464 5571 757 5629 voluntaria
792 5587 1103 5645 paupertas,
1131 5589 1185 5634 et
1216 5584 1487 5638 tribulatio
1514 5599 1634 5638 cum
1666 5584 1915 5652 patientia
1934 5626 1947 5649 ,
1980 5594 2039 5639 et

464 5663 745 5732 discretio,
777 5666 1125 5725 instrumenta
1166 5680 1290 5726 sunt
1329 5676 1597 5730 monachi.
1637 5673 1902 5746 Scriptum
1947 5685 2028 5731 est

461 5761 606 5818 enim
629 5779 645 5819 :
669 5761 729 5820 Si
755 5762 948 5822 fuerint
974 5774 1082 5823 tres
1109 5769 1204 5825 viri
1234 5771 1352 5833 isti,
1384 5770 1496 5827 Noe
1521 5815 1534 5840 ,
1562 5774 1661 5829 Joh
1681 5815 1697 5841 ,
1735 5787 1785 5833 et
1813 5777 2026 5842 Daniel;

2215 4671 2301 4726 10.
2345 4670 2486 4725 Dixit
2507 4685 2672 4726 senex
2701 4688 2716 4726 :
2748 4674 2803 4729 Si
2829 4674 3038 4731 habitas
3065 4690 3186 4732 cum
3216 4682 3485 4749 proximo,
3509 4696 3625 4740 esto
3643 4686 3712 4739 si-

2140 4772 2229 4818 cut
2248 4763 2496 4819 columna
2527 4764 2757 4832 lapidea,
2784 4782 2903 4836 quae
2932 4769 2979 4824 si
3002 4769 3285 4840 injurietur
3313 4789 3416 4828 non
3449 4776 3709 4841 irascitur,

2141 4858 2183 4913 si
2211 4858 2535 4928 glorificetur
2550 4874 2652 4913 non
2676 4860 2950 4916 extollitur
2977 4861 3275 4932 (Pascha,
3302 4866 3454 4933 αθ,
3484 4885 3537 4920 η.
3565 4867 3643 4935 2).

2214 4953 2300 5007 ll.
2343 4953 2481 5008 Dixit
2524 4953 2688 5008 abbas
2733 4954 2937 5009 Sisoius
2969 4974 2981 5008 :
3016 4953 3147 5011 Cum
3180 4956 3395 5014 fuissem
3437 4961 3714 5031 aliquando

2140 5058 2261 5098 cum
2309 5042 2473 5100 fratre
2518 5046 2569 5097 in
2614 5056 2850 5099 mercato
2889 5047 3125 5103 vendere
3168 5049 3476 5118 Sportellas,
3532 5053 3713 5105 videns

2138 5135 2258 5205 quia
2282 5137 2553 5191 iracundia
2578 5139 3033 5209 appropinquabat
3056 5141 3206 5205 mihi,
3234 5141 3514 5199 dimittens
3536 5155 3712 5199 nostra

2138 5228 2351 5285 vascula
2382 5228 2488 5299 fugi
2521 5229 2820 5300 (Paulum,
2853 5248 2900 5286 c.
2935 5231 3024 5299 57,
3055 5249 3111 5287 η.
3145 5232 3222 5302 l).

2211 5319 2299 5375 l2.
2341 5320 2485 5375 Dixit
2539 5320 2703 5377 abbas
2754 5321 3031 5378 Joannes:
3066 5324 3376 5380 Ascendens
3430 5325 3710 5395 aliquando

2137 5413 2278 5468 viam
2307 5413 2471 5468 eremi
2495 5412 2745 5485 Scythia,
2769 5423 2824 5469 et
2851 5424 3038 5471 texens
3061 5416 3305 5487 plectam,
3331 5421 3511 5475 audivi
3538 5435 3712 5476 came-

2139 5508 2328 5562 larium
2358 5508 2661 5577 loquentem
2694 5522 2970 5565 sermones
2999 5525 3204 5577 vanos;
3252 5521 3306 5567 et
3340 5527 3407 5568 ne
3449 5513 3585 5568 forte
3613 5514 3711 5568 ira-

2137 5614 2338 5666 scerer,
2369 5601 2546 5654 dimisi
2570 5600 2795 5669 plectam
2816 5616 3008 5667 meam,
3033 5610 3088 5656 et
3108 5602 3211 5672 fugi
3236 5602 3531 5671 (Pascha,
3553 5620 3599 5659 ο.
3624 5602 3707 5669 37,

2140 5707 2191 5743 η.
2224 5690 2288 5755 2;
2319 5688 2519 5759 Pelag.,
2552 5690 2587 5742 Ι.
2623 5705 2697 5755 iv,
2728 5707 2780 5744 tt.
2807 5691 2923 5761 ΞΟ).
3482 5706 3483 5709 ‘

2211 5780 2291 5835 l3.
2341 5781 2477 5835 Idem
2505 5795 2697 5847 scnex,
2726 5782 2774 5835 in
2808 5792 3016 5836 sectum
3051 5783 3239 5839 messis
3280 5782 3404 5837 dum
3434 5790 3594 5849 esset,
3624 5795 3713 5839 au-
