  <div class='ocr_page' id='page_1' title='image "/cluster/home/n/w/nwhite01/storage/ocr_20150623/74/hvd.32044015469372/202.png"; bbox 0 0 4014 6368; ppageno 0'>
   <div class='ocr_carea' id='block_1_1' title="bbox 277 313 1871 379">
    <p class='ocr_par' dir='ltr' id='par_1_1' title="bbox 277 315 1871 376">
     <span class='ocr_line' id='line_1_1' title="bbox 277 315 1871 376; baseline -0.001 -2"><span class='ocrx_word' id='word_1_1' title='bbox 277 317 385 375; x_wconf 71' lang='grc'><strong>585</strong></span> <span class='ocrx_word' id='word_1_2' title='bbox 1277 315 1750 376; x_wconf 75' lang='grc' dir='ltr'><strong>ᾸΞΟΥΡἸΊΟΒΠΜ</strong></span> <span class='ocrx_word' id='word_1_3' title='bbox 1792 318 1871 373; x_wconf 77' lang='lat' dir='ltr'><strong>PA</strong></span> 
     </span>
    </p>
   </div>
   <div class='ocr_carea' id='block_1_2' title="bbox 1989 313 3553 379">
    <p class='ocr_par' dir='ltr' id='par_1_2' title="bbox 1989 313 3553 379">
     <span class='ocr_line' id='line_1_2' title="bbox 1989 313 3553 379; baseline 0.003 -7"><span class='ocrx_word' id='word_1_4' title='bbox 1989 313 2074 372; x_wconf 77' lang='grc' dir='ltr'><strong>ΗΜ</strong></span> <span class='ocrx_word' id='word_1_5' title='bbox 2116 313 2550 372; x_wconf 58' lang='lat' dir='ltr'><strong>SENTENTIA}.</strong></span> <span class='ocrx_word' id='word_1_6' title='bbox 3445 321 3553 379; x_wconf 81' lang='lat' dir='ltr'><strong>38S</strong></span> 
     </span>
    </p>
   </div>
   <div class='ocr_carea' id='block_1_3' title="bbox 277 424 3560 500">
    <p class='ocr_par' dir='ltr' id='par_1_3' title="bbox 277 424 3560 500">
     <span class='ocr_line' id='line_1_3' title="bbox 277 424 3560 500; baseline 0.002 -15"><span class='ocrx_word' id='word_1_7' title='bbox 277 432 413 486; x_wconf 83' lang='lat' dir='ltr'><strong>divit</strong></span> <span class='ocrx_word' id='word_1_8' title='bbox 465 430 684 487; x_wconf 81' lang='lat' dir='ltr'><strong>fratrem</strong></span> <span class='ocrx_word' id='word_1_9' title='bbox 724 429 971 500; x_wconf 81' lang='lat' dir='ltr'><strong>proximo</strong></span> <span class='ocrx_word' id='word_1_10' title='bbox 998 442 1094 484; x_wconf 90' lang='lat' dir='ltr'><strong>suo</strong></span> <span class='ocrx_word' id='word_1_11' title='bbox 1121 442 1241 484; x_wconf 92' lang='lat' dir='ltr'><strong>cum</strong></span> <span class='ocrx_word' id='word_1_12' title='bbox 1273 431 1352 484; x_wconf 90' lang='lat' dir='ltr'><strong>ira</strong></span> <span class='ocrx_word' id='word_1_13' title='bbox 1382 431 1646 485; x_wconf 77' lang='lat' dir='ltr'><strong>dicentem</strong></span> <span class='ocrx_word' id='word_1_14' title='bbox 1683 448 1694 482; x_wconf 89' lang='lat'>:</span> <span class='ocrx_word' id='word_1_15' title='bbox 1724 429 1786 483; x_wconf 87' lang='lat' dir='ltr'><strong>Et</strong></span> <span class='ocrx_word' id='word_1_16' title='bbox 1819 438 1872 484; x_wconf 92' lang='lat' dir='ltr'><strong>tu</strong></span> <span class='ocrx_word' id='word_1_17' title='bbox 1902 432 1952 488; x_wconf 85' lang='lat' dir='ltr'><strong>A</strong></span> <span class='ocrx_word' id='word_1_18' title='bbox 2050 424 2142 480; x_wconf 74' lang='grc'><strong>20.</strong></span> <span class='ocrx_word' id='word_1_19' title='bbox 2184 427 2459 481; x_wconf 82' lang='lat' dir='ltr'><strong>Venerunt</strong></span> <span class='ocrx_word' id='word_1_20' title='bbox 2485 425 2768 495; x_wconf 79' lang='lat' dir='ltr'><strong>aliquando</strong></span> <span class='ocrx_word' id='word_1_21' title='bbox 2800 427 3036 485; x_wconf 61' lang='lat' dir='ltr'><strong>haeretici</strong></span> <span class='ocrx_word' id='word_1_22' title='bbox 3065 429 3131 483; x_wconf 90' lang='lat' dir='ltr'><strong>ad</strong></span> <span class='ocrx_word' id='word_1_23' title='bbox 3159 431 3404 488; x_wconf 82' lang='lat' dir='ltr'><strong>abbatem</strong></span> <span class='ocrx_word' id='word_1_24' title='bbox 3439 433 3560 490; x_wconf 77' lang='grc' dir='ltr'><strong>Ρω-</strong></span> 
     </span>
    </p>
   </div>
   <div class='ocr_carea' id='block_1_4' title="bbox 280 519 3562 594">
    <p class='ocr_par' dir='ltr' id='par_1_4' title="bbox 280 519 3562 594">
     <span class='ocr_line' id='line_1_4' title="bbox 280 519 3562 594; baseline 0.001 -17"><span class='ocrx_word' id='word_1_25' title='bbox 280 524 560 593; x_wconf 87' lang='lat' dir='ltr'><strong>loqueris?</strong></span> <span class='ocrx_word' id='word_1_26' title='bbox 589 533 642 578; x_wconf 94' lang='lat' dir='ltr'><strong>et</strong></span> <span class='ocrx_word' id='word_1_27' title='bbox 680 523 957 577; x_wconf 90' lang='lat' dir='ltr'><strong>dimittens</strong></span> <span class='ocrx_word' id='word_1_28' title='bbox 986 537 1171 592; x_wconf 80' lang='lat' dir='ltr'><strong>agrum</strong></span> <span class='ocrx_word' id='word_1_29' title='bbox 1205 522 1359 592; x_wconf 85' lang='lat' dir='ltr'><strong>fugit.</strong></span> <span class='ocrx_word' id='word_1_30' title='bbox 1977 519 2281 573; x_wconf 88' lang='lat' dir='ltr'><strong>menionem</strong></span> <span class='ocrx_word' id='word_1_31' title='bbox 2313 527 2367 573; x_wconf 87' lang='lat' dir='ltr'><strong>et</strong></span> <span class='ocrx_word' id='word_1_32' title='bbox 2396 530 2676 586; x_wconf 72' lang='lat' dir='ltr'><strong>cmperunt</strong></span> <span class='ocrx_word' id='word_1_33' title='bbox 2722 520 3008 577; x_wconf 83' lang='lat' dir='ltr'><strong>detrahere</strong></span> <span class='ocrx_word' id='word_1_34' title='bbox 3041 523 3108 577; x_wconf 90' lang='lat' dir='ltr'><strong>de</strong></span> <span class='ocrx_word' id='word_1_35' title='bbox 3155 524 3562 594; x_wconf 84' lang='lat' dir='ltr'><strong>archiepiscopo</strong></span> 
     </span>
    </p>
   </div>
   <div class='ocr_carea' id='block_1_5' title="bbox 350 610 3563 684">
    <p class='ocr_par' dir='ltr' id='par_1_5' title="bbox 350 610 3563 684">
     <span class='ocr_line' id='line_1_5' title="bbox 350 610 3563 684; baseline 0 -16"><span class='ocrx_word' id='word_1_36' title='bbox 350 615 440 669; x_wconf 66' lang='lat' dir='ltr'><strong>ll.</strong></span> <span class='ocrx_word' id='word_1_37' title='bbox 483 615 833 684; x_wconf 81' lang='lat' dir='ltr'><strong>Interrogavit</strong></span> <span class='ocrx_word' id='word_1_38' title='bbox 861 613 1023 668; x_wconf 78' lang='lat' dir='ltr'><strong>frater</strong></span> <span class='ocrx_word' id='word_1_39' title='bbox 1053 615 1297 669; x_wconf 86' lang='lat' dir='ltr'><strong>abbatem</strong></span> <span class='ocrx_word' id='word_1_40' title='bbox 1331 615 1752 679; x_wconf 72' lang='lat' dir='ltr'><strong>Pmmenionem,</strong></span> <span class='ocrx_word' id='word_1_41' title='bbox 1794 614 1874 668; x_wconf 88' lang='lat' dir='ltr'><strong>di-</strong></span> <span class='ocrx_word' id='word_1_42' title='bbox 1974 610 2343 674; x_wconf 64' lang='lat' dir='ltr'><strong>Alexandriae;</strong></span> <span class='ocrx_word' id='word_1_43' title='bbox 2376 625 2542 666; x_wconf 68' lang='lat' dir='ltr'><strong>senex</strong></span> <span class='ocrx_word' id='word_1_44' title='bbox 2567 618 2744 665; x_wconf 92' lang='lat' dir='ltr'><strong>autem</strong></span> <span class='ocrx_word' id='word_1_45' title='bbox 2776 612 3005 666; x_wconf 77' lang='lat' dir='ltr'><strong>tacebat.</strong></span> <span class='ocrx_word' id='word_1_46' title='bbox 3040 612 3244 668; x_wconf 86' lang='lat' dir='ltr'><strong>Vocans</strong></span> <span class='ocrx_word' id='word_1_47' title='bbox 3274 622 3450 669; x_wconf 89' lang='lat' dir='ltr'><strong>autem</strong></span> <span class='ocrx_word' id='word_1_48' title='bbox 3484 615 3563 669; x_wconf 80' lang='lat' dir='ltr'><strong>di-</strong></span> 
     </span>
    </p>
   </div>
   <div class='ocr_carea' id='block_1_6' title="bbox 310 705 3563 777">
    <p class='ocr_par' dir='ltr' id='par_1_6' title="bbox 310 705 3563 777">
     <span class='ocr_line' id='line_1_6' title="bbox 310 705 3563 777; baseline 0.001 -19"><span class='ocrx_word' id='word_1_49' title='bbox 310 718 409 758; x_wconf 81' lang='lat' dir='ltr'><strong>crs</strong></span> <span class='ocrx_word' id='word_1_50' title='bbox 459 721 472 757; x_wconf 93' lang='lat'>:</span> <span class='ocrx_word' id='word_1_51' title='bbox 518 705 656 772; x_wconf 84' lang='lat' dir='ltr'><strong>Quid</strong></span> <span class='ocrx_word' id='word_1_52' title='bbox 695 716 776 760; x_wconf 91' lang='lat' dir='ltr'><strong>est</strong></span> <span class='ocrx_word' id='word_1_53' title='bbox 815 706 955 774; x_wconf 83' lang='lat' dir='ltr'><strong>quod</strong></span> <span class='ocrx_word' id='word_1_54' title='bbox 1001 706 1256 760; x_wconf 86' lang='lat' dir='ltr'><strong>Dominus</strong></span> <span class='ocrx_word' id='word_1_55' title='bbox 1284 706 1417 761; x_wconf 84' lang='lat' dir='ltr'><strong>dixit</strong></span> <span class='ocrx_word' id='word_1_56' title='bbox 1447 723 1462 760; x_wconf 87' lang='lat'><strong>:</strong></span> <span class='ocrx_word' id='word_1_57' title='bbox 1493 705 1875 777; x_wconf 84' lang='lat' dir='ltr'><strong>Majoremhac</strong></span> <span class='ocrx_word' id='word_1_58' title='bbox 1973 705 2236 771; x_wconf 89' lang='lat' dir='ltr'><strong>scipulum</strong></span> <span class='ocrx_word' id='word_1_59' title='bbox 2269 719 2445 768; x_wconf 92' lang='lat' dir='ltr'><strong>suum,</strong></span> <span class='ocrx_word' id='word_1_60' title='bbox 2479 705 2613 759; x_wconf 93' lang='lat' dir='ltr'><strong>dixit</strong></span> <span class='ocrx_word' id='word_1_61' title='bbox 2651 705 2723 759; x_wconf 89' lang='lat' dir='ltr'><strong>illi</strong></span> <span class='ocrx_word' id='word_1_62' title='bbox 2758 723 2768 756; x_wconf 93' lang='lat'>:</span> <span class='ocrx_word' id='word_1_63' title='bbox 2804 707 2946 762; x_wconf 88' lang='lat' dir='ltr'><strong>Pone</strong></span> <span class='ocrx_word' id='word_1_64' title='bbox 2975 722 3238 772; x_wconf 87' lang='lat' dir='ltr'><strong>mensam,</strong></span> <span class='ocrx_word' id='word_1_65' title='bbox 3269 717 3323 762; x_wconf 92' lang='lat' dir='ltr'><strong>et</strong></span> <span class='ocrx_word' id='word_1_66' title='bbox 3342 707 3563 763; x_wconf 84' lang='lat' dir='ltr'><strong>facillos</strong></span> 
     </span>
    </p>
   </div>
   <div class='ocr_carea' id='block_1_7' title="bbox 271 795 3224 868">
    <p class='ocr_par' dir='ltr' id='par_1_7' title="bbox 271 795 3224 868">
     <span class='ocr_line' id='line_1_7' title="bbox 271 795 3224 868; baseline 0.001 -18"><span class='ocrx_word' id='word_1_67' title='bbox 271 796 599 850; x_wconf 87' lang='lat' dir='ltr'><strong>charitatem</strong></span> <span class='ocrx_word' id='word_1_68' title='bbox 635 811 791 851; x_wconf 88' lang='lat' dir='ltr'><strong>nemo</strong></span> <span class='ocrx_word' id='word_1_69' title='bbox 819 797 996 862; x_wconf 82' lang='lat' dir='ltr'><strong>habet,</strong></span> <span class='ocrx_word' id='word_1_70' title='bbox 1043 814 1200 868; x_wconf 89' lang='lat' dir='ltr'><strong>quam</strong></span> <span class='ocrx_word' id='word_1_71' title='bbox 1235 809 1289 852; x_wconf 88' lang='grc' dir='ltr'><strong>ιιι</strong></span> <span class='ocrx_word' id='word_1_72' title='bbox 1317 800 1436 868; x_wconf 89' lang='lat' dir='ltr'><strong>quis</strong></span> <span class='ocrx_word' id='word_1_73' title='bbox 1457 799 1688 852; x_wconf 89' lang='lat' dir='ltr'><strong>animam</strong></span> <span class='ocrx_word' id='word_1_74' title='bbox 1721 813 1872 852; x_wconf 88' lang='lat' dir='ltr'><strong>suam</strong></span> <span class='ocrx_word' id='word_1_75' title='bbox 1976 795 2318 861; x_wconf 85' lang='lat' dir='ltr'><strong>manducare,</strong></span> <span class='ocrx_word' id='word_1_76' title='bbox 2351 804 2404 850; x_wconf 93' lang='lat' dir='ltr'><strong>et</strong></span> <span class='ocrx_word' id='word_1_77' title='bbox 2432 795 2510 850; x_wconf 88' lang='lat' dir='ltr'><strong>sic</strong></span> <span class='ocrx_word' id='word_1_78' title='bbox 2539 797 2746 851; x_wconf 87' lang='lat' dir='ltr'><strong>dimitte</strong></span> <span class='ocrx_word' id='word_1_79' title='bbox 2776 798 2891 850; x_wconf 82' lang='lat' dir='ltr'><strong>illos</strong></span> <span class='ocrx_word' id='word_1_80' title='bbox 2921 814 3042 852; x_wconf 90' lang='lat' dir='ltr'><strong>cum</strong></span> <span class='ocrx_word' id='word_1_81' title='bbox 3073 813 3224 867; x_wconf 87' lang='lat' dir='ltr'><strong>pace.</strong></span> 
     </span>
    </p>
   </div>
   <div class='ocr_carea' id='block_1_8' title="bbox 279 885 3564 961">
    <p class='ocr_par' dir='ltr' id='par_1_8' title="bbox 279 885 3564 961">
     <span class='ocr_line' id='line_1_8' title="bbox 279 885 3564 961; baseline 0.001 -22"><span class='ocrx_word' id='word_1_82' title='bbox 279 902 380 956; x_wconf 84' lang='lat' dir='ltr'><strong>pro</strong></span> <span class='ocrx_word' id='word_1_83' title='bbox 404 887 579 941; x_wconf 89' lang='lat' dir='ltr'><strong>amico</strong></span> <span class='ocrx_word' id='word_1_84' title='bbox 608 902 705 943; x_wconf 92' lang='lat' dir='ltr'><strong>suo</strong></span> <span class='ocrx_word' id='word_1_85' title='bbox 735 899 895 958; x_wconf 87' lang='lat' dir='ltr'><strong>ponat</strong></span> <span class='ocrx_word' id='word_1_86' title='bbox 927 888 1104 959; x_wconf 81' lang='lat' dir='ltr'><strong>(Joan.</strong></span> <span class='ocrx_word' id='word_1_87' title='bbox 1139 889 1269 961; x_wconf 78' lang='lat' dir='ltr'><strong>xv)?</strong></span> <span class='ocrx_word' id='word_1_88' title='bbox 1307 891 1575 960; x_wconf 90' lang='lat' dir='ltr'><strong>quomodo</strong></span> <span class='ocrx_word' id='word_1_89' title='bbox 1603 891 1705 946; x_wconf 89' lang='lat' dir='ltr'><strong>hoc</strong></span> <span class='ocrx_word' id='word_1_90' title='bbox 1736 889 1873 945; x_wconf 91' lang='lat' dir='ltr'><strong>lict?</strong></span> <span class='ocrx_word' id='word_1_91' title='bbox 2047 885 2136 938; x_wconf 75' lang='lat'><strong>2|.</strong></span> <span class='ocrx_word' id='word_1_92' title='bbox 2180 885 2528 956; x_wconf 84' lang='lat' dir='ltr'><strong>Interrogavit</strong></span> <span class='ocrx_word' id='word_1_93' title='bbox 2557 888 2720 941; x_wconf 81' lang='lat' dir='ltr'><strong>frater</strong></span> <span class='ocrx_word' id='word_1_94' title='bbox 2748 888 2995 943; x_wconf 86' lang='lat' dir='ltr'><strong>abbatem</strong></span> <span class='ocrx_word' id='word_1_95' title='bbox 3044 888 3442 944; x_wconf 73' lang='lat' dir='ltr'><strong>Pmmenionem</strong></span> <span class='ocrx_word' id='word_1_96' title='bbox 3480 889 3564 943; x_wconf 86' lang='lat' dir='ltr'><strong>di-</strong></span> 
     </span>
    </p>
   </div>
   <div class='ocr_carea' id='block_1_9' title="bbox 278 976 1871 1053">
    <p class='ocr_par' dir='ltr' id='par_1_9' title="bbox 278 981 1871 1053">
     <span class='ocr_line' id='line_1_9' title="bbox 278 981 1871 1053; baseline 0.004 -20"><span class='ocrx_word' id='word_1_97' title='bbox 278 981 578 1048; x_wconf 88' lang='lat' dir='ltr'><strong>Respondit</strong></span> <span class='ocrx_word' id='word_1_98' title='bbox 631 998 792 1037; x_wconf 91' lang='lat' dir='ltr'><strong>senex</strong></span> <span class='ocrx_word' id='word_1_99' title='bbox 837 1001 852 1036; x_wconf 92' lang='lat'>:</span> <span class='ocrx_word' id='word_1_100' title='bbox 889 983 944 1036; x_wconf 91' lang='lat' dir='ltr'><strong>Si</strong></span> <span class='ocrx_word' id='word_1_101' title='bbox 988 985 1107 1053; x_wconf 84' lang='lat' dir='ltr'><strong>quis</strong></span> <span class='ocrx_word' id='word_1_102' title='bbox 1149 985 1298 1039; x_wconf 86' lang='lat' dir='ltr'><strong>audit</strong></span> <span class='ocrx_word' id='word_1_103' title='bbox 1329 986 1547 1039; x_wconf 84' lang='lat' dir='ltr'><strong>verbum</strong></span> <span class='ocrx_word' id='word_1_104' title='bbox 1600 986 1796 1040; x_wconf 88' lang='lat' dir='ltr'><strong>malum</strong></span> <span class='ocrx_word' id='word_1_105' title='bbox 1842 1000 1871 1040; x_wconf 92' lang='lat' dir='ltr'><strong>a</strong></span> 
     </span>
    </p>
   </div>
   <div class='ocr_carea' id='block_1_10' title="bbox 1989 976 3564 1053">
    <p class='ocr_par' dir='ltr' id='par_1_10' title="bbox 1989 976 3564 1047">
     <span class='ocr_line' id='line_1_10' title="bbox 1989 976 3564 1047; baseline 0.004 -19"><span class='ocrx_word' id='word_1_106' title='bbox 1989 989 2140 1030; x_wconf 82' lang='lat' dir='ltr'><strong>:ens:</strong></span> <span class='ocrx_word' id='word_1_107' title='bbox 2170 976 2447 1043; x_wconf 86' lang='lat' dir='ltr'><strong>Quomodo</strong></span> <span class='ocrx_word' id='word_1_108' title='bbox 2476 985 2688 1046; x_wconf 84' lang='lat' dir='ltr'><strong>Oportet</strong></span> <span class='ocrx_word' id='word_1_109' title='bbox 2709 979 2896 1032; x_wconf 88' lang='lat' dir='ltr'><strong>sedere</strong></span> <span class='ocrx_word' id='word_1_110' title='bbox 2924 977 2976 1031; x_wconf 93' lang='lat' dir='ltr'><strong>in</strong></span> <span class='ocrx_word' id='word_1_111' title='bbox 3007 978 3186 1033; x_wconf 86' lang='lat' dir='ltr'><strong>cella?</strong></span> <span class='ocrx_word' id='word_1_112' title='bbox 3233 979 3524 1047; x_wconf 80' lang='lat' dir='ltr'><strong>Respondit</strong></span> <span class='ocrx_word' id='word_1_113' title='bbox 3550 997 3564 1034; x_wconf 90' lang='lat'><strong>:</strong></span> 
     </span>
    </p>
   </div>
   <div class='ocr_carea' id='block_1_11' title="bbox 277 1076 1871 1147">
    <p class='ocr_par' dir='ltr' id='par_1_11' title="bbox 277 1076 1871 1147">
     <span class='ocr_line' id='line_1_11' title="bbox 277 1076 1871 1147; baseline 0.003 -20"><span class='ocrx_word' id='word_1_114' title='bbox 277 1078 526 1142; x_wconf 87' lang='lat' dir='ltr'><strong>proximo</strong></span> <span class='ocrx_word' id='word_1_115' title='bbox 552 1090 672 1140; x_wconf 85' lang='lat' dir='ltr'><strong>suo,</strong></span> <span class='ocrx_word' id='word_1_116' title='bbox 703 1085 756 1130; x_wconf 93' lang='lat' dir='ltr'><strong>et</strong></span> <span class='ocrx_word' id='word_1_117' title='bbox 785 1076 909 1130; x_wconf 90' lang='lat' dir='ltr'><strong>dum</strong></span> <span class='ocrx_word' id='word_1_118' title='bbox 944 1077 1110 1144; x_wconf 81' lang='lat' dir='ltr'><strong>possit</strong></span> <span class='ocrx_word' id='word_1_119' title='bbox 1141 1078 1252 1147; x_wconf 90' lang='lat' dir='ltr'><strong>ipse</strong></span> <span class='ocrx_word' id='word_1_120' title='bbox 1286 1077 1480 1130; x_wconf 89' lang='lat' dir='ltr'><strong>similia</strong></span> <span class='ocrx_word' id='word_1_121' title='bbox 1514 1076 1591 1130; x_wconf 89' lang='lat' dir='ltr'><strong>illi</strong></span> <span class='ocrx_word' id='word_1_122' title='bbox 1623 1076 1871 1144; x_wconf 87' lang='lat' dir='ltr'><strong>reddere,</strong></span> 
     </span>
    </p>
   </div>
   <div class='ocr_carea' id='block_1_12' title="bbox 277 1167 1869 1238">
    <p class='ocr_par' dir='ltr' id='par_1_12' title="bbox 277 1167 1869 1238">
     <span class='ocr_line' id='line_1_12' title="bbox 277 1167 1869 1238; baseline 0.004 -24"><span class='ocrx_word' id='word_1_123' title='bbox 277 1177 483 1235; x_wconf 79' lang='lat' dir='ltr'><strong>pugnat</strong></span> <span class='ocrx_word' id='word_1_124' title='bbox 511 1176 686 1222; x_wconf 87' lang='lat' dir='ltr'><strong>tamen</strong></span> <span class='ocrx_word' id='word_1_125' title='bbox 712 1168 760 1220; x_wconf 91' lang='lat' dir='ltr'><strong>in</strong></span> <span class='ocrx_word' id='word_1_126' title='bbox 783 1168 945 1222; x_wconf 90' lang='lat' dir='ltr'><strong>corde</strong></span> <span class='ocrx_word' id='word_1_127' title='bbox 969 1181 1087 1229; x_wconf 88' lang='lat' dir='ltr'><strong>suo,</strong></span> <span class='ocrx_word' id='word_1_128' title='bbox 1115 1177 1332 1238; x_wconf 82' lang='lat' dir='ltr'><strong>portans</strong></span> <span class='ocrx_word' id='word_1_129' title='bbox 1354 1167 1590 1223; x_wconf 86' lang='lat' dir='ltr'><strong>laborem</strong></span> <span class='ocrx_word' id='word_1_130' title='bbox 1620 1168 1869 1234; x_wconf 78' lang='lat' dir='ltr'><strong>tristitize,</strong></span> 
     </span>
    </p>
   </div>
   <div class='ocr_carea' id='block_1_13' title="bbox 273 1258 1874 1330">
    <p class='ocr_par' dir='ltr' id='par_1_13' title="bbox 273 1258 1874 1330">
     <span class='ocr_line' id='line_1_13' title="bbox 273 1258 1874 1330; baseline 0.002 -20"><span class='ocrx_word' id='word_1_131' title='bbox 273 1259 461 1311; x_wconf 87' lang='lat' dir='ltr'><strong>ct-vitu</strong></span> <span class='ocrx_word' id='word_1_132' title='bbox 490 1258 592 1312; x_wconf 83' lang='lat' dir='ltr'><strong>sibi</strong></span> <span class='ocrx_word' id='word_1_133' title='bbox 628 1259 769 1322; x_wconf 81' lang='lat' dir='ltr'><strong>facit,</strong></span> <span class='ocrx_word' id='word_1_134' title='bbox 806 1274 872 1312; x_wconf 90' lang='lat' dir='ltr'><strong>ne</strong></span> <span class='ocrx_word' id='word_1_135' title='bbox 900 1259 1232 1330; x_wconf 80' lang='lat' dir='ltr'><strong>reSpondens</strong></span> <span class='ocrx_word' id='word_1_136' title='bbox 1266 1260 1338 1314; x_wconf 83' lang='lat' dir='ltr'><strong>illi</strong></span> <span class='ocrx_word' id='word_1_137' title='bbox 1370 1260 1564 1314; x_wconf 87' lang='lat' dir='ltr'><strong>malum</strong></span> <span class='ocrx_word' id='word_1_138' title='bbox 1591 1259 1874 1314; x_wconf 89' lang='lat' dir='ltr'><strong>contristet</strong></span> 
     </span>
    </p>
   </div>
   <div class='ocr_carea' id='block_1_14' title="bbox 275 1349 1871 1419">
    <p class='ocr_par' dir='ltr' id='par_1_14' title="bbox 275 1349 1871 1419">
     <span class='ocr_line' id='line_1_14' title="bbox 275 1349 1871 1419; baseline 0.001 -17"><span class='ocrx_word' id='word_1_139' title='bbox 275 1349 454 1412; x_wconf 89' lang='lat' dir='ltr'><strong>illum,</strong></span> <span class='ocrx_word' id='word_1_140' title='bbox 488 1351 590 1404; x_wconf 87' lang='lat' dir='ltr'><strong>iste</strong></span> <span class='ocrx_word' id='word_1_141' title='bbox 622 1349 738 1404; x_wconf 90' lang='lat' dir='ltr'><strong>talis</strong></span> <span class='ocrx_word' id='word_1_142' title='bbox 767 1351 997 1404; x_wconf 89' lang='lat' dir='ltr'><strong>animam</strong></span> <span class='ocrx_word' id='word_1_143' title='bbox 1029 1353 1178 1405; x_wconf 83' lang='lat' dir='ltr'><strong>suam</strong></span> <span class='ocrx_word' id='word_1_144' title='bbox 1226 1350 1375 1419; x_wconf 88' lang='lat' dir='ltr'><strong>ponit</strong></span> <span class='ocrx_word' id='word_1_145' title='bbox 1418 1365 1513 1419; x_wconf 84' lang='lat' dir='ltr'><strong>pro</strong></span> <span class='ocrx_word' id='word_1_146' title='bbox 1556 1351 1728 1404; x_wconf 90' lang='lat' dir='ltr'><strong>amico</strong></span> <span class='ocrx_word' id='word_1_147' title='bbox 1773 1365 1871 1405; x_wconf 90' lang='lat' dir='ltr'><strong>suo</strong></span> 
     </span>
    </p>
   </div>
   <div class='ocr_carea' id='block_1_15' title="bbox 277 1441 1866 1514">
    <p class='ocr_par' dir='ltr' id='par_1_15' title="bbox 277 1441 1866 1514">
     <span class='ocr_line' id='line_1_15' title="bbox 277 1441 1866 1514; baseline 0.003 -21"><span class='ocrx_word' id='word_1_148' title='bbox 277 1441 478 1509; x_wconf 62' lang='lat' dir='ltr'><strong>(lin/ﬂ,</strong></span> <span class='ocrx_word' id='word_1_149' title='bbox 516 1443 606 1495; x_wconf 80' lang='lat' dir='ltr'><strong>lib.</strong></span> <span class='ocrx_word' id='word_1_150' title='bbox 659 1456 738 1504; x_wconf 83' lang='grc' dir='ltr'>ιιι,</span> <span class='ocrx_word' id='word_1_151' title='bbox 781 1458 833 1495; x_wconf 77' lang='grc' dir='ltr'>ιι.</span> <span class='ocrx_word' id='word_1_152' title='bbox 876 1441 1019 1507; x_wconf 64' lang='lat' dir='ltr'><strong>SOI;</strong></span> <span class='ocrx_word' id='word_1_153' title='bbox 1076 1442 1279 1514; x_wconf 63' lang='lat' dir='ltr'><strong>helag.,</strong></span> <span class='ocrx_word' id='word_1_154' title='bbox 1327 1443 1486 1497; x_wconf 77' lang='lat' dir='ltr'><strong>libell.</strong></span> <span class='ocrx_word' id='word_1_155' title='bbox 1524 1459 1648 1510; x_wconf 82' lang='lat' dir='ltr'><strong>xvu,</strong></span> <span class='ocrx_word' id='word_1_156' title='bbox 1680 1461 1734 1498; x_wconf 85' lang='grc' dir='ltr'><strong>η.</strong></span> <span class='ocrx_word' id='word_1_157' title='bbox 1774 1444 1866 1511; x_wconf 89' lang='lat' dir='ltr'><strong>l0;</strong></span> 
     </span>
    </p>
   </div>
   <div class='ocr_carea' id='block_1_16' title="bbox 271 1529 872 1598">
    <p class='ocr_par' dir='ltr' id='par_1_16' title="bbox 271 1529 872 1598">
     <span class='ocr_line' id='line_1_16' title="bbox 271 1529 872 1598; baseline 0.007 -15"><span class='ocrx_word' id='word_1_158' title='bbox 271 1529 494 1598; x_wconf 47' lang='lat' dir='ltr'><strong>Pasch&quot;</strong></span> <span class='ocrx_word' id='word_1_159' title='bbox 523 1549 566 1585; x_wconf 78' lang='grc' dir='ltr'><strong>ε.</strong></span> <span class='ocrx_word' id='word_1_160' title='bbox 599 1532 688 1597; x_wconf 85' lang='grc'><strong>57,</strong></span> <span class='ocrx_word' id='word_1_161' title='bbox 719 1550 770 1586; x_wconf 87' lang='lat' dir='ltr'><strong>n.</strong></span> <span class='ocrx_word' id='word_1_162' title='bbox 795 1533 872 1597; x_wconf 84' lang='lat'><strong>&#39;5).</strong></span> 
     </span>
    </p>
   </div>
   <div class='ocr_carea' id='block_1_17' title="bbox 349 1625 1870 1683">
    <p class='ocr_par' dir='ltr' id='par_1_17' title="bbox 349 1625 1870 1683">
     <span class='ocr_line' id='line_1_17' title="bbox 349 1625 1870 1683; baseline 0.004 -7"><span class='ocrx_word' id='word_1_163' title='bbox 349 1625 439 1678; x_wconf 70' lang='lat'><strong>15.</strong></span> <span class='ocrx_word' id='word_1_164' title='bbox 473 1625 613 1680; x_wconf 82' lang='lat' dir='ltr'><strong>.ltem</strong></span> <span class='ocrx_word' id='word_1_165' title='bbox 649 1626 810 1681; x_wconf 85' lang='lat' dir='ltr'><strong>abbas</strong></span> <span class='ocrx_word' id='word_1_166' title='bbox 843 1628 1100 1682; x_wconf 86' lang='lat' dir='ltr'><strong>Macarius</strong></span> <span class='ocrx_word' id='word_1_167' title='bbox 1125 1626 1262 1681; x_wconf 80' lang='lat' dir='ltr'><strong>dixit</strong></span> <span class='ocrx_word' id='word_1_168' title='bbox 1311 1647 1324 1682; x_wconf 93' lang='lat'>:</span> <span class='ocrx_word' id='word_1_169' title='bbox 1378 1627 1434 1683; x_wconf 89' lang='lat' dir='ltr'><strong>Si</strong></span> <span class='ocrx_word' id='word_1_170' title='bbox 1476 1628 1870 1683; x_wconf 87' lang='lat' dir='ltr'><strong>reminiscimur</strong></span> 
     </span>
    </p>
   </div>
   <div class='ocr_carea' id='block_1_18' title="bbox 267 1717 1867 1790">
    <p class='ocr_par' dir='ltr' id='par_1_18' title="bbox 267 1717 1867 1790">
     <span class='ocr_line' id='line_1_18' title="bbox 267 1717 1867 1790; baseline 0.004 -22"><span class='ocrx_word' id='word_1_171' title='bbox 267 1717 539 1770; x_wconf 82' lang='lat' dir='ltr'><strong>malorum</strong></span> <span class='ocrx_word' id='word_1_172' title='bbox 570 1732 690 1787; x_wconf 78' lang='lat' dir='ltr'><strong>qua:</strong></span> <span class='ocrx_word' id='word_1_173' title='bbox 727 1719 793 1771; x_wconf 91' lang='lat' dir='ltr'><strong>ab</strong></span> <span class='ocrx_word' id='word_1_174' title='bbox 824 1719 1127 1774; x_wconf 82' lang='lat' dir='ltr'><strong>hominibus</strong></span> <span class='ocrx_word' id='word_1_175' title='bbox 1156 1719 1407 1784; x_wconf 91' lang='lat' dir='ltr'><strong>patimur,</strong></span> <span class='ocrx_word' id='word_1_176' title='bbox 1459 1721 1729 1790; x_wconf 87' lang='lat' dir='ltr'><strong>perdimus</strong></span> <span class='ocrx_word' id='word_1_177' title='bbox 1760 1722 1867 1775; x_wconf 91' lang='lat' dir='ltr'><strong>vir-</strong></span> 
     </span>
    </p>
   </div>
   <div class='ocr_carea' id='block_1_19' title="bbox 1975 1067 3564 1140">
    <p class='ocr_par' dir='ltr' id='par_1_19' title="bbox 1975 1067 3564 1140">
     <span class='ocr_line' id='line_1_19' title="bbox 1975 1067 3564 1140; baseline 0.001 -16"><span class='ocrx_word' id='word_1_178' title='bbox 1975 1067 2177 1124; x_wconf 85' lang='lat' dir='ltr'><strong>Sedere</strong></span> <span class='ocrx_word' id='word_1_179' title='bbox 2205 1070 2256 1123; x_wconf 95' lang='lat' dir='ltr'><strong>in</strong></span> <span class='ocrx_word' id='word_1_180' title='bbox 2289 1071 2424 1124; x_wconf 85' lang='lat' dir='ltr'><strong>cella</strong></span> <span class='ocrx_word' id='word_1_181' title='bbox 2446 1079 2528 1124; x_wconf 87' lang='lat' dir='ltr'><strong>est</strong></span> <span class='ocrx_word' id='word_1_182' title='bbox 2549 1069 2834 1126; x_wconf 84' lang='lat' dir='ltr'><strong>manifeste</strong></span> <span class='ocrx_word' id='word_1_183' title='bbox 2856 1072 3065 1140; x_wconf 90' lang='lat' dir='ltr'><strong>operari</strong></span> <span class='ocrx_word' id='word_1_184' title='bbox 3095 1073 3358 1138; x_wconf 90' lang='lat' dir='ltr'><strong>manibus,</strong></span> <span class='ocrx_word' id='word_1_185' title='bbox 3384 1083 3435 1128; x_wconf 89' lang='lat' dir='ltr'><strong>et</strong></span> <span class='ocrx_word' id='word_1_186' title='bbox 3453 1088 3564 1126; x_wconf 90' lang='lat' dir='ltr'><strong>me-</strong></span> 
     </span>
    </p>
   </div>
   <div class='ocr_carea' id='block_1_20' title="bbox 1974 1159 3564 1235">
    <p class='ocr_par' dir='ltr' id='par_1_20' title="bbox 1974 1159 3564 1235">
     <span class='ocr_line' id='line_1_20' title="bbox 1974 1159 3564 1235; baseline 0.004 -23"><span class='ocrx_word' id='word_1_187' title='bbox 1974 1159 2129 1214; x_wconf 91' lang='lat' dir='ltr'><strong>ditari</strong></span> <span class='ocrx_word' id='word_1_188' title='bbox 2161 1160 2378 1215; x_wconf 80' lang='lat' dir='ltr'><strong>verbum</strong></span> <span class='ocrx_word' id='word_1_189' title='bbox 2413 1161 2528 1226; x_wconf 77' lang='lat' dir='ltr'><strong>Dei,</strong></span> <span class='ocrx_word' id='word_1_190' title='bbox 2553 1171 2614 1216; x_wconf 90' lang='lat' dir='ltr'><strong>.et</strong></span> <span class='ocrx_word' id='word_1_191' title='bbox 2641 1163 2937 1231; x_wconf 87' lang='lat' dir='ltr'><strong>quiescere,</strong></span> <span class='ocrx_word' id='word_1_192' title='bbox 2980 1173 3036 1218; x_wconf 90' lang='lat' dir='ltr'><strong>et</strong></span> <span class='ocrx_word' id='word_1_193' title='bbox 3083 1165 3318 1220; x_wconf 86' lang='lat' dir='ltr'><strong>solitarie</strong></span> <span class='ocrx_word' id='word_1_194' title='bbox 3373 1181 3564 1235; x_wconf 91' lang='lat' dir='ltr'><strong>panem</strong></span> 
     </span>
    </p>
   </div>
   <div class='ocr_carea' id='block_1_21' title="bbox 1976 1250 3563 1324">
    <p class='ocr_par' dir='ltr' id='par_1_21' title="bbox 1976 1250 3563 1324">
     <span class='ocr_line' id='line_1_21' title="bbox 1976 1250 3563 1324; baseline 0.006 -22"><span class='ocrx_word' id='word_1_195' title='bbox 1976 1259 2178 1305; x_wconf 88' lang='lat' dir='ltr'><strong>tantum</strong></span> <span class='ocrx_word' id='word_1_196' title='bbox 2210 1250 2392 1307; x_wconf 87' lang='lat' dir='ltr'><strong>edere.</strong></span> <span class='ocrx_word' id='word_1_197' title='bbox 2421 1253 2728 1307; x_wconf 85' lang='lat' dir='ltr'><strong>Absconsus</strong></span> <span class='ocrx_word' id='word_1_198' title='bbox 2758 1269 2883 1309; x_wconf 87' lang='lat' dir='ltr'><strong>vero</strong></span> <span class='ocrx_word' id='word_1_199' title='bbox 2927 1255 3198 1324; x_wconf 87' lang='lat' dir='ltr'><strong>profectus</strong></span> <span class='ocrx_word' id='word_1_200' title='bbox 3245 1265 3328 1311; x_wconf 89' lang='lat' dir='ltr'><strong>est</strong></span> <span class='ocrx_word' id='word_1_201' title='bbox 3374 1258 3563 1312; x_wconf 61' lang='lat' dir='ltr'><strong>sedeuo</strong></span> 
     </span>
    </p>
   </div>
   <div class='ocr_carea' id='block_1_22' title="bbox 1975 1344 3564 1420">
    <p class='ocr_par' dir='ltr' id='par_1_22' title="bbox 1975 1344 3564 1420">
     <span class='ocr_line' id='line_1_22' title="bbox 1975 1344 3564 1420; baseline 0.006 -24"><span class='ocrx_word' id='word_1_202' title='bbox 1975 1351 2079 1396; x_wconf 88' lang='lat' dir='ltr'><strong>tem</strong></span> <span class='ocrx_word' id='word_1_203' title='bbox 2099 1358 2221 1398; x_wconf 88' lang='lat' dir='ltr'><strong>suas</strong></span> <span class='ocrx_word' id='word_1_204' title='bbox 2237 1344 2682 1413; x_wconf 85' lang='lat' dir='ltr'><strong>reprehensiones</strong></span> <span class='ocrx_word' id='word_1_205' title='bbox 2698 1362 2909 1416; x_wconf 89' lang='lat' dir='ltr'><strong>semper</strong></span> <span class='ocrx_word' id='word_1_206' title='bbox 2935 1360 3161 1405; x_wconf 88' lang='lat' dir='ltr'><strong>arctare.</strong></span> <span class='ocrx_word' id='word_1_207' title='bbox 3183 1350 3245 1404; x_wconf 87' lang='lat' dir='ltr'><strong>Et</strong></span> <span class='ocrx_word' id='word_1_208' title='bbox 3265 1351 3564 1420; x_wconf 72' lang='lat' dir='ltr'><strong>ubicunque</strong></span> 
     </span>
    </p>
   </div>
   <div class='ocr_carea' id='block_1_23' title="bbox 1973 1436 3562 1514">
    <p class='ocr_par' dir='ltr' id='par_1_23' title="bbox 1973 1436 3562 1514">
     <span class='ocr_line' id='line_1_23' title="bbox 1973 1436 3562 1514; baseline 0.008 -26"><span class='ocrx_word' id='word_1_209' title='bbox 1973 1436 2140 1503; x_wconf 83' lang='lat' dir='ltr'><strong>vadit,</strong></span> <span class='ocrx_word' id='word_1_210' title='bbox 2171 1436 2470 1492; x_wconf 88' lang='lat' dir='ltr'><strong>orationum</strong></span> <span class='ocrx_word' id='word_1_211' title='bbox 2501 1441 2787 1495; x_wconf 91' lang='lat' dir='ltr'><strong>canonicas</strong></span> <span class='ocrx_word' id='word_1_212' title='bbox 2816 1443 2974 1498; x_wconf 88' lang='lat' dir='ltr'><strong>horas</strong></span> <span class='ocrx_word' id='word_1_213' title='bbox 3004 1444 3248 1514; x_wconf 89' lang='lat' dir='ltr'><strong>implere,</strong></span> <span class='ocrx_word' id='word_1_214' title='bbox 3297 1456 3348 1500; x_wconf 90' lang='lat' dir='ltr'><strong>et</strong></span> <span class='ocrx_word' id='word_1_215' title='bbox 3383 1461 3562 1500; x_wconf 87' lang='lat' dir='ltr'><strong>secre-</strong></span> 
     </span>
    </p>
   </div>
   <div class='ocr_carea' id='block_1_24' title="bbox 1975 1527 3562 1605">
    <p class='ocr_par' dir='ltr' id='par_1_24' title="bbox 1975 1527 3562 1605">
     <span class='ocr_line' id='line_1_24' title="bbox 1975 1527 3562 1605; baseline 0.009 -25"><span class='ocrx_word' id='word_1_216' title='bbox 1975 1527 2083 1581; x_wconf 88' lang='lat' dir='ltr'><strong>tius</strong></span> <span class='ocrx_word' id='word_1_217' title='bbox 2116 1544 2218 1581; x_wconf 90' lang='lat' dir='ltr'><strong>non</strong></span> <span class='ocrx_word' id='word_1_218' title='bbox 2246 1530 2536 1600; x_wconf 76' lang='lat' dir='ltr'><strong>negligere,</strong></span> <span class='ocrx_word' id='word_1_219' title='bbox 2567 1531 2660 1586; x_wconf 89' lang='lat' dir='ltr'><strong>sed</strong></span> <span class='ocrx_word' id='word_1_220' title='bbox 2690 1534 2979 1600; x_wconf 88' lang='lat' dir='ltr'><strong>meditare;</strong></span> <span class='ocrx_word' id='word_1_221' title='bbox 3017 1547 3290 1605; x_wconf 77' lang='lat' dir='ltr'><strong>postremo</strong></span> <span class='ocrx_word' id='word_1_222' title='bbox 3335 1554 3562 1595; x_wconf 88' lang='lat' dir='ltr'><strong>conver-</strong></span> 
     </span>
    </p>
   </div>
   <div class='ocr_carea' id='block_1_25' title="bbox 1973 1617 3431 1689">
    <p class='ocr_par' dir='ltr' id='par_1_25' title="bbox 1973 1617 3431 1689">
     <span class='ocr_line' id='line_1_25' title="bbox 1973 1617 3431 1689; baseline 0.013 -20"><span class='ocrx_word' id='word_1_223' title='bbox 1973 1617 2238 1673; x_wconf 89' lang='lat' dir='ltr'><strong>sationem</strong></span> <span class='ocrx_word' id='word_1_224' title='bbox 2272 1619 2464 1676; x_wconf 90' lang='lat' dir='ltr'><strong>bonam</strong></span> <span class='ocrx_word' id='word_1_225' title='bbox 2491 1622 2741 1689; x_wconf 89' lang='lat' dir='ltr'><strong>retinere,</strong></span> <span class='ocrx_word' id='word_1_226' title='bbox 2776 1640 2805 1678; x_wconf 88' lang='lat' dir='ltr'><strong>a</strong></span> <span class='ocrx_word' id='word_1_227' title='bbox 2837 1627 2975 1680; x_wconf 92' lang='lat' dir='ltr'><strong>malo</strong></span> <span class='ocrx_word' id='word_1_228' title='bbox 3005 1643 3132 1682; x_wconf 92' lang='lat' dir='ltr'><strong>vero</strong></span> <span class='ocrx_word' id='word_1_229' title='bbox 3158 1631 3431 1688; x_wconf 85' lang='lat' dir='ltr'><strong>recedere.</strong></span> 
     </span>
    </p>
   </div>
   <div class='ocr_carea' id='block_1_26' title="bbox 2041 1706 3560 1791">
    <p class='ocr_par' dir='ltr' id='par_1_26' title="bbox 2041 1706 3560 1791">
     <span class='ocr_line' id='line_1_26' title="bbox 2041 1706 3560 1791; baseline 0.014 -34"><span class='ocrx_word' id='word_1_230' title='bbox 2041 1706 2130 1762; x_wconf 73' lang='lat'><strong>2‘2.</strong></span> <span class='ocrx_word' id='word_1_231' title='bbox 2174 1709 2530 1782; x_wconf 85' lang='lat' dir='ltr'><strong>Interrogavit</strong></span> <span class='ocrx_word' id='word_1_232' title='bbox 2575 1713 2737 1769; x_wconf 89' lang='lat' dir='ltr'><strong>frater</strong></span> <span class='ocrx_word' id='word_1_233' title='bbox 2776 1730 2958 1772; x_wconf 87' lang='lat' dir='ltr'><strong>senem</strong></span> <span class='ocrx_word' id='word_1_234' title='bbox 3002 1717 3232 1789; x_wconf 84' lang='lat' dir='ltr'><strong>(Pelag.,</strong></span> <span class='ocrx_word' id='word_1_235' title='bbox 3281 1722 3437 1777; x_wconf 80' lang='lat' dir='ltr'><strong>libell.</strong></span> <span class='ocrx_word' id='word_1_236' title='bbox 3482 1741 3560 1791; x_wconf 88' lang='lat' dir='ltr'><strong>Ill,</strong></span> 
     </span>
    </p>
   </div>
   <div class='ocr_carea' id='block_1_27' title="bbox 275 1797 1871 1878">
    <p class='ocr_par' dir='ltr' id='par_1_27' title="bbox 275 1811 1866 1878">
     <span class='ocr_line' id='line_1_27' title="bbox 275 1811 1866 1878; baseline 0.004 -16"><span class='ocrx_word' id='word_1_237' title='bbox 275 1819 447 1864; x_wconf 88' lang='lat' dir='ltr'><strong>tutctn</strong></span> <span class='ocrx_word' id='word_1_238' title='bbox 481 1811 751 1865; x_wconf 75' lang='lat' dir='ltr'><strong>memorim</strong></span> <span class='ocrx_word' id='word_1_239' title='bbox 793 1812 918 1878; x_wconf 83' lang='lat' dir='ltr'><strong>Dei;</strong></span> <span class='ocrx_word' id='word_1_240' title='bbox 961 1812 1003 1866; x_wconf 90' lang='lat' dir='ltr'><strong>si</strong></span> <span class='ocrx_word' id='word_1_241' title='bbox 1052 1822 1230 1868; x_wconf 90' lang='lat' dir='ltr'><strong>autem</strong></span> <span class='ocrx_word' id='word_1_242' title='bbox 1273 1815 1569 1868; x_wconf 89' lang='lat' dir='ltr'><strong>recolamus</strong></span> <span class='ocrx_word' id='word_1_243' title='bbox 1604 1815 1866 1869; x_wconf 91' lang='lat' dir='ltr'><strong>malorum</strong></span> 
     </span>
    </p>
   </div>
   <div class='ocr_carea' id='block_1_28' title="bbox 1989 1797 3564 1878">
    <p class='ocr_par' dir='ltr' id='par_1_28' title="bbox 1991 1797 3564 1874">
     <span class='ocr_line' id='line_1_28' title="bbox 1991 1797 3564 1874; baseline 0.013 -24"><span class='ocrx_word' id='word_1_244' title='bbox 1991 1815 2026 1850; x_wconf 84' lang='lat' dir='ltr'><strong>t.</strong></span> <span class='ocrx_word' id='word_1_245' title='bbox 2052 1797 2151 1865; x_wconf 70' lang='lat'><strong>2:2;</strong></span> <span class='ocrx_word' id='word_1_246' title='bbox 2186 1799 2460 1869; x_wconf 68' lang='lat' dir='ltr'><strong>Pass/103.,</strong></span> <span class='ocrx_word' id='word_1_247' title='bbox 2486 1821 2533 1858; x_wconf 87' lang='lat' dir='ltr'><strong>c.</strong></span> <span class='ocrx_word' id='word_1_248' title='bbox 2565 1804 2654 1873; x_wconf 75' lang='grc'><strong>21,</strong></span> <span class='ocrx_word' id='word_1_249' title='bbox 2689 1824 2741 1861; x_wconf 89' lang='lat' dir='ltr'><strong>n.</strong></span> <span class='ocrx_word' id='word_1_250' title='bbox 2769 1806 2846 1874; x_wconf 78' lang='grc'><strong>4),</strong></span> <span class='ocrx_word' id='word_1_251' title='bbox 2871 1808 3055 1864; x_wconf 90' lang='lat' dir='ltr'><strong>dicens</strong></span> <span class='ocrx_word' id='word_1_252' title='bbox 3088 1828 3100 1862; x_wconf 91' lang='lat'>:</span> <span class='ocrx_word' id='word_1_253' title='bbox 3131 1811 3234 1865; x_wconf 86' lang='lat' dir='ltr'><strong>Cor</strong></span> <span class='ocrx_word' id='word_1_254' title='bbox 3258 1828 3434 1869; x_wconf 90' lang='lat' dir='ltr'><strong>meum</strong></span> <span class='ocrx_word' id='word_1_255' title='bbox 3461 1816 3564 1870; x_wconf 90' lang='lat' dir='ltr'><strong>du-</strong></span> 
     </span>
    </p>
   </div>
   <div class='ocr_carea' id='block_1_29' title="bbox 274 1903 1866 1973">
    <p class='ocr_par' dir='ltr' id='par_1_29' title="bbox 274 1903 1866 1973">
     <span class='ocr_line' id='line_1_29' title="bbox 274 1903 1866 1973; baseline 0.002 -17"><span class='ocrx_word' id='word_1_256' title='bbox 274 1919 401 1972; x_wconf 75' lang='lat' dir='ltr'><strong>qua:</strong></span> <span class='ocrx_word' id='word_1_257' title='bbox 430 1918 456 1954; x_wconf 88' lang='lat' dir='ltr'><strong>a</strong></span> <span class='ocrx_word' id='word_1_258' title='bbox 488 1903 820 1957; x_wconf 71' lang='lat' dir='ltr'><strong>dmmonibus</strong></span> <span class='ocrx_word' id='word_1_259' title='bbox 863 1903 1117 1972; x_wconf 88' lang='lat' dir='ltr'><strong>patimur,</strong></span> <span class='ocrx_word' id='word_1_260' title='bbox 1166 1905 1285 1960; x_wconf 90' lang='lat' dir='ltr'><strong>sine</strong></span> <span class='ocrx_word' id='word_1_261' title='bbox 1333 1904 1733 1973; x_wconf 88' lang='lat' dir='ltr'><strong>perturbatione</strong></span> <span class='ocrx_word' id='word_1_262' title='bbox 1761 1905 1866 1959; x_wconf 91' lang='lat' dir='ltr'><strong>eri-</strong></span> 
     </span>
    </p>
   </div>
   <div class='ocr_carea' id='block_1_30' title="bbox 269 1995 1864 2067">
    <p class='ocr_par' dir='ltr' id='par_1_30' title="bbox 269 1995 1864 2067">
     <span class='ocr_line' id='line_1_30' title="bbox 269 1995 1864 2067; baseline 0.001 -17"><span class='ocrx_word' id='word_1_263' title='bbox 269 2013 395 2050; x_wconf 84' lang='lat' dir='ltr'><strong>mus</strong></span> <span class='ocrx_word' id='word_1_264' title='bbox 469 1995 699 2067; x_wconf 72' lang='lat' dir='ltr'><strong>(Pelag.,</strong></span> <span class='ocrx_word' id='word_1_265' title='bbox 757 1997 914 2052; x_wconf 78' lang='lat' dir='ltr'><strong>libell.</strong></span> <span class='ocrx_word' id='word_1_266' title='bbox 962 2014 1014 2063; x_wconf 84' lang='lat' dir='ltr'><strong>x,</strong></span> <span class='ocrx_word' id='word_1_267' title='bbox 1079 2015 1132 2053; x_wconf 87' lang='grc' dir='ltr'><strong>η.</strong></span> <span class='ocrx_word' id='word_1_268' title='bbox 1187 1997 1288 2065; x_wconf 69' lang='grc'><strong>54;</strong></span> <span class='ocrx_word' id='word_1_269' title='bbox 1349 1997 1617 2064; x_wconf 77' lang='lat' dir='ltr'><strong>Pnscltas.,</strong></span> <span class='ocrx_word' id='word_1_270' title='bbox 1671 2015 1718 2054; x_wconf 69' lang='grc' dir='ltr'><strong>ε.</strong></span> <span class='ocrx_word' id='word_1_271' title='bbox 1773 1999 1864 2065; x_wconf 83' lang='lat'><strong>&#39;57,</strong></span> 
     </span>
    </p>
   </div>
   <div class='ocr_carea' id='block_1_31' title="bbox 268 2086 437 2155">
    <p class='ocr_par' dir='ltr' id='par_1_31' title="bbox 268 2086 437 2155">
     <span class='ocr_line' id='line_1_31' title="bbox 268 2086 437 2155; baseline 0.024 -17"><span class='ocrx_word' id='word_1_272' title='bbox 268 2102 328 2140; x_wconf 76' lang='grc' dir='ltr'><strong>η.</strong></span> <span class='ocrx_word' id='word_1_273' title='bbox 358 2086 437 2155; x_wconf 71' lang='grc'><strong>4).</strong></span> 
     </span>
    </p>
   </div>
   <div class='ocr_carea' id='block_1_32' title="bbox 355 2178 1866 2248">
    <p class='ocr_par' dir='ltr' id='par_1_32' title="bbox 355 2178 1866 2248">
     <span class='ocr_line' id='line_1_32' title="bbox 355 2178 1866 2248; baseline 0.003 -16"><span class='ocrx_word' id='word_1_274' title='bbox 355 2179 444 2233; x_wconf 77' lang='grc'><strong>16.</strong></span> <span class='ocrx_word' id='word_1_275' title='bbox 489 2178 630 2234; x_wconf 89' lang='lat' dir='ltr'><strong>Idem</strong></span> <span class='ocrx_word' id='word_1_276' title='bbox 662 2180 792 2234; x_wconf 83' lang='lat' dir='ltr'><strong>dixit</strong></span> <span class='ocrx_word' id='word_1_277' title='bbox 817 2198 830 2233; x_wconf 90' lang='lat'><strong>:</strong></span> <span class='ocrx_word' id='word_1_278' title='bbox 858 2179 1022 2248; x_wconf 82' lang='lat' dir='ltr'><strong>Culpa</strong></span> <span class='ocrx_word' id='word_1_279' title='bbox 1049 2188 1131 2235; x_wconf 90' lang='lat' dir='ltr'><strong>est</strong></span> <span class='ocrx_word' id='word_1_280' title='bbox 1152 2183 1424 2245; x_wconf 78' lang='lat' dir='ltr'><strong>monachi,</strong></span> <span class='ocrx_word' id='word_1_281' title='bbox 1454 2185 1500 2235; x_wconf 87' lang='lat' dir='ltr'><strong>si</strong></span> <span class='ocrx_word' id='word_1_282' title='bbox 1527 2185 1684 2236; x_wconf 72' lang='lat' dir='ltr'><strong>laesus</strong></span> <span class='ocrx_word' id='word_1_283' title='bbox 1706 2197 1734 2236; x_wconf 92' lang='lat' dir='ltr'><strong>a</strong></span> <span class='ocrx_word' id='word_1_284' title='bbox 1762 2185 1866 2236; x_wconf 87' lang='lat' dir='ltr'><strong>fra-</strong></span> 
     </span>
    </p>
   </div>
   <div class='ocr_carea' id='block_1_33' title="bbox 274 2272 1866 2342">
    <p class='ocr_par' dir='ltr' id='par_1_33' title="bbox 274 2272 1866 2342">
     <span class='ocr_line' id='line_1_33' title="bbox 274 2272 1866 2342; baseline 0.003 -18"><span class='ocrx_word' id='word_1_285' title='bbox 274 2281 362 2326; x_wconf 91' lang='lat' dir='ltr'><strong>tre</strong></span> <span class='ocrx_word' id='word_1_286' title='bbox 392 2282 484 2325; x_wconf 87' lang='lat' dir='ltr'><strong>aut</strong></span> <span class='ocrx_word' id='word_1_287' title='bbox 515 2272 812 2341; x_wconf 90' lang='lat' dir='ltr'><strong>injuriatus,</strong></span> <span class='ocrx_word' id='word_1_288' title='bbox 846 2272 1049 2341; x_wconf 88' lang='lat' dir='ltr'><strong>primus</strong></span> <span class='ocrx_word' id='word_1_289' title='bbox 1072 2273 1148 2326; x_wconf 94' lang='lat' dir='ltr'><strong>illi</strong></span> <span class='ocrx_word' id='word_1_290' title='bbox 1171 2284 1394 2342; x_wconf 85' lang='lat' dir='ltr'><strong>purgato</strong></span> <span class='ocrx_word' id='word_1_291' title='bbox 1421 2273 1583 2328; x_wconf 88' lang='lat' dir='ltr'><strong>corde</strong></span> <span class='ocrx_word' id='word_1_292' title='bbox 1613 2274 1664 2327; x_wconf 88' lang='lat' dir='ltr'><strong>in</strong></span> <span class='ocrx_word' id='word_1_293' title='bbox 1691 2273 1866 2328; x_wconf 85' lang='lat' dir='ltr'><strong>chari-</strong></span> 
     </span>
    </p>
   </div>
   <div class='ocr_carea' id='block_1_34' title="bbox 265 2362 1869 2420">
    <p class='ocr_par' dir='ltr' id='par_1_34' title="bbox 265 2362 1869 2420">
     <span class='ocr_line' id='line_1_34' title="bbox 265 2362 1869 2420; baseline 0.002 -6"><span class='ocrx_word' id='word_1_294' title='bbox 265 2372 390 2416; x_wconf 84' lang='lat' dir='ltr'><strong>tate</strong></span> <span class='ocrx_word' id='word_1_295' title='bbox 419 2377 524 2416; x_wconf 91' lang='lat' dir='ltr'><strong>non</strong></span> <span class='ocrx_word' id='word_1_296' title='bbox 555 2371 822 2417; x_wconf 89' lang='lat' dir='ltr'><strong>occurrat.</strong></span> <span class='ocrx_word' id='word_1_297' title='bbox 853 2362 984 2417; x_wconf 84' lang='lat' dir='ltr'><strong>Nam</strong></span> <span class='ocrx_word' id='word_1_298' title='bbox 1012 2363 1306 2418; x_wconf 90' lang='lat' dir='ltr'><strong>Sunamitis</strong></span> <span class='ocrx_word' id='word_1_299' title='bbox 1336 2379 1440 2418; x_wconf 91' lang='lat' dir='ltr'><strong>non</strong></span> <span class='ocrx_word' id='word_1_300' title='bbox 1472 2365 1758 2420; x_wconf 91' lang='lat' dir='ltr'><strong>meruisset</strong></span> <span class='ocrx_word' id='word_1_301' title='bbox 1777 2380 1869 2417; x_wconf 86' lang='lat' dir='ltr'><strong>su-</strong></span> 
     </span>
    </p>
   </div>
   <div class='ocr_carea' id='block_1_35' title="bbox 267 2454 1868 2525">
    <p class='ocr_par' dir='ltr' id='par_1_35' title="bbox 267 2454 1868 2525">
     <span class='ocr_line' id='line_1_35' title="bbox 267 2454 1868 2525; baseline 0.004 -19"><span class='ocrx_word' id='word_1_302' title='bbox 267 2454 489 2521; x_wconf 85' lang='lat' dir='ltr'><strong>scipere</strong></span> <span class='ocrx_word' id='word_1_303' title='bbox 536 2454 784 2508; x_wconf 78' lang='lat' dir='ltr'><strong>Elisacum</strong></span> <span class='ocrx_word' id='word_1_304' title='bbox 819 2456 870 2508; x_wconf 92' lang='lat' dir='ltr'><strong>in</strong></span> <span class='ocrx_word' id='word_1_305' title='bbox 900 2457 1062 2509; x_wconf 93' lang='lat' dir='ltr'><strong>domo</strong></span> <span class='ocrx_word' id='word_1_306' title='bbox 1103 2471 1221 2523; x_wconf 87' lang='lat' dir='ltr'><strong>sua,</strong></span> <span class='ocrx_word' id='word_1_307' title='bbox 1273 2456 1374 2510; x_wconf 92' lang='lat' dir='ltr'><strong>nisi</strong></span> <span class='ocrx_word' id='word_1_308' title='bbox 1415 2457 1535 2525; x_wconf 90' lang='lat' dir='ltr'><strong>quia</strong></span> <span class='ocrx_word' id='word_1_309' title='bbox 1565 2471 1686 2511; x_wconf 89' lang='lat' dir='ltr'><strong>cum</strong></span> <span class='ocrx_word' id='word_1_310' title='bbox 1720 2457 1868 2512; x_wconf 91' lang='lat' dir='ltr'><strong>nullo</strong></span> 
     </span>
    </p>
   </div>
   <div class='ocr_carea' id='block_1_36' title="bbox 268 2544 1865 2618">
    <p class='ocr_par' dir='ltr' id='par_1_36' title="bbox 268 2544 1865 2618">
     <span class='ocr_line' id='line_1_36' title="bbox 268 2544 1865 2618; baseline 0.006 -23"><span class='ocrx_word' id='word_1_311' title='bbox 268 2544 511 2611; x_wconf 84' lang='lat' dir='ltr'><strong>aliquam</strong></span> <span class='ocrx_word' id='word_1_312' title='bbox 543 2544 724 2598; x_wconf 85' lang='lat' dir='ltr'><strong>habuit</strong></span> <span class='ocrx_word' id='word_1_313' title='bbox 749 2561 985 2600; x_wconf 87' lang='lat' dir='ltr'><strong>causam.</strong></span> <span class='ocrx_word' id='word_1_314' title='bbox 1036 2546 1330 2602; x_wconf 90' lang='lat' dir='ltr'><strong>Sunamitis</strong></span> <span class='ocrx_word' id='word_1_315' title='bbox 1383 2556 1500 2602; x_wconf 84' lang='lat' dir='ltr'><strong>erat</strong></span> <span class='ocrx_word' id='word_1_316' title='bbox 1538 2549 1590 2601; x_wconf 94' lang='lat' dir='ltr'><strong>in</strong></span> <span class='ocrx_word' id='word_1_317' title='bbox 1637 2565 1865 2618; x_wconf 86' lang='lat' dir='ltr'><strong>persona</strong></span> 
     </span>
    </p>
   </div>
   <div class='ocr_carea' id='block_1_37' title="bbox 268 2638 1862 2714">
    <p class='ocr_par' dir='ltr' id='par_1_37' title="bbox 268 2638 1862 2714">
     <span class='ocr_line' id='line_1_37' title="bbox 268 2638 1862 2714; baseline 0.006 -25"><span class='ocrx_word' id='word_1_318' title='bbox 268 2638 494 2704; x_wconf 64' lang='lat' dir='ltr'><strong>anima},</strong></span> <span class='ocrx_word' id='word_1_319' title='bbox 520 2650 571 2693; x_wconf 90' lang='lat' dir='ltr'><strong>et</strong></span> <span class='ocrx_word' id='word_1_320' title='bbox 590 2639 810 2694; x_wconf 70' lang='lat' dir='ltr'><strong>Elismus</strong></span> <span class='ocrx_word' id='word_1_321' title='bbox 835 2641 887 2693; x_wconf 92' lang='lat' dir='ltr'><strong>in</strong></span> <span class='ocrx_word' id='word_1_322' title='bbox 913 2655 1140 2710; x_wconf 90' lang='lat' dir='ltr'><strong>persona</strong></span> <span class='ocrx_word' id='word_1_323' title='bbox 1155 2641 1386 2712; x_wconf 86' lang='lat' dir='ltr'><strong>Spiritus</strong></span> <span class='ocrx_word' id='word_1_324' title='bbox 1405 2645 1572 2698; x_wconf 90' lang='lat' dir='ltr'><strong>sancti</strong></span> <span class='ocrx_word' id='word_1_325' title='bbox 1593 2646 1862 2714; x_wconf 85' lang='lat' dir='ltr'><strong>figuratus,</strong></span> 
     </span>
    </p>
   </div>
   <div class='ocr_carea' id='block_1_38' title="bbox 268 2728 1863 2804">
    <p class='ocr_par' dir='ltr' id='par_1_38' title="bbox 268 2728 1863 2804">
     <span class='ocr_line' id='line_1_38' title="bbox 268 2728 1863 2804; baseline 0.006 -22"><span class='ocrx_word' id='word_1_326' title='bbox 268 2728 380 2782; x_wconf 90' lang='lat' dir='ltr'><strong>nisi</strong></span> <span class='ocrx_word' id='word_1_327' title='bbox 411 2744 538 2797; x_wconf 89' lang='lat' dir='ltr'><strong>pura</strong></span> <span class='ocrx_word' id='word_1_328' title='bbox 580 2732 753 2782; x_wconf 86' lang='lat' dir='ltr'><strong>anima</strong></span> <span class='ocrx_word' id='word_1_329' title='bbox 780 2747 882 2784; x_wconf 85' lang='lat' dir='ltr'><strong>non</strong></span> <span class='ocrx_word' id='word_1_330' title='bbox 915 2743 1148 2787; x_wconf 84' lang='lat' dir='ltr'><strong>meretur</strong></span> <span class='ocrx_word' id='word_1_331' title='bbox 1169 2735 1442 2803; x_wconf 87' lang='lat' dir='ltr'><strong>suscipere</strong></span> <span class='ocrx_word' id='word_1_332' title='bbox 1465 2734 1720 2804; x_wconf 86' lang='lat' dir='ltr'><strong>Spiritum</strong></span> <span class='ocrx_word' id='word_1_333' title='bbox 1747 2737 1863 2792; x_wconf 89' lang='lat' dir='ltr'><strong>Dei.</strong></span> 
     </span>
    </p>
   </div>
   <div class='ocr_carea' id='block_1_39' title="bbox 260 2820 1866 2892">
    <p class='ocr_par' dir='ltr' id='par_1_39' title="bbox 260 2820 1866 2892">
     <span class='ocr_line' id='line_1_39' title="bbox 260 2820 1866 2892; baseline 0.008 -20"><span class='ocrx_word' id='word_1_334' title='bbox 260 2820 404 2876; x_wconf 71' lang='lat' dir='ltr'><strong>ideo</strong></span> <span class='ocrx_word' id='word_1_335' title='bbox 430 2822 505 2876; x_wconf 90' lang='lat' dir='ltr'><strong>ira</strong></span> <span class='ocrx_word' id='word_1_336' title='bbox 538 2823 828 2878; x_wconf 81' lang='lat' dir='ltr'><strong>inveterata</strong></span> <span class='ocrx_word' id='word_1_337' title='bbox 855 2836 1088 2879; x_wconf 77' lang='lat' dir='ltr'><strong>exczetat</strong></span> <span class='ocrx_word' id='word_1_338' title='bbox 1117 2827 1301 2880; x_wconf 91' lang='lat' dir='ltr'><strong>oculos</strong></span> <span class='ocrx_word' id='word_1_339' title='bbox 1329 2828 1526 2892; x_wconf 88' lang='lat' dir='ltr'><strong>cordis,</strong></span> <span class='ocrx_word' id='word_1_340' title='bbox 1551 2837 1606 2883; x_wconf 92' lang='lat' dir='ltr'><strong>et</strong></span> <span class='ocrx_word' id='word_1_341' title='bbox 1632 2830 1866 2885; x_wconf 88' lang='lat' dir='ltr'><strong>animam</strong></span> 
     </span>
    </p>
   </div>
   <div class='ocr_carea' id='block_1_40' title="bbox 269 2911 1863 2985">
    <p class='ocr_par' dir='ltr' id='par_1_40' title="bbox 269 2911 1863 2985">
     <span class='ocr_line' id='line_1_40' title="bbox 269 2911 1863 2985; baseline 0.004 -22"><span class='ocrx_word' id='word_1_342' title='bbox 269 2911 517 2965; x_wconf 78' lang='lat' dir='ltr'><strong>excludit</strong></span> <span class='ocrx_word' id='word_1_343' title='bbox 545 2913 612 2966; x_wconf 92' lang='lat' dir='ltr'><strong>ab</strong></span> <span class='ocrx_word' id='word_1_344' title='bbox 642 2915 882 2968; x_wconf 88' lang='lat' dir='ltr'><strong>oratione</strong></span> <span class='ocrx_word' id='word_1_345' title='bbox 914 2912 1118 2985; x_wconf 85' lang='lat' dir='ltr'><strong>(Joan.,</strong></span> <span class='ocrx_word' id='word_1_346' title='bbox 1151 2914 1310 2969; x_wconf 81' lang='lat' dir='ltr'><strong>libell.</strong></span> <span class='ocrx_word' id='word_1_347' title='bbox 1341 2931 1380 2984; x_wconf 86' lang='grc' dir='ltr'>ι,</span> <span class='ocrx_word' id='word_1_348' title='bbox 1410 2933 1462 2970; x_wconf 83' lang='grc' dir='ltr'><strong>η.</strong></span> <span class='ocrx_word' id='word_1_349' title='bbox 1492 2917 1554 2981; x_wconf 88' lang='lat'><strong>7;</strong></span> <span class='ocrx_word' id='word_1_350' title='bbox 1589 2916 1863 2985; x_wconf 76' lang='lat' dir='ltr'><strong>Paschas..,</strong></span> 
     </span>
    </p>
   </div>
   <div class='ocr_carea' id='block_1_41' title="bbox 269 3003 616 3073">
    <p class='ocr_par' dir='ltr' id='par_1_41' title="bbox 269 3003 616 3073">
     <span class='ocr_line' id='line_1_41' title="bbox 269 3003 616 3073; baseline 0.012 -19"><span class='ocrx_word' id='word_1_351' title='bbox 269 3018 316 3054; x_wconf 74' lang='grc' dir='ltr'><strong>ε.</strong></span> <span class='ocrx_word' id='word_1_352' title='bbox 348 3003 439 3067; x_wconf 80' lang='lat'><strong>57,</strong></span> <span class='ocrx_word' id='word_1_353' title='bbox 459 3021 516 3056; x_wconf 82' lang='grc' dir='ltr'>ιι.</span> <span class='ocrx_word' id='word_1_354' title='bbox 543 3005 616 3073; x_wconf 74' lang='grc'><strong>4).</strong></span> 
     </span>
    </p>
   </div>
   <div class='ocr_carea' id='block_1_42' title="bbox 352 3092 1862 3164">
    <p class='ocr_par' dir='ltr' id='par_1_42' title="bbox 352 3092 1862 3164">
     <span class='ocr_line' id='line_1_42' title="bbox 352 3092 1862 3164; baseline 0.01 -21"><span class='ocrx_word' id='word_1_355' title='bbox 352 3092 438 3146; x_wconf 80' lang='grc'><strong>17.</strong></span> <span class='ocrx_word' id='word_1_356' title='bbox 486 3095 949 3164; x_wconf 75' lang='lat' dir='ltr'><strong>Interrogavcrunt</strong></span> <span class='ocrx_word' id='word_1_357' title='bbox 977 3098 1169 3154; x_wconf 89' lang='lat' dir='ltr'><strong>fratres</strong></span> <span class='ocrx_word' id='word_1_358' title='bbox 1191 3099 1438 3154; x_wconf 89' lang='lat' dir='ltr'><strong>abhatem</strong></span> <span class='ocrx_word' id='word_1_359' title='bbox 1467 3098 1862 3158; x_wconf 73' lang='lat' dir='ltr'><strong>Pmtnenionem</strong></span> 
     </span>
    </p>
   </div>
   <div class='ocr_carea' id='block_1_43' title="bbox 1978 1896 3560 1973">
    <p class='ocr_par' dir='ltr' id='par_1_43' title="bbox 1978 1896 3560 1973">
     <span class='ocr_line' id='line_1_43' title="bbox 1978 1896 3560 1973; baseline 0.012 -31"><span class='ocrx_word' id='word_1_360' title='bbox 1978 1903 2094 1944; x_wconf 92' lang='lat' dir='ltr'><strong>rum</strong></span> <span class='ocrx_word' id='word_1_361' title='bbox 2127 1901 2230 1956; x_wconf 92' lang='lat' dir='ltr'><strong>est,</strong></span> <span class='ocrx_word' id='word_1_362' title='bbox 2253 1902 2308 1947; x_wconf 91' lang='lat' dir='ltr'><strong>et</strong></span> <span class='ocrx_word' id='word_1_363' title='bbox 2337 1909 2440 1948; x_wconf 90' lang='lat' dir='ltr'><strong>non</strong></span> <span class='ocrx_word' id='word_1_364' title='bbox 2473 1896 2621 1952; x_wconf 90' lang='lat' dir='ltr'><strong>timet</strong></span> <span class='ocrx_word' id='word_1_365' title='bbox 2663 1897 2862 1964; x_wconf 90' lang='lat' dir='ltr'><strong>Deum;</strong></span> <span class='ocrx_word' id='word_1_366' title='bbox 2893 1900 3016 1968; x_wconf 92' lang='lat' dir='ltr'><strong>quid</strong></span> <span class='ocrx_word' id='word_1_367' title='bbox 3059 1900 3244 1956; x_wconf 86' lang='lat' dir='ltr'><strong>faciam</strong></span> <span class='ocrx_word' id='word_1_368' title='bbox 3273 1914 3331 1957; x_wconf 92' lang='lat' dir='ltr'><strong>ut</strong></span> <span class='ocrx_word' id='word_1_369' title='bbox 3360 1909 3560 1973; x_wconf 90' lang='lat' dir='ltr'><strong>possim</strong></span> 
     </span>
    </p>
   </div>
   <div class='ocr_carea' id='block_1_44' title="bbox 1975 1982 3561 2068">
    <p class='ocr_par' dir='ltr' id='par_1_44' title="bbox 1975 1982 3561 2068">
     <span class='ocr_line' id='line_1_44' title="bbox 1975 1982 3561 2068; baseline 0.013 -34"><span class='ocrx_word' id='word_1_370' title='bbox 1975 1982 2164 2039; x_wconf 88' lang='lat' dir='ltr'><strong>timere</strong></span> <span class='ocrx_word' id='word_1_371' title='bbox 2194 1985 2404 2042; x_wconf 78' lang='lat' dir='ltr'><strong>Deum?</strong></span> <span class='ocrx_word' id='word_1_372' title='bbox 2433 1987 2765 2058; x_wconf 77' lang='lat' dir='ltr'><strong>Respondit:</strong></span> <span class='ocrx_word' id='word_1_373' title='bbox 2791 1990 2903 2061; x_wconf 82' lang='lat' dir='ltr'><strong>Ego</strong></span> <span class='ocrx_word' id='word_1_374' title='bbox 2927 1993 3006 2049; x_wconf 90' lang='lat' dir='ltr'><strong>sic</strong></span> <span class='ocrx_word' id='word_1_375' title='bbox 3033 1993 3284 2063; x_wconf 83' lang='lat' dir='ltr'><strong>arbitror,</strong></span> <span class='ocrx_word' id='word_1_376' title='bbox 3309 1999 3428 2068; x_wconf 90' lang='lat' dir='ltr'><strong>quia</strong></span> <span class='ocrx_word' id='word_1_377' title='bbox 3454 1998 3561 2054; x_wconf 91' lang='lat' dir='ltr'><strong>ho-</strong></span> 
     </span>
    </p>
   </div>
   <div class='ocr_carea' id='block_1_45' title="bbox 1972 2080 3561 2160">
    <p class='ocr_par' dir='ltr' id='par_1_45' title="bbox 1972 2080 3561 2160">
     <span class='ocr_line' id='line_1_45' title="bbox 1972 2080 3561 2160; baseline 0.013 -32"><span class='ocrx_word' id='word_1_378' title='bbox 1972 2090 2062 2130; x_wconf 93' lang='lat' dir='ltr'><strong>mo</strong></span> <span class='ocrx_word' id='word_1_379' title='bbox 2091 2092 2322 2148; x_wconf 81' lang='lat' dir='ltr'><strong>arguens</strong></span> <span class='ocrx_word' id='word_1_380' title='bbox 2357 2094 2416 2134; x_wconf 87' lang='lat' dir='ltr'><strong>se</strong></span> <span class='ocrx_word' id='word_1_381' title='bbox 2447 2080 2617 2150; x_wconf 88' lang='lat' dir='ltr'><strong>ipsum</strong></span> <span class='ocrx_word' id='word_1_382' title='bbox 2651 2098 2863 2154; x_wconf 88' lang='lat' dir='ltr'><strong>semper</strong></span> <span class='ocrx_word' id='word_1_383' title='bbox 2893 2086 2946 2140; x_wconf 86' lang='lat' dir='ltr'><strong>in</strong></span> <span class='ocrx_word' id='word_1_384' title='bbox 2976 2089 3140 2144; x_wconf 91' lang='lat' dir='ltr'><strong>corde</strong></span> <span class='ocrx_word' id='word_1_385' title='bbox 3170 2104 3288 2157; x_wconf 88' lang='lat' dir='ltr'><strong>suo,</strong></span> <span class='ocrx_word' id='word_1_386' title='bbox 3318 2095 3561 2160; x_wconf 85' lang='lat' dir='ltr'><strong>pervenit</strong></span> 
     </span>
    </p>
   </div>
   <div class='ocr_carea' id='block_1_46' title="bbox 1972 2169 3559 2256">
    <p class='ocr_par' dir='ltr' id='par_1_46' title="bbox 1972 2169 3559 2256">
     <span class='ocr_line' id='line_1_46' title="bbox 1972 2169 3559 2256; baseline 0.013 -35"><span class='ocrx_word' id='word_1_387' title='bbox 1972 2169 2037 2222; x_wconf 92' lang='lat' dir='ltr'><strong>ad</strong></span> <span class='ocrx_word' id='word_1_388' title='bbox 2073 2169 2318 2225; x_wconf 88' lang='lat' dir='ltr'><strong>timorem</strong></span> <span class='ocrx_word' id='word_1_389' title='bbox 2353 2173 2466 2226; x_wconf 89' lang='lat' dir='ltr'><strong>Dei.</strong></span> <span class='ocrx_word' id='word_1_390' title='bbox 2494 2175 2636 2229; x_wconf 80' lang='lat' dir='ltr'><strong>Dixit</strong></span> <span class='ocrx_word' id='word_1_391' title='bbox 2661 2176 2822 2232; x_wconf 87' lang='lat' dir='ltr'><strong>frater</strong></span> <span class='ocrx_word' id='word_1_392' title='bbox 2853 2196 2866 2232; x_wconf 90' lang='lat'><strong>:</strong></span> <span class='ocrx_word' id='word_1_393' title='bbox 2897 2180 3032 2247; x_wconf 84' lang='lat' dir='ltr'><strong>Quid</strong></span> <span class='ocrx_word' id='word_1_394' title='bbox 3061 2193 3144 2238; x_wconf 89' lang='lat' dir='ltr'><strong>est</strong></span> <span class='ocrx_word' id='word_1_395' title='bbox 3169 2198 3394 2255; x_wconf 81' lang='lat' dir='ltr'><strong>arguere</strong></span> <span class='ocrx_word' id='word_1_396' title='bbox 3417 2189 3559 2256; x_wconf 87' lang='lat' dir='ltr'><strong>seip-</strong></span> 
     </span>
    </p>
   </div>
   <div class='ocr_carea' id='block_1_47' title="bbox 1973 2260 3557 2346">
    <p class='ocr_par' dir='ltr' id='par_1_47' title="bbox 1973 2260 3557 2346">
     <span class='ocr_line' id='line_1_47' title="bbox 1973 2260 3557 2346; baseline 0.014 -35"><span class='ocrx_word' id='word_1_397' title='bbox 1973 2260 2133 2313; x_wconf 84' lang='lat' dir='ltr'><strong>sum?</strong></span> <span class='ocrx_word' id='word_1_398' title='bbox 2167 2260 2466 2330; x_wconf 53' lang='lat' dir='ltr'><strong>Restiondit</strong></span> <span class='ocrx_word' id='word_1_399' title='bbox 2487 2278 2656 2320; x_wconf 87' lang='lat' dir='ltr'><strong>senex</strong></span> <span class='ocrx_word' id='word_1_400' title='bbox 2689 2283 2702 2320; x_wconf 92' lang='lat'>:</span> <span class='ocrx_word' id='word_1_401' title='bbox 2730 2267 2800 2323; x_wconf 87' lang='lat' dir='ltr'><strong>Ut</strong></span> <span class='ocrx_word' id='word_1_402' title='bbox 2825 2268 2876 2324; x_wconf 91' lang='lat' dir='ltr'><strong>in</strong></span> <span class='ocrx_word' id='word_1_403' title='bbox 2905 2271 3048 2326; x_wconf 87' lang='lat' dir='ltr'><strong>omni</strong></span> <span class='ocrx_word' id='word_1_404' title='bbox 3070 2288 3227 2328; x_wconf 89' lang='lat' dir='ltr'><strong>causa</strong></span> <span class='ocrx_word' id='word_1_405' title='bbox 3248 2287 3433 2346; x_wconf 77' lang='lat' dir='ltr'><strong>arguat</strong></span> <span class='ocrx_word' id='word_1_406' title='bbox 3452 2281 3557 2333; x_wconf 84' lang='lat' dir='ltr'><strong>ani-</strong></span> 
     </span>
    </p>
   </div>
   <div class='ocr_carea' id='block_1_48' title="bbox 1973 2355 3556 2437">
    <p class='ocr_par' dir='ltr' id='par_1_48' title="bbox 1973 2355 3556 2437">
     <span class='ocr_line' id='line_1_48' title="bbox 1973 2355 3556 2437; baseline 0.014 -34"><span class='ocrx_word' id='word_1_407' title='bbox 1973 2365 2112 2406; x_wconf 92' lang='lat' dir='ltr'><strong>mam</strong></span> <span class='ocrx_word' id='word_1_408' title='bbox 2136 2368 2310 2419; x_wconf 91' lang='lat' dir='ltr'><strong>suam,</strong></span> <span class='ocrx_word' id='word_1_409' title='bbox 2335 2355 2519 2412; x_wconf 89' lang='lat' dir='ltr'><strong>dicens</strong></span> <span class='ocrx_word' id='word_1_410' title='bbox 2546 2357 2593 2411; x_wconf 92' lang='lat' dir='ltr'><strong>ei</strong></span> <span class='ocrx_word' id='word_1_411' title='bbox 2615 2359 2755 2428; x_wconf 93' lang='lat' dir='ltr'><strong>quod</strong></span> <span class='ocrx_word' id='word_1_412' title='bbox 2775 2372 2989 2430; x_wconf 90' lang='lat' dir='ltr'><strong>oportet</strong></span> <span class='ocrx_word' id='word_1_413' title='bbox 3016 2375 3190 2421; x_wconf 89' lang='lat' dir='ltr'><strong>astare</strong></span> <span class='ocrx_word' id='word_1_414' title='bbox 3217 2377 3340 2422; x_wconf 90' lang='lat' dir='ltr'><strong>ante</strong></span> <span class='ocrx_word' id='word_1_415' title='bbox 3368 2369 3556 2437; x_wconf 87' lang='lat' dir='ltr'><strong>Deum,</strong></span> 
     </span>
    </p>
   </div>
   <div class='ocr_carea' id='block_1_49' title="bbox 1973 2442 3557 2528">
    <p class='ocr_par' dir='ltr' id='par_1_49' title="bbox 1973 2442 3557 2528">
     <span class='ocr_line' id='line_1_49' title="bbox 1973 2442 3557 2528; baseline 0.012 -31"><span class='ocrx_word' id='word_1_416' title='bbox 1973 2451 2026 2497; x_wconf 89' lang='lat' dir='ltr'><strong>et</strong></span> <span class='ocrx_word' id='word_1_417' title='bbox 2055 2442 2245 2499; x_wconf 88' lang='lat' dir='ltr'><strong>iterum</strong></span> <span class='ocrx_word' id='word_1_418' title='bbox 2269 2445 2451 2503; x_wconf 83' lang='lat' dir='ltr'><strong>dicere</strong></span> <span class='ocrx_word' id='word_1_419' title='bbox 2476 2465 2488 2501; x_wconf 93' lang='lat'>:</span> <span class='ocrx_word' id='word_1_420' title='bbox 2513 2448 2648 2515; x_wconf 86' lang='lat' dir='ltr'><strong>Quid</strong></span> <span class='ocrx_word' id='word_1_421' title='bbox 2672 2452 2794 2506; x_wconf 89' lang='lat' dir='ltr'><strong>volo</strong></span> <span class='ocrx_word' id='word_1_422' title='bbox 2814 2467 2920 2522; x_wconf 87' lang='lat' dir='ltr'><strong>ego</strong></span> <span class='ocrx_word' id='word_1_423' title='bbox 2946 2468 3065 2509; x_wconf 93' lang='lat' dir='ltr'><strong>cum</strong></span> <span class='ocrx_word' id='word_1_424' title='bbox 3099 2457 3311 2512; x_wconf 85' lang='lat' dir='ltr'><strong>homine</strong></span> <span class='ocrx_word' id='word_1_425' title='bbox 3327 2459 3557 2528; x_wconf 89' lang='lat' dir='ltr'><strong>aliquam</strong></span> 
     </span>
    </p>
   </div>
   <div class='ocr_carea' id='block_1_50' title="bbox 1973 2531 3560 2621">
    <p class='ocr_par' dir='ltr' id='par_1_50' title="bbox 1973 2531 3560 2621">
     <span class='ocr_line' id='line_1_50' title="bbox 1973 2531 3560 2621; baseline 0.013 -35"><span class='ocrx_word' id='word_1_426' title='bbox 1973 2531 2172 2589; x_wconf 88' lang='lat' dir='ltr'><strong>habere</strong></span> <span class='ocrx_word' id='word_1_427' title='bbox 2201 2535 2501 2593; x_wconf 76' lang='lat' dir='ltr'><strong>malitiam?</strong></span> <span class='ocrx_word' id='word_1_428' title='bbox 2525 2540 2772 2596; x_wconf 86' lang='lat' dir='ltr'><strong>Arbitror</strong></span> <span class='ocrx_word' id='word_1_429' title='bbox 2799 2559 2926 2614; x_wconf 82' lang='lat' dir='ltr'><strong>ergo</strong></span> <span class='ocrx_word' id='word_1_430' title='bbox 2955 2547 3092 2615; x_wconf 88' lang='lat' dir='ltr'><strong>quod</strong></span> <span class='ocrx_word' id='word_1_431' title='bbox 3133 2547 3177 2600; x_wconf 92' lang='lat' dir='ltr'><strong>si</strong></span> <span class='ocrx_word' id='word_1_432' title='bbox 3211 2552 3263 2601; x_wconf 93' lang='lat' dir='ltr'><strong>in</strong></span> <span class='ocrx_word' id='word_1_433' title='bbox 3295 2549 3407 2605; x_wconf 84' lang='lat' dir='ltr'><strong>istis</strong></span> <span class='ocrx_word' id='word_1_434' title='bbox 3440 2567 3560 2621; x_wconf 86' lang='lat' dir='ltr'><strong>per-</strong></span> 
     </span>
    </p>
   </div>
   <div class='ocr_carea' id='block_1_51' title="bbox 1972 2629 3230 2705">
    <p class='ocr_par' dir='ltr' id='par_1_51' title="bbox 1972 2629 3230 2705">
     <span class='ocr_line' id='line_1_51' title="bbox 1972 2629 3230 2705; baseline 0.014 -28"><span class='ocrx_word' id='word_1_435' title='bbox 1972 2635 2208 2692; x_wconf 88' lang='lat' dir='ltr'><strong>maneat,</strong></span> <span class='ocrx_word' id='word_1_436' title='bbox 2243 2629 2422 2685; x_wconf 82' lang='lat' dir='ltr'><strong>veniet</strong></span> <span class='ocrx_word' id='word_1_437' title='bbox 2451 2631 2502 2684; x_wconf 92' lang='lat' dir='ltr'><strong>in</strong></span> <span class='ocrx_word' id='word_1_438' title='bbox 2525 2632 2757 2688; x_wconf 89' lang='lat' dir='ltr'><strong>animam</strong></span> <span class='ocrx_word' id='word_1_439' title='bbox 2792 2635 2909 2705; x_wconf 88' lang='lat' dir='ltr'><strong>ejus</strong></span> <span class='ocrx_word' id='word_1_440' title='bbox 2932 2637 3089 2692; x_wconf 88' lang='lat' dir='ltr'><strong>timor</strong></span> <span class='ocrx_word' id='word_1_441' title='bbox 3119 2640 3230 2694; x_wconf 90' lang='lat' dir='ltr'><strong>Dei.</strong></span> 
     </span>
    </p>
   </div>
   <div class='ocr_carea' id='block_1_52' title="bbox 2043 2717 3559 2804">
    <p class='ocr_par' dir='ltr' id='par_1_52' title="bbox 2043 2717 3559 2804">
     <span class='ocr_line' id='line_1_52' title="bbox 2043 2717 3559 2804; baseline 0.014 -34"><span class='ocrx_word' id='word_1_442' title='bbox 2043 2717 2129 2772; x_wconf 70' lang='lat'><strong>25.</strong></span> <span class='ocrx_word' id='word_1_443' title='bbox 2171 2719 2349 2775; x_wconf 84' lang='lat' dir='ltr'><strong>Abbas</strong></span> <span class='ocrx_word' id='word_1_444' title='bbox 2375 2721 2636 2779; x_wconf 79' lang='lat' dir='ltr'><strong>Macarius</strong></span> <span class='ocrx_word' id='word_1_445' title='bbox 2665 2725 2799 2782; x_wconf 84' lang='lat' dir='ltr'><strong>dixit</strong></span> <span class='ocrx_word' id='word_1_446' title='bbox 2827 2727 3068 2800; x_wconf 83' lang='lat' dir='ltr'><strong>(Pasch.,</strong></span> <span class='ocrx_word' id='word_1_447' title='bbox 3101 2747 3146 2784; x_wconf 78' lang='grc' dir='ltr'><strong>ο.</strong></span> <span class='ocrx_word' id='word_1_448' title='bbox 3172 2730 3261 2796; x_wconf 80' lang='grc'><strong>58,</strong></span> <span class='ocrx_word' id='word_1_449' title='bbox 3295 2750 3347 2787; x_wconf 83' lang='grc' dir='ltr'><strong>η.</strong></span> <span class='ocrx_word' id='word_1_450' title='bbox 3371 2733 3430 2804; x_wconf 78' lang='grc'>2)</span> <span class='ocrx_word' id='word_1_451' title='bbox 3464 2734 3559 2791; x_wconf 87' lang='lat' dir='ltr'><strong>:Si</strong></span> 
     </span>
    </p>
   </div>
   <div class='ocr_carea' id='block_1_53' title="bbox 1974 2812 3560 2894">
    <p class='ocr_par' dir='ltr' id='par_1_53' title="bbox 1974 2812 3560 2894">
     <span class='ocr_line' id='line_1_53' title="bbox 1974 2812 3560 2894; baseline 0.012 -29"><span class='ocrx_word' id='word_1_452' title='bbox 1974 2812 2108 2867; x_wconf 79' lang='lat' dir='ltr'><strong>facta</strong></span> <span class='ocrx_word' id='word_1_453' title='bbox 2141 2823 2223 2868; x_wconf 90' lang='lat' dir='ltr'><strong>est</strong></span> <span class='ocrx_word' id='word_1_454' title='bbox 2253 2817 2516 2871; x_wconf 91' lang='lat' dir='ltr'><strong>monacho</strong></span> <span class='ocrx_word' id='word_1_455' title='bbox 2541 2817 2818 2887; x_wconf 88' lang='lat' dir='ltr'><strong>despectio</strong></span> <span class='ocrx_word' id='word_1_456' title='bbox 2847 2822 2997 2892; x_wconf 86' lang='lat' dir='ltr'><strong>quasi</strong></span> <span class='ocrx_word' id='word_1_457' title='bbox 3029 2823 3164 2891; x_wconf 89' lang='lat' dir='ltr'><strong>laus,</strong></span> <span class='ocrx_word' id='word_1_458' title='bbox 3191 2832 3243 2878; x_wconf 91' lang='lat' dir='ltr'><strong>et</strong></span> <span class='ocrx_word' id='word_1_459' title='bbox 3278 2836 3560 2894; x_wconf 81' lang='lat' dir='ltr'><strong>paupertas</strong></span> 
     </span>
    </p>
   </div>
   <div class='ocr_carea' id='block_1_54' title="bbox 1973 2906 3560 2985">
    <p class='ocr_par' dir='ltr' id='par_1_54' title="bbox 1973 2906 3560 2985">
     <span class='ocr_line' id='line_1_54' title="bbox 1973 2906 3560 2985; baseline 0.009 -27"><span class='ocrx_word' id='word_1_460' title='bbox 1973 2906 2113 2960; x_wconf 90' lang='lat' dir='ltr'><strong>sicut</strong></span> <span class='ocrx_word' id='word_1_461' title='bbox 2141 2907 2359 2973; x_wconf 68' lang='lat' dir='ltr'><strong>divitize,</strong></span> <span class='ocrx_word' id='word_1_462' title='bbox 2390 2918 2444 2965; x_wconf 93' lang='lat' dir='ltr'><strong>et</strong></span> <span class='ocrx_word' id='word_1_463' title='bbox 2473 2910 2681 2966; x_wconf 87' lang='lat' dir='ltr'><strong>esuries</strong></span> <span class='ocrx_word' id='word_1_464' title='bbox 2708 2912 2846 2966; x_wconf 91' lang='lat' dir='ltr'><strong>sicut</strong></span> <span class='ocrx_word' id='word_1_465' title='bbox 2868 2913 3058 2982; x_wconf 61' lang='lat' dir='ltr'><strong>epulas,</strong></span> <span class='ocrx_word' id='word_1_466' title='bbox 3092 2930 3361 2985; x_wconf 89' lang='lat' dir='ltr'><strong>nunquam</strong></span> <span class='ocrx_word' id='word_1_467' title='bbox 3392 2920 3560 2973; x_wconf 85' lang='lat' dir='ltr'><strong>mori-</strong></span> 
     </span>
    </p>
   </div>
   <div class='ocr_carea' id='block_1_55' title="bbox 1973 2998 3558 3077">
    <p class='ocr_par' dir='ltr' id='par_1_55' title="bbox 1973 2998 3558 3077">
     <span class='ocr_line' id='line_1_55' title="bbox 1973 2998 3558 3077; baseline 0.01 -27"><span class='ocrx_word' id='word_1_468' title='bbox 1973 3007 2077 3051; x_wconf 91' lang='lat' dir='ltr'><strong>tur.</strong></span> <span class='ocrx_word' id='word_1_469' title='bbox 2107 2998 2440 3068; x_wconf 82' lang='lat' dir='ltr'><strong>l-mpossibile</strong></span> <span class='ocrx_word' id='word_1_470' title='bbox 2467 3002 2611 3056; x_wconf 90' lang='lat' dir='ltr'><strong>enim</strong></span> <span class='ocrx_word' id='word_1_471' title='bbox 2639 3012 2722 3057; x_wconf 84' lang='lat' dir='ltr'><strong>est</strong></span> <span class='ocrx_word' id='word_1_472' title='bbox 2761 3005 2897 3058; x_wconf 91' lang='lat' dir='ltr'><strong>bene</strong></span> <span class='ocrx_word' id='word_1_473' title='bbox 2935 3005 3241 3062; x_wconf 88' lang='lat' dir='ltr'><strong>credentem</strong></span> <span class='ocrx_word' id='word_1_474' title='bbox 3272 3017 3326 3062; x_wconf 91' lang='lat' dir='ltr'><strong>et</strong></span> <span class='ocrx_word' id='word_1_475' title='bbox 3353 3008 3436 3077; x_wconf 79' lang='lat' dir='ltr'><strong>pie</strong></span> <span class='ocrx_word' id='word_1_476' title='bbox 3465 3025 3558 3065; x_wconf 80' lang='lat' dir='ltr'><strong>co-</strong></span> 
     </span>
    </p>
   </div>
   <div class='ocr_carea' id='block_1_56' title="bbox 1973 3090 3561 3166">
    <p class='ocr_par' dir='ltr' id='par_1_56' title="bbox 1973 3090 3561 3166">
     <span class='ocr_line' id='line_1_56' title="bbox 1973 3090 3561 3166; baseline 0.011 -24"><span class='ocrx_word' id='word_1_477' title='bbox 1973 3090 2168 3146; x_wconf 88' lang='lat' dir='ltr'><strong>lentem</strong></span> <span class='ocrx_word' id='word_1_478' title='bbox 2212 3092 2400 3156; x_wconf 87' lang='lat' dir='ltr'><strong>Deum,</strong></span> <span class='ocrx_word' id='word_1_479' title='bbox 2432 3093 2624 3149; x_wconf 91' lang='lat' dir='ltr'><strong>cadere</strong></span> <span class='ocrx_word' id='word_1_480' title='bbox 2647 3095 2696 3149; x_wconf 94' lang='lat' dir='ltr'><strong>in</strong></span> <span class='ocrx_word' id='word_1_481' title='bbox 2738 3096 3040 3166; x_wconf 87' lang='lat' dir='ltr'><strong>passionem</strong></span> <span class='ocrx_word' id='word_1_482' title='bbox 3071 3099 3398 3156; x_wconf 84' lang='lat' dir='ltr'><strong>immundam</strong></span> <span class='ocrx_word' id='word_1_483' title='bbox 3429 3110 3483 3158; x_wconf 88' lang='lat' dir='ltr'><strong>et</strong></span> <span class='ocrx_word' id='word_1_484' title='bbox 3506 3103 3561 3159; x_wconf 92' lang='lat' dir='ltr'><strong>in</strong></span> 
     </span>
    </p>
   </div>
   <div class='ocr_carea' id='block_1_57' title="bbox 269 3183 2562 3265">
    <p class='ocr_par' dir='ltr' id='par_1_57' title="bbox 269 3183 2562 3265">
     <span class='ocr_line' id='line_1_57' title="bbox 269 3183 2562 3265; baseline 0.008 -29"><span class='ocrx_word' id='word_1_485' title='bbox 269 3197 374 3250; x_wconf 86' lang='lat' dir='ltr'><strong>pro</strong></span> <span class='ocrx_word' id='word_1_486' title='bbox 404 3185 633 3252; x_wconf 85' lang='lat' dir='ltr'><strong>quodam</strong></span> <span class='ocrx_word' id='word_1_487' title='bbox 681 3186 843 3242; x_wconf 88' lang='lat' dir='ltr'><strong>fratre</strong></span> <span class='ocrx_word' id='word_1_488' title='bbox 882 3188 1159 3258; x_wconf 89' lang='lat' dir='ltr'><strong>jejunante</strong></span> <span class='ocrx_word' id='word_1_489' title='bbox 1205 3204 1299 3246; x_wconf 88' lang='lat' dir='ltr'><strong>sex</strong></span> <span class='ocrx_word' id='word_1_490' title='bbox 1332 3191 1521 3248; x_wconf 91' lang='lat' dir='ltr'><strong>diebus</strong></span> <span class='ocrx_word' id='word_1_491' title='bbox 1548 3194 1782 3262; x_wconf 88' lang='lat' dir='ltr'><strong>perfecte</strong></span> <span class='ocrx_word' id='word_1_492' title='bbox 1811 3197 1862 3250; x_wconf 92' lang='lat' dir='ltr'><strong>in</strong></span> <span class='ocrx_word' id='word_1_493' title='bbox 1894 3203 1939 3265; x_wconf 69' lang='grc' dir='ltr'><strong>ρ</strong></span> <span class='ocrx_word' id='word_1_494' title='bbox 1971 3197 2208 3237; x_wconf 64' lang='lat' dir='ltr'><strong>errorem</strong></span> <span class='ocrx_word' id='word_1_495' title='bbox 2236 3183 2562 3240; x_wconf 63' lang='grc' dir='ltr'><strong>ἀωηὶοηυηιο</strong></span> 
     </span>
    </p>
   </div>
   <div class='ocr_carea' id='block_1_58' title="bbox 270 3277 1864 3358">
    <p class='ocr_par' dir='ltr' id='par_1_58' title="bbox 270 3277 1864 3358">
     <span class='ocr_line' id='line_1_58' title="bbox 270 3277 1864 3358; baseline 0.009 -27"><span class='ocrx_word' id='word_1_496' title='bbox 270 3277 597 3347; x_wconf 87' lang='lat' dir='ltr'><strong>septimana,</strong></span> <span class='ocrx_word' id='word_1_497' title='bbox 645 3280 982 3338; x_wconf 90' lang='lat' dir='ltr'><strong>iracundiose</strong></span> <span class='ocrx_word' id='word_1_498' title='bbox 1031 3297 1209 3339; x_wconf 79' lang='lat' dir='ltr'><strong>autent</strong></span> <span class='ocrx_word' id='word_1_499' title='bbox 1257 3285 1438 3352; x_wconf 90' lang='lat' dir='ltr'><strong>nimis,</strong></span> <span class='ocrx_word' id='word_1_500' title='bbox 1480 3297 1697 3356; x_wconf 87' lang='lat' dir='ltr'><strong>propter</strong></span> <span class='ocrx_word' id='word_1_501' title='bbox 1723 3289 1864 3358; x_wconf 89' lang='lat' dir='ltr'><strong>quod</strong></span> 
     </span>
    </p>
   </div>
   <div class='ocr_carea' id='block_1_59' title="bbox 269 3370 1860 3447">
    <p class='ocr_par' dir='ltr' id='par_1_59' title="bbox 269 3370 1860 3447">
     <span class='ocr_line' id='line_1_59' title="bbox 269 3370 1860 3447; baseline 0.011 -24"><span class='ocrx_word' id='word_1_502' title='bbox 269 3370 380 3425; x_wconf 87' lang='lat' dir='ltr'><strong>hnc</strong></span> <span class='ocrx_word' id='word_1_503' title='bbox 433 3375 735 3440; x_wconf 88' lang='lat' dir='ltr'><strong>pateretur?</strong></span> <span class='ocrx_word' id='word_1_504' title='bbox 789 3378 1066 3445; x_wconf 88' lang='lat' dir='ltr'><strong>respondit</strong></span> <span class='ocrx_word' id='word_1_505' title='bbox 1107 3394 1271 3434; x_wconf 87' lang='lat' dir='ltr'><strong>senex</strong></span> <span class='ocrx_word' id='word_1_506' title='bbox 1305 3397 1319 3434; x_wconf 90' lang='lat'><strong>:</strong></span> <span class='ocrx_word' id='word_1_507' title='bbox 1352 3381 1452 3447; x_wconf 87' lang='lat' dir='ltr'><strong>Qui</strong></span> <span class='ocrx_word' id='word_1_508' title='bbox 1498 3383 1728 3438; x_wconf 90' lang='lat' dir='ltr'><strong>addisctt</strong></span> <span class='ocrx_word' id='word_1_509' title='bbox 1768 3399 1860 3442; x_wconf 86' lang='lat' dir='ltr'><strong>sex</strong></span> 
     </span>
    </p>
   </div>
   <div class='ocr_carea' id='block_1_60' title="bbox 270 3463 1868 3543">
    <p class='ocr_par' dir='ltr' id='par_1_60' title="bbox 270 3463 1868 3543">
     <span class='ocr_line' id='line_1_60' title="bbox 270 3463 1868 3543; baseline 0.009 -26"><span class='ocrx_word' id='word_1_510' title='bbox 270 3463 466 3535; x_wconf 81' lang='lat' dir='ltr'><strong>diebus</strong></span> <span class='ocrx_word' id='word_1_511' title='bbox 488 3464 750 3533; x_wconf 84' lang='lat' dir='ltr'><strong>jejunare,</strong></span> <span class='ocrx_word' id='word_1_512' title='bbox 774 3475 828 3520; x_wconf 90' lang='lat' dir='ltr'><strong>et</strong></span> <span class='ocrx_word' id='word_1_513' title='bbox 850 3468 1182 3524; x_wconf 89' lang='lat' dir='ltr'><strong>nouvincere</strong></span> <span class='ocrx_word' id='word_1_514' title='bbox 1205 3470 1554 3536; x_wconf 86' lang='lat' dir='ltr'><strong>iracundiam,</strong></span> <span class='ocrx_word' id='word_1_515' title='bbox 1585 3476 1868 3543; x_wconf 84' lang='lat' dir='ltr'><strong>oportebat</strong></span> 
     </span>
    </p>
   </div>
   <div class='ocr_carea' id='block_1_61' title="bbox 257 3556 1687 3630">
    <p class='ocr_par' dir='ltr' id='par_1_61' title="bbox 257 3556 1687 3630">
     <span class='ocr_line' id='line_1_61' title="bbox 257 3556 1687 3630; baseline 0.007 -21"><span class='ocrx_word' id='word_1_516' title='bbox 257 3556 428 3610; x_wconf 78' lang='lat' dir='ltr'><strong>illum</strong></span> <span class='ocrx_word' id='word_1_517' title='bbox 454 3557 504 3609; x_wconf 92' lang='lat' dir='ltr'><strong>in</strong></span> <span class='ocrx_word' id='word_1_518' title='bbox 534 3572 698 3626; x_wconf 89' lang='lat' dir='ltr'><strong>parvo</strong></span> <span class='ocrx_word' id='word_1_519' title='bbox 727 3557 911 3614; x_wconf 86' lang='lat' dir='ltr'><strong>labore</strong></span> <span class='ocrx_word' id='word_1_520' title='bbox 940 3561 1106 3630; x_wconf 81' lang='lat' dir='ltr'><strong>magis</strong></span> <span class='ocrx_word' id='word_1_521' title='bbox 1143 3563 1379 3617; x_wconf 89' lang='lat' dir='ltr'><strong>studium</strong></span> <span class='ocrx_word' id='word_1_522' title='bbox 1411 3564 1687 3621; x_wconf 87' lang='lat' dir='ltr'><strong>adhibere.</strong></span> 
     </span>
    </p>
   </div>
   <div class='ocr_carea' id='block_1_62' title="bbox 344 3650 1870 3723">
    <p class='ocr_par' dir='ltr' id='par_1_62' title="bbox 344 3650 1870 3723">
     <span class='ocr_line' id='line_1_62' title="bbox 344 3650 1870 3723; baseline 0.01 -22"><span class='ocrx_word' id='word_1_523' title='bbox 344 3650 436 3704; x_wconf 77' lang='grc'><strong>18.</strong></span> <span class='ocrx_word' id='word_1_524' title='bbox 481 3651 657 3706; x_wconf 84' lang='lat' dir='ltr'><strong>Abbas</strong></span> <span class='ocrx_word' id='word_1_525' title='bbox 677 3651 978 3706; x_wconf 70' lang='lat' dir='ltr'><strong>Ptemeuius</strong></span> <span class='ocrx_word' id='word_1_526' title='bbox 1001 3653 1230 3709; x_wconf 87' lang='lat' dir='ltr'><strong>habebat</strong></span> <span class='ocrx_word' id='word_1_527' title='bbox 1257 3658 1552 3723; x_wconf 86' lang='lat' dir='ltr'><strong>proximum</strong></span> <span class='ocrx_word' id='word_1_528' title='bbox 1576 3673 1729 3714; x_wconf 86' lang='lat' dir='ltr'><strong>suum</strong></span> <span class='ocrx_word' id='word_1_529' title='bbox 1752 3674 1870 3715; x_wconf 88' lang='lat' dir='ltr'><strong>mo-</strong></span> 
     </span>
    </p>
   </div>
   <div class='ocr_carea' id='block_1_63' title="bbox 269 3738 1869 3813">
    <p class='ocr_par' dir='ltr' id='par_1_63' title="bbox 269 3738 1869 3813">
     <span class='ocr_line' id='line_1_63' title="bbox 269 3738 1869 3813; baseline 0.008 -21"><span class='ocrx_word' id='word_1_530' title='bbox 269 3738 508 3793; x_wconf 86' lang='lat' dir='ltr'><strong>nachum</strong></span> <span class='ocrx_word' id='word_1_531' title='bbox 530 3756 710 3795; x_wconf 88' lang='lat' dir='ltr'><strong>secum</strong></span> <span class='ocrx_word' id='word_1_532' title='bbox 743 3743 794 3795; x_wconf 90' lang='lat' dir='ltr'><strong>in</strong></span> <span class='ocrx_word' id='word_1_533' title='bbox 825 3743 978 3807; x_wconf 89' lang='lat' dir='ltr'><strong>cella,</strong></span> <span class='ocrx_word' id='word_1_534' title='bbox 1005 3746 1092 3813; x_wconf 93' lang='lat' dir='ltr'><strong>qui</strong></span> <span class='ocrx_word' id='word_1_535' title='bbox 1119 3743 1356 3800; x_wconf 88' lang='lat' dir='ltr'><strong>habebat</strong></span> <span class='ocrx_word' id='word_1_536' title='bbox 1385 3761 1600 3802; x_wconf 89' lang='lat' dir='ltr'><strong>causam</strong></span> <span class='ocrx_word' id='word_1_537' title='bbox 1622 3763 1743 3804; x_wconf 91' lang='lat' dir='ltr'><strong>cum</strong></span> <span class='ocrx_word' id='word_1_538' title='bbox 1765 3750 1869 3805; x_wconf 89' lang='lat' dir='ltr'><strong>alio</strong></span> 
     </span>
    </p>
   </div>
   <div class='ocr_carea' id='block_1_64' title="bbox 272 3831 1869 3904">
    <p class='ocr_par' dir='ltr' id='par_1_64' title="bbox 272 3831 1869 3904">
     <span class='ocr_line' id='line_1_64' title="bbox 272 3831 1869 3904; baseline 0.008 -20"><span class='ocrx_word' id='word_1_539' title='bbox 272 3831 447 3886; x_wconf 86' lang='lat' dir='ltr'><strong>fratre</strong></span> <span class='ocrx_word' id='word_1_540' title='bbox 481 3832 605 3886; x_wconf 85' lang='lat' dir='ltr'><strong>foris</strong></span> <span class='ocrx_word' id='word_1_541' title='bbox 636 3836 1018 3890; x_wconf 87' lang='lat' dir='ltr'><strong>monasterium</strong></span> <span class='ocrx_word' id='word_1_542' title='bbox 1063 3851 1215 3890; x_wconf 87' lang='lat' dir='ltr'><strong>suum</strong></span> <span class='ocrx_word' id='word_1_543' title='bbox 1257 3839 1498 3904; x_wconf 90' lang='lat' dir='ltr'><strong>sedente,</strong></span> <span class='ocrx_word' id='word_1_544' title='bbox 1547 3848 1602 3894; x_wconf 87' lang='lat' dir='ltr'><strong>et</strong></span> <span class='ocrx_word' id='word_1_545' title='bbox 1648 3841 1785 3895; x_wconf 89' lang='lat' dir='ltr'><strong>dixit</strong></span> <span class='ocrx_word' id='word_1_546' title='bbox 1818 3844 1869 3898; x_wconf 90' lang='lat' dir='ltr'><strong>ei</strong></span> 
     </span>
    </p>
   </div>
   <div class='ocr_carea' id='block_1_65' title="bbox 272 3923 1870 3996">
    <p class='ocr_par' dir='ltr' id='par_1_65' title="bbox 272 3923 1870 3996">
     <span class='ocr_line' id='line_1_65' title="bbox 272 3923 1870 3996; baseline 0.009 -21"><span class='ocrx_word' id='word_1_547' title='bbox 272 3924 446 3977; x_wconf 84' lang='lat' dir='ltr'><strong>abbas</strong></span> <span class='ocrx_word' id='word_1_548' title='bbox 476 3923 778 3980; x_wconf 73' lang='lat' dir='ltr'><strong>Pmmenius</strong></span> <span class='ocrx_word' id='word_1_549' title='bbox 813 3945 824 3978; x_wconf 93' lang='lat'>:</span> <span class='ocrx_word' id='word_1_550' title='bbox 858 3927 1106 3982; x_wconf 83' lang='lat' dir='ltr'><strong>Proxime</strong></span> <span class='ocrx_word' id='word_1_551' title='bbox 1134 3929 1202 3983; x_wconf 92' lang='lat' dir='ltr'><strong>mi</strong></span> <span class='ocrx_word' id='word_1_552' title='bbox 1228 3929 1416 3996; x_wconf 89' lang='lat' dir='ltr'><strong>frater,</strong></span> <span class='ocrx_word' id='word_1_553' title='bbox 1448 3933 1570 3987; x_wconf 89' lang='lat' dir='ltr'><strong>nolo</strong></span> <span class='ocrx_word' id='word_1_554' title='bbox 1594 3941 1648 3988; x_wconf 89' lang='lat' dir='ltr'><strong>te</strong></span> <span class='ocrx_word' id='word_1_555' title='bbox 1672 3935 1870 3990; x_wconf 88' lang='lat' dir='ltr'><strong>habere</strong></span> 
     </span>
    </p>
   </div>
   <div class='ocr_carea' id='block_1_66' title="bbox 272 4014 1869 4090">
    <p class='ocr_par' dir='ltr' id='par_1_66' title="bbox 272 4014 1869 4090">
     <span class='ocr_line' id='line_1_66' title="bbox 272 4014 1869 4090; baseline 0.01 -24"><span class='ocrx_word' id='word_1_556' title='bbox 272 4014 511 4083; x_wconf 89' lang='lat' dir='ltr'><strong>aliquam</strong></span> <span class='ocrx_word' id='word_1_557' title='bbox 564 4018 827 4072; x_wconf 87' lang='lat' dir='ltr'><strong>actionem</strong></span> <span class='ocrx_word' id='word_1_558' title='bbox 872 4033 992 4072; x_wconf 92' lang='lat' dir='ltr'><strong>cum</strong></span> <span class='ocrx_word' id='word_1_559' title='bbox 1023 4020 1222 4090; x_wconf 91' lang='lat' dir='ltr'><strong>aliquo,</strong></span> <span class='ocrx_word' id='word_1_560' title='bbox 1256 4024 1345 4090; x_wconf 90' lang='lat' dir='ltr'><strong>qui</strong></span> <span class='ocrx_word' id='word_1_561' title='bbox 1379 4023 1508 4078; x_wconf 91' lang='lat' dir='ltr'><strong>foris</strong></span> <span class='ocrx_word' id='word_1_562' title='bbox 1539 4026 1869 4082; x_wconf 90' lang='lat' dir='ltr'><strong>monasterio</strong></span> 
     </span>
    </p>
   </div>
   <div class='ocr_carea' id='block_1_67' title="bbox 273 4107 1870 4186">
    <p class='ocr_par' dir='ltr' id='par_1_67' title="bbox 273 4107 1870 4186">
     <span class='ocr_line' id='line_1_67' title="bbox 273 4107 1870 4186; baseline 0.009 -27"><span class='ocrx_word' id='word_1_563' title='bbox 273 4115 466 4160; x_wconf 82' lang='lat' dir='ltr'><strong>nostro</strong></span> <span class='ocrx_word' id='word_1_564' title='bbox 492 4116 593 4161; x_wconf 90' lang='lat' dir='ltr'><strong>est.</strong></span> <span class='ocrx_word' id='word_1_565' title='bbox 621 4107 714 4163; x_wconf 87' lang='lat' dir='ltr'><strong>lHe</strong></span> <span class='ocrx_word' id='word_1_566' title='bbox 743 4119 920 4164; x_wconf 87' lang='lat' dir='ltr'><strong>autem</strong></span> <span class='ocrx_word' id='word_1_567' title='bbox 950 4127 1055 4164; x_wconf 90' lang='lat' dir='ltr'><strong>non</strong></span> <span class='ocrx_word' id='word_1_568' title='bbox 1082 4113 1286 4167; x_wconf 88' lang='lat' dir='ltr'><strong>audivit</strong></span> <span class='ocrx_word' id='word_1_569' title='bbox 1315 4128 1459 4168; x_wconf 92' lang='lat' dir='ltr'><strong>eum.</strong></span> <span class='ocrx_word' id='word_1_570' title='bbox 1506 4115 1742 4186; x_wconf 85' lang='lat' dir='ltr'><strong>Surgens</strong></span> <span class='ocrx_word' id='word_1_571' title='bbox 1778 4134 1870 4173; x_wconf 89' lang='lat' dir='ltr'><strong>au-</strong></span> 
     </span>
    </p>
   </div>
   <div class='ocr_carea' id='block_1_68' title="bbox 273 4191 1874 4268">
    <p class='ocr_par' dir='ltr' id='par_1_68' title="bbox 273 4191 1874 4268">
     <span class='ocr_line' id='line_1_68' title="bbox 273 4191 1874 4268; baseline 0.008 -15"><span class='ocrx_word' id='word_1_572' title='bbox 273 4209 389 4253; x_wconf 89' lang='lat' dir='ltr'><strong>tem</strong></span> <span class='ocrx_word' id='word_1_573' title='bbox 424 4201 586 4254; x_wconf 88' lang='lat' dir='ltr'><strong>abbas</strong></span> <span class='ocrx_word' id='word_1_574' title='bbox 615 4201 940 4268; x_wconf 67' lang='lat' dir='ltr'><strong>Poemenius,</strong></span> <span class='ocrx_word' id='word_1_575' title='bbox 975 4205 1204 4260; x_wconf 88' lang='lat' dir='ltr'><strong>venitad</strong></span> <span class='ocrx_word' id='word_1_576' title='bbox 1247 4191 1474 4262; x_wconf 83' lang='lat' dir='ltr'><strong>alterum</strong></span> <span class='ocrx_word' id='word_1_577' title='bbox 1527 4225 1710 4265; x_wconf 90' lang='lat' dir='ltr'><strong>senem</strong></span> <span class='ocrx_word' id='word_1_578' title='bbox 1759 4229 1874 4266; x_wconf 89' lang='lat' dir='ltr'><strong>ma-</strong></span> 
     </span>
    </p>
   </div>
   <div class='ocr_carea' id='block_1_69' title="bbox 274 4292 1870 4362">
    <p class='ocr_par' dir='ltr' id='par_1_69' title="bbox 274 4292 1870 4362">
     <span class='ocr_line' id='line_1_69' title="bbox 274 4292 1870 4362; baseline 0.007 -16"><span class='ocrx_word' id='word_1_579' title='bbox 274 4307 467 4362; x_wconf 86' lang='lat' dir='ltr'><strong>gnum,</strong></span> <span class='ocrx_word' id='word_1_580' title='bbox 490 4302 543 4346; x_wconf 90' lang='lat' dir='ltr'><strong>et</strong></span> <span class='ocrx_word' id='word_1_581' title='bbox 561 4292 693 4346; x_wconf 78' lang='lat' dir='ltr'><strong>dixit</strong></span> <span class='ocrx_word' id='word_1_582' title='bbox 713 4294 795 4347; x_wconf 88' lang='lat' dir='ltr'><strong>ei:</strong></span> <span class='ocrx_word' id='word_1_583' title='bbox 822 4294 1100 4350; x_wconf 83' lang='lat' dir='ltr'><strong>Proximus</strong></span> <span class='ocrx_word' id='word_1_584' title='bbox 1125 4298 1287 4352; x_wconf 87' lang='lat' dir='ltr'><strong>frater</strong></span> <span class='ocrx_word' id='word_1_585' title='bbox 1303 4315 1452 4354; x_wconf 90' lang='lat' dir='ltr'><strong>meus</strong></span> <span class='ocrx_word' id='word_1_586' title='bbox 1475 4299 1635 4356; x_wconf 89' lang='lat' dir='ltr'><strong>habet</strong></span> <span class='ocrx_word' id='word_1_587' title='bbox 1656 4317 1870 4358; x_wconf 82' lang='lat' dir='ltr'><strong>causam</strong></span> 
     </span>
    </p>
   </div>
   <div class='ocr_carea' id='block_1_70' title="bbox 273 4387 1873 4467">
    <p class='ocr_par' dir='ltr' id='par_1_70' title="bbox 273 4387 1873 4467">
     <span class='ocr_line' id='line_1_70' title="bbox 273 4387 1873 4467; baseline 0.008 -26"><span class='ocrx_word' id='word_1_588' title='bbox 273 4403 404 4441; x_wconf 86' lang='lat' dir='ltr'><strong>cum</strong></span> <span class='ocrx_word' id='word_1_589' title='bbox 435 4387 608 4456; x_wconf 91' lang='lat' dir='ltr'><strong>aliquo</strong></span> <span class='ocrx_word' id='word_1_590' title='bbox 639 4389 765 4442; x_wconf 85' lang='lat' dir='ltr'><strong>foris</strong></span> <span class='ocrx_word' id='word_1_591' title='bbox 797 4392 1126 4446; x_wconf 89' lang='lat' dir='ltr'><strong>monasterio</strong></span> <span class='ocrx_word' id='word_1_592' title='bbox 1154 4404 1358 4462; x_wconf 91' lang='lat' dir='ltr'><strong>nostro,</strong></span> <span class='ocrx_word' id='word_1_593' title='bbox 1411 4403 1466 4450; x_wconf 90' lang='lat' dir='ltr'><strong>et</strong></span> <span class='ocrx_word' id='word_1_594' title='bbox 1512 4411 1614 4450; x_wconf 91' lang='lat' dir='ltr'><strong>non</strong></span> <span class='ocrx_word' id='word_1_595' title='bbox 1663 4399 1873 4467; x_wconf 87' lang='lat' dir='ltr'><strong>requie-</strong></span> 
     </span>
    </p>
   </div>
   <div class='ocr_carea' id='block_1_71' title="bbox 272 4481 1874 4552">
    <p class='ocr_par' dir='ltr' id='par_1_71' title="bbox 272 4481 1874 4552">
     <span class='ocr_line' id='line_1_71' title="bbox 272 4481 1874 4552; baseline 0.007 -17"><span class='ocrx_word' id='word_1_596' title='bbox 272 4482 506 4535; x_wconf 84' lang='lat' dir='ltr'><strong>scimus.</strong></span> <span class='ocrx_word' id='word_1_597' title='bbox 553 4481 690 4534; x_wconf 73' lang='lat' dir='ltr'><strong>Dixit</strong></span> <span class='ocrx_word' id='word_1_598' title='bbox 713 4481 764 4535; x_wconf 90' lang='lat' dir='ltr'><strong>ei</strong></span> <span class='ocrx_word' id='word_1_599' title='bbox 792 4498 953 4537; x_wconf 83' lang='lat' dir='ltr'><strong>senex</strong></span> <span class='ocrx_word' id='word_1_600' title='bbox 986 4501 996 4535; x_wconf 89' lang='lat'>:</span> <span class='ocrx_word' id='word_1_601' title='bbox 1035 4484 1299 4552; x_wconf 74' lang='lat' dir='ltr'><strong>Pmnteni,</strong></span> <span class='ocrx_word' id='word_1_602' title='bbox 1331 4497 1384 4542; x_wconf 92' lang='lat' dir='ltr'><strong>et</strong></span> <span class='ocrx_word' id='word_1_603' title='bbox 1414 4497 1468 4542; x_wconf 89' lang='lat' dir='ltr'><strong>tu</strong></span> <span class='ocrx_word' id='word_1_604' title='bbox 1495 4490 1669 4544; x_wconf 90' lang='lat' dir='ltr'><strong>adhuc</strong></span> <span class='ocrx_word' id='word_1_605' title='bbox 1689 4492 1824 4545; x_wconf 83' lang='lat' dir='ltr'><strong>vivis</strong></span> <span class='ocrx_word' id='word_1_606' title='bbox 1851 4493 1874 4547; x_wconf 80' lang='lat'><strong>?</strong></span> 
     </span>
    </p>
   </div>
   <div class='ocr_carea' id='block_1_72' title="bbox 2039 3271 3564 3350">
    <p class='ocr_par' dir='ltr' id='par_1_72' title="bbox 2039 3271 3564 3350">
     <span class='ocr_line' id='line_1_72' title="bbox 2039 3271 3564 3350; baseline 0.014 -26"><span class='ocrx_word' id='word_1_607' title='bbox 2039 3271 2134 3328; x_wconf 70' lang='lat'><strong>24.</strong></span> <span class='ocrx_word' id='word_1_608' title='bbox 2178 3275 2324 3330; x_wconf 88' lang='lat' dir='ltr'><strong>Dixit</strong></span> <span class='ocrx_word' id='word_1_609' title='bbox 2350 3291 2515 3332; x_wconf 87' lang='lat' dir='ltr'><strong>senex</strong></span> <span class='ocrx_word' id='word_1_610' title='bbox 2561 3294 2573 3331; x_wconf 94' lang='lat'>:</span> <span class='ocrx_word' id='word_1_611' title='bbox 2612 3278 2875 3350; x_wconf 85' lang='lat' dir='ltr'><strong>Surgente</strong></span> <span class='ocrx_word' id='word_1_612' title='bbox 2912 3282 2994 3338; x_wconf 85' lang='lat' dir='ltr'><strong>vel</strong></span> <span class='ocrx_word' id='word_1_613' title='bbox 3030 3285 3337 3342; x_wconf 84' lang='lat' dir='ltr'><strong>ambulante</strong></span> <span class='ocrx_word' id='word_1_614' title='bbox 3364 3289 3450 3343; x_wconf 86' lang='lat' dir='ltr'><strong>vel</strong></span> <span class='ocrx_word' id='word_1_615' title='bbox 3478 3304 3564 3346; x_wconf 89' lang='lat' dir='ltr'><strong>se-</strong></span> 
     </span>
    </p>
   </div>
   <div class='ocr_carea' id='block_1_73' title="bbox 1969 3363 3565 3448">
    <p class='ocr_par' dir='ltr' id='par_1_73' title="bbox 1969 3363 3565 3448">
     <span class='ocr_line' id='line_1_73' title="bbox 1969 3363 3565 3448; baseline 0.011 -31"><span class='ocrx_word' id='word_1_616' title='bbox 1969 3363 2132 3420; x_wconf 89' lang='lat' dir='ltr'><strong>dente</strong></span> <span class='ocrx_word' id='word_1_617' title='bbox 2163 3366 2248 3420; x_wconf 89' lang='lat' dir='ltr'><strong>vel</strong></span> <span class='ocrx_word' id='word_1_618' title='bbox 2276 3366 2421 3421; x_wconf 90' lang='lat' dir='ltr'><strong>aliud</strong></span> <span class='ocrx_word' id='word_1_619' title='bbox 2455 3367 2730 3437; x_wconf 89' lang='lat' dir='ltr'><strong>quodlibet</strong></span> <span class='ocrx_word' id='word_1_620' title='bbox 2773 3369 3023 3439; x_wconf 86' lang='lat' dir='ltr'><strong>faciente,</strong></span> <span class='ocrx_word' id='word_1_621' title='bbox 3067 3375 3114 3429; x_wconf 91' lang='lat' dir='ltr'><strong>si</strong></span> <span class='ocrx_word' id='word_1_622' title='bbox 3155 3385 3240 3431; x_wconf 88' lang='lat' dir='ltr'><strong>est</strong></span> <span class='ocrx_word' id='word_1_623' title='bbox 3274 3377 3414 3434; x_wconf 87' lang='lat' dir='ltr'><strong>Deus</strong></span> <span class='ocrx_word' id='word_1_624' title='bbox 3455 3395 3565 3448; x_wconf 74' lang='lat' dir='ltr'><strong>pra:</strong></span> 
     </span>
    </p>
   </div>
   <div class='ocr_carea' id='block_1_74' title="bbox 1970 3458 3562 3532">
    <p class='ocr_par' dir='ltr' id='par_1_74' title="bbox 1970 3458 3562 3532">
     <span class='ocr_line' id='line_1_74' title="bbox 1970 3458 3562 3532; baseline 0.01 -22"><span class='ocrx_word' id='word_1_625' title='bbox 1970 3458 2139 3514; x_wconf 86' lang='lat' dir='ltr'><strong>oculis</strong></span> <span class='ocrx_word' id='word_1_626' title='bbox 2169 3459 2292 3526; x_wconf 90' lang='lat' dir='ltr'><strong>tuis,</strong></span> <span class='ocrx_word' id='word_1_627' title='bbox 2316 3460 2370 3515; x_wconf 91' lang='lat' dir='ltr'><strong>in</strong></span> <span class='ocrx_word' id='word_1_628' title='bbox 2417 3461 2563 3516; x_wconf 93' lang='lat' dir='ltr'><strong>nullo</strong></span> <span class='ocrx_word' id='word_1_629' title='bbox 2595 3464 2786 3532; x_wconf 87' lang='lat' dir='ltr'><strong>poterit</strong></span> <span class='ocrx_word' id='word_1_630' title='bbox 2818 3475 2868 3520; x_wconf 93' lang='lat' dir='ltr'><strong>te</strong></span> <span class='ocrx_word' id='word_1_631' title='bbox 2896 3465 3139 3523; x_wconf 90' lang='lat' dir='ltr'><strong>inimicus</strong></span> <span class='ocrx_word' id='word_1_632' title='bbox 3172 3478 3468 3526; x_wconf 89' lang='lat' dir='ltr'><strong>exterrere.</strong></span> <span class='ocrx_word' id='word_1_633' title='bbox 3503 3472 3562 3526; x_wconf 90' lang='lat' dir='ltr'><strong>Si</strong></span> 
     </span>
    </p>
   </div>
   <div class='ocr_carea' id='block_1_75' title="bbox 1973 3551 3563 3628">
    <p class='ocr_par' dir='ltr' id='par_1_75' title="bbox 1973 3551 3563 3628">
     <span class='ocr_line' id='line_1_75' title="bbox 1973 3551 3563 3628; baseline 0.009 -23"><span class='ocrx_word' id='word_1_634' title='bbox 1973 3566 2105 3620; x_wconf 87' lang='lat' dir='ltr'><strong>ergo</strong></span> <span class='ocrx_word' id='word_1_635' title='bbox 2131 3551 2383 3623; x_wconf 84' lang='lat' dir='ltr'><strong>cogitatio</strong></span> <span class='ocrx_word' id='word_1_636' title='bbox 2405 3553 2521 3610; x_wconf 71' lang='lat' dir='ltr'><strong>haec</strong></span> <span class='ocrx_word' id='word_1_637' title='bbox 2546 3564 2728 3612; x_wconf 90' lang='lat' dir='ltr'><strong>manet</strong></span> <span class='ocrx_word' id='word_1_638' title='bbox 2747 3556 2798 3612; x_wconf 87' lang='lat' dir='ltr'><strong>itt</strong></span> <span class='ocrx_word' id='word_1_639' title='bbox 2821 3557 3057 3628; x_wconf 89' lang='lat' dir='ltr'><strong>homine,</strong></span> <span class='ocrx_word' id='word_1_640' title='bbox 3073 3562 3244 3618; x_wconf 84' lang='lat' dir='ltr'><strong>virtus</strong></span> <span class='ocrx_word' id='word_1_641' title='bbox 3266 3563 3359 3619; x_wconf 90' lang='lat' dir='ltr'><strong>Dei</strong></span> <span class='ocrx_word' id='word_1_642' title='bbox 3377 3563 3563 3620; x_wconf 60' lang='lat' dir='ltr'><strong>adhae-</strong></span> 
     </span>
    </p>
   </div>
   <div class='ocr_carea' id='block_1_76' title="bbox 1977 3644 2186 3699">
    <p class='ocr_par' dir='ltr' id='par_1_76' title="bbox 1977 3644 2186 3699">
     <span class='ocr_line' id='line_1_76' title="bbox 1977 3644 2186 3699; baseline 0.01 -2"><span class='ocrx_word' id='word_1_643' title='bbox 1977 3652 2059 3698; x_wconf 86' lang='lat' dir='ltr'><strong>ret</strong></span> <span class='ocrx_word' id='word_1_644' title='bbox 2086 3644 2186 3699; x_wconf 88' lang='lat' dir='ltr'><strong>illi.</strong></span> 
     </span>
    </p>
   </div>
   <div class='ocr_carea' id='block_1_77' title="bbox 2045 3733 3564 3812">
    <p class='ocr_par' dir='ltr' id='par_1_77' title="bbox 2045 3733 3564 3812">
     <span class='ocr_line' id='line_1_77' title="bbox 2045 3733 3564 3812; baseline 0.008 -26"><span class='ocrx_word' id='word_1_645' title='bbox 2045 3733 2135 3786; x_wconf 75' lang='lat'><strong>25.</strong></span> <span class='ocrx_word' id='word_1_646' title='bbox 2181 3734 2326 3788; x_wconf 86' lang='lat' dir='ltr'><strong>Dixit</strong></span> <span class='ocrx_word' id='word_1_647' title='bbox 2354 3735 2569 3804; x_wconf 88' lang='lat' dir='ltr'><strong>quidam</strong></span> <span class='ocrx_word' id='word_1_648' title='bbox 2601 3735 2765 3792; x_wconf 83' lang='lat' dir='ltr'><strong>frater</strong></span> <span class='ocrx_word' id='word_1_649' title='bbox 2794 3737 2953 3794; x_wconf 86' lang='lat' dir='ltr'><strong>Petro</strong></span> <span class='ocrx_word' id='word_1_650' title='bbox 2994 3740 3172 3796; x_wconf 90' lang='lat' dir='ltr'><strong>abbati</strong></span> <span class='ocrx_word' id='word_1_651' title='bbox 3225 3741 3458 3812; x_wconf 81' lang='lat' dir='ltr'><strong>(Pelag.,</strong></span> <span class='ocrx_word' id='word_1_652' title='bbox 3503 3745 3564 3798; x_wconf 81' lang='lat' dir='ltr'><strong>ti-</strong></span> 
     </span>
    </p>
   </div>
   <div class='ocr_carea' id='block_1_78' title="bbox 1973 3827 3560 3901">
    <p class='ocr_par' dir='ltr' id='par_1_78' title="bbox 1973 3827 3560 3901">
     <span class='ocr_line' id='line_1_78' title="bbox 1973 3827 3560 3901; baseline 0.006 -22"><span class='ocrx_word' id='word_1_653' title='bbox 1973 3827 2089 3880; x_wconf 81' lang='lat' dir='ltr'><strong>bcll.</strong></span> <span class='ocrx_word' id='word_1_654' title='bbox 2124 3843 2194 3891; x_wconf 89' lang='lat' dir='ltr'><strong>xt,</strong></span> <span class='ocrx_word' id='word_1_655' title='bbox 2225 3844 2280 3880; x_wconf 77' lang='grc' dir='ltr'><strong>η.</strong></span> <span class='ocrx_word' id='word_1_656' title='bbox 2303 3827 2396 3896; x_wconf 74' lang='grc'>26)</span> <span class='ocrx_word' id='word_1_657' title='bbox 2423 3846 2434 3879; x_wconf 90' lang='lat'>:</span> <span class='ocrx_word' id='word_1_658' title='bbox 2460 3827 2592 3882; x_wconf 88' lang='lat' dir='ltr'><strong>Cum</strong></span> <span class='ocrx_word' id='word_1_659' title='bbox 2618 3830 2671 3884; x_wconf 93' lang='lat' dir='ltr'><strong>in</strong></span> <span class='ocrx_word' id='word_1_660' title='bbox 2698 3829 2831 3884; x_wconf 89' lang='lat' dir='ltr'><strong>cella</strong></span> <span class='ocrx_word' id='word_1_661' title='bbox 2863 3844 3004 3898; x_wconf 89' lang='lat' dir='ltr'><strong>sum,</strong></span> <span class='ocrx_word' id='word_1_662' title='bbox 3035 3831 3088 3885; x_wconf 92' lang='lat' dir='ltr'><strong>in</strong></span> <span class='ocrx_word' id='word_1_663' title='bbox 3118 3847 3249 3901; x_wconf 90' lang='lat' dir='ltr'><strong>pace</strong></span> <span class='ocrx_word' id='word_1_664' title='bbox 3275 3841 3358 3888; x_wconf 88' lang='lat' dir='ltr'><strong>est</strong></span> <span class='ocrx_word' id='word_1_665' title='bbox 3383 3836 3560 3889; x_wconf 90' lang='lat' dir='ltr'><strong>anima</strong></span> 
     </span>
    </p>
   </div>
   <div class='ocr_carea' id='block_1_79' title="bbox 1975 3918 3563 3996">
    <p class='ocr_par' dir='ltr' id='par_1_79' title="bbox 1975 3918 3563 3996">
     <span class='ocr_line' id='line_1_79' title="bbox 1975 3918 3563 3996; baseline 0.008 -26"><span class='ocrx_word' id='word_1_666' title='bbox 1975 3932 2121 3982; x_wconf 87' lang='lat' dir='ltr'><strong>mea;</strong></span> <span class='ocrx_word' id='word_1_667' title='bbox 2155 3933 2276 3970; x_wconf 93' lang='lat' dir='ltr'><strong>cum</strong></span> <span class='ocrx_word' id='word_1_668' title='bbox 2305 3928 2480 3972; x_wconf 92' lang='lat' dir='ltr'><strong>autem</strong></span> <span class='ocrx_word' id='word_1_669' title='bbox 2512 3919 2760 3987; x_wconf 89' lang='lat' dir='ltr'><strong>egredior</strong></span> <span class='ocrx_word' id='word_1_670' title='bbox 2791 3918 2942 3987; x_wconf 91' lang='lat' dir='ltr'><strong>foris,</strong></span> <span class='ocrx_word' id='word_1_671' title='bbox 2987 3922 3033 3976; x_wconf 88' lang='lat' dir='ltr'><strong>si</strong></span> <span class='ocrx_word' id='word_1_672' title='bbox 3081 3923 3299 3980; x_wconf 90' lang='lat' dir='ltr'><strong>audiero</strong></span> <span class='ocrx_word' id='word_1_673' title='bbox 3353 3924 3563 3996; x_wconf 85' lang='lat' dir='ltr'><strong>aliquos</strong></span> 
     </span>
    </p>
   </div>
   <div class='ocr_carea' id='block_1_80' title="bbox 1974 4011 3564 4087">
    <p class='ocr_par' dir='ltr' id='par_1_80' title="bbox 1974 4011 3564 4087">
     <span class='ocr_line' id='line_1_80' title="bbox 1974 4011 3564 4087; baseline 0.007 -23"><span class='ocrx_word' id='word_1_674' title='bbox 1974 4025 2250 4064; x_wconf 86' lang='lat' dir='ltr'><strong>sermones</strong></span> <span class='ocrx_word' id='word_1_675' title='bbox 2273 4011 2522 4080; x_wconf 90' lang='lat' dir='ltr'><strong>loquente</strong></span> <span class='ocrx_word' id='word_1_676' title='bbox 2544 4013 2708 4069; x_wconf 89' lang='lat' dir='ltr'><strong>fratre</strong></span> <span class='ocrx_word' id='word_1_677' title='bbox 2723 4016 3029 4071; x_wconf 88' lang='lat' dir='ltr'><strong>conturbor.</strong></span> <span class='ocrx_word' id='word_1_678' title='bbox 3051 4017 3346 4087; x_wconf 79' lang='lat' dir='ltr'><strong>Respondit</strong></span> <span class='ocrx_word' id='word_1_679' title='bbox 3361 4034 3525 4074; x_wconf 89' lang='lat' dir='ltr'><strong>senex</strong></span> <span class='ocrx_word' id='word_1_680' title='bbox 3551 4038 3564 4075; x_wconf 90' lang='lat'><strong>:</strong></span> 
     </span>
    </p>
   </div>
   <div class='ocr_carea' id='block_1_81' title="bbox 1976 4102 3564 4174">
    <p class='ocr_par' dir='ltr' id='par_1_81' title="bbox 1976 4102 3564 4174">
     <span class='ocr_line' id='line_1_81' title="bbox 1976 4102 3564 4174; baseline 0.008 -18"><span class='ocrx_word' id='word_1_681' title='bbox 1976 4102 2151 4156; x_wconf 88' lang='lat' dir='ltr'><strong>Clavis</strong></span> <span class='ocrx_word' id='word_1_682' title='bbox 2202 4113 2291 4158; x_wconf 91' lang='lat' dir='ltr'><strong>tua</strong></span> <span class='ocrx_word' id='word_1_683' title='bbox 2337 4105 2508 4174; x_wconf 89' lang='lat' dir='ltr'><strong>aperit</strong></span> <span class='ocrx_word' id='word_1_684' title='bbox 2551 4105 2748 4160; x_wconf 90' lang='lat' dir='ltr'><strong>ostium</strong></span> <span class='ocrx_word' id='word_1_685' title='bbox 2795 4107 3048 4163; x_wconf 90' lang='lat' dir='ltr'><strong>alienum.</strong></span> <span class='ocrx_word' id='word_1_686' title='bbox 3082 4107 3222 4165; x_wconf 88' lang='lat' dir='ltr'><strong>Dixit</strong></span> <span class='ocrx_word' id='word_1_687' title='bbox 3247 4110 3328 4166; x_wconf 92' lang='lat' dir='ltr'><strong>illi</strong></span> <span class='ocrx_word' id='word_1_688' title='bbox 3358 4111 3564 4168; x_wconf 88' lang='lat' dir='ltr'><strong>frater:</strong></span> 
     </span>
    </p>
   </div>
   <div class='ocr_carea' id='block_1_82' title="bbox 1980 4194 3567 4272">
    <p class='ocr_par' dir='ltr' id='par_1_82' title="bbox 1980 4194 3567 4272">
     <span class='ocr_line' id='line_1_82' title="bbox 1980 4194 3567 4272; baseline 0.008 -25"><span class='ocrx_word' id='word_1_689' title='bbox 1980 4194 2113 4261; x_wconf 86' lang='lat' dir='ltr'><strong>Quid</strong></span> <span class='ocrx_word' id='word_1_690' title='bbox 2140 4203 2223 4250; x_wconf 90' lang='lat' dir='ltr'><strong>est</strong></span> <span class='ocrx_word' id='word_1_691' title='bbox 2247 4195 2348 4251; x_wconf 92' lang='lat' dir='ltr'><strong>hoc</strong></span> <span class='ocrx_word' id='word_1_692' title='bbox 2374 4198 2594 4253; x_wconf 91' lang='lat' dir='ltr'><strong>verbum</strong></span> <span class='ocrx_word' id='word_1_693' title='bbox 2618 4198 2641 4252; x_wconf 66' lang='grc' dir='ltr'><strong><em>Ἰ</em></strong></span> <span class='ocrx_word' id='word_1_694' title='bbox 2671 4199 2969 4267; x_wconf 89' lang='lat' dir='ltr'><strong>Respondit</strong></span> <span class='ocrx_word' id='word_1_695' title='bbox 2994 4216 3157 4257; x_wconf 85' lang='lat' dir='ltr'><strong>senex</strong></span> <span class='ocrx_word' id='word_1_696' title='bbox 3187 4219 3201 4259; x_wconf 91' lang='lat'><strong>:</strong></span> <span class='ocrx_word' id='word_1_697' title='bbox 3235 4203 3368 4272; x_wconf 87' lang='lat' dir='ltr'><strong>Quia</strong></span> <span class='ocrx_word' id='word_1_698' title='bbox 3397 4205 3567 4260; x_wconf 88' lang='lat' dir='ltr'><strong>inter-</strong></span> 
     </span>
    </p>
   </div>
   <div class='ocr_carea' id='block_1_83' title="bbox 1978 4287 3568 4359">
    <p class='ocr_par' dir='ltr' id='par_1_83' title="bbox 1978 4287 3568 4359">
     <span class='ocr_line' id='line_1_83' title="bbox 1978 4287 3568 4359; baseline 0.006 -19"><span class='ocrx_word' id='word_1_699' title='bbox 1978 4287 2184 4356; x_wconf 77' lang='lat' dir='ltr'><strong>rogatio</strong></span> <span class='ocrx_word' id='word_1_700' title='bbox 2228 4299 2313 4342; x_wconf 91' lang='lat' dir='ltr'><strong>tua</strong></span> <span class='ocrx_word' id='word_1_701' title='bbox 2344 4289 2520 4358; x_wconf 90' lang='lat' dir='ltr'><strong>aperit</strong></span> <span class='ocrx_word' id='word_1_702' title='bbox 2568 4291 2766 4345; x_wconf 88' lang='lat' dir='ltr'><strong>ostium</strong></span> <span class='ocrx_word' id='word_1_703' title='bbox 2811 4294 3077 4348; x_wconf 90' lang='lat' dir='ltr'><strong>sermonis</strong></span> <span class='ocrx_word' id='word_1_704' title='bbox 3106 4294 3266 4359; x_wconf 89' lang='lat' dir='ltr'><strong>illius,</strong></span> <span class='ocrx_word' id='word_1_705' title='bbox 3300 4304 3356 4350; x_wconf 90' lang='lat' dir='ltr'><strong>ut</strong></span> <span class='ocrx_word' id='word_1_706' title='bbox 3383 4297 3568 4350; x_wconf 88' lang='lat' dir='ltr'><strong>audias</strong></span> 
     </span>
    </p>
   </div>
   <div class='ocr_carea' id='block_1_84' title="bbox 1978 4380 3566 4456">
    <p class='ocr_par' dir='ltr' id='par_1_84' title="bbox 1978 4380 3566 4456">
     <span class='ocr_line' id='line_1_84' title="bbox 1978 4380 3566 4456; baseline 0.007 -24"><span class='ocrx_word' id='word_1_707' title='bbox 1978 4393 2098 4448; x_wconf 70' lang='lat' dir='ltr'><strong>quae</strong></span> <span class='ocrx_word' id='word_1_708' title='bbox 2135 4393 2238 4433; x_wconf 91' lang='lat' dir='ltr'><strong>non</strong></span> <span class='ocrx_word' id='word_1_709' title='bbox 2263 4381 2363 4435; x_wconf 91' lang='lat' dir='ltr'><strong>vis.</strong></span> <span class='ocrx_word' id='word_1_710' title='bbox 2397 4380 2538 4436; x_wconf 93' lang='lat' dir='ltr'><strong>Dixit</strong></span> <span class='ocrx_word' id='word_1_711' title='bbox 2567 4380 2766 4438; x_wconf 88' lang='lat' dir='ltr'><strong>frater:</strong></span> <span class='ocrx_word' id='word_1_712' title='bbox 2792 4383 2928 4449; x_wconf 91' lang='lat' dir='ltr'><strong>Quid</strong></span> <span class='ocrx_word' id='word_1_713' title='bbox 2952 4400 3079 4456; x_wconf 83' lang='lat' dir='ltr'><strong>ergo</strong></span> <span class='ocrx_word' id='word_1_714' title='bbox 3103 4387 3356 4442; x_wconf 86' lang='lat' dir='ltr'><strong>faciemus</strong></span> <span class='ocrx_word' id='word_1_715' title='bbox 3375 4402 3566 4456; x_wconf 85' lang='lat' dir='ltr'><strong>super-</strong></span> 
     </span>
    </p>
   </div>
   <div class='ocr_carea' id='block_1_85' title="bbox 1979 4471 3569 4548">
    <p class='ocr_par' dir='ltr' id='par_1_85' title="bbox 1979 4471 3569 4548">
     <span class='ocr_line' id='line_1_85' title="bbox 1979 4471 3569 4548; baseline 0.007 -27"><span class='ocrx_word' id='word_1_716' title='bbox 1979 4471 2227 4526; x_wconf 89' lang='lat' dir='ltr'><strong>veniente</strong></span> <span class='ocrx_word' id='word_1_717' title='bbox 2253 4471 2434 4535; x_wconf 90' lang='lat' dir='ltr'><strong>fratre,</strong></span> <span class='ocrx_word' id='word_1_718' title='bbox 2464 4473 2590 4542; x_wconf 84' lang='lat' dir='ltr'><strong>quid</strong></span> <span class='ocrx_word' id='word_1_719' title='bbox 2619 4474 2894 4542; x_wconf 88' lang='lat' dir='ltr'><strong>loquemur</strong></span> <span class='ocrx_word' id='word_1_720' title='bbox 2931 4476 2997 4530; x_wconf 92' lang='lat' dir='ltr'><strong>ad</strong></span> <span class='ocrx_word' id='word_1_721' title='bbox 3028 4477 3219 4531; x_wconf 83' lang='lat' dir='ltr'><strong>illum?</strong></span> <span class='ocrx_word' id='word_1_722' title='bbox 3275 4478 3569 4548; x_wconf 89' lang='lat' dir='ltr'><strong>Respondit</strong></span> 
     </span>
    </p>
   </div>
   <div class='ocr_carea' id='block_1_86' title="bbox 276 4560 3567 4653">
    <p class='ocr_par' dir='ltr' id='par_1_86' title="bbox 276 4560 3567 4653">
     <span class='ocr_line' id='line_1_86' title="bbox 276 4560 3567 4653; baseline 0.007 -52"><span class='ocrx_word' id='word_1_723' title='bbox 276 4573 382 4627; x_wconf 64' lang='lat' dir='ltr'><strong>sed</strong></span> <span class='ocrx_word' id='word_1_724' title='bbox 415 4572 548 4626; x_wconf 62' lang='lat' dir='ltr'><strong>vade</strong></span> <span class='ocrx_word' id='word_1_725' title='bbox 593 4574 642 4626; x_wconf 66' lang='lat' dir='ltr'><strong>in</strong></span> <span class='ocrx_word' id='word_1_726' title='bbox 671 4576 804 4628; x_wconf 64' lang='lat' dir='ltr'><strong>cella</strong></span> <span class='ocrx_word' id='word_1_727' title='bbox 845 4585 953 4642; x_wconf 55' lang='lat' dir='ltr'><strong>ma,</strong></span> <span class='ocrx_word' id='word_1_728' title='bbox 986 4585 1040 4630; x_wconf 47' lang='lat' dir='ltr'><strong>et</strong></span> <span class='ocrx_word' id='word_1_729' title='bbox 1068 4592 1206 4645; x_wconf 71' lang='lat' dir='ltr'><strong>pone</strong></span> <span class='ocrx_word' id='word_1_730' title='bbox 1233 4580 1284 4633; x_wconf 60' lang='lat' dir='ltr'><strong>in</strong></span> <span class='ocrx_word' id='word_1_731' title='bbox 1313 4580 1476 4636; x_wconf 67' lang='lat' dir='ltr'><strong>corde</strong></span> <span class='ocrx_word' id='word_1_732' title='bbox 1506 4591 1598 4636; x_wconf 72' lang='grc' dir='ltr'><strong>ωο</strong></span> <span class='ocrx_word' id='word_1_733' title='bbox 1627 4584 1749 4653; x_wconf 57' lang='lat' dir='ltr'><strong>quia</strong></span> <span class='ocrx_word' id='word_1_734' title='bbox 1782 4586 1874 4638; x_wconf 53' lang='grc' dir='ltr'>ιω,</span> <span class='ocrx_word' id='word_1_735' title='bbox 1909 4581 1960 4640; x_wconf 82' lang='lat' dir='ltr'><strong>D</strong></span> <span class='ocrx_word' id='word_1_736' title='bbox 1985 4575 2150 4616; x_wconf 90' lang='lat' dir='ltr'><strong>senex</strong></span> <span class='ocrx_word' id='word_1_737' title='bbox 2185 4578 2196 4613; x_wconf 92' lang='lat'>:</span> <span class='ocrx_word' id='word_1_738' title='bbox 2228 4560 2473 4616; x_wconf 92' lang='lat' dir='ltr'><strong>Omnium</strong></span> <span class='ocrx_word' id='word_1_739' title='bbox 2501 4562 2746 4618; x_wconf 89' lang='lat' dir='ltr'><strong>doctrina</strong></span> <span class='ocrx_word' id='word_1_740' title='bbox 2774 4565 2948 4621; x_wconf 90' lang='lat' dir='ltr'><strong>luctus</strong></span> <span class='ocrx_word' id='word_1_741' title='bbox 2971 4575 3072 4622; x_wconf 84' lang='lat' dir='ltr'><strong>est.</strong></span> <span class='ocrx_word' id='word_1_742' title='bbox 3108 4566 3208 4622; x_wconf 91' lang='lat' dir='ltr'><strong>Ubi</strong></span> <span class='ocrx_word' id='word_1_743' title='bbox 3239 4583 3346 4623; x_wconf 88' lang='lat' dir='ltr'><strong>non</strong></span> <span class='ocrx_word' id='word_1_744' title='bbox 3379 4580 3461 4623; x_wconf 88' lang='lat' dir='ltr'><strong>est</strong></span> <span class='ocrx_word' id='word_1_745' title='bbox 3490 4569 3567 4623; x_wconf 75' lang='lat' dir='ltr'><strong>lu~</strong></span> 
     </span>
    </p>
   </div>
   <div class='ocr_carea' id='block_1_87' title="bbox 276 4663 1289 4736">
    <p class='ocr_par' dir='ltr' id='par_1_87' title="bbox 276 4663 1289 4736">
     <span class='ocr_line' id='line_1_87' title="bbox 276 4663 1289 4736; baseline 0.005 -19"><span class='ocrx_word' id='word_1_746' title='bbox 276 4663 421 4717; x_wconf 75' lang='lat' dir='ltr'><strong>beas</strong></span> <span class='ocrx_word' id='word_1_747' title='bbox 442 4677 639 4716; x_wconf 89' lang='lat' dir='ltr'><strong>annum</strong></span> <span class='ocrx_word' id='word_1_748' title='bbox 667 4663 808 4732; x_wconf 90' lang='lat' dir='ltr'><strong>quod</strong></span> <span class='ocrx_word' id='word_1_749' title='bbox 840 4666 891 4719; x_wconf 92' lang='lat' dir='ltr'><strong>in</strong></span> <span class='ocrx_word' id='word_1_750' title='bbox 920 4667 1168 4736; x_wconf 89' lang='lat' dir='ltr'><strong>sepulcro</strong></span> <span class='ocrx_word' id='word_1_751' title='bbox 1191 4670 1289 4724; x_wconf 90' lang='lat' dir='ltr'><strong>sis.</strong></span> 
     </span>
    </p>
   </div>
   <div class='ocr_carea' id='block_1_88' title="bbox 365 4754 1877 4834">
    <p class='ocr_par' dir='ltr' id='par_1_88' title="bbox 365 4754 1877 4834">
     <span class='ocr_line' id='line_1_88' title="bbox 365 4754 1877 4834; baseline 0.009 -26"><span class='ocrx_word' id='word_1_752' title='bbox 365 4754 454 4808; x_wconf 74' lang='grc'><strong>19.</strong></span> <span class='ocrx_word' id='word_1_753' title='bbox 497 4755 730 4810; x_wconf 90' lang='lat' dir='ltr'><strong>Sedente</strong></span> <span class='ocrx_word' id='word_1_754' title='bbox 757 4757 1041 4826; x_wconf 88' lang='lat' dir='ltr'><strong>aliquando</strong></span> <span class='ocrx_word' id='word_1_755' title='bbox 1068 4760 1258 4816; x_wconf 88' lang='lat' dir='ltr'><strong>abbate</strong></span> <span class='ocrx_word' id='word_1_756' title='bbox 1293 4761 1569 4819; x_wconf 79' lang='lat' dir='ltr'><strong>Pmmenio</strong></span> <span class='ocrx_word' id='word_1_757' title='bbox 1618 4765 1670 4821; x_wconf 93' lang='lat' dir='ltr'><strong>in</strong></span> <span class='ocrx_word' id='word_1_758' title='bbox 1719 4767 1877 4834; x_wconf 90' lang='lat' dir='ltr'><strong>cella,</strong></span> 
     </span>
    </p>
   </div>
   <div class='ocr_carea' id='block_1_89' title="bbox 281 4849 1882 4924">
    <p class='ocr_par' dir='ltr' id='par_1_89' title="bbox 281 4849 1882 4924">
     <span class='ocr_line' id='line_1_89' title="bbox 281 4849 1882 4924; baseline 0.008 -21"><span class='ocrx_word' id='word_1_759' title='bbox 281 4849 635 4919; x_wconf 78' lang='lat' dir='ltr'><strong>litigaverunt</strong></span> <span class='ocrx_word' id='word_1_760' title='bbox 672 4852 862 4907; x_wconf 80' lang='lat' dir='ltr'><strong>fratres</strong></span> <span class='ocrx_word' id='word_1_761' title='bbox 897 4855 966 4906; x_wconf 90' lang='lat' dir='ltr'><strong>ad</strong></span> <span class='ocrx_word' id='word_1_762' title='bbox 1005 4857 1318 4911; x_wconf 88' lang='lat' dir='ltr'><strong>alterutrum</strong></span> <span class='ocrx_word' id='word_1_763' title='bbox 1352 4858 1530 4924; x_wconf 90' lang='lat' dir='ltr'><strong>nimis,</strong></span> <span class='ocrx_word' id='word_1_764' title='bbox 1563 4869 1615 4913; x_wconf 93' lang='lat' dir='ltr'><strong>et</strong></span> <span class='ocrx_word' id='word_1_765' title='bbox 1640 4861 1770 4914; x_wconf 90' lang='lat' dir='ltr'><strong>nihil</strong></span> <span class='ocrx_word' id='word_1_766' title='bbox 1805 4861 1882 4916; x_wconf 86' lang='lat' dir='ltr'><strong>lo-</strong></span> 
     </span>
    </p>
   </div>
   <div class='ocr_carea' id='block_1_90' title="bbox 280 4945 1881 5020">
    <p class='ocr_par' dir='ltr' id='par_1_90' title="bbox 280 4945 1881 5020">
     <span class='ocr_line' id='line_1_90' title="bbox 280 4945 1881 5020; baseline 0.009 -24"><span class='ocrx_word' id='word_1_767' title='bbox 280 4953 448 4996; x_wconf 89' lang='lat' dir='ltr'><strong>cutus</strong></span> <span class='ocrx_word' id='word_1_768' title='bbox 475 4953 558 4997; x_wconf 89' lang='lat' dir='ltr'><strong>est</strong></span> <span class='ocrx_word' id='word_1_769' title='bbox 577 4945 796 4999; x_wconf 86' lang='lat' dir='ltr'><strong>omnino</strong></span> <span class='ocrx_word' id='word_1_770' title='bbox 825 4946 928 5001; x_wconf 93' lang='lat' dir='ltr'><strong>illis</strong></span> <span class='ocrx_word' id='word_1_771' title='bbox 952 4961 1142 5006; x_wconf 88' lang='lat' dir='ltr'><strong>senex.</strong></span> <span class='ocrx_word' id='word_1_772' title='bbox 1174 4950 1485 5020; x_wconf 85' lang='lat' dir='ltr'><strong>Ingrediens</strong></span> <span class='ocrx_word' id='word_1_773' title='bbox 1515 4962 1694 5008; x_wconf 89' lang='lat' dir='ltr'><strong>autem</strong></span> <span class='ocrx_word' id='word_1_774' title='bbox 1715 4954 1881 5010; x_wconf 89' lang='lat' dir='ltr'><strong>abbas</strong></span> 
     </span>
    </p>
   </div>
   <div class='ocr_carea' id='block_1_91' title="bbox 1984 4657 2766 4724">
    <p class='ocr_par' dir='ltr' id='par_1_91' title="bbox 1984 4657 2766 4724">
     <span class='ocr_line' id='line_1_91' title="bbox 1984 4657 2766 4724; baseline 0.005 -16"><span class='ocrx_word' id='word_1_775' title='bbox 1984 4663 2126 4722; x_wconf 89' lang='lat' dir='ltr'><strong>ctus,</strong></span> <span class='ocrx_word' id='word_1_776' title='bbox 2161 4668 2268 4708; x_wconf 90' lang='lat' dir='ltr'><strong>non</strong></span> <span class='ocrx_word' id='word_1_777' title='bbox 2297 4663 2472 4724; x_wconf 89' lang='lat' dir='ltr'><strong>potest</strong></span> <span class='ocrx_word' id='word_1_778' title='bbox 2491 4657 2766 4712; x_wconf 82' lang='lat' dir='ltr'><strong>observari</strong></span> 
     </span>
    </p>
   </div>
   <div class='ocr_carea' id='block_1_92' title="bbox 2052 4767 3568 4843">
    <p class='ocr_par' dir='ltr' id='par_1_92' title="bbox 2052 4767 3568 4843">
     <span class='ocr_line' id='line_1_92' title="bbox 2052 4767 3568 4843; baseline 0.006 -22"><span class='ocrx_word' id='word_1_779' title='bbox 2052 4768 2146 4822; x_wconf 77' lang='grc'><strong>26.</strong></span> <span class='ocrx_word' id='word_1_780' title='bbox 2190 4768 2489 4838; x_wconf 85' lang='lat' dir='ltr'><strong>Requisivit</strong></span> <span class='ocrx_word' id='word_1_781' title='bbox 2526 4767 2692 4825; x_wconf 90' lang='lat' dir='ltr'><strong>frater</strong></span> <span class='ocrx_word' id='word_1_782' title='bbox 2736 4769 2981 4825; x_wconf 90' lang='lat' dir='ltr'><strong>abbatem</strong></span> <span class='ocrx_word' id='word_1_783' title='bbox 3009 4769 3241 4826; x_wconf 90' lang='lat' dir='ltr'><strong>Sisoium</strong></span> <span class='ocrx_word' id='word_1_784' title='bbox 3269 4771 3568 4843; x_wconf 80' lang='lat' dir='ltr'><strong>(Pasc/tas.,</strong></span> 
     </span>
    </p>
   </div>
   <div class='ocr_carea' id='block_1_93' title="bbox 1985 4859 3570 4928">
    <p class='ocr_par' dir='ltr' id='par_1_93' title="bbox 1985 4859 3570 4928">
     <span class='ocr_line' id='line_1_93' title="bbox 1985 4859 3570 4928; baseline 0.005 -16"><span class='ocrx_word' id='word_1_785' title='bbox 1985 4876 2102 4928; x_wconf 82' lang='lat' dir='ltr'><strong>cap.</strong></span> <span class='ocrx_word' id='word_1_786' title='bbox 2134 4859 2225 4923; x_wconf 74' lang='lat'><strong>39,</strong></span> <span class='ocrx_word' id='word_1_787' title='bbox 2256 4876 2310 4913; x_wconf 81' lang='grc' dir='ltr'><strong>η.</strong></span> <span class='ocrx_word' id='word_1_788' title='bbox 2344 4859 2398 4928; x_wconf 83' lang='grc'><strong>1)</strong></span> <span class='ocrx_word' id='word_1_789' title='bbox 2435 4877 2447 4911; x_wconf 87' lang='lat'><strong>:</strong></span> <span class='ocrx_word' id='word_1_790' title='bbox 2484 4859 2613 4914; x_wconf 85' lang='lat' dir='ltr'><strong>Post</strong></span> <span class='ocrx_word' id='word_1_791' title='bbox 2639 4868 2896 4928; x_wconf 90' lang='lat' dir='ltr'><strong>quantum</strong></span> <span class='ocrx_word' id='word_1_792' title='bbox 2925 4868 3136 4928; x_wconf 90' lang='lat' dir='ltr'><strong>tempus</strong></span> <span class='ocrx_word' id='word_1_793' title='bbox 3162 4859 3324 4916; x_wconf 84' lang='lat' dir='ltr'><strong>debet</strong></span> <span class='ocrx_word' id='word_1_794' title='bbox 3353 4863 3512 4917; x_wconf 93' lang='lat' dir='ltr'><strong>homo</strong></span> <span class='ocrx_word' id='word_1_795' title='bbox 3543 4880 3570 4920; x_wconf 90' lang='lat' dir='ltr'><strong>a</strong></span> 
     </span>
    </p>
   </div>
   <div class='ocr_carea' id='block_1_94' title="bbox 1988 4952 3571 5026">
    <p class='ocr_par' dir='ltr' id='par_1_94' title="bbox 1988 4952 3571 5026">
     <span class='ocr_line' id='line_1_94' title="bbox 1988 4952 3571 5026; baseline 0.001 -18"><span class='ocrx_word' id='word_1_796' title='bbox 1988 4969 2047 5008; x_wconf 87' lang='lat' dir='ltr'><strong>se</strong></span> <span class='ocrx_word' id='word_1_797' title='bbox 2095 4952 2372 5008; x_wconf 90' lang='lat' dir='ltr'><strong>abscidere</strong></span> <span class='ocrx_word' id='word_1_798' title='bbox 2403 4952 2720 5022; x_wconf 79' lang='lat' dir='ltr'><strong>passiones?</strong></span> <span class='ocrx_word' id='word_1_799' title='bbox 2773 4952 3066 5023; x_wconf 87' lang='lat' dir='ltr'><strong>Respondit</strong></span> <span class='ocrx_word' id='word_1_800' title='bbox 3095 4968 3259 5009; x_wconf 85' lang='lat' dir='ltr'><strong>senex</strong></span> <span class='ocrx_word' id='word_1_801' title='bbox 3295 4972 3308 5009; x_wconf 89' lang='lat'>:</span> <span class='ocrx_word' id='word_1_802' title='bbox 3338 4955 3395 5010; x_wconf 89' lang='lat' dir='ltr'><strong>In</strong></span> <span class='ocrx_word' id='word_1_803' title='bbox 3447 4973 3571 5026; x_wconf 74' lang='lat' dir='ltr'><strong>qua.</strong></span> 
     </span>
    </p>
   </div>
   <div class='ocr_carea' id='block_1_95' title="bbox 285 5034 1884 5115">
    <p class='ocr_par' dir='ltr' id='par_1_95' title="bbox 285 5034 1884 5115">
     <span class='ocr_line' id='line_1_95' title="bbox 285 5034 1884 5115; baseline 0.009 -26"><span class='ocrx_word' id='word_1_804' title='bbox 285 5034 650 5103; x_wconf 80' lang='lat' dir='ltr'><strong>Paphnutius,</strong></span> <span class='ocrx_word' id='word_1_805' title='bbox 680 5038 882 5095; x_wconf 74' lang='lat' dir='ltr'><strong>invenit</strong></span> <span class='ocrx_word' id='word_1_806' title='bbox 911 5056 1004 5096; x_wconf 91' lang='lat' dir='ltr'><strong>eos</strong></span> <span class='ocrx_word' id='word_1_807' title='bbox 1051 5043 1310 5109; x_wconf 88' lang='lat' dir='ltr'><strong>rixantes,</strong></span> <span class='ocrx_word' id='word_1_808' title='bbox 1343 5054 1398 5099; x_wconf 90' lang='lat' dir='ltr'><strong>et</strong></span> <span class='ocrx_word' id='word_1_809' title='bbox 1424 5045 1557 5100; x_wconf 86' lang='lat' dir='ltr'><strong>dixit</strong></span> <span class='ocrx_word' id='word_1_810' title='bbox 1581 5047 1631 5101; x_wconf 91' lang='lat' dir='ltr'><strong>ei</strong></span> <span class='ocrx_word' id='word_1_811' title='bbox 1659 5064 1672 5101; x_wconf 92' lang='lat'><strong>:</strong></span> <span class='ocrx_word' id='word_1_812' title='bbox 1707 5049 1884 5115; x_wconf 88' lang='lat' dir='ltr'><strong>Quare</strong></span> 
     </span>
    </p>
   </div>
   <div class='ocr_carea' id='block_1_96' title="bbox 285 5127 1881 5208">
    <p class='ocr_par' dir='ltr' id='par_1_96' title="bbox 285 5127 1881 5208">
     <span class='ocr_line' id='line_1_96' title="bbox 285 5127 1881 5208; baseline 0.009 -29"><span class='ocrx_word' id='word_1_813' title='bbox 285 5127 542 5182; x_wconf 83' lang='lat' dir='ltr'><strong>dimisisti</strong></span> <span class='ocrx_word' id='word_1_814' title='bbox 561 5129 772 5194; x_wconf 88' lang='lat' dir='ltr'><strong>fratres,</strong></span> <span class='ocrx_word' id='word_1_815' title='bbox 802 5143 854 5186; x_wconf 93' lang='lat' dir='ltr'><strong>et</strong></span> <span class='ocrx_word' id='word_1_816' title='bbox 876 5148 983 5187; x_wconf 87' lang='lat' dir='ltr'><strong>non</strong></span> <span class='ocrx_word' id='word_1_817' title='bbox 1006 5149 1064 5188; x_wconf 81' lang='lat' dir='ltr'><strong>es</strong></span> <span class='ocrx_word' id='word_1_818' title='bbox 1089 5135 1194 5189; x_wconf 89' lang='lat' dir='ltr'><strong>illis</strong></span> <span class='ocrx_word' id='word_1_819' title='bbox 1211 5136 1417 5191; x_wconf 88' lang='lat' dir='ltr'><strong>locutus</strong></span> <span class='ocrx_word' id='word_1_820' title='bbox 1443 5153 1508 5192; x_wconf 92' lang='lat' dir='ltr'><strong>ne</strong></span> <span class='ocrx_word' id='word_1_821' title='bbox 1531 5138 1881 5208; x_wconf 84' lang='lat' dir='ltr'><strong>litigarentur.</strong></span> 
     </span>
    </p>
   </div>
   <div class='ocr_carea' id='block_1_97' title="bbox 289 5219 1885 5300">
    <p class='ocr_par' dir='ltr' id='par_1_97' title="bbox 289 5219 1885 5300">
     <span class='ocr_line' id='line_1_97' title="bbox 289 5219 1885 5300; baseline 0.009 -27"><span class='ocrx_word' id='word_1_822' title='bbox 289 5219 444 5274; x_wconf 79' lang='lat' dir='ltr'><strong>Dixit</strong></span> <span class='ocrx_word' id='word_1_823' title='bbox 473 5222 548 5275; x_wconf 88' lang='lat' dir='ltr'><strong>illi</strong></span> <span class='ocrx_word' id='word_1_824' title='bbox 579 5221 920 5280; x_wconf 77' lang='lat' dir='ltr'><strong>Ptemenius:</strong></span> <span class='ocrx_word' id='word_1_825' title='bbox 957 5226 1172 5282; x_wconf 87' lang='lat' dir='ltr'><strong>Fratres</strong></span> <span class='ocrx_word' id='word_1_826' title='bbox 1201 5241 1348 5296; x_wconf 91' lang='lat' dir='ltr'><strong>sunt,</strong></span> <span class='ocrx_word' id='word_1_827' title='bbox 1381 5231 1571 5285; x_wconf 91' lang='lat' dir='ltr'><strong>iterum</strong></span> <span class='ocrx_word' id='word_1_828' title='bbox 1604 5233 1885 5300; x_wconf 79' lang='lat' dir='ltr'><strong>paciﬁcan-</strong></span> 
     </span>
    </p>
   </div>
   <div class='ocr_carea' id='block_1_98' title="bbox 289 5315 1884 5396">
    <p class='ocr_par' dir='ltr' id='par_1_98' title="bbox 289 5315 1884 5396">
     <span class='ocr_line' id='line_1_98' title="bbox 289 5315 1884 5396; baseline 0.009 -30"><span class='ocrx_word' id='word_1_829' title='bbox 289 5326 404 5369; x_wconf 88' lang='lat' dir='ltr'><strong>tur.</strong></span> <span class='ocrx_word' id='word_1_830' title='bbox 450 5315 591 5370; x_wconf 85' lang='lat' dir='ltr'><strong>Dixit</strong></span> <span class='ocrx_word' id='word_1_831' title='bbox 633 5317 679 5372; x_wconf 92' lang='lat' dir='ltr'><strong>ei</strong></span> <span class='ocrx_word' id='word_1_832' title='bbox 731 5317 1059 5388; x_wconf 89' lang='lat' dir='ltr'><strong>Paphnutius</strong></span> <span class='ocrx_word' id='word_1_833' title='bbox 1089 5339 1100 5374; x_wconf 93' lang='lat'>:</span> <span class='ocrx_word' id='word_1_834' title='bbox 1131 5323 1264 5388; x_wconf 88' lang='lat' dir='ltr'><strong>Quid</strong></span> <span class='ocrx_word' id='word_1_835' title='bbox 1295 5334 1380 5378; x_wconf 88' lang='lat' dir='ltr'><strong>est</strong></span> <span class='ocrx_word' id='word_1_836' title='bbox 1409 5325 1542 5379; x_wconf 88' lang='lat' dir='ltr'><strong>hoc?</strong></span> <span class='ocrx_word' id='word_1_837' title='bbox 1582 5325 1729 5382; x_wconf 87' lang='lat' dir='ltr'><strong>vides</strong></span> <span class='ocrx_word' id='word_1_838' title='bbox 1761 5327 1884 5396; x_wconf 89' lang='lat' dir='ltr'><strong>quia</strong></span> 
     </span>
    </p>
   </div>
   <div class='ocr_carea' id='block_1_99' title="bbox 290 5409 1885 5484">
    <p class='ocr_par' dir='ltr' id='par_1_99' title="bbox 290 5409 1885 5484">
     <span class='ocr_line' id='line_1_99' title="bbox 290 5409 1885 5484; baseline 0.009 -25"><span class='ocrx_word' id='word_1_839' title='bbox 290 5409 536 5462; x_wconf 80' lang='lat' dir='ltr'><strong>rixantes</strong></span> <span class='ocrx_word' id='word_1_840' title='bbox 566 5425 736 5479; x_wconf 85' lang='lat' dir='ltr'><strong>usque</strong></span> <span class='ocrx_word' id='word_1_841' title='bbox 763 5414 827 5464; x_wconf 90' lang='lat' dir='ltr'><strong>ad</strong></span> <span class='ocrx_word' id='word_1_842' title='bbox 873 5412 1182 5482; x_wconf 88' lang='lat' dir='ltr'><strong>sanguinem</strong></span> <span class='ocrx_word' id='word_1_843' title='bbox 1237 5431 1372 5482; x_wconf 90' lang='lat' dir='ltr'><strong>pene</strong></span> <span class='ocrx_word' id='word_1_844' title='bbox 1398 5427 1680 5484; x_wconf 86' lang='lat' dir='ltr'><strong>venerunt,</strong></span> <span class='ocrx_word' id='word_1_845' title='bbox 1728 5427 1781 5473; x_wconf 89' lang='lat' dir='ltr'><strong>et</strong></span> <span class='ocrx_word' id='word_1_846' title='bbox 1831 5431 1885 5473; x_wconf 86' lang='lat' dir='ltr'><strong>tu</strong></span> 
     </span>
    </p>
   </div>
   <div class='ocr_carea' id='block_1_100' title="bbox 295 5498 1884 5572">
    <p class='ocr_par' dir='ltr' id='par_1_100' title="bbox 295 5498 1884 5572">
     <span class='ocr_line' id='line_1_100' title="bbox 295 5498 1884 5572; baseline 0.006 -21"><span class='ocrx_word' id='word_1_847' title='bbox 295 5498 438 5551; x_wconf 90' lang='lat' dir='ltr'><strong>dicis</strong></span> <span class='ocrx_word' id='word_1_848' title='bbox 476 5500 599 5567; x_wconf 91' lang='lat' dir='ltr'><strong>quia</strong></span> <span class='ocrx_word' id='word_1_849' title='bbox 650 5501 839 5555; x_wconf 88' lang='lat' dir='ltr'><strong>iterum</strong></span> <span class='ocrx_word' id='word_1_850' title='bbox 885 5504 1258 5572; x_wconf 87' lang='lat' dir='ltr'><strong>pacificantur?</strong></span> <span class='ocrx_word' id='word_1_851' title='bbox 1288 5507 1428 5561; x_wconf 88' lang='lat' dir='ltr'><strong>Dixit</strong></span> <span class='ocrx_word' id='word_1_852' title='bbox 1455 5508 1502 5562; x_wconf 92' lang='lat' dir='ltr'><strong>ei</strong></span> <span class='ocrx_word' id='word_1_853' title='bbox 1534 5508 1837 5563; x_wconf 74' lang='lat' dir='ltr'><strong>Pinmenius</strong></span> <span class='ocrx_word' id='word_1_854' title='bbox 1871 5526 1884 5561; x_wconf 91' lang='lat'><strong>:</strong></span> 
     </span>
    </p>
   </div>
   <div class='ocr_carea' id='block_1_101' title="bbox 294 5587 1890 5665">
    <p class='ocr_par' dir='ltr' id='par_1_101' title="bbox 294 5587 1890 5665">
     <span class='ocr_line' id='line_1_101' title="bbox 294 5587 1890 5665; baseline 0.008 -23"><span class='ocrx_word' id='word_1_855' title='bbox 294 5587 394 5642; x_wconf 90' lang='lat' dir='ltr'><strong>Sic</strong></span> <span class='ocrx_word' id='word_1_856' title='bbox 422 5602 580 5657; x_wconf 71' lang='lat' dir='ltr'><strong>pone,</strong></span> <span class='ocrx_word' id='word_1_857' title='bbox 615 5589 797 5661; x_wconf 88' lang='lat' dir='ltr'><strong>frater,</strong></span> <span class='ocrx_word' id='word_1_858' title='bbox 829 5592 882 5647; x_wconf 91' lang='lat' dir='ltr'><strong>in</strong></span> <span class='ocrx_word' id='word_1_859' title='bbox 909 5594 1071 5648; x_wconf 89' lang='lat' dir='ltr'><strong>corde</strong></span> <span class='ocrx_word' id='word_1_860' title='bbox 1101 5603 1190 5650; x_wconf 92' lang='lat' dir='ltr'><strong>tuo</strong></span> <span class='ocrx_word' id='word_1_861' title='bbox 1217 5596 1336 5665; x_wconf 91' lang='lat' dir='ltr'><strong>quia</strong></span> <span class='ocrx_word' id='word_1_862' title='bbox 1371 5612 1476 5651; x_wconf 92' lang='lat' dir='ltr'><strong>non</strong></span> <span class='ocrx_word' id='word_1_863' title='bbox 1507 5613 1624 5653; x_wconf 90' lang='lat' dir='ltr'><strong>sum</strong></span> <span class='ocrx_word' id='word_1_864' title='bbox 1667 5597 1772 5654; x_wconf 89' lang='lat' dir='ltr'><strong>hic.</strong></span> <span class='ocrx_word' id='word_1_865' title='bbox 1801 5599 1890 5654; x_wconf 92' lang='lat' dir='ltr'><strong>Sic</strong></span> 
     </span>
    </p>
   </div>
   <div class='ocr_carea' id='block_1_102' title="bbox 295 5681 1890 5750">
    <p class='ocr_par' dir='ltr' id='par_1_102' title="bbox 295 5681 1890 5750">
     <span class='ocr_line' id='line_1_102' title="bbox 295 5681 1890 5750; baseline 0.012 -21"><span class='ocrx_word' id='word_1_866' title='bbox 295 5691 432 5744; x_wconf 80' lang='lat' dir='ltr'><strong>ergo</strong></span> <span class='ocrx_word' id='word_1_867' title='bbox 471 5687 589 5732; x_wconf 87' lang='lat' dir='ltr'><strong>erat</strong></span> <span class='ocrx_word' id='word_1_868' title='bbox 631 5681 840 5750; x_wconf 90' lang='lat' dir='ltr'><strong>quietus</strong></span> <span class='ocrx_word' id='word_1_869' title='bbox 885 5691 939 5739; x_wconf 91' lang='lat' dir='ltr'><strong>et</strong></span> <span class='ocrx_word' id='word_1_870' title='bbox 975 5693 1155 5741; x_wconf 86' lang='lat' dir='ltr'><strong>tacens</strong></span> <span class='ocrx_word' id='word_1_871' title='bbox 1198 5702 1317 5742; x_wconf 88' lang='lat' dir='ltr'><strong>cum</strong></span> <span class='ocrx_word' id='word_1_872' title='bbox 1349 5687 1695 5745; x_wconf 84' lang='lat' dir='ltr'><strong>charitatlbns</strong></span> <span class='ocrx_word' id='word_1_873' title='bbox 1727 5691 1890 5749; x_wconf 85' lang='lat' dir='ltr'><strong>abbas</strong></span> 
     </span>
    </p>
   </div>
   <div class='ocr_carea' id='block_1_103' title="bbox 301 5769 612 5827">
    <p class='ocr_par' dir='ltr' id='par_1_103' title="bbox 301 5769 612 5827">
     <span class='ocr_line' id='line_1_103' title="bbox 301 5769 612 5827; baseline 0.019 -6"><span class='ocrx_word' id='word_1_874' title='bbox 301 5769 612 5827; x_wconf 67' lang='lat' dir='ltr'><strong>l‘minenius</strong></span> 
     </span>
    </p>
   </div>
   <div class='ocr_carea' id='block_1_104' title="bbox 1987 5044 3571 5118">
    <p class='ocr_par' dir='ltr' id='par_1_104' title="bbox 1987 5044 3571 5118">
     <span class='ocr_line' id='line_1_104' title="bbox 1987 5044 3571 5118; baseline 0.003 -19"><span class='ocrx_word' id='word_1_875' title='bbox 1987 5060 2196 5114; x_wconf 88' lang='lat' dir='ltr'><strong>cunque</strong></span> <span class='ocrx_word' id='word_1_876' title='bbox 2254 5044 2382 5099; x_wconf 88' lang='lat' dir='ltr'><strong>hora</strong></span> <span class='ocrx_word' id='word_1_877' title='bbox 2433 5045 2640 5100; x_wconf 89' lang='lat' dir='ltr'><strong>venerit</strong></span> <span class='ocrx_word' id='word_1_878' title='bbox 2690 5045 2903 5114; x_wconf 90' lang='lat' dir='ltr'><strong>passio,</strong></span> <span class='ocrx_word' id='word_1_879' title='bbox 2950 5044 3166 5100; x_wconf 89' lang='lat' dir='ltr'><strong>abscide</strong></span> <span class='ocrx_word' id='word_1_880' title='bbox 3212 5047 3354 5102; x_wconf 86' lang='lat' dir='ltr'><strong>illam</strong></span> <span class='ocrx_word' id='word_1_881' title='bbox 3389 5089 3405 5114; x_wconf 93' lang='lat'><strong>,</strong></span> <span class='ocrx_word' id='word_1_882' title='bbox 3451 5050 3571 5118; x_wconf 82' lang='lat' dir='ltr'><strong>quia</strong></span> 
     </span>
    </p>
   </div>
   <div class='ocr_carea' id='block_1_105' title="bbox 1987 5132 3571 5207">
    <p class='ocr_par' dir='ltr' id='par_1_105' title="bbox 1987 5132 3571 5207">
     <span class='ocr_line' id='line_1_105' title="bbox 1987 5132 3571 5207; baseline 0.006 -23"><span class='ocrx_word' id='word_1_883' title='bbox 1987 5132 2188 5203; x_wconf 77' lang='lat' dir='ltr'><strong>fragilis</strong></span> <span class='ocrx_word' id='word_1_884' title='bbox 2241 5143 2324 5188; x_wconf 90' lang='lat' dir='ltr'><strong>est</strong></span> <span class='ocrx_word' id='word_1_885' title='bbox 2373 5135 2593 5199; x_wconf 89' lang='lat' dir='ltr'><strong>anima;</strong></span> <span class='ocrx_word' id='word_1_886' title='bbox 2641 5142 2765 5187; x_wconf 90' lang='lat' dir='ltr'><strong>ante</strong></span> <span class='ocrx_word' id='word_1_887' title='bbox 2805 5141 3061 5204; x_wconf 91' lang='lat' dir='ltr'><strong>armetur,</strong></span> <span class='ocrx_word' id='word_1_888' title='bbox 3119 5150 3278 5197; x_wconf 85' lang='lat' dir='ltr'><strong>quam</strong></span> <span class='ocrx_word' id='word_1_889' title='bbox 3333 5138 3571 5207; x_wconf 56' lang='lat' dir='ltr'><strong>inquine.</strong></span> 
     </span>
    </p>
   </div>
   <div class='ocr_carea' id='block_1_106' title="bbox 1987 5237 2092 5282">
    <p class='ocr_par' dir='ltr' id='par_1_106' title="bbox 1987 5237 2092 5282">
     <span class='ocr_line' id='line_1_106' title="bbox 1987 5237 2092 5282; baseline 0.019 -3"><span class='ocrx_word' id='word_1_890' title='bbox 1987 5237 2092 5282; x_wconf 87' lang='lat' dir='ltr'><strong>tur.</strong></span> 
     </span>
    </p>
   </div>
   <div class='ocr_carea' id='block_1_107' title="bbox 2059 5316 3570 5392">
    <p class='ocr_par' dir='ltr' id='par_1_107' title="bbox 2059 5316 3570 5392">
     <span class='ocr_line' id='line_1_107' title="bbox 2059 5316 3570 5392; baseline 0.003 -20"><span class='ocrx_word' id='word_1_891' title='bbox 2059 5320 2147 5373; x_wconf 69' lang='lat'><strong>27.</strong></span> <span class='ocrx_word' id='word_1_892' title='bbox 2191 5319 2416 5387; x_wconf 87' lang='lat' dir='ltr'><strong>Quidam</strong></span> <span class='ocrx_word' id='word_1_893' title='bbox 2447 5316 2612 5373; x_wconf 90' lang='lat' dir='ltr'><strong>frater</strong></span> <span class='ocrx_word' id='word_1_894' title='bbox 2632 5317 2915 5388; x_wconf 84' lang='lat' dir='ltr'><strong>requisivit</strong></span> <span class='ocrx_word' id='word_1_895' title='bbox 2943 5319 3188 5376; x_wconf 85' lang='lat' dir='ltr'><strong>abbatem</strong></span> <span class='ocrx_word' id='word_1_896' title='bbox 3217 5321 3570 5392; x_wconf 77' lang='lat' dir='ltr'><strong>Agathonem,</strong></span> 
     </span>
    </p>
   </div>
   <div class='ocr_carea' id='block_1_108' title="bbox 1992 5410 3571 5484">
    <p class='ocr_par' dir='ltr' id='par_1_108' title="bbox 1992 5410 3571 5484">
     <span class='ocr_line' id='line_1_108' title="bbox 1992 5410 3571 5484; baseline 0.005 -22"><span class='ocrx_word' id='word_1_897' title='bbox 1992 5411 2174 5467; x_wconf 83' lang='lat' dir='ltr'><strong>dicens</strong></span> <span class='ocrx_word' id='word_1_898' title='bbox 2205 5429 2217 5464; x_wconf 91' lang='lat'>:</span> <span class='ocrx_word' id='word_1_899' title='bbox 2248 5411 2362 5465; x_wconf 76' lang='lat' dir='ltr'><strong>Non</strong></span> <span class='ocrx_word' id='word_1_900' title='bbox 2385 5410 2665 5466; x_wconf 85' lang='lat' dir='ltr'><strong>discedunt</strong></span> <span class='ocrx_word' id='word_1_901' title='bbox 2687 5425 2716 5464; x_wconf 93' lang='lat' dir='ltr'><strong>a</strong></span> <span class='ocrx_word' id='word_1_902' title='bbox 2740 5425 2825 5466; x_wconf 91' lang='lat' dir='ltr'><strong>me</strong></span> <span class='ocrx_word' id='word_1_903' title='bbox 2855 5413 3148 5480; x_wconf 89' lang='lat' dir='ltr'><strong>passiones.</strong></span> <span class='ocrx_word' id='word_1_904' title='bbox 3172 5414 3468 5484; x_wconf 85' lang='lat' dir='ltr'><strong>Respondit</strong></span> <span class='ocrx_word' id='word_1_905' title='bbox 3489 5432 3571 5470; x_wconf 53' lang='lat' dir='ltr'><strong>re-</strong></span> 
     </span>
    </p>
   </div>
   <div class='ocr_carea' id='block_1_109' title="bbox 1995 5503 3570 5571">
    <p class='ocr_par' dir='ltr' id='par_1_109' title="bbox 1995 5503 3570 5571">
     <span class='ocr_line' id='line_1_109' title="bbox 1995 5503 3570 5571; baseline 0.003 -15"><span class='ocrx_word' id='word_1_906' title='bbox 1995 5518 2097 5557; x_wconf 88' lang='lat' dir='ltr'><strong>nex</strong></span> <span class='ocrx_word' id='word_1_907' title='bbox 2130 5521 2142 5556; x_wconf 85' lang='lat'><strong>:</strong></span> <span class='ocrx_word' id='word_1_908' title='bbox 2175 5503 2310 5558; x_wconf 76' lang='lat' dir='ltr'><strong>Vasa</strong></span> <span class='ocrx_word' id='word_1_909' title='bbox 2344 5503 2576 5570; x_wconf 86' lang='lat' dir='ltr'><strong>ipsorum</strong></span> <span class='ocrx_word' id='word_1_910' title='bbox 2609 5503 2744 5556; x_wconf 91' lang='lat' dir='ltr'><strong>intra</strong></span> <span class='ocrx_word' id='word_1_911' title='bbox 2777 5513 2827 5558; x_wconf 92' lang='lat' dir='ltr'><strong>te</strong></span> <span class='ocrx_word' id='word_1_912' title='bbox 2849 5513 3002 5571; x_wconf 83' lang='lat' dir='ltr'><strong>sunt;</strong></span> <span class='ocrx_word' id='word_1_913' title='bbox 3057 5504 3123 5559; x_wconf 88' lang='lat' dir='ltr'><strong>da</strong></span> <span class='ocrx_word' id='word_1_914' title='bbox 3153 5506 3254 5562; x_wconf 92' lang='lat' dir='ltr'><strong>illis</strong></span> <span class='ocrx_word' id='word_1_915' title='bbox 3279 5507 3464 5560; x_wconf 56' lang='lat' dir='ltr'><strong>arrhas</strong></span> <span class='ocrx_word' id='word_1_916' title='bbox 3494 5523 3570 5560; x_wconf 78' lang='lat' dir='ltr'><strong>re-</strong></span> 
     </span>
    </p>
   </div>
   <div class='ocr_carea' id='block_1_110' title="bbox 2001 5596 3054 5667">
    <p class='ocr_par' dir='ltr' id='par_1_110' title="bbox 2001 5596 3054 5667">
     <span class='ocr_line' id='line_1_110' title="bbox 2001 5596 3054 5667; baseline 0.003 -17"><span class='ocrx_word' id='word_1_917' title='bbox 2001 5596 2309 5651; x_wconf 84' lang='lat' dir='ltr'><strong>tributionis</strong></span> <span class='ocrx_word' id='word_1_918' title='bbox 2331 5596 2584 5664; x_wconf 89' lang='lat' dir='ltr'><strong>ipsorum,</strong></span> <span class='ocrx_word' id='word_1_919' title='bbox 2619 5604 2674 5650; x_wconf 91' lang='lat' dir='ltr'><strong>et</strong></span> <span class='ocrx_word' id='word_1_920' title='bbox 2699 5596 2901 5667; x_wconf 81' lang='lat' dir='ltr'><strong>fugient</strong></span> <span class='ocrx_word' id='word_1_921' title='bbox 2924 5611 2951 5650; x_wconf 90' lang='lat' dir='ltr'><strong>a</strong></span> <span class='ocrx_word' id='word_1_922' title='bbox 2982 5605 3054 5653; x_wconf 90' lang='lat' dir='ltr'><strong>te.</strong></span> 
     </span>
    </p>
   </div>
   <div class='ocr_carea' id='block_1_111' title="bbox 2063 5683 3572 5760">
    <p class='ocr_par' dir='ltr' id='par_1_111' title="bbox 2063 5683 3572 5760">
     <span class='ocr_line' id='line_1_111' title="bbox 2063 5683 3572 5760; baseline 0.001 -19"><span class='ocrx_word' id='word_1_923' title='bbox 2063 5689 2154 5742; x_wconf 70' lang='lat'><strong>28.</strong></span> <span class='ocrx_word' id='word_1_924' title='bbox 2195 5687 2422 5756; x_wconf 84' lang='lat' dir='ltr'><strong>Quidam</strong></span> <span class='ocrx_word' id='word_1_925' title='bbox 2452 5683 2616 5743; x_wconf 88' lang='lat' dir='ltr'><strong>frater</strong></span> <span class='ocrx_word' id='word_1_926' title='bbox 2645 5693 2789 5745; x_wconf 87' lang='lat' dir='ltr'><strong>venit</strong></span> <span class='ocrx_word' id='word_1_927' title='bbox 2815 5689 2882 5744; x_wconf 84' lang='lat' dir='ltr'><strong>ad</strong></span> <span class='ocrx_word' id='word_1_928' title='bbox 2909 5689 3140 5760; x_wconf 82' lang='lat' dir='ltr'><strong>aliquem</strong></span> <span class='ocrx_word' id='word_1_929' title='bbox 3180 5687 3572 5760; x_wconf 71' lang='lat' dir='ltr'><strong>anachorettm,</strong></span> 
     </span>
    </p>
   </div>
   <div class='ocr_carea' id='block_1_112' title="bbox 1996 5779 3570 5853">
    <p class='ocr_par' dir='ltr' id='par_1_112' title="bbox 1996 5779 3570 5853">
     <span class='ocr_line' id='line_1_112' title="bbox 1996 5779 3570 5853; baseline -0.001 -15"><span class='ocrx_word' id='word_1_930' title='bbox 1996 5791 2048 5838; x_wconf 90' lang='lat' dir='ltr'><strong>ct</strong></span> <span class='ocrx_word' id='word_1_931' title='bbox 2078 5797 2195 5837; x_wconf 82' lang='lat' dir='ltr'><strong>cum</strong></span> <span class='ocrx_word' id='word_1_932' title='bbox 2226 5780 2312 5837; x_wconf 88' lang='lat' dir='ltr'><strong>ille</strong></span> <span class='ocrx_word' id='word_1_933' title='bbox 2341 5784 2394 5834; x_wconf 89' lang='lat' dir='ltr'><strong>in</strong></span> <span class='ocrx_word' id='word_1_934' title='bbox 2426 5779 2682 5838; x_wconf 86' lang='lat' dir='ltr'><strong>charitate</strong></span> <span class='ocrx_word' id='word_1_935' title='bbox 2718 5783 3043 5853; x_wconf 82' lang='lat' dir='ltr'><strong>suscepisset</strong></span> <span class='ocrx_word' id='word_1_936' title='bbox 3085 5781 3252 5850; x_wconf 87' lang='lat' dir='ltr'><strong>illum,</strong></span> <span class='ocrx_word' id='word_1_937' title='bbox 3295 5780 3570 5838; x_wconf 75' lang='lat' dir='ltr'><strong>discedens</strong></span> 
     </span>
    </p>
   </div>
  </div>
