4014 6368
578 335 681 397 587

3424 251 3449 282 J

1714 338 2061 396 APPENDIX
2102 343 2194 399 AD
2236 344 2439 405 VITAS
2480 347 2783 406 PATRUM.
3716 361 3804 421 588

580 454 794 529 ιοοά,
810 454 943 510 dixit
983 453 1058 509 illi
1091 471 1104 507 :
1134 453 1352 524 Indulge
1387 453 1539 520 mihi,
1592 452 1747 520 abba,
1789 456 1909 523 quia
1940 456 2009 512 de
2034 472 2164 512 con-
2194 463 2243 521 Α
2267 460 2397 518 dicit
2425 461 2628 531 (Joan.,
2657 465 2817 521 libell.
2841 480 2912 533 tv,
2935 482 2990 523 tt.
3020 467 3074 532 7,
3106 468 3308 524 nomine
3331 468 3565 544 Moyst‘s).
3592 473 3686 532 Sed
3707 494 3804 535 cum

580 551 866 606 suetudine
898 558 985 603 tua
1008 549 1147 603 movi
1191 558 1260 603 te.
1294 549 1385 602 Ille
1411 557 1585 602 autem
1610 550 1904 617 respondit,
1937 550 2153 606 dicens:

573 641 689 697 Mea
732 639 1061 693 consuetudo
1105 650 1204 705 est,
1255 638 1439 705 frater,
1485 649 1541 692 ut
1587 641 1885 694 venientem
1926 641 2157 696 reficiant

571 748 693 789 cum
727 747 872 802 pace,
911 732 1221 787 redeuntem
1248 732 1512 785 dimittam
1543 746 1663 785 cum
1684 731 1964 786 charitate.

641 820 736 877 29.
779 820 1280 899 Requisivit‘frater
1326 836 1529 885 senem,
1580 821 1765 876 dicens
1823 839 1835 874 :
1880 821 2159 888 Quomodo

572 916 712 971 Deus
741 932 859 969 cum
894 913 1153 984 promittit
1183 914 1319 968 bona
1343 913 1535 969 anima:
1564 930 1658 984 per
1679 924 1891 969 sanctas
1917 916 2157 983 Scriptu-

571 1024 684 1074 ras,
714 1017 768 1062 et
794 1024 896 1061 non
926 1008 1037 1061 vnlt
1059 1008 1231 1061 anima
1262 1006 1311 1059 in
1346 1006 1450 1061 illis
1479 1022 1717 1071 manere,
1749 1008 1841 1062 sed
1874 1007 2159 1061 inclinatur

572 1099 636 1153 ad
667 1099 970 1153 transitoria
998 1109 1049 1151 et
1080 1097 1393 1151 immunda?
1442 1098 1737 1165 ReSpondit
1780 1114 1941 1154 senex
1977 1115 1992 1153 :
2023 1099 2156 1164 Quia

571 1195 797 1251 necdum
830 1195 1056 1263 gustavit
1084 1193 1419 1247 dulcedinem
1472 1176 1795 1258 caelestium,
1840 1202 1895 1247 ut
1935 1208 1998 1247 ex
2049 1201 2158 1246 toto

569 1286 730 1340 corde
755 1284 993 1353 exquirat
1023 1283 1216 1346 Deum;
1250 1283 1368 1337 ideo
1399 1281 1463 1335 ad
1493 1281 1767 1336 immunda
1788 1281 1946 1336 citius
1969 1295 2152 1335 rever-

570 1375 717 1429 titur.

512 1450 519 1455 ⁷
643 1468 735 1523 50.
776 1467 1072 1538 Requisivit
1123 1466 1287 1521 frater
1331 1480 1537 1531 senem,
1592 1466 1776 1520 dicens
1818 1482 1830 1519 :
1881 1466 2157 1532 Quomodo

569 1562 743 1614 anima
771 1559 1070 1613 delectatur
1092 1559 1143 1612 in
1173 1559 1463 1627 passiones.
1494 1558 1784 1625 Respondit
1811 1576 1823 1610 :
1849 1559 2039 1611 Anima
2065 1559 2159 1611 de-

567 1651 790 1707 lectatur
820 1655 871 1706 in
897 1653 1193 1722 passiones,
1222 1652 1314 1705 sed
1342 1652 1560 1719 Spiritus
1586 1651 1675 1706 Dei
1704 1653 1891 1718 estqui
1918 1654 2157 1706 continet

565 1741 737 1797 illam.
767 1742 1045 1813 Plangere'
1060 1757 1186 1811 ergo
1212 1741 1489 1805 debemus,
1543 1750 1598 1795 et
1642 1742 1920 1796 attendere
1950 1757 2067 1812 quae
2100 1741 2154 1795 in

2263 551 2378 621 ipse
2396 557 2671 622 cognoscit
2698 566 2969 625 peccatum
2998 572 3174 628 suum,
3198 568 3252 616 et
3273 563 3555 620 confitetur
3577 568 3689 636 quia
3705 583 3803 634 prc-

2262 644 2421 713 cavit,
2449 646 2684 718 indulget
2713 649 2788 704 illi
2818 650 3086 707 dominus.

2331 736 2421 792 58.
2465 738 2761 809 Requisivit
2790 742 2952 797 frater
2976 757 3160 799 senem
3206 762 3220 799 :
3264 744 3319 800 Si
3350 745 3508 802 fuerit
3544 757 3802 818 persecutio

2260 840 2359 896 pro
2383 841 2540 882 causa
2572 829 2717 895 fidei,
2749 831 2836 887 ubi
2865 841 2947 887 est
2976 832 3326 902 fugiendum?
3377 835 3693 906 Respondit:
3720 841 3798 899 Ubi

2263 915 2497 972 audieris
2527 921 2857 977 orthodoxos
2883 937 3003 979 esse
3033 924 3238 992 fideles,
3272 926 3381 981 illic
3405 928 3560 983 vade.

2331 1006 2422 1061 59.
2465 1007 2762 1079 Requisivit
2791 1011 2958 1068 frater
2981 1013 3229 1070 abbatem
3256 1015 3581 1083 Paamcnem,
3610 1018 3796 1074 dicens:

2259 1093 2396 1162 Quid
2428 1095 2639 1161 faciam,
2670 1101 2792 1169 quia
2823 1103 3141 1159 conturbant
3166 1121 3253 1161 me
3272 1107 3614 1176 cogitationes
3645 1112 3801 1165 SBdOItv

2262 1196 2367 1241 tem
2399 1189 2450 1242 in
2481 1189 2616 1244 cella
2642 1190 2836 1262 (Ra/ﬂ,
2867 1195 2904 1247 ι.
2939 1210 3016 1258 ιιι,
3050 1211 3105 1249 n.
3136 1195 3263 1261 10ος
3320 1196 3525 1270 Pelag.,
3573 1199 3712 1254 libelt.
3737 1216 3797 1265 ιι,

2259 1296 2314 1334 n.
2345 1279 2411 1344 8;
2448 1281 2664 1348 Posch.,
2698 1301 2742 1341 ε.
2778 1284 2864 1351 59,
2893 1303 2947 1341 ιι.
2970 1286 3060 1355 2)?
3082 1287 3413 1356 ReSpondit:
3440 1290 3699 1347 Neminem
3724 1292 3798 1348 de.

2260 1370 2476 1438 spicias,
2510 1374 2712 1428 nullutn
2745 1375 3025 1444 dijudiees,
3056 1378 3123 1433 de
3169 1380 3316 1433 nullo
3360 1382 3553 1436 malum
3582 1382 3796 1452 loquaris,

2259 1470 2315 1512 et
2366 1460 2506 1516 Deus
2550 1465 2696 1518 dabit
2738 1467 2827 1520 tibi
2887 1469 3146 1536 requiem,
3200 1479 3255 1524 et
3300 1479 3499 1527 statuet
3547 1476 3796 1530 sessionem

2262 1559 2403 1605 tuam
2434 1553 2551 1608 sine
2573 1555 3012 1624 conturbationc;
3044 1559 3249 1614 custodi
3275 1562 3419 1616 enim
3441 1576 3737 1631 sermonem,
3756 1575 3797 1620 et

2259 1644 2349 1712 qui
2400 1643 2634 1713 seipsum
2681 1646 2929 1718 intendit,
2979 1657 3034 1706 et
3080 1651 3331 1706 discretio
3370 1652 3676 1709 directiones
3698 1667 3795 1709 sunt

2261 1738 2473 1791 animae.
2505 1738 2560 1793 Si
2592 1740 2712 1808 quis
2738 1755 2876 1811 ergo
2904 1742 3147 1812 projiciat
3184 1744 3419 1813 seipsum
3462 1744 3514 1798 in
3550 1758 3794 1813 conSpectu

567 1834 724 1888 nobis
752 1833 1020 1888 immunda
1050 1842 1193 1899 sunt,
1228 1842 1474 1903 regantes
1508 1833 1696 1896 Deum,
1730 1835 1817 1903 qui
1862 1846 2049 1902 potens
2075 1844 2157 1887 est
2190 1836 2234 1895 Β
2263 1827 2376 1896 Dei,
2421 1837 2601 1883 etnon
2627 1834 2862 1897 seipsutn
2892 1835 3130 1888 exaltans
3159 1842 3439 1889 mensuret
3463 1848 3580 1888 cum
3610 1832 3790 1904 magnis,

565 1926 620 1978 in
642 1924 911 1990 omnibus,
947 1932 1004 1979 ut
1030 1934 1266 1992 amputet
1294 1940 1322 1979 a
1352 1925 1505 1979 nobis
1534 1925 1761 1995 maligna
1792 1925 2015 1980 semina.
2045 1927 2154 1981 Mn-

566 2018 644 2072 ria
683 2032 810 2087 ergo
851 2018 975 2073 dum
1020 2019 1283 2073 inclinans
1330 2033 1388 2073 se
1437 2017 1488 2071 in
1538 2028 1942 2072 monumentum
1987 2018 2150 2084 flevit,

566 2123 692 2162 mox
723 2108 967 2177 apparuit
995 2109 1101 2174 illi;
1143 2109 1219 2163 sic
1249 2118 1332 2162 est
1372 2116 1425 2162 et
1466 2108 1517 2162 in
1566 2107 1765 2173 anima,
1807 2110 1851 2163 si
1885 2110 2152 2179 Iacrytnas

566 2198 776 2267 dtl.gat.

638 2288 730 2345 51.
773 2291 1122 2360 Interrogavit
1152 2289 1315 2344 frater
1341 2306 1547 2358 senem,
1595 2290 1820 2346 dicens:
1855 2292 1948 2346 Dic
1996 2291 2148 2357 mihi,

566 2380 725 2446 abba,
759 2381 975 2435 verbum
1008 2382 1211 2435 salutis.
1241 2380 1531 2450 Respondit
1559 2400 1570 2436 :
1609 2382 1776 2449 Vade,
1823 2396 1949 2451 ruga
1986 2384 2148 2439 Deum

566 2484 619 2526 ut
650 2473 812 2526 donet
846 2473 937 2526 tibi
968 2473 1165 2526 luctum
1213 2472 1409 2526 habere
1448 2480 1501 2526 et
1548 2472 1923 2540 humilitatem,
1974 2482 2027 2528 et
2072 2485 2152 2528 at-

568 2566 726 2619 tende
751 2579 963 2632 semper
990 2564 1053 2617 ad
1086 2574 1297 2629 pet-cita
1330 2572 1437 2617 tua.

634 2655 721 2708 52.
766 2656 1019 2709 Dicebant
1062 2656 1128 2734 de
1173 2656 1362 2711 abbate
1395 2656 1686 2723 Pmtnenio,
1742 2657 1881 2726 quod
1932 2672 2050 2711 cum
2097 2658 2148 2712 in

563 2748 789 2802 ecclesia
819 2749 868 2801 in
902 2748 1367 2818 congregationem
1419 2762 1733 2819 egressurus
1777 2760 1889 2803 erat
1919 2750 1985 2803 dc
2013 2752 2146 2804 cella

559 2855 677 2905 sua,
711 2824 928 2895 sedebat
974 2858 1117 2911 prius
1158 2844 1305 2911 quasi
1355 2844 1480 2895 liora
1515 2857 1635 2905 una,
1671 2841 1981 2897 discernens
2008 2844 2059 2897 in
2090 2858 2150 2898 se

559 2932 675 3004 ipso
702 2933 1050 3004 cogitationes
1077 2949 1224 3001 suas,
1250 2945 1300 2989 et
1331 2934 1409 2989 sic
1444 2934 1853 3001 ingrediebatur.

628 3025 719 3082 55.
761 3025 946 3081 Frater
968 3026 1245 3095 requisivit
1290 3039 1496 3087 senem,
1536 3026 1719 3079 dicens
1748 3042 1761 3078 :
1788 3024 1924 3091 Quid
1954 3024 2145 3079 faciam

558 3133 656 3187 pro
707 3117 1173 3186 peccatis-meis?
1217 3116 1508 3185 Respondit
1552 3117 1696 3183 :Qni
1724 3117 2084 3171 vult-liberari
2116 3133 2144 3169 a

557 3211 813 3278 peccatis,
869 3209 1082 3275 planctu
1114 3210 1369 3263 liberatur
1423 3211 1489 3261 ab
1530 3211 1631 3275 eis,
1665 3220 1717 3261 et
1746 3213 1835 3278 qui
1866 3211 1977 3263 vult
2008 3210 2057 3261 in
2086 3224 2143 3264 se
2169 3205 2215 3267 C
2248 3205 2396 3259 nire?
2456 3204 2749 3273 ReSpondit
2796 3221 2811 3256 :

556 3298 821 3354 :vdificare
848 3300 1091 3368 virtutes,
1128 3302 1343 3369 planetu
1374 3300 1618 3355 mdificrt.
1669 3300 1783 3369 Ipsa
1814 3301 1955 3354 enim
1999 3301 2142 3354 Scri-

556 3402 707 3459 ptura
739 3392 981 3462 planctus
1010 3402 1113 3447 est.
1141 3392 1267 3444 Nam
1289 3403 1342 3445 et
1366 3392 1549 3445 I’au-es
1576 3392 1741 3445 nostri
1785 3390 1885 3444 hoc
1909 3391 2142 3458 discipu-

557 3484 621 3539 lis
648 3485 757 3538 suis
787 3484 1040 3538 dixerunt
1076 3501 1086 3536 :
1122 3483 1377 3555 Plangite.
1425 3483 1604 3537 Altera
1649 3482 1789 3536 enitn
1815 3482 1896 3535 via
1925 3497 2027 3535 non
2059 3490 2144 3536 est

557 3575 621 3627 ad
654 3573 815 3627 vitam
847 3556 944 3628 nisi
970 3575 1102 3643 ipsa.

624 3664 715 3720 54.
759 3666 1051 3736 Requisivit
1070 3663 1235 3719 frater
1251 3681 1432 3720 senem
1456 3664 1683 3737 (Pelag.,
1708 3666 1863 3720 libell.
1882 3681 1961 3732 ιιι,
1977 3664 2137 3729 n.13,

543 3761 757 3816 nomine
774 3758 1053 3829 Pastoris),
1072 3760 1253 3815 dicens
1274 3776 1286 3811 :
1304 3760 1436 3827 Quid
1462 3759 1671 3823 faciam,
1694 3759 1880 3813 Pater?
1903 3760 2141 3827 Respon-

517 3836 631 3908 ‘dit
673 3872 687 3908 :
735 3855 999 3907 Abraham
1046 3854 1257 3924 quando
1288 3853 1556 3924 ingressus
1586 3862 1667 3907 est
1717 3864 1909 3907 terram
1956 3864 2140 3920 repro-

559 3945 854 4011 missionis,
878 3946 1181 4014 sepulcrum
1201 3946 1347 4015 prius
1369 3946 1649 4015 acquisivit
1683 3946 1807 4012 sibi,
1839 3953 1892 3998 et
1926 3953 2135 4012 propter

556 4035 859 4102 sepulcrum
876 4036 1201 4089 ltreredltavit
1223 4047 1435 4091 terram.
1459 4037 1596 4090 Dixit
1614 4037 1684 4089 illi
1700 4036 1860 4090 frater
1879 4051 1891 4088 :
1910 4035 2043 4101 Quid
2059 4043 2136 4088 est

530 4127 889 4193 sepulcrum?
921 4128 1215 4196 Respondit
1239 4144 1255 4185 :
1280 4129 1451 4183 Locus
1477 4139 1558 4183 est
1590 4131 1831 4198 planctus
1862 4139 1913 4183 et
1942 4130 2135 4182 luctus.

626 4216 717 4271 55.
758 4218 937 4273 Abhas
968 4219 1177 4289 Moyses
1214 4220 1345 4274 dixit
1390 4220 1585 4290 (Ra/7.,
1642 4222 1681 4275 ι.
1730 4236 1805 4285 ιιι,
1854 4237 1906 4273 η.
1959 4220 2132 4285 20:2):

556 4308 614 4363 Si
649 4326 752 4362 non
781 4311 1107 4364 concordant
1136 4319 1284 4364 actus
1314 4319 1367 4365 et
1399 4313 1591 4377 oratio,
1624 4314 1674 4365 in
1709 4328 1901 4366 vanum
1935 4315 2140 4369 laborat

555 4401 741 4465 homo;
768 4414 888 4453 cum
919 4402 1060 4453 enim
1084 4411 1199 4453 orat
1222 4401 1339 4469 quis
1368 4417 1462 4469 pro
1488 4416 1544 4454 se
1573 4402 1708 4470 ipso,
1738 4414 1792 4456 ut
1828 4405 2138 4474 indulgean-

555 4500 641 4544 tnr
670 4491 742 4544 illi
775 4502 1015 4560 peccata,
1038 4492 1369 4547 observetne
1388 4493 1473 4547 illa
1497 4493 1656 4547 faciat
1679 4496 1889 4553 iterum.
1916 4497 2140 4561 Quando

2257 1932 2312 1975 et
2358 1934 2508 1974 suam
2552 1922 2873 1978 voluntatem
2900 1940 3006 1978 non
3032 1933 3248 1990 statuat,
3281 1924 3376 1979 sed
3407 1925 3594 1980 sedens
3621 1926 3666 1978 in
3688 1927 3790 1979 cella

2257 2024 2352 2065 sua
2383 2012 2624 2067 ordinem
2648 2028 2800 2068 suum
2822 2025 3019 2079 servet,
3051 2031 3155 2070 non
3176 2017 3543 2080 conturbatur,
3573 2017 3679 2085 quia
3703 2017 3790 2070 haec

2255 2113 2383 2157 sunt
2418 2106 2611 2159 animas
2636 2106 3009 2162 instrumenta.
3040 2106 3114 2162 Ex
3140 2106 3389 2160 omnibus
3415 2116 3587 2160 tamen
3617 2106 3688 2159 bis
3708 2116 3789 2159 tota

2258 2198 2372 2253 htee
2394 2200 2589 2253 virtute
2630 2199 2856 2264 custodi,
2889 2208 2945 2253 ut
2989 2214 3093 2253 non
3118 2208 3319 2254 statuas
3348 2200 3612 2270 propriam
3638 2198 3787 2254 volun-

2256 2299 2441 2355 tatem,
2471 2300 2525 2345 et
2553 2290 2774 2345 habebis
2797 2290 3056 2359 requiem.

2326 2382 2414 2439 40.
2455 2383 2800 2452 Interrogavit
2851 2383 3015 2438 frater
3063 2396 3267 2448 senem,
3298 2382 3484 2437 dicens
3527 2397 3542 2435 :
3578 2380 3698 2447 Quid
3730 2380 3785 2435 fa-

2252 2476 2416 2542 ciam,
2448 2477 2569 2547 quia
2600 2479 2885 2533 molestam
2933 2492 3017 2530 me
3067 2476 3460 2547 cogitationes?
3497 2474 3784 2543 Respondit:

2258 2566 2399 2623 Vade
2420 2579 2471 2623 et
2495 2570 2712 2639 loquere
2730 2568 2838 2623 eis:
2864 2569 3030 2622 Dicite
3061 2569 3213 2632 milii,
3244 2569 3371 2637 quid
3395 2581 3572 2637 quaero
3594 2581 3695 2635 ego,
3717 2575 3783 2619 aut

2251 2672 2409 2727 quant
2439 2673 2652 2713 causam
2685 2659 2853 2714 habeo
2880 2660 3189 2713 vobiscum?
3226 2670 3279 2714 et
3306 2658 3529 2713 habebis
3568 2658 3781 2727 requiem.

2253 2747 2380 2801 Esto
2424 2738 2725 2817 despectus,
2780 2756 2835 2803 et
2882 2749 3210 2804 voluntatem
3261 2760 3407 2804 tuam
3435 2748 3570 2818 jacta
3597 2756 3698 2814 post
3729 2754 3780 2812 te,

2251 2830 2450 2893 riullam
2481 2840 2676 2895 habeas
2704 2840 3145 2905 sollicitudinem,
3172 2850 3225 2895 et
3257 2841 3463 2910 fugient
3490 2855 3520 2893 a
3550 2849 3596 2894 te
3628 2841 3780 2906 cogita-

2251 2929 2440 2985 tinnes.
2484 2912 2506 2987 ἶ
3044 2948 3045 2951 ‘

2319 3020 2409 3075 41.
2454 3022 2803 3091 Interrogavit
2832 3022 2998 3077 frater
3027 3036 3232 3087 senem,
3262 3022 3449 3077 dicens
3491 3040 3505 3075 :
3534 3022 3686 3089 Quare
3707 3018 3779 3072 ali-

2250 3114 2459 3183 quoties
2489 3114 2614 3166 dum
2659 3113 2851 3182 psallo,
2874 3114 3069 3169 festino
3096 3114 3161 3168 ad
3194 3115 3354 3185 finem
3386 3114 3605 3169 celerius
3636 3124 3779 3180 perve-

2869 3205 3147 3273 Quomodo
3184 3221 3312 3275 ergo
3339 3205 3611 3275 apparebit
3636 3204 3776 3264 homo.

2245 3299 2335 3365 qui
2361 3307 2506 3351 atnat
2534 3298 2720 3363 Deum,
2756 3296 2854 3351 nisi
2883 3312 3004 3352 cum
3034 3298 3210 3365 aliqua
3240 3298 3529 3352 submiSsio
3568 3291 3776 3351 daemonis

2244 3397 2348 3454 est,
2375 3398 2431 3443 et
2452 3400 2577 3442 tunc
2600 3389 2967 3457 compellimus
2995 3402 3091 3444 nos
3114 3389 3256 3458 ipsos
3285 3388 3548 3443 violenter
3569 3388 3775 3441 chantate

2245 3492 2299 3539 et
2328 3483 2519 3538 timore
2547 3484 2638 3536 Dei
2670 3482 2881 3538 retenti.

2316 3578 2406 3633 42.
2450 3576 2590 3631 Idem
2619 3575 2790 3630 dixit:
2817 3574 3099 3630 Succensa':
3128 3575 3251 3629 olla:
3272 3588 3378 3628 non
3406 3572 3775 3643 appmpinqttant

2247 3685 2465 3733 muscae,
2498 3668 2691 3737 tepida:
2714 3682 2842 3722 vero
2871 3666 3292 3736 superinsidunt.
3325 3668 3401 3720 Ita
3430 3676 3483 3720 et
3510 3664 3772 3719 monachum

2245 3775 2561 3815 succensum
2575 3760 2735 3813 divini
2754 3758 2981 3827 Spiritus
2996 3759 3115 3828 igne
3129 3759 3330 3827 fugiunt
3354 3760 3634 3817 daemones,
3673 3749 3773 3819 tepi-

2244 3854 2368 3908 dum
2384 3868 2507 3906 vero
2524 3852 2747 3906 illudunt
2762 3851 2954 3922 (lin/)1,
2971 3855 3005 3905 ι.
3023 3866 3099 3917 ι;ι,
3116 3852 3277 3906 η.101
3293 3869 3306 3917 ;
3324 3844 3770 3917 Pascit.,c.5,n.3i.

2316 3945 2446 3999 Item
2473 3943 2611 3997 dixit
2643 3961 2655 3995 ε
2685 3943 2741 3997 Si
2769 3951 2822 3997 te
2868 3953 3255 4012 persequuntur
3298 3940 3603 4003 adversarii,
3641 3935 3771 4005 primo

2247 4039 2386 4108 fuge,
2431 4037 2668 4093 secundo
2695 4036 2834 4107 fuge,
2879 4038 3036 4090 tertio
3061 4047 3177 4091 esto
3203 4035 3511 4103 rhotnphaza
3534 4040 3695 4088 contra
3719 4028 3771 4093 in

2244 4145 2353 4194 sos,
2387 4136 2441 4184 et
2469 4129 2619 4184 exies
2648 4144 2811 4198 super
2838 4143 2952 4192 eos,
2984 4128 3207 4182 concide
3231 4128 3372 4181 illos.

2314 4221 2405 4276 45.
2447 4221 2668 4287 Quidam
2698 4222 2857 4274 frater
2884 4222 3028 4274 venit
3048 4220 3113 4273 ad
3140 4220 3388 4273 abbatem
3421 4218 3696 4273 Pmmenem
3733 4211 3768 4262 ia

2244 4312 2433 4367 diebus
2459 4312 2878 4381 quadragesimae
2923 4311 3155 4381 (l’elag.,
3209 4310 3367 4365 libell.
3419 4309 3501 4376 15,
3542 4324 3589 4360 it.
3629 4306 3695 4371 5).
3732 4309 3768 4353 ει

2246 4406 2372 4459 dum
2397 4403 2750 4459 consuluisset
2780 4406 2926 4457 illum
2960 4418 3054 4471 pro
3082 4401 3500 4471 cogitationibus
3527 4398 3645 4459 suis,
3670 4393 3767 4448 dixit

2247 4498 2361 4552 seni
2402 4514 2415 4551 :
2458 4496 2773 4550 Dnbitabam
2802 4497 2853 4549 in
2888 4496 2969 4549 his
2990 4495 3179 4550 diebus
3207 4494 3390 4548 venire
3419 4494 3548 4555 huc;
3575 4486 3767 4543 dicebam

557 4586 702 4640 enim
734 4586 1061 4638 voluntatem
1092 4586 1344 4654 peccandi
1367 4586 1486 4656 quis
1513 4586 1791 4654 dimiserit,
1828 4601 1879 4643 et
1904 4591 2141 4643 ambulat
2174 4583 2221 4640 D
2247 4592 2389 4645 enim
2425 4608 2437 4645 :
2476 4591 2553 4645 Ne
2585 4593 2720 4644 forte
2770 4591 2822 4644 in
2872 4590 3056 4645 diebus
3108 4589 3536 4656 Quadragesimae
3584 4583 3766 4638 inclusus

556 4694 877 4747 permanens
898 4681 949 4733 in
974 4680 1165 4733 timore
1189 4680 1305 4743 Dei,
1340 4681 1498 4733 istum
1524 4696 1648 4734 mox
1672 4695 1792 4735 eum
1815 4684 2003 4751 gaudio
2026 4698 2145 4736 sns-

551 4771 720 4838 eipiet
743 4772 997 4825 Dominus
1026 4769 1227 4840 (Joan.,
1258 4772 1418 4825 libell.
1452 4786 1524 4836 tv,
1555 4790 1605 4825 η.
1637 4773 1707 4842 1).

635 4863 723 4918 56.
767 4865 1060 4935 Requisivit
1102 4866 1265 4920 frater
1285 4880 1467 4920 senem
1500 4865 1694 4935 (Ilii/)2,
1726 4865 1766 4921 ι.
1798 4883 1877 4933 ιιι,
1911 4884 1963 4920 tt.
1991 4866 2137 4936 205),
2186 4938 2192 4944 _

559 4955 745 5009 dicens
773 4973 785 5007 :
810 4958 942 5022 Quid
976 4956 1137 5011 faciet
1159 4959 1319 5011 humo
1342 4958 1391 5012 in
1414 4958 1554 5010 omni
1581 4958 1871 5013 tentatioue
1900 4959 2144 5014 veniente

554 5062 716 5114 super
737 5062 795 5101 se
816 5058 870 5102 ct
890 5051 1031 5103 omni
1062 5050 1379 5119 cogitatione
1408 5048 1644 5103 immissa
1669 5050 1737 5104 ab
1760 5052 2007 5105 inimico?
2033 5051 2137 5106 Rc-

552 5137 807 5204 Spondit:
841 5137 1097 5209 Plangere
1126 5140 1283 5194 debet
1327 5141 1379 5196 in
1423 5152 1709 5208 conspectu
1742 5142 1991 5197 bonitatis
2022 5143 2136 5211 Dei,

553 5238 610 5282 ut
632 5243 947 5284 succurrens
974 5232 1254 5285 auxilietur
1286 5231 1383 5285 illi.
1406 5231 1672 5300 Scriptum
1710 5244 1791 5287 est
1818 5235 1957 5287 enim
1984 5252 1996 5287 :
2030 5236 2138 5289 Du-

554 5322 730 5376 tninus
761 5320 887 5376 tnihi
910 5304 1129 5391 \adjntor
1172 5333 1275 5387 est,
1306 5334 1359 5379 et
1404 5339 1504 5395 ego
1536 5327 1810 5382 vindicabo
1839 5342 1998 5397 super
2036 5327 2139 5381 ini-

553 5413 719 5471 tnicos
748 5429 897 5468 meos
926 5413 1096 5483 (Psal.
1122 5426 1307 5485 cxvii).

623 5504 713 5559 57.
754 5504 1102 5575 Interrogavit
1147 5507 1306 5560 frater
1343 5522 1524 5563 senem
1563 5526 1577 5564 :
1611 5509 1747 5565 Ecce
1777 5509 1938 5563 homo
1978 5500 2139 5565 caedit

553 5618 766 5658 servum
799 5618 953 5657 suum
985 5617 1079 5671 pro
1123 5602 1272 5673 culpa
1312 5620 1467 5674 quam
1502 5605 1641 5672 fecit,
1687 5607 1811 5677 quid
1844 5608 1984 5662 dicet
2012 5617 2139 5663 tunc

552 5710 751 5751 servus
776 5694 1035 5750 domino?
1062 5694 1352 5764 [teSpondit
1381 5713 1393 5750 :
1420 5696 1477 5752 Si
1499 5712 1605 5752 non
1629 5710 1709 5753 est
1732 5714 1920 5753 servus
1946 5700 2137 5763 malus,

450 5796 459 5879 ξ
554 5790 697 5849 dicet
743 5790 983 5851 domino.
1035 5787 1285 5852 Peccavi,
1315 5790 1568 5847 miserere
1598 5791 1725 5860 mci,
1759 5800 1810 5846 et
1837 5790 1978 5847 aliud
2011 5792 2139 5847 nihil

2248 4699 2422 4739 esses.
2455 4684 2749 4751 Respondit
2778 4698 2938 4738 senex
2965 4698 2982 4739 :
3013 4682 3128 4736 Non
3158 4681 3439 4736 didicimus
3465 4693 3557 4732 nos
3582 4677 3763 4746 ligneum

2249 4778 2500 4831 claudere
2522 4776 2735 4841 ostium,
2769 4776 2861 4830 sed
2890 4775 3058 4844 magis
3080 4776 3275 4829 ostium
3307 4774 3524 4842 linguae.

2318 4866 2408 4922 M.
2440 4867 2713 4923 Venerunt
2733 4866 3018 4935 aliquando
3039 4865 3232 4920 fratres
3260 4864 3329 4918 de
3345 4861 3531 4932 Scytbi
3559 4858 3619 4913 ad
3643 4856 3767 4913 Joan-

2248 4976 2368 5016 nem
2406 4964 2724 5015 monaclium
2751 4961 2804 5015 in
2833 4960 3049 5014 silentio
3095 4957 3371 5012 sedentem
3393 4967 3448 5011 et
3474 4958 3763 5023 operantem;

2246 5069 2476 5122 cumque
2499 5054 2823 5107 salutassent
2851 5067 2995 5117 eum,
3027 5064 3317 5105 conversus
3346 5050 3397 5105 iit
3429 5050 3635 5102 alteram
3675 5050 3764 5108 ρπ-

2247 5156 2352 5202 tem
2383 5145 2545 5213 cmpit
2566 5148 2797 5213 onerari.
2834 5146 3023 5200 Dicunt
3048 5144 3124 5197 illi
3156 5143 3345 5198 fratres
3378 5159 3391 5193 :
3422 5141 3653 5197 Joannes,
3677 5127 3764 5197 quis

2247 5239 2340 5293 tibi
2387 5239 2539 5292 dedit
2579 5238 2797 5292 schema
2833 5236 3104 5301 monachi,
3131 5244 3185 5290 et
3225 5249 3392 5305 quare
3417 5249 3519 5287 non
3558 5224 3708 5283 doetiit
3729 5229 3763 5269 te

2245 5331 2518 5399 suscipere
2549 5332 2759 5396 fratres,
2788 5338 2840 5382 et
2866 5328 3043 5383 dicere
3082 5326 3189 5380 illis
3218 5343 3232 5379 :
3262 5329 3440 5386 Orate,
3465 5322 3562 5385 vel,
3592 5314 3758 5371 ὃεάθίεο

2247 5421 2385 5476 Dcit
2412 5423 2489 5477 eis
2509 5420 2778 5476 Joannes:
2808 5420 2921 5476 Non
2951 5428 3103 5473 vacat
3132 5419 3292 5473 homo
3310 5423 3567 5487 peccator.
3591 5406 3660 5463 Ad
3678 5404 3759 5455 ιιεο

2243 5514 2374 5568 dicit
2394 5513 2558 5567 abbas
2580 5511 2892 5566 Theodorus
2922 5526 2938 5566 :
2970 5508 3165 5563 Verum
3194 5508 3343 5563 dices
3371 5526 3384 5561 :
3408 5505 3591 5566 Homo,
3613 5496 3684 5564 qui
3702 5498 3760 5544 es!

2244 5605 2297 5659 in
2329 5604 2712 5673 supplicatione
2739 5611 2795 5657 et
2815 5601 3144 5671 ptenitentia.
3172 5600 3310 5654 Deus
3338 5613 3438 5653 non
3463 5584 3759 5663 requiretltoc

2245 5700 2573 5751 mandatum.

2317 5791 2407 5848 45.
2442 5792 2627 5849 Eteter
2657 5792 2934 5850 requisivit
2960 5790 3205 5847 abbatem
3240 5789 3558 5846 I‘mmeaem.
3584 5778 3756 5838 dicens:

3896 4104 3897 4145 l

3894 4170 3895 4241 1

3892 4272 3893 4335 1

3884 4642 3885 4717 1

3882 4730 3883 4813 1

3864 5290 3871 5383 1
