4014 6368
228 304 324 374 59

1217 287 1689 372 IEGYPTIORUM
1729 283 2015 342 PATRUM
2052 287 2486 347 SENTENTl/E.

3389 291 3494 354 .530

227 419 399 478 Pater,
442 411 577 468 doce
625 423 710 464 me
755 405 882 477 quid
925 404 1132 459 laciam.
1165 400 1463 468 Respondit
1497 418 1508 452 :
1543 399 1808 468 Scriptum
1844 397 1887 453 Δ
1916 396 1990 450 sis
2020 399 2291 454 conlidens
2323 402 2373 455 in
2406 409 2598 456 merito
2620 403 2840 470 ,ustttia:
2863 410 2997 469 ture,
3053 412 3106 458 et
3147 417 3248 456 non
3295 401 3501 474 cogites

227 519 309 566 est
337 525 354 562 :
381 505 640 576 Quoniam
665 500 999 570 iniquitatem
1032 509 1204 550 meam
1229 507 1328 562 ego
1358 490 1739 561 pronuntiabo,
1767 497 1819 542 ct

227 599 466 667 cogitabo
498 611 594 663 pro
621 599 837 660 peccato
861 602 981 641 meo
1005 584 1179 652 (Psal.
1207 582 1282 652 ι).

297 688 385 744 46.
429 683 721 755 Requisivit
751 681 916 735 frater
957 690 1139 732 senem
1170 671 1411 743 (Pasch.,
1446 688 1490 724 c.
1525 672 1616 734 41,
1655 686 1706 724 n.
1743 669 1817 737 l),

229 783 456 837 dicens:
498 777 675 834 Pater.
724 771 850 842 quid
896 769 1123 824 faciam?
1175 765 1470 833 Respondit
1505 781 1517 815 :
1552 761 1722 826 Vade,
1765 771 1820 814 et

227 888 345 929 ama
379 871 469 924 tibi
497 869 597 938 ipsi
625 867 731 920 vim
764 864 976 926 facere;
1017 859 1239 929 evagina
1264 857 1500 929 gladium
1548 863 1718 918 tuum,
1765 863 1822 909 et

228 967 312 1024 exi
344 967 398 1020 in
428 963 647 1018 bellum.
678 957 814 1012 Dicit
836 956 885 1010 ei
917 957 1080 1010 frater
1106 969 1119 1006 :
1145 952 1260 1006 Non
1287 965 1372 1004 me
1395 949 1708 1019 permittunt
1729 961 1821 1002 co-

229 1055 530 1127 gitationes.
564 1049 859 1120 Respondit
885 1062 1048 1102 senex
1095 1064 1109 1100 :
1156 1044 1424 1114 Scriptum
1456 1054 1535 1098 est
1579 1058 1593 1095 :
1628 1042 1818 1096 lnvora

230 1165 314 1205 me
356 1150 406 1202 in
450 1147 538 1201 die
570 1129 928 1198 tribulationis
960 1149 1086 1204 tute,
1115 1148 1171 1194 et
1194 1137 1417 1218 eripiam
1442 1146 1513 1204 te,
1544 1148 1592 1190 et
1618 1136 1818 1204 gloriﬁ-

229 1242 374 1295 eahis
418 1255 505 1293 me
545 1235 720 1308 (Puri.
768 1234 942 1305 thx).
979 1233 1168 1308 Invoca
1203 1246 1334 1301 ergo
1381 1230 1565 1295 Deum,
1613 1239 1669 1285 et
1714 1234 1822 1284 eri-

235 1332 340 1402 piet
371 1341 444 1384 te.
1052 1302 1091 1344 χ

301 1421 391 1476 47.
435 1419 602 1474 Erant
645 1416 931 1488 aliquando
971 1415 1136 1470 abbas
1183 1413 1500 1470 Theodorus
1546 1423 1601 1469 et
1655 1413 1822 1469 abbas

233 1514 305 1570 0r
332 1514 604 1568 mittentes
635 1511 805 1567 lutum
822 1510 877 1566 iu
903 1518 1099 1565 tectum
1121 1509 1269 1565 cella:
1290 1509 1528 1580 (Pclag.,
1557 1507 1714 1563 libell.
1739 1525 1818 1576 nt,

234 1627 290 1663 ιι.
317 1607 430 1679 19),
463 1615 517 1661 et
545 1604 796 1662 dixerunt
821 1596 960 1660 unus
986 1603 1052 1658 ad
1076 1602 1297 1657 alterum
1325 1618 1340 1657 :
1372 1601 1528 1656 Modo
1564 1601 1610 1655 si
1644 1600 1822 1656 visitat

234 1716 332 1755 nos
361 1699 523 1769 Deus,
553 1698 677 1768 quid
701 1711 888 1752 sumus
915 1696 1147 1751 facturi?
1203 1695 1355 1750 Tunc
1389 1695 1458 1750 ad
1505 1695 1820 1750 alterutrum

1920 490 1989 542 de
2014 489 2174 544 rebus
2206 491 2548 557 transitoriis,
2580 501 2636 546 et
2661 501 2778 547 esto
2807 503 2995 550 tenens
3027 493 3259 564 linguam
3287 503 3340 549 et
3363 508 3498 549 ven—

1923 589 2056 633 trem
2084 578 2317 650 (Pelag.,
2345 581 2504 635 libell.
2535 597 2572 648 l,
2605 599 2660 635 η.
2686 581 2768 654 2).

1991 668 2080 723 55.
2103 669 2573 740 Requisivitfrater
2597 687 2802 740 senem,
2844 675 3030 728 dicens
3058 689 3074 728 :
3109 673 3271 728 Putas
3302 674 3498 730 bonum

1921 771 2004 814 cst
2031 760 2228 816 habere
2255 764 2662 818 aestimationem
2698 766 2890 819 bonam
2916 765 2969 819 in
2998 777 3288 836 conspectu
3332 766 3506 820 homi‘

1923 868 2046 904 num
2073 852 2106 906 ?.
2127 852 2420 919 Respondit
2456 871 2469 908 :
2499 853 2904 909 IEsttmationes
2941 855 3057 910 istae
3103 855 3354 910 virtutem
3397 871 3503 910 non

1911 941 2139 997 habent.
2189 943 2268 1000 Ne
2314 959 2442 1014 ergo
2493 946 2624 1000 velis
2673 947 3084 1002 aestimationem
3135 948 3332 1002 habere
3362 947 3502 1016 apud

1923 1034 2141 1088 fratrem
2169 1026 2336 1099 tuum,
2361 1035 2453 1090 sed
2486 1036 2654 1106 magis
2686 1038 2826 1106 fuge.
2957 1109 2960 1113 _

1937 1119 1940 1122 ’
1993 1124 2082 1178 56.
2115 1125 2466 1193 Interrogavit
2512 1125 2677 1181 frater
2718 1142 2900 1184 senem
2935 1167 2950 1191 ,
2990 1126 3173 1182 dicens
3207 1145 3224 1182 :
3254 1127 3395 1195 Quid
3423 1137 3506 1182 est

1927 1217 2237 1272 humilitas?
2262 1217 2557 1286 Respondit
2592 1235 2605 1272 :
2635 1218 2693 1273 Si
2727 1218 2846 1288 quis
2874 1218 3137 1272 bencfacit
3168 1218 3380 1273 facienti
3403 1218 3504 1273 sibi

1925 1313 2146 1375 malmu,
2179 1310 2452 1364 humilitas
2485 1311 2717 1378 perfecta
2747 1321 2847 1367 est.
2885 1309 3020 1366 Dicit
3046 1311 3209 1366 frater
3239 1329 3250 1362 :
3280 1312 3430 1380 Quod
3458 1312 3505 1366 si

1925 1421 2029 1459 non
2058 1413 2235 1474 potest
2265 1405 2382 1474 quis
2409 1404 2474 1458 ad
2493 1404 2636 1483 hanc
2667 1419 2973 1459 mensuram
3005 1395 3184 1460 venire
3215 1414 3272 1458 ut
3299 1405 3400 1460 hoc
3431 1403 3506 1458 fa-

1923 1498 2074 1551 ciat?
2110 1497 2442 1566 Respondit:
2477 1496 2683 1567 Fugiat,
2714 1505 2768 1550 et
2797 1497 3058 1563 quiescat.

1996 1589 2086 1645 57.
2112 1591 2297 1644 Frater
2315 1590 2590 1659 requisivit
2611 1605 2818 1654 senem,
2841 1591 3025 1644 dicens
3058 1607 3071 1642 :
3095 1588 3233 1655 Quid
3261 1598 3346 1658 est
3379 1603 3506 1658 pro-

1927 1679 2096 1736 fectus
2125 1682 2406 1736 monachi?
2437 1681 2726 1747 Restiondit
2748 1695 2912 1736 senex
2943 1696 2958 1736 :
2994 1680 3295 1734 IIItlnIIilnS.
3325 1681 3505 1746 Quan-

233 1791 390 1844 ambo
435 1789 746 1858 plangentes
789 1787 1107 1842 dimiserunt
1149 1801 1284 1855 opus
1327 1786 1722 1856 imperfectum,
1767 1797 1823 1843 ει
1853 1781 1899 1842 Β
1935 1782 2048 1825 tum
2077 1775 2216 1826 enim
2241 1771 2358 1841 quis
2390 1773 2442 1825 in
2473 1771 2771 1826 humilitate
2800 1772 3110 1838 inclinatur,
3146 1781 3348 1826 tantum
3381 1785 3505 1839 pro-

234 1881 599 1950 unusquisque
623 1880 674 1932 in
706 1879 896 1934 cellam
920 1893 1071 1932 suam
1101 1886 1458 1932 recesserunt.

303 1971 392 2025 48.
435 1969 612 2026 Abbas
637 1968 890 2024 Silvanus
910 1969 1033 2022 dum
1076 1969 1291 2024 sederet
1317 1971 1367 2023 in
1398 1969 1534 2024 cella
1565 1968 1732 2024 factus
1767 1970 1818 2023 in

232 2061 430 2118 exstasi
475 2060 740 2129 pendebat
779 2061 832 2114 in
881 2059 1016 2116 facie
1060 2075 1179 2126 sua,
1208 2071 1262 2115 et
1291 2070 1410 2129 post
1437 2062 1631 2116 multas
1659 2063 1819 2116 horas

232 2166 457 2222 surgens
498 2151 779 2222 plangebat
822 2151 1018 2222 (Ra/[2,
1051 2155 1087 2208 l.
1122 2168 1196 2219 tn,
1227 2169 1280 2209 η.
1307 2152 1446 2218 205;
1501 2152 1731 2234 Pelag,
1757 2157 1822 2209 li-

235 2245 352 2300 bell.
396 2261 472 2310 ut,
523 2262 574 2298 η.
606 2243 720 2314 25).
750 2247 945 2299 Astans
973 2255 1149 2299 autem
1180 2245 1469 2313 discipulus
1501 2247 1618 2312 ejus
1646 2247 1818 2301 dixit:

233 2336 371 2404 Quid
402 2337 585 2400 habes,
614 2335 802 2390 Pater?
829 2335 920 2390 Ille
950 2347 1127 2388 autem
1155 2347 1334 2389 tacens
1357 2335 1653 2405 plangebat.
1689 2337 1820 2391 Dum

237 2438 415 2484 autem
443 2426 696 2481 molestus
725 2427 798 2481 illi
817 2437 961 2481 esset
988 2427 1281 2495 discipulus
1309 2429 1517 2499 1005
1541 2439 1597 2482 ut
1622 2430 1822 2484 diceret

235 2518 280 2570 ei
314 2531 411 2570 cur
440 2517 712 2586 plangeret
737 2533 752 2582 ;
801 2515 1061 2570 violenter
1088 2518 1392 2585 compulsus
1420 2519 1555 2584 dixit
1585 2536 1596 2571 :
1627 2518 1742 2590 Ego
1767 2519 1820 2576 in

235 2609 490 2680 indicium
517 2619 697 2678 raptus
726 2623 864 2674 sum,
901 2608 1010 2674 fili;
1060 2618 1114 2662 et
1153 2610 1255 2662 vidi
1296 2613 1491 2664 multos
1533 2610 1825 2668 schematis

235 2698 557 2755 monachilis
599 2708 786 2752 euntes
825 2696 877 2751 in
921 2699 1218 2768 suppliciis,
1253 2711 1308 2753 et
1336 2700 1533 2756 multos
1562 2703 1821 2770 laicorum

236 2801 426 2845 euntes
455 2788 508 2843 in
548 2804 789 2857 regnum.

308 2879 594 2934 λιθώδης
623 2879 832 2949 Moyses
859 2879 1008 2934 venit
1031 2880 1096 2934 ad
1124 2892 1338 2950 puteum
1370 2882 1584 2939 haurire
1603 2899 1820 2954 aquam,

237 2981 293 3026 et
324 2971 463 3026 vidit
482 2969 703 3044 fratrem
733 2971 1045 3025 Zachariam
1075 2982 1338 3036 ovantem,
1366 2983 1421 3028 et
1443 2975 1698 3044 Spiritum
1727 2978 1820 3032 Dei

237 3078 405 3128 super
425 3077 545 3116 eum
577 3065 1000 3132 requiescentem
1035 3063 1267 3136 (Pelag.,
1301 3066 1462 3120 libell.
1497 3084 1586 3136 xv,
1621 3086 1673 3123 η.
1711 3071 1821 3142 l7).

1922 1862 1957 1917 Ii
1995 1867 2034 1916 it
2063 1865 2113 1916 in
2141 1865 2375 1921 excelso.

1996 1954 2085 2008 5:.
2116 1955 2411 2025 Requisivit
2464 1954 2625 2009 frater
2672 1968 2905 2021 senem,
2947 1955 3131 2011 dicens
3173 1973 3186 2010 :
3231 1955 3507 2025 Quomodo

1927 2049 2106 2102 anima
2139 2049 2411 2117 suscipere
2442 2058 2615 2116 po:est
2642 2048 3041 2103 humilitatem?
3069 2049 3369 2119 Respondit
3401 2068 3416 2105 :
3449 2051 3507 2106 Si

1927 2151 2022 2190 sua
2076 2153 2289 2206 semper
2332 2147 2602 2192 scrutetur
2650 2139 2789 2192 mala
2833 2137 3050 2206 (Pascit.
3077 2179 3091 2204 ,
3120 2154 3168 2194 c.
3205 2138 3290 2207 I5,
3316 2157 3368 2195 η.
3405 2141 3506 2206 l0;

1931 2230 2101 2298 litt/7.,
2134 2232 2174 2284 ι.
2201 2245 2279 2294 tn,
2305 2248 2356 2284 tt.
2388 2230 2533 2302 I7l).

2000 2321 2091 2373 5ο.
2142 2322 2324 2374 Abhas
2362 2320 2667 2376 Pmmenius
2697 2322 2829 2376 dixit
2858 2336 2976 2377 cum
3008 2323 3206 2392 gemitu
3240 2323 3456 2391 (Pasch.

1930 2433 1975 2469 c.
2008 2413 2100 2480 2'2,
2135 2432 2186 2467 η.
2211 2414 2267 2484 ‘2)
2305 2433 2315 2468 :
2349 2416 2547 2468 Omnes
2569 2414 2792 2470 virtutes
2823 2417 3076 2486 ingressa:
3096 2417 3296 2471 suntin
3320 2416 3509 2472 cel‘am

1930 2521 2105 2560 meam
2141 2513 2332 2574 praeter
2366 2522 2522 2560 unam
2554 2507 2802 2560 virtutem
2829 2545 2846 2572 ,
2875 2517 2928 2561 et
2954 2521 3019 2561 ex
3052 2507 3169 2576 ejus
3198 2506 3382 2562 labore
3408 2515 3510 2562 stat

1929 2599 2106 2649 homo.
2160 2597 2622 2664 lutei-rogaverunt
2669 2613 2790 2650 eum
2837 2595 3031 2652 fratres
3055 2637 3070 2663 ,
3103 2612 3221 2665 quae
3247 2605 3390 2652 eSSet
3413 2597 3510 2655 ista

1927 2692 2098 2742 virtus
2158 2690 2315 2742 talis?
2355 2690 2646 2758 lteSpondit
2697 2705 2861 2745 senex
2906 2707 2920 2745 :
2957 2702 3012 2744 ut
3036 2706 3251 2759 semper
3279 2692 3511 2760 seipsqu

1929 2782 2283 2854 reprehendat
2310 2782 2488 2835 homo.

2008 2875 2096 2926 ω.
2129 2873 2354 2939 Quidam
2386 2873 2550 2928 frater
2588 2883 2791 2942 rogavit
2835 2888 3019 2929 senem
3055 2919 3068 2941 ,
3107 2875 3334 2930 dicens:
3371 2874 3502 2929 Veni

1931 2967 1981 3020 in
2013 2967 2206 3020 cellam
2239 2983 2434 3032 meam,
2459 2968 2504 3022 si
2538 2983 2745 3022 mereor
2770 2977 2826 3022 ut
2853 2971 3029 3023 lavem
3049 2968 3225 3037 pedes
3253 2979 3391 3022 tuos.
3418 2968 3512 3023 Ille

1929 3070 2104 3115 autem
2160 3065 2348 3120 noluit.
2402 3064 2597 3118 lterum
2632 3065 2867 3118 secundo
2893 3074 2947 3119 et
2976 3066 3134 3118 tertio
3163 3064 3299 3118 dixit
3327 3064 3424 3130 illi,
3459 3072 3513 3120 et

314 3153 405 3209 50.
433 3153 718 3208 Dicebatur
765 3153 830 3208 de
882 3155 1075 3209 abbate
1123 3156 1330 3212 Joanne
1381 3159 1505 3226 quia
1557 3177 1824 3230 nunquam
1857 3156 1903 3218 C
1936 3169 2040 3206 non
2083 3153 2194 3207 ivit.
2229 3153 2529 3209 Novissime
2555 3155 2683 3208 abiit
2711 3155 2762 3208 in
2789 3155 2980 3210 cellam
3011 3157 3178 3222 senis,
3211 3165 3267 3210 et
3293 3156 3515 3210 mittens

239 3245 586 3313 permittebat
611 3245 989 3315 cogitationem
1025 3245 1250 3302 otiosam
1281 3251 1570 3306 ascendere
1594 3253 1644 3306 in
1668 3257 1830 3310 corde

240 3352 367 3402 suo,
390 3351 562 3406 neque
586 3337 902 3406 loquebatur
925 3338 992 3393 de
1017 3341 1195 3394 causis
1216 3343 1394 3396 swculi
1417 3344 1574 3413 hujus
1593 3345 1825 3419 (Pelug.,

243 3427 282 3480 Ι.
307 3444 378 3491 xt,
406 3445 462 3481 η.
490 3428 601 3498 I3).
631 3428 998 3484 Tentaverunt
1023 3447 1150 3500 ergo
1170 3448 1288 3486 eum
1315 3434 1528 3502 fratres,
1554 3439 1826 3495 dicentes:

242 3521 457 3574 Gratias
483 3521 690 3590 agimus
720 3521 851 3588 Deo,
882 3523 1076 3590 Pater;
1105 3526 1238 3591 pluit
1264 3528 1405 3580 enim
1432 3530 1609 3594 nimis,
1633 3541 1685 3584 et
1717 3532 1830 3599 pal-

242 3626 348 3664 ma:
377 3611 596 3668 arbores
645 3611 881 3682 irrigatze
925 3616 1227 3683 producunt
1255 3621 1513 3684 germina,
1542 3639 1606 3676 ex
1637 3625 1828 3690 quibus

242 3702 522 3757 inveniant
572 3701 766 3759 fratres
813 3705 935 3760 folia
975 3723 1093 3774 quae
1134 3723 1440 3777 operentur.
1477 3712 1614 3767 Dicit
1640 3717 1715 3769 illi
1745 3733 1830 3771 se-

242 3808 353 3848 nex
383 3811 397 3847 :
428 3793 519 3849 Sic
545 3803 652 3862 est,
683 3795 898 3864 fratres,
928 3809 982 3854 et
1011 3798 1241 3868 Spiritus
1273 3801 1366 3856 Dei
1394 3819 1513 3858 cum
1537 3807 1830 3862 descendo-

239 3885 318 3940 rit
343 3886 396 3939 in
427 3886 586 3940 corda
635 3898 965 3956 sanctorum,
999 3891 1404 3960 adaperiuntur,
1441 3909 1494 3951 ct
1533 3900 1830 3968 producent

239 3979 451 4034 fructus
483 3981 535 4034 in
563 3978 753 4036 timore
783 3982 900 4038 Dei.

317 4069 429 4135 5L
459 4072 808 4141 Interrogavit
855 4072 1020 4130 frater
1060 4091 1268 4143 senem,
1313 4080 1496 4135 dicens
1535 4099 1546 4134 :
1582 4083 1717 4149 Quid
1748 4095 1829 4140 est

237 4163 389 4230 quod
419 4163 554 4219 dixit
581 4167 836 4222 Dominus
861 4183 875 4222 :
912 4168 964 4222 In
995 4183 1210 4224 carcere
1240 4187 1406 4242 eram,
1434 4183 1488 4228 et
1513 4179 1731 4230 venistis
1762 4179 1826 4234 ad

237 4269 331 4317 me
361 4254 587 4324 (Matth.
621 4258 794 4328 xxv)?
826 4259 1119 4328 Respondit
1144 4279 1155 4314 :
1185 4262 1333 4317 Licet
1365 4263 1464 4319 hoc
1494 4266 1546 4320 in
1575 4269 1829 4335 proximis

235 4344 342 4399 sibi
378 4344 638 4403 Dominus
662 4351 886 4418 imputet
918 4353 1140 4420 factum,
1175 4364 1352 4410 tamen
1382 4357 1502 4426 quia
1534 4373 1718 4415 carcer
1747 4375 1829 4417 cst

233 4441 436 4496 sedere
473 4442 526 4496 in
555 4446 686 4499 cella
716 4485 730 4509 ,
759 4447 804 4499 si
835 4448 954 4515 quis
980 4447 1174 4502 sedens
1223 4449 1274 4502 in
1329 4449 1460 4504 cella
1514 4457 1825 4510 memoriam

1936 3244 2300 3314 purititctttiatn
2331 3255 2456 3299 ante
2488 3245 2659 3314 ipsum
2695 3247 2795 3316 (ι),
2833 3247 3040 3317 rogavit
3066 3262 3188 3302 eum
3222 3255 3282 3300 ut
3307 3247 3514 3316 veniret

1935 3337 1988 3390 in
2011 3337 2196 3390 cellam
2221 3339 2356 3405 ejus.
2388 3338 2450 3390 Et
2473 3351 2696 3406 surgens
2729 3340 2872 3392 venit
2914 3353 3034 3394 cum
3084 3353 3174 3405 eo,
3205 3348 3258 3393 ιι
3284 3340 3418 3393 dixit
3445 3338 3514 3394 ad

1935 3443 2115 3481 senem
2153 3447 2163 3480 :
2199 3428 2374 3495 Quare
2405 3431 2560 3485 toties
2588 3441 2714 3485 ante
2747 3441 2964 3502 rogatus
2995 3447 3098 3487 non
3139 3433 3331 3487 venisti
3359 3433 3381 3486 ?
3412 3432 3514 3486 Re-

1921 3520 2331 3587 sponditsenex
2369 3539 2382 3572 :
2414 3521 2547 3576 Cum
2577 3524 2752 3577 verbis
2795 3527 2967 3579 solum
3000 3526 3237 3588 dicebas,
3283 3539 3387 3577 non
3429 3539 3514 3577 sa-

1936 3612 2178 3666 tisfecisti
2232 3612 2382 3666 cordi
2427 3629 2546 3668 meo
2593 3624 2650 3669 ut
2689 3616 2963 3679 venirem;
3006 3630 3125 3669 cum
3172 3630 3296 3670 vero
3328 3631 3513 3669 mona-

1933 3705 2072 3757 chile
2100 3720 2236 3772 opus
2268 3707 2579 3760 humilitatis
2608 3706 2715 3760 vidi
2745 3706 2798 3760 iit
2831 3716 2901 3772 te,
2929 3719 2984 3762 et
3005 3721 3104 3776 ego
3129 3719 3253 3761 tunc
3274 3707 3512 3776 gaudens

1931 3799 2055 3853 veni
2084 3800 2149 3852 ad
2183 3810 2251 3854 te.
3111 3861 3114 3864 .

2005 3895 2095 3946 (il.
2138 3892 2280 3946 Dixit
2323 3907 2486 3947 senex
2515 3893 2702 3960 :Quod
2735 3909 2838 3946 non
2870 3893 3055 3947 didicit
3093 3892 3273 3960 homo,
3305 3902 3358 3948 et
3395 3893 3510 3962 ipse

1935 4000 2040 4039 non
2069 3985 2398 4051 observavit,
2435 3987 2702 4055 quomodo
2731 3986 2924 4040 docere
2955 3985 3258 4054 proximum
3289 3985 3510 4056 potest?

1934 4087 2052 4132 esto
2089 4093 2218 4146 ergo
2257 4093 2468 4146 semper
2501 4078 2716 4130 humilis
2742 4079 2806 4132 ad
2837 4079 3177 4134 discendum.

2004 4169 2094 4224 62.
2129 4169 2268 4224 Dixit
2287 4186 2448 4225 senex
2475 4187 2488 4224 :
2525 4171 2702 4225 Virtus
2728 4173 2971 4228 monachi
2998 4184 3102 4238 est,
3128 4190 3180 4228 tu
3203 4175 3346 4228 omni
3379 4183 3510 4230 tem-

1933 4279 2063 4334 pore
2091 4266 2324 4334 seipsqu
2357 4281 2600 4336 arguere.

2006 4356 2093 4409 (55.
2127 4358 2263 4412 Dixit
2291 4373 2452 4412 senex
2487 4376 2498 4411 :
2533 4359 2646 4411 Non
2677 4369 2853 4427 potest
2887 4360 3046 4414 homo
3077 4361 3260 4414 videre
3308 4360 3509 4428 cogita-

1933 4451 2106 4505 tiones
2135 4466 2259 4504 suas
2290 4452 2442 4512 foris,
2469 4451 2564 4506 sed
2588 4467 2708 4505 cum
2740 4454 2883 4507 intus
2909 4453 3212 4522 insurgunt,
3242 4461 3297 4505 et
3319 4453 3366 4506 si
3388 4453 3506 4519 quis

232 4548 459 4603 semper
489 4535 681 4591 habeat
715 4538 831 4607 Dei,
863 4539 938 4593 illi
965 4551 1109 4595 recte
1138 4541 1422 4596 dicendum
1447 4556 1528 4598 est
1568 4564 1582 4600 :
1628 4547 1682 4601 In
1705 4565 1821 4602 car-
1855 4536 1902 4594 Ι)
1931 4551 2013 4596 esl
2039 4544 2290 4606 bellﬂlor.
2322 4543 2547 4611 θιμειιὶι
2575 4545 2711 4598 illas-

228 4641 362 4680 cere
389 4641 557 4694 eram,
589 4639 641 4682 et
670 4632 888 4685 venistis
917 4632 983 4687 ad
1013 4649 1117 4688 tne.

309 4715 406 4800 52.
447 4717 740 4786 chuisivit
763 4720 928 4778 frater
949 4741 1158 4795 seuera,
1180 4729 1364 4785 dicens
1395 4749 1406 4784 :
1433 4731 1570 4799 Quid
1601 4730 1816 4802 faciam,

233 4810 369 4879 quia
405 4809 758 4879 cogitationes
816 4833 904 4872 nte
951 4821 1303 4876 conturbant?
1331 4823 1629 4895 Restiondit
1657 4828 1813 4885 abbas

226 4902 497 4957 Besarion
533 4922 546 4957 :
581 4905 658 4960 Tu
691 4909 927 4976 quiesce,
953 4921 1007 4966 et
1035 4929 1138 4967 non
1173 4924 1225 4970 te
1255 4932 1534 4974 mensures
1565 4934 1685 4974 cum
1711 4939 1825 4974 tua-

220 4995 376 5062 gnis,
412 4994 505 5049 sed
535 5007 653 5052 esto
685 5010 866 5055 tacens
896 5003 946 5055 in
977 5005 1137 5059 corde
1166 5014 1276 5062 tuo.

305 5081 401 5139 53.
427 5083 781 5156 Interrogavit
812 5091 978 5147 frater
1003 5095 1248 5152 abbatem
1273 5099 1588 5168 Antonium,
1605 5105 1817 5160 dicens:

222 5173 372 5239 Quid
403 5183 486 5228 est
517 5192 613 5242 pro
663 5179 830 5235 nihilo
872 5183 1107 5252 seipsum
1150 5186 1313 5244 homo
1341 5191 1612 5248 aestimare
1636 5196 1658 5247 ?
1685 5195 1822 5250 Res-

221 5262 425 5330 pondit
458 5281 472 5318 :
502 5265 746 5323 Similem
776 5285 833 5325 se
875 5271 1135 5342 jumentis
1189 5279 1644 5340 irrationabilibus
1675 5287 1821 5340 aesti-

219 5368 404 5419 tnare,
437 5371 533 5424 pro
571 5373 636 5413 eo
671 5361 990 5429 quodnil-til
1036 5367 1334 5436 dijudicant
1379 5373 1518 5427 sicut
1559 5377 1818 5444 scriptun.

215 5453 310 5498 est
335 5461 350 5499 :
385 5445 496 5517 Ego
525 5459 702 5504 autem
735 5454 1206 5524 velutjumentum
1232 5461 1404 5520 factus
1425 5482 1542 5522 sum
1571 5471 1709 5538 apud
1743 5460 1813 5538 te,

213 5543 276 5590 et
304 5551 414 5608 ego
440 5552 655 5609 semper
684 5551 858 5599 tecum
883 5545 1060 5615 (Psal.
1095 5552 1288 5623 Lxxu).
1635 5555 1644 5564 ’

293 5626 396 5683 54.
421 5629 722 5703 Requisivit
767 5637 934 5696 abbas
973 5643 1173 5699 Pantho
1201 5646 1448 5703 abbatem
1475 5653 1762 5709 Antonium
1795 5697 1811 5722 ,

209 5715 414 5778 dicens
447 5739 462 5778 :
493 5724 632 5789 Quid
667 5726 802 5785 facio
831 5731 1024 5790 sedens
1049 5735 1098 5791 in
1123 5737 1298 5794 cella?
1324 5742 1616 5812 Itespnndit
1648 5764 1661 5802 :
1696 5715 1810 5806 Non

2001 4633 2088 4688 64.
2115 4635 2262 4688 Dixit
2289 4651 2455 4688 senex
2483 4653 2498 4689 :
2523 4637 2668 4704 Opus
2692 4635 2938 4690 mOnachi
2981 4645 3063 4690 est
3087 4680 3101 4703 ,
3142 4634 3321 4688 videre
3371 4635 3508 4704 cogi.

1927 4726 2152 4778 lationes
2180 4741 2354 4781 suasa
2385 4728 2558 4796 longe.

1999 4819 2088 4872 05.
2128 4821 2267 4874 Dixit
2295 4837 2461 4876 senex
2497 4837 2510 4876 :
2538 4821 2712 4876 Causa
2738 4836 2858 4890 qua:
2889 4837 2993 4874 non
3024 4819 3368 4891 przevidetur,
3401 4833 3508 4874 non

1930 4911 2182 4980 permittit
2209 4930 2306 4968 nos
2331 4915 2385 4968 in
2410 4915 2631 4969 meliora
2661 4917 2938 4982 prolicere.

1998 5005 2086 5076 66.
2141 5005 2283 5060 Dixit
2330 5023 2490 5062 senex
2546 5007 2730 5062 :ANun
2776 5021 3052 5062 measures
3101 5008 3368 5080 teipsuru,
3413 5005 3506 5061 sed

1926 5097 2144 5152 adhaere
2174 5099 2310 5152 bene
2339 5101 2708 5154 conversanti.

2002 5191 2090 5244 (i7.
2127 5191 2266 5244 Dixit
2287 5207 2449 5244 senex
2489 5209 2501 5243 :
2531 5193 2758 5245 Omnem
2785 5205 2998 5244 causam
3025 5205 3184 5260 quam
3208 5205 3314 5246 non
3333 5188 3508 5246 absci-

1926 5282 2002 5334 dit
2032 5297 2059 5334 a
2090 5297 2148 5336 se
2181 5277 2362 5348 homo,
2388 5285 2579 5338 iterum
2604 5284 2656 5339 in
2682 5283 2794 5352 ipsa
2827 5283 3146 5352 implicatur.

1998 5374 2088 5429 (i8.
2115 5375 2254 5428 Dixit
2277 5391 2440 5432 senex
2471 5395 2483 5430 :
2517 5377 2704 5430 Omnis
2744 5377 2895 5433 labor
2937 5379 3025 5446 qui
3069 5377 3381 5448 supervenit
3406 5377 3500 5430 ὶιοι

1927 5469 2078 5533 mini,
2114 5470 2330 5524 victoria
2360 5481 2440 5525 est
2469 5471 2562 5525 illi.
3090 5535 3096 5542 _

1997 5561 2084 5615 σε).
2121 5562 2259 5616 Dixit
2288 5579 2450 5617 senex
2483 5579 2496 5616 :
2536 5565 2874 5620 Abominatio
2903 5573 2986 5621 est
3028 5575 3152 5621 ante
3195 5565 3361 5620 Deum
3389 5577 3503 5619 om-

1925 5655 2008 5710 nis
2050 5656 2283 5711 carnalis
2308 5659 2610 5713 delectatio.

1995 5749 2082 5803 τυ.
2113 5751 2252 5808 Dixit
2275 5766 2437 5808 senex
2466 5769 2477 5806 :
2508 5753 2551 5807 si
2572 5757 2794 5812 -venerit
2825 5757 2916 5813 tEbi
2957 5753 3208 5827 cogitatio
3239 5765 3335 5822 pro
3382 5762 3493 5806 car-
