4014 6368
511 331 613 391 391

1654 322 1999 382 APPENDlX
2042 323 2132 378 AD
2176 323 2376 383 VITAS
2413 323 2715 383 PATRUM.

3687 325 3791 385 39!

512 446 1005 510 nali'necessitate,
1037 453 1089 500 et
1129 444 1300 515 tangit
1338 451 1390 499 te
1428 443 1592 499 semel
1624 452 1678 499 et
1711 443 1791 497 his
1831 451 1887 497 et
1913 443 2092 498 tertio.
2128 442 2170 498 Α
2270 440 2359 497 90.
2395 442 2530 496 Dixit
2559 456 2763 498 senex:
2796 440 2994 496 Beatus
3021 439 3110 511 qui
3140 440 3369 497 sustinet
3398 439 3640 498 laborem
3661 456 3782 500 cum

515 558 621 597 non
650 541 859 595 audias.

589 635 678 688 71.
709 632 853 686 Dixit
880 646 1042 687 senex
1075 649 1087 685 :
1118 630 1174 687 Si
1223 645 1327 685 non
1376 630 1571 685 dixerit
1618 630 1778 684 homo
1834 631 1886 683 in
1940 628 2103 683 corde

518 738 619 779 suo
648 742 659 776 :
689 724 826 792 Quia
856 723 997 777 Deus
1036 734 1090 778 et
1122 738 1223 794 ego
1244 722 1391 777 solus
1416 721 1468 775 in
1494 722 1595 776 isto
1624 721 1827 776 mundo
1870 735 2055 774 sumus
2085 761 2100 784 ,

522 828 627 868 non
666 813 825 868 habet
855 815 1095 885 requiem
1139 812 1373 885 (Pelog.,
1404 813 1564 867 libell.
1603 829 1679 875 xt,
1722 830 1776 867 η.
1812 813 1867 879 5,
1900 813 2105 867 nomine

520 902 729 974 Alloia).

593 997 682 1050 72.
717 996 857 1051 Dixit
883 1011 1047 1053 senex
1082 1014 1096 1052 :
1131 995 1496 1066 Peregrinatio
1525 1007 1607 1050 est
1637 1004 1837 1052 tacere.

596 1087 685 1141 75.
720 1088 859 1142 Dixit
896 1103 1058 1142 senex
1092 1103 1106 1139 :
1136 1087 1422 1141 Imminens
1463 1087 1585 1156 quis
1627 1087 1916 1141 humanam
1960 1088 2105 1141 noti-

524 1179 652 1234 tiam
681 1187 736 1233 et
766 1188 1011 1234 ventrem
1038 1179 1196 1233 habet
1220 1179 1458 1248 requiem
1481 1177 1724 1248 (Pasch,
1754 1196 1800 1232 ε.
1825 1178 1918 1245 32,
1947 1196 2001 1234 n.
2025 1181 2103 1249 4).

600 1272 688 1327 74.
725 1272 866 1327 Dixit
888 1286 1050 1327 senex
1084 1289 1097 1324 :
1131 1273 1356 1340 Oportet
1384 1270 1704 1325 monachum
1727 1285 1822 1327 cor
1850 1272 1989 1326 forte
2012 1272 2106 1325 ha-

526 1362 653 1416 bere
692 1361 757 1414 ad
804 1361 1033 1430 singula,
1063 1370 1117 1415 et
1147 1360 1465 1415 salvabitur.

599 1453 688 1508 75.
718 1454 860 1509 Dixit
888 1468 1058 1509 senex
1089 1472 1103 1509 :
1134 1454 1190 1509 Si
1214 1453 1415 1508 videris
1438 1452 1518 1507 vel
1541 1453 1777 1508 audieris
1796 1453 2109 1524 aliqua,non

526 1546 798 1601 renunties
830 1545 1004 1609 fratri,
1026 1547 1147 1616 quia
1176 1547 1500 1600 nutrimenta
1530 1554 1655 1600 sunt
1683 1560 1892 1614 pugnae.

599 1634 689 1691 76.
721 1637 867 1692 Dixit
896 1651 1062 1692 senex
1093 1654 1110 1694 :
1145 1638 1399 1693 Voluntas
1423 1636 1655 1707 propria,
1685 1646 1740 1692 et
1779 1636 2012 1707 requies,
2056 1647 2112 1694 et

524 1732 862 1789 consuetudo
892 1733 1116 1787 istorum
1145 1731 1329 1801 dejicit
1367 1731 1662 1785 hominem.

2205 533 2496 600 gratiarum
2527 534 2756 587 actione.

2278 623 2367 678 9l.
2402 624 2542 678 Dixit
2570 641 2736 681 senex
2764 643 2778 680 :
2808 626 2919 681 Non
2949 635 3031 681 est
3066 623 3258 681 fortior
3286 625 3457 680 virtus
3480 640 3639 696 quam
3672 628 3789 682 nul-

2206 714 2313 768 lum
2344 729 2622 784 Speruere.

2279 806 2369 860 92.
2404 808 2549 863 Dixit
2573 823 2733 863 senex
2766 825 2781 863 :
2815 808 2868 862 lu
2916 808 3165 862 omnibus
3211 808 3313 863 sibi
3357 822 3795 878 unumquemque

2208 897 2315 952 vim
2340 900 2535 965 facere,
2570 899 2683 954 haec
2708 910 2790 956 est
2820 901 2899 954 via
2929 901 2969 953 D
3004 901 3040 964 i,
3062 910 3117 955 et
3137 915 3271 968 opus
3303 899 3575 955 monachi.

2278 992 2365 1044 93.
2400 992 2543 1047 Dixit
2569 1007 2733 1047 senex
2764 1011 2775 1045 :
2803 994 2903 1059 Qui
2928 993 3027 1048 sibi
3058 993 3161 1048 vim
3187 994 3315 1050 facit
3342 1005 3562 1065 propter
3602 993 3793 1057 Deum,

2210 1084 2402 1139 similis
2433 1094 2517 1139 est
2544 1084 2748 1139 homini
2779 1085 3098 1141 confessori.

2282 1174 2372 1230 94.
2407 1176 2547 1229 Dixit
2571 1190 2735 1230 senex
2763 1193 2776 1229 :
2809 1176 2980 1229 llomo
3012 1175 3214 1231 habens
3242 1186 3473 1233 mortem
3521 1192 3633 1247 prae
3672 1191 3796 1232 oeu-

2212 1266 2278 1321 lis
2303 1266 2448 1321 omui
2477 1268 2629 1331 hora,
2661 1268 2826 1321 vineit
2853 1267 3370 1337 pusillanimitatem.

2284 1359 2373 1415 95.
2408 1359 2554 1414 Dixit
2601 1375 2764 1416 senex
2812 1377 2825 1414 :
2873 1360 3003 1415 Esto
3052 1360 3189 1416 liber
3237 1361 3292 1415 in
3329 1360 3643 1431 loquendo,
3695 1377 3795 1417 non

2215 1467 2426 1508 Servus.

2285 1544 2374 1599 96.
2402 1543 2544 1598 Dixit
2565 1557 2731 1599 senex
2766 1561 2779 1596 :
2810 1543 3147 1613 lmpossibile
3167 1553 3249 1600 est
3274 1543 3390 1599 sine
3417 1542 3669 1599 custodia
3690 1547 3796 1599 oris

2217 1637 2475 1706 prolicere
2504 1636 2776 1690 hominem
2809 1636 2891 1690 vel
2924 1636 2976 1690 in
3008 1651 3114 1690 uua
3139 1637 3371 1702 virtute;
3425 1636 3605 1706 prima
3653 1638 3795 1692 enim

2217 1726 2391 1781 virtus
2417 1726 2662 1782 Custodia
2683 1727 2791 1781 oris
2814 1736 2917 1783 est.

600 1821 693 1878 77.
725 1819 867 1876 Dixit
896 1835 1063 1877 senex
1095 1838 1109 1875 :
1137 1821 1385 1876 Charitas
1411 1860 1427 1886 ,
1459 1833 1513 1876 et
1543 1821 1912 1886 taciturnitas,
1941 1828 1997 1876 et
2022 1834 2112 1875 oc-
2146 1811 2190 1868 Β
2287 1819 2379 1875 97.
2411 1818 2554 1874 Dixit
2578 1834 2746 1874 senex
2776 1834 2794 1878 :
2830 1818 2946 1889 Ego
2977 1828 3086 1875 tres
3121 1834 3208 1875 res
3233 1821 3416 1883 timeo,
3448 1819 3501 1873 id
3543 1827 3652 1884 est,
3683 1834 3799 1874 cum

529 1912 974 1969 cultameditatio
1001 1923 1295 1983 Operantur
1328 1913 1631 1983 puritatem.

601 2007 692 2061 78.
736 2006 879 2060 Dixit
915 2020 1080 2062 senex
1138 2021 1155 2060 :
1206 2006 1547 2075 Quaacunque
1608 2019 1770 2073 super
1810 2018 2116 2059 mensuram

530 2108 675 2164 sunt,
708 2097 1009 2152 daemonum
1034 2105 1182 2152 sunt.

608 2188 700 2265 79.
732 2187 875 2242 Dixit
902 2202 1068 2245 senex
1104 2207 1118 2245 :
1147 2188 1283 2256 Quid
1316 2203 1450 2258 opus
1479 2197 1562 2243 est
1587 2189 1855 2246 aediﬁcare
1885 2190 2117 2245 alienam

536 2281 755 2341 domum
787 2289 842 2335 et
868 2281 1142 2350 pr0priam
1173 2282 1491 2336 subvertere
1515 2280 1541 2331 ?

620 2372 707 2427 80.
735 2371 879 2426 Dixit
904 2388 1067 2428 senex
1095 2389 1111 2430 ι
1144 2372 1443 2443 Unicuique
1475 2374 1610 2427 inter
1642 2372 1874 2428 medium
1928 2371 2021 2426 Dei
2066 2379 2122 2426 et

539 2464 773 2519 hominis
803 2468 1014 2535 propria
1049 2467 1296 2519 voluntas
1326 2482 1509 2519 murus
1564 2476 1648 2520 est
1685 2480 1859 2520 terens
1886 2474 1939 2518 et
1969 2472 2120 2534 petra

537 2559 861 2627 anteposita.
896 2558 953 2613 Si
1002 2571 1130 2627 ergo
1178 2557 1514 2626 superaverit
1583 2557 1743 2610 homo
1787 2559 2119 2611 voluntatem

537 2665 713 2715 suam,
743 2659 921 2718 potest
951 2650 1229 2705 verissime
1250 2649 1465 2704 dicere:
1487 2650 1554 2703 Et
1583 2650 1637 2703 in
1661 2650 1771 2704 Deo
1802 2664 1923 2704 meo
1951 2660 2123 2704 trans-

537 2736 754 2812 grediar
797 2757 1006 2795 murum
1040 2740 1212 2813 (Ρεαι.
1240 2742 1400 2809 xm).

616 2831 707 2887 81.
758 2832 895 2886 Dixit
928 2848 1096 2887 senex
1134 2851 1145 2885 :
1177 2834 1285 2887 Nos
1334 2833 1773 2903 derelinquentes
1825 2844 2023 2889 rectam
2069 2844 2125 2891 et

547 2922 868 2977 luminosam
893 2926 1057 2989 viam,
1082 2939 1176 2993 per
1200 2926 1473 2995 spinosam
1502 2936 1557 2981 et
1588 2928 1926 2982 tenebrosam
1949 2930 2125 2998 gradi-

539 3032 690 3081 mur;
720 3019 770 3073 id
810 3029 913 3083 est,
971 3019 1404 3089 derelinquentes
1445 3021 1692 3089 plangere
1733 3036 1831 3076 nos
1870 3021 2017 3091 ipsos
2069 3033 2125 3078 et

545 3121 729 3165 nostra
763 3121 999 3176 peccata,
1030 3114 1081 3167 in
1113 3113 1464 3184 negligentias
1511 3116 1883 3175 Droximorum
1911 3132 2125 3186 semper

500 3258 503 3263 .
545 3208 852 3273 aspicimus.

619 3294 710 3349 82.
744 3295 883 3351 Dixit
914 3312 1074 3353 senex
1105 3317 1119 3353 ε
1153 3298 1266 3354 Non
1310 3309 1395 3356 est
1438 3303 1733 3358 monachus
1782 3307 1871 3374 qui
1913 3304 1983 3361 de
2031 3305 2136 3361 alio

548 3386 814 3455 detrahit;
851 3407 955 3446 non
987 3404 1067 3446 est
1096 3394 1387 3449 monachus
1439 3397 1529 3465 qui
1582 3397 1757 3452 reddit
1786 3398 1986 3455 malmn
2040 3414 2136 3466 pro

551 3478 728 3546 malo;
759 3496 863 3535 non
896 3493 978 3536 est
1009 3486 1301 3540 monachus
1325 3488 1645 3556 iracundus;
1680 3505 1785 3545 non
1832 3500 1915 3547 est
1945 3507 2132 3547 mona-

553 3570 688 3625 chus
708 3573 951 3642 cupidus,
982 3577 1265 3645 superbus,
1305 3594 1519 3648 avarus,
1552 3591 1643 3636 aut
1669 3583 1863 3646 elatus.
1894 3593 1987 3639 aut
2016 3601 2139 3640 ver-

556 3664 751 3734 bosus;
791 3670 882 3723 sed
914 3670 1006 3739 qui
1037 3685 1161 3727 vere
1191 3673 1484 3728 monachus
1514 3685 1626 3744 est,
1669 3676 1884 3733 humilis
1910 3690 1962 3735 et
1985 3680 2134 3750 quie-

558 3765 666 3822 tus,
692 3766 747 3811 et
767 3759 1027 3816 eharitate
1055 3760 1266 3831 plenus,
1297 3762 1501 3820 habens
1532 3767 1779 3824 timorem
1804 3770 1894 3824 Dei
1924 3785 2139 3839 semper

561 3847 617 3903 in
646 3850 809 3905 corde
836 3867 956 3907 suo.

631 3959 718 4013 85.
754 3961 894 4016 Dixit
920 3977 1084 4019 senex
1117 3982 1129 4019 :
1164 3967 1297 4023 Vide
1327 3984 1393 4024 ne
1416 3980 1730 4029 contemnas
1780 3973 1997 4031 fratrem
2046 3976 2141 4031 tibi

562 4057 857 4117 astantem;
890 4055 1066 4111 nescis
1096 4058 1237 4112 enim
1267 4067 1443 4116 utrum
1471 4063 1526 4118 in
1574 4073 1626 4118 te
1658 4065 1729 4119 sit
1771 4065 2003 4135 Spiritus
2048 4069 2144 4124 Dei

563 4154 633 4195 an
663 4141 714 4195 in
746 4143 858 4199 illo.

642 4255 729 4312 84.
764 4257 910 4314 Dixit
936 4274 1101 4317 senex
1158 4280 1173 4318 :
1225 4264 1506 4322 llumilitas
1553 4277 1608 4325 et
1652 4272 1874 4329 castitas
1902 4284 1955 4331 et
1985 4275 2145 4332 timor

567 4347 662 4404 Dei
692 4350 969 4419 superiora
993 4366 1119 4409 sunt
1147 4358 1396 4415 omnibus
1422 4361 1728 4420 virtutibus.

643 4465 855 4536 1006
903 4466 994 4522 85.
1029 4468 1173 4523 Dixit
1195 4484 1359 4526 senex
1392 4489 1405 4525 :
1435 4473 1673 4543 )Equalis
1700 4489 1785 4533 est
1828 4496 1985 4536 causa
2034 4500 2147 4539 mo-

2217 1909 2391 1965 anima
2423 1924 2707 1979 egressura
2740 1922 2824 1966 est
2846 1911 2918 1967 de
2940 1926 3189 1980 corpore,
3214 1921 3409 1967 etcum
3437 1912 3488 1965 in
3517 1914 3802 1980 praesentia

2222 2002 2316 2057 Dei
2347 2012 2604 2057 venturus
2626 2018 2765 2069 sum,
2803 2011 2861 2057 et
2905 2019 3025 2056 (llttt
3067 2002 3334 2057 sententia
3357 2012 3547 2056 contra
3577 2018 3665 2056 me
3686 2001 3804 2055 data

2219 2091 2380 2149 fuerit
2400 2092 2637 2164 (Pelag.,
2672 2094 2833 2148 (ibe/1.
2864 2110 2943 2159 Ill,
2974 2111 3027 2147 η.
3054 2093 3108 2159 4,
3136 2097 3345 2148 nomine
3375 2092 3550 2162 Elite).

2294 2186 2382 2243 98.
2412 2188 2550 2240 Dixit
2576 2201 2739 2241 senex
2777 2204 2788 2238 :
2826 2188 2879 2242 lu
2912 2203 3233 2257 quocunque
3288 2188 3407 2241 loco
3455 2188 3658 2243 sedens
3704 2202 3803 2242 non

2224 2277 2484 2346 reSpicias
2520 2276 2586 2330 ad
2614 2276 2735 2331 illos
2757 2277 2845 2347 qui
2874 2279 3076 2333 habent
3125 2278 3555 2335 consolationem
3604 2293 3756 2332 suam
3786 2317 3801 2342 ,

2223 2367 2317 2424 sed
2347 2368 2412 2422 ad
2434 2384 2661 2438 egenum
2685 2385 2790 2425 non
2822 2370 3107 2425 habentem
3137 2385 3326 2440 panem
3352 2379 3444 2425 aut
3473 2371 3739 2440 requiem.

2295 2462 2385 2517 99.
2416 2461 2557 2515 Dixit
2595 2477 2758 2517 senex
2805 2480 2818 2518 :
2849 2463 2904 2519 Si
2937 2464 3102 2518 habes
3130 2466 3430 2533 passionem
3464 2504 3479 2527 ,
3530 2471 3588 2518 et
3626 2465 3807 2518 relicta

2227 2553 2315 2607 illa
2351 2568 2448 2622 pro
2470 2556 2570 2607 alia
2594 2569 2651 2608 re
2678 2569 2802 2609 oxas
2836 2555 3152 2621 Dominum,
3186 2571 3290 2609 non
3323 2555 3670 2620 exaudieris;
3719 2556 3807 2610 sed

2229 2649 2459 2717 primum
2492 2654 2612 2716 pete
2643 2663 2739 2716 pro
2764 2647 3166 2718 impugnatione
3197 2658 3282 2702 tua
3307 2689 3322 2713 ,
3351 2657 3556 2702 etcum
3595 2649 3809 2718 pulsans

2228 2743 2505 2812 ingressus
2553 2743 2759 2810 fueris,
2817 2752 2945 2798 tunc
2995 2759 3091 2813 pro
3145 2743 3264 2797 aliis
3326 2743 3501 2812 aliqua
3556 2744 3811 2811 petitione

2230 2849 2379 2905 roga.

2303 2927 2428 2982 100.
2460 2926 2603 2981 Dixit
2630 2941 2794 2982 senex
2828 2927 2990 2983 :Tiia
3031 2936 3158 2983 sunt
3192 2928 3292 2982 ista
3342 2927 3613 2998 capitula,
3656 2927 3812 2981 timor

2229 3021 2348 3085 Dei,
2381 3031 2435 3075 et
2464 3022 2641 3075 oratio
2671 3022 2882 3076 assidua
2910 3064 2925 3088 ,
2953 3031 3007 3077 et
3040 3023 3177 3077 bene
3208 3021 3387 3076 facere
3415 3022 3669 3090 proximo
3696 3035 3809 3076 suo.

2304 3114 2428 3168 101.
2463 3113 2606 3166 Dixit
2633 3128 2797 3167 senex
2831 3131 2842 3166 :
2877 3114 3022 3167 Sicut
3053 3110 3218 3167 ﬂatus
3241 3112 3523 3184 egrediens
3560 3111 3631 3167 de
3677 3112 3813 3167 nari-

2151 3186 2200 3251 (ἶ
2236 3206 2335 3262 bus
2365 3208 2481 3262 sine
2510 3222 2617 3277 quo
2666 3222 2770 3260 non
2813 3206 3030 3273 vivitur,
3076 3206 3148 3260 ita
3182 3207 3342 3263 homo
3372 3206 3617 3260 timorem
3653 3204 3815 3260 Deiot

2239 3297 2597 3353 humilitatem
2627 3313 2839 3369 semper
2865 3299 3023 3354 debet
3055 3298 3252 3353 habere
3284 3299 3336 3352 in
3378 3313 3439 3353 se
3476 3296 3718 3368 (Pelag.,
3756 3297 3815 3350 li-

2238 3389 2357 3446 bell.
2387 3406 2477 3455 xv,
2501 3408 2555 3445 η.
2589 3390 2677 3453 52,
2703 3392 2905 3446 nomine
2927 3390 3161 3444 Pastoris
3178 3405 3198 3453 ;
3227 3389 3441 3453 Pasch,
3468 3406 3517 3444 ο.
3547 3387 3643 3455 27,
3668 3387 3812 3457 n.2).

2312 3481 2438 3539 102.
2471 3483 2612 3536 Dixit
2646 3498 2806 3538 senex
2854 3500 2867 3535 :
2901 3483 3035 3551 Quid
3081 3498 3217 3551 opus
3258 3491 3341 3538 est
3380 3482 3622 3551 incipere
3660 3480 3815 3536 artiﬁ-

2241 3577 2405 3642 cium,
2430 3578 2476 3631 si
2498 3592 2603 3631 uou
2623 3576 2796 3630 discat
2824 3576 3080 3646 perficere
3103 3577 3227 3631 illud
3244 3576 3266 3628 τ
3286 3577 3415 3632 nihil
3437 3587 3523 3632 est
3538 3591 3669 3647 ergo
3685 3575 3814 3646 quod

2241 3670 2491 3740 incipitur
2522 3680 2576 3725 et
2606 3686 2709 3724 non
2743 3672 3031 3739 perlicitur.

2316 3760 2437 3817 105.
2465 3762 2600 3817 Dixit
2626 3777 2787 3818 senex
2814 3778 2828 3815 :
2856 3762 3027 3817 llomo
3054 3762 3097 3817 si
3122 3761 3270 3818 cordi
3295 3770 3387 3817 tuo
3411 3774 3517 3816 non
3541 3760 3814 3827 satisfacit,

2244 3870 2312 3910 ne
2336 3856 2527 3910 credas
2555 3855 2630 3909 illi
2658 3854 3042 3910 conscientiam
3064 3854 3241 3909 cordis
3271 3854 3365 3907 tui.

2315 3944 2441 4001 104.
2476 3946 2620 4001 Dixit
2660 3961 2826 4001 senex
2858 3962 2874 4000 :
2902 3945 3185 4000 Constitue
3215 3955 3391 4000 tecum
3433 3943 3570 3998 nulli
3599 3956 3820 4013 unquam

2246 4037 2450 4092 homini
2482 4038 2620 4092 male
2650 4037 2847 4104 facere,
2880 4037 2977 4093 sed
3010 4049 3198 4106 purum
3228 4035 3427 4091 habere
3472 4046 3573 4090 cor
3614 4034 3684 4088 ad
3713 4047 3820 4088 om-

2246 4148 2369 4188 nem
2403 4131 2694 4185 hominem.

2322 4221 2448 4277 105.
2480 4220 2829 4290 Interrogavit
2858 4220 3025 4275 frater
3046 4233 3253 4283 senem,
3286 4218 3472 4273 dicens
3504 4234 3523 4273 :
3553 4216 3609 4273 Si
3641 4214 3820 4270 videro

2250 4317 2390 4371 inter
2417 4314 2607 4369 fratres
2636 4315 2865 4385 aliquam
2890 4314 3287 4384 negligentiam,
3307 4310 3470 4381 jubes
3501 4323 3560 4366 ut
3587 4307 3824 4380 arguam?

2250 4408 2527 4479 respondit
2552 4425 2569 4462 :
2598 4408 2653 4465 Si
2683 4419 2807 4463 sunt
2835 4409 3076 4464 seniores
3102 4408 3183 4462 vel
3210 4406 3469 4463 cowtanei
3522 4407 3619 4471 tui,
3662 4403 3825 4459 humi.

2255 4501 2375 4555 liter
2404 4502 2630 4555 admone
2658 4501 2776 4555 sine
2800 4499 3186 4570 increpatione,
3218 4508 3276 4553 ut
3301 4500 3355 4553 in
3385 4498 3489 4553 hoc
3520 4500 3640 4567 ipso
3665 4498 3826 4551 humi-

568 4554 759 4648 nacho,
794 4558 838 4611 si
866 4569 1050 4613 contra
1079 4577 1200 4615 eum
1227 4563 1316 4632 qui
1347 4566 1394 4618 vi
1445 4569 1658 4635 nocuit,
1688 4584 1911 4636 causam
1936 4575 2061 4629 velit
2085 4593 2149 4632 ac
2178 4569 2228 4630 Ι)
2254 4554 2650 4648 ῂεῗίῗηνέηίητίέ.

569 4647 616 4701 si
641 4657 826 4703 contra
852 4652 1150 4709 diabolum.

642 4761 732 4817 86.
757 4762 898 4820 Dixit
921 4780 1086 4821 senex
1117 4783 1130 4821 :
1161 4768 1207 4822 A
1236 4769 1442 4825 minore
1488 4773 1696 4829 actione
1741 4790 1908 4846 usque
1937 4778 2001 4832 ad
2032 4795 2148 4834 ma—

564 4855 737 4922 jorem
767 4870 924 4925 quam
955 4860 1063 4928 agit
1090 4860 1271 4924 homo,
1303 4870 1469 4916 totum
1493 4862 1545 4918 in
1571 4865 1708 4921 fastu
1736 4869 1849 4937 ejus
1886 4871 2099 4940 ponitur
2128 4912 2144 4937 ,

571 4946 686 4999 sive
710 4947 760 4999 iu
785 4949 1215 5017 cogitationibus,
1244 4954 1357 5008 sive
1387 4954 1438 5009 itt
1467 4957 1737 5025 operibus.

645 5056 738 5112 87.
767 5060 909 5116 Dixit
942 5080 1108 5121 senex
1142 5082 1157 5121 :
1185 5067 1467 5124 Humilitas
1496 5086 1601 5125 non
1628 5082 1711 5127 est
1737 5086 1985 5145 sumptus
2008 5119 2023 5144 ,
2055 5080 2149 5135 sed

571 5150 621 5201 lu
652 5152 795 5204 omni
824 5158 1106 5225 sumptuali
1134 5169 1215 5214 est
1240 5160 1658 5218 condimentum.

647 5261 736 5318 88.
770 5263 909 5319 Dixit
936 5281 1099 5324 senex
1126 5287 1139 5321 :
1169 5270 1460 5327 llumiliare
1481 5275 1739 5343 seipsum,
1765 5286 1819 5333 et
1843 5284 2151 5347 despectum

572 5368 631 5409 se
664 5356 803 5427 apud
827 5356 999 5427 ipsum
1023 5359 1242 5433 habere,
1280 5380 1374 5432 pro
1404 5380 1559 5421 muro
1580 5380 1661 5423 est
1688 5372 1969 5424 monacho.

647 5472 734 5525 89.
770 5472 912 5527 Dixit
936 5489 1100 5531 senex
1136 5477 1275 5545 :Qui
1296 5480 1407 5534 vult
1428 5483 1694 5539 aedificare
1721 5483 1962 5549 domum,
1986 5487 2151 5541 multa

574 5564 878 5620 necessaria
910 5579 1178 5637 procurat,
1229 5582 1285 5626 ut
1326 5576 1493 5642 possit
1525 5578 1812 5643 perlicere;
1846 5577 1917 5632 ita
1948 5588 2001 5634 et
2040 5594 2157 5633 mo-

571 5656 803 5713 nachum
854 5659 1070 5715 multam
1120 5676 1301 5719 curam
1356 5666 1552 5724 habere
1605 5679 1817 5739 oportet
1874 5680 1929 5727 ut
1986 5672 2157 5741 possit

571 5766 733 5813 onera
767 5751 859 5810 Dei
890 5752 1168 5823 perlicere.

2327 4686 2447 4740 100.
2483 4685 2670 4739 Frater
2698 4682 2976 4753 requisivit
2997 4697 3203 4749 senem,
3235 4682 3421 4738 dicens
3454 4697 3470 4735 :
3501 4681 3720 4736 Fratres
3746 4680 3827 4734 alii

2255 4793 2467 4833 mecum
2497 4777 2826 4845 cohabitant,
2852 4784 2908 4832 et
2940 4776 3128 4830 volunt
3167 4775 3268 4844 ipsi
3297 4784 3355 4829 ut
3383 4788 3484 4843 ego
3513 4774 3619 4828 illis
3644 4772 3825 4841 μηκέθ

2255 4854 2395 4940 piam
2423 4868 2692 4939 quomodo
2714 4867 2870 4939 jubes
2910 4877 2969 4922 ut
3014 4865 3248 4921 faciam?
3283 4864 3618 4936 Respondit:
3655 4865 3763 4920 Fac
3782 4874 3831 4918 tu

2256 4963 2401 5031 quod
2444 4960 2713 5031 praecipis,
2745 4968 2802 5013 ttt
2832 4974 2935 5012 non
2966 4967 3171 5013 tantum
3204 4956 3312 5012 illis
3342 4966 3631 5027 praecepta,
3666 4955 3763 5010 sed
3786 4964 3835 5009 et

2257 5054 2544 5109 formulam
2576 5052 2818 5125 praebeas
2844 5051 3093 5123 (Pass/1..
3133 5068 3182 5108 ε.
3206 5050 3299 5121 45,
3326 5068 3383 5106 n.
3416 5050 3470 5109 1.
3500 5052 3714 5104 nomine
3733 5048 3834 5105 Sc-

2253 5146 2507 5216 rapionis)

2330 5238 2453 5293 107.
2517 5235 2775 5292 Dicebant
2813 5250 2911 5306 pro
2940 5234 3134 5289 abbate
3168 5226 3403 5290 Macario
3434 5230 3665 5302 majore,
3722 5246 3836 5300 quia

2261 5330 2403 5383 sit-ut
2428 5330 2568 5384 Deus
2593 5328 2822 5398 protegit
2852 5336 3022 5381 totum
3045 5324 3396 5389 mundum,et
3418 5331 3597 5389 portat
3624 5336 3836 5392 peccata

2264 5423 2539 5478 hominum
2571 5463 2585 5487 ,
2621 5423 2691 5475 ita
2720 5429 2775 5475 et
2804 5420 2895 5474 ille
2924 5420 3075 5489 quasi
3130 5417 3346 5488 quidam
3396 5415 3541 5471 Deus
3600 5424 3839 5470 terrenus

2263 5518 2358 5572 fuit
2389 5519 2439 5571 iu
2466 5514 2740 5580 fratribus,
2768 5514 3016 5583 operiens
3043 5513 3236 5568 delicta
3280 5511 3517 5576 illorum,
3550 5516 3608 5565 et
3632 5523 3700 5564 ea
3730 5522 3840 5578 qua

2261 5610 2475 5664 videbat
2520 5607 2602 5662 vel
2649 5606 2941 5675 audiebat,
2981 5606 3134 5677 quasi
3184 5619 3291 5660 nou
3322 5603 3507 5660 videns
3531 5610 3590 5660 et
3616 5616 3730 5658 non
3754 5616 3842 5657 au-

2261 5700 2437 5757 diens.

2338 5790 2457 5847 1οἶ.
2492 5789 2843 5852 Interrogavit
2867 5788 3032 5845 abbas
3057 5786 3268 5856 Moyses
3290 5786 3537 5845 abbatem
3566 5786 3843 5845 Silvanum
