4014 6368
261 289 376 348 595

1720 305 2037 363 NOTATIO.

3434 330 3546 387 391

262 404 515 473 (Paula,
539 420 589 461 ε.
620 404 711 472 ιδ,
742 423 796 462 η.
830 406 924 477 2),
953 408 1139 467 dicens
1167 428 1180 465 :
1212 410 1393 471 Potest
1424 417 1584 472 homo
1607 434 1705 488 per
1735 422 1849 475 sin-
1880 433 1929 485 Α
1959 439 2057 479 nec
2103 423 2303 482 habeas
2352 428 2689 486 inimicitiam
2722 432 2776 488 in
2809 435 2977 493 corde
3008 446 3121 504 tuo,
3154 454 3326 511 neque
3353 446 3537 504 odium

255 495 426 565 gulos
455 496 573 551 dies
602 498 1014 566 apprehendere
1043 502 1250 556 initium
1275 505 1297 557 Ἰ
1327 508 1607 576 respondit
1638 530 1651 564 :
1678 509 1736 566 Si
1770 521 1853 566 est

257 587 546 653 operarius
574 627 589 651 ,
622 598 793 656 potest
819 605 917 657 per
938 590 1176 661 singulos
1202 593 1318 649 dies
1344 612 1562 654 sumere
1596 590 1801 654 initium
1834 619 1849 668 ;

255 689 482 747 oportet
532 682 675 736 enim
715 685 1125 752 apprehendere
1177 704 1607 762 unumquemque
1664 710 1850 763 parum

252 771 464 841 aliquid
498 787 564 827 ex
602 775 850 829 omnibus
896 776 1202 833 virtutibus.
1248 778 1482 850 Singulis
1512 798 1638 853 ergo
1664 786 1851 843 diebus

252 879 490 936 surgens
518 880 695 931 mane,
725 882 879 922 sume
907 868 1119 924 initium
1144 886 1306 925 unum
1335 874 1389 927 in
1423 890 1637 931 omnem
1670 878 1847 932 virtu-

260 966 394 1021 tem,
422 967 475 1011 et
497 957 553 1011 in
589 972 751 1013 omne
788 959 1096 1014 mandatum
1124 960 1244 1016 Dei.
1278 964 1333 1016 ln
1368 979 1558 1035 magna
1586 967 1848 1035 patientia

257 1059 319 1105 et
348 1050 777 1121 longanimitate,
806 1069 927 1108 cum
961 1055 1154 1111 timore
1184 1066 1238 1112 et
1268 1058 1532 1115 charitate
1578 1062 1695 1130 Dei,
1719 1078 1844 1119 cum

256 1139 563 1196 humilitate
582 1144 772 1199 anima:
793 1153 849 1199 et
873 1147 1135 1214 Corporis,
1166 1148 1217 1201 in
1242 1150 1404 1202 multa
1427 1155 1842 1222 sustentatione,

248 1234 312 1289 in
338 1236 689 1291 tribulatione
735 1247 789 1293 et
839 1242 1264 1295 commoratione
1304 1242 1474 1308 cellae,
1508 1244 1561 1297 in
1600 1247 1845 1302 oratione

260 1338 320 1383 et
345 1330 729 1399 deprecatione
752 1373 766 1397 ,
796 1345 915 1386 cum
942 1333 1141 1400 gemitu
1160 1372 1177 1399 ,
1208 1348 1330 1388 cum
1365 1336 1593 1403 puritate
1612 1338 1797 1393 cordis
1820 1378 1839 1404 ,

247 1430 315 1475 et
355 1422 630 1477 oculorum
652 1465 667 1490 ,
717 1433 771 1477 et
810 1424 1051 1477 custodia
1096 1424 1289 1495 linguai
1315 1435 1370 1480 et
1396 1442 1708 1482 sermonum
1737 1473 1752 1497 ,
1786 1431 1841 1485 in

251 1512 724 1570 abrenuntiatione
752 1531 930 1570 rerum
976 1518 1330 1573 materialium
1354 1528 1409 1573 et
1446 1521 1838 1577 desideriorum

252 1606 463 1670 carnis,
493 1606 545 1659 in
574 1609 870 1662 certamine
909 1607 1105 1671 crucis,
1150 1609 1202 1662 id
1247 1619 1365 1677 est,
1411 1612 1742 1667 cruciatione
1786 1624 1842 1669 et

253 1704 574 1763 paupertate
601 1697 821 1766 spiritus
842 1737 858 1764 ,
892 1697 944 1752 in
975 1699 1305 1753 continentia
1335 1700 1598 1768 spirituali
1628 1712 1682 1757 et
1711 1717 1839 1773 age-

1959 525 2144 571 contra
2177 520 2536 578 inimtcantem
2572 524 2667 580 tibi
2696 526 2812 582 sine
2844 542 3002 584 eausa
3023 571 3039 597 ,
3087 548 3262 603 neque
3292 538 3543 595 irascaris

1959 609 2253 664 inimicitia:
2288 611 2407 682 ejus
2430 654 2447 679 ,
2478 630 2651 683 neque
2696 618 2960 688 despicias
2986 636 3108 677 eum
3140 625 3190 678 in
3223 630 3543 687 necessitate

1957 709 2011 753 et
2041 700 2384 759 tribulatione
2405 704 2546 774 ejus,
2572 722 2672 762 nec
2698 710 2890 765 reddas
2916 713 3113 767 malum
3138 729 3234 783 pro
3253 720 3417 785 malo,
3443 724 3538 777 sed

1954 800 2074 845 esto
2102 794 2356 858 paciﬁcus
2386 811 2509 853 cum
2536 800 2815 869 omnibus;
2851 803 2966 861 haec
2991 816 3076 863 est
3106 810 3248 865 enim
3281 828 3379 880 pax
3411 814 3532 872 Dei.

1952 880 2069 936 Non
2104 892 2155 939 te
2183 886 2370 943 credas
2395 890 2593 945 malum
2624 892 2841 950 facienti
2867 938 2883 961 ,
2914 913 3090 968 neque
3119 908 3458 973 congaudeas
3486 910 3538 964 ei

1952 974 2040 1041 qui
2069 972 2202 1030 facit
2242 980 2486 1045 proximo
2525 984 2743 1040 malum.
2772 987 2887 1043 Non
2919 990 3169 1050 detrahas
3192 972 3375 1067 alicui,
3407 1001 3535 1070 quia

1953 1063 2094 1120 Deus
2123 1070 2401 1137 cognoscit
2436 1074 2616 1129 omnia
2637 1116 2652 1141 ,
2673 1087 2729 1131 et
2755 1079 2899 1134 videt
2928 1063 3381 1157 unumquemque.
3415 1063 3532 1145 Non

1947 1154 2136 1210 credas
2162 1157 2488 1229 detrahenti,
2533 1178 2706 1236 neque
2735 1172 3071 1240 congaudeas
3100 1176 3167 1230 ad
3197 1154 3393 1232 malum
3419 1182 3535 1236 elo-

1947 1246 2130 1345 quium
2162 1247 2302 1318 ejus.
2351 1252 2466 1308 Non
2497 1256 2684 1313 oderis
2720 1261 2952 1330 aliquem
2985 1276 3203 1336 propter
3247 1285 3532 1339 peceatum
3638 1338 3639 1345 η

1944 1335 2082 1406 ejus,
2114 1343 2237 1409 quia
2267 1344 2528 1414 scriptum
2559 1359 2642 1404 est
2678 1350 2890 1409 :Nolite
2926 1335 3191 1428 judicare,
3214 1335 3269 1416 et
3305 1379 3414 1419 non
3454 1364 3537 1436 ju.

1941 1428 2250 1521 dicabitnitti
2284 1433 2497 1504 (Matth.
2529 1441 2651 1509 vn);
2685 1456 2858 1513 neque
2885 1446 3154 1517 despicias
3189 1428 3533 1521 peccantem,

1948 1516 2043 1572 sed
2069 1534 2162 1573 ora
2193 1536 2288 1589 pro
2315 1523 2410 1579 illo
2434 1566 2453 1593 ,
2488 1535 2549 1581 ut
2576 1528 2667 1584 det
2696 1531 2773 1586 illi
2822 1516 3077 1594 Dominus
3115 1516 3533 1601 conversionem

1946 1608 2005 1663 in
2039 1611 2293 1679 patientia
2310 1625 2370 1671 et
2394 1617 2713 1676 misereatur
2736 1624 2895 1690 illius,
2926 1640 3118 1697 potens
3146 1635 3288 1688 enim
3306 1645 3395 1689 est
3426 1636 3535 1692 Do-

1942 1700 2141 1755 minus.
2176 1704 2313 1759 Etsi
2360 1710 2595 1765 audieris
2635 1728 2728 1781 pro
2755 1716 2932 1787 aliquo
2973 1723 3096 1789 quia
3137 1723 3247 1793 agit
3304 1726 3482 1796 iniqua
3510 1770 3528 1794 ,

254 1801 326 1840 ne
355 1802 544 1856 pugna:
578 1828 595 1853 ,
646 1789 700 1843 in
762 1790 1077 1858 paenitentia
1121 1799 1176 1845 et
1205 1790 1377 1856 luctu,
1413 1791 1465 1846 in
1496 1793 1839 1863 simplicitate
1867 1803 1915 1863 Β
1947 1796 2213 1865 responde
2232 1798 2465 1877 dicens;
2491 1802 2737 1875 Nunquid
2758 1823 2858 1878 ego
2873 1811 3040 1879 judex
3062 1789 3213 1869 sumi?
3237 1789 3530 1876 homo-sum

250 1877 453 1931 anima:
478 1887 535 1933 et
562 1879 942 1946 taciturnitate,
959 1881 1012 1933 in
1026 1879 1232 1950 jejunio
1247 1890 1301 1936 et
1323 1882 1513 1952 vigiliis
1535 1886 1835 1953 nocturnis,

250 1966 309 2020 in
333 1968 649 2035 operatione
679 1984 932 2025 manuum
966 1972 1260 2025 secundum
1290 1974 1431 2042 quod
1460 1973 1619 2028 docet
1645 1974 1841 2029 Paulus

246 2058 527 2127 apostolus
562 2101 577 2127 ,
609 2060 795 2118 dicens
827 2079 839 2113 :
888 2062 1184 2131 Operantes
1224 2064 1471 2119 manibus
1510 2067 1711 2121 nostris
1734 2106 1751 2134 ,
1783 2066 1839 2122 in

244 2150 397 2207 fame
423 2162 477 2207 et
501 2153 610 2219 siti,
642 2153 697 2208 in
728 2154 927 2225 frigore
970 2165 1025 2210 et
1072 2155 1333 2221 nuditate,
1367 2156 1420 2211 in
1470 2156 1743 2213 laboribus
1785 2167 1841 2215 et

250 2244 716 2312 tribulationibus,
738 2247 793 2300 in
824 2248 1237 2305 necessitatibus
1264 2257 1323 2303 et
1346 2251 1608 2318 angustiis
1629 2261 1685 2305 et
1717 2266 1840 2321 per-

247 2340 619 2394 secutionibus
645 2380 660 2406 ,
694 2340 748 2394 in
781 2338 950 2395 foveis
977 2349 1033 2396 et
1062 2341 1335 2411 speluncis
1370 2351 1427 2396 et
1450 2344 1699 2398 cavernis
1730 2354 1837 2399 ter-

248 2442 327 2482 ra:
355 2426 444 2498 (II
474 2426 592 2483 Car.
619 2430 716 2499 ιι).
754 2430 882 2484 Esto
930 2430 1097 2485 factor
1143 2430 1315 2497 verbi,
1373 2442 1427 2485 et
1468 2448 1575 2487 non
1624 2432 1838 2490 auditor

245 2528 482 2587 tantum;
508 2537 736 2591 operans
766 2523 1024 2577 talentum
1066 2522 1120 2577 iu
1158 2522 1356 2591 duplo,
1385 2523 1589 2579 habens
1629 2535 1835 2581 vestem

247 2613 567 2682 nuptialem,
599 2616 841 2669 ﬁrmatus
888 2630 1052 2683 super
1099 2614 1309 2668 ﬁrmam
1363 2626 1568 2683 petram
1590 2656 1610 2681 ,
1645 2625 1701 2672 et
1728 2630 1834 2673 non

246 2720 416 2774 super
453 2721 669 2761 arenam
701 2706 905 2778 (Jacobi
954 2710 1015 2776 t).
1051 2706 1405 2776 Eleemosyna
1452 2717 1507 2761 et
1548 2708 1681 2763 ﬁdes
1728 2725 1833 2765 non

245 2807 303 2851 te
332 2797 741 2868 derelinquant,
786 2798 1030 2867 cogitans
1059 2816 1275 2854 onmem
1319 2801 1460 2855 diem
1498 2801 1687 2856 mortis
1714 2818 1835 2858 esse

248 2890 505 2955 vicinam,
523 2901 578 2945 et
596 2892 747 2961 quasi
771 2892 881 2960 jam
904 2891 1117 2947 clausus
1140 2894 1193 2946 in
1218 2900 1588 2958 monumento,
1613 2895 1742 2949 nihil
1765 2895 1836 2951 de

243 2986 353 3041 hoc
380 2986 577 3040 saeculo
603 3001 760 3041 cures
786 2985 987 3057 (lium,
1012 2988 1051 3040 ι.
1082 3002 1163 3052 ltt,
1195 3004 1251 3040 η.
1282 2987 1435 3057 20(5).
1471 2987 1654 3041 inedia
1684 3002 1835 3043 esca-

248 3095 398 3144 rum,
426 3089 481 3134 et
506 3079 798 3145 humilitas,
832 3089 885 3135 et
915 3081 1088 3135 luctus
1116 3096 1223 3135 non
1253 3081 1508 3136 recedant
1553 3096 1582 3136 a
1626 3092 1677 3137 te
1706 3123 1722 3149 ,
1775 3094 1830 3138 et

248 3171 417 3226 timor
437 3169 531 3227 Dei
558 3184 866 3241 permaneat
893 3174 945 3228 in
974 3183 1028 3229 te
1067 3175 1216 3229 omni
1246 3176 1397 3229 hora.
1445 3175 1715 3245 Scriptum
1745 3187 1828 3232 est
1860 3187 1910 3251 α

242 3264 428 3319 enim:
453 3263 675 3334 Propter
705 3265 950 3321 timorem
975 3276 1142 3331 tuum,
1160 3267 1406 3335 Domine,
1426 3267 1479 3321 in
1508 3275 1661 3325 utero
1685 3283 1838 3325 acce-

246 3354 452 3427 pimus,
480 3367 534 3410 et
558 3357 851 3424 doluimus,
904 3368 958 3413 et
1007 3360 1310 3427 peperimus
1352 3360 1600 3429 spiritum
1642 3361 1835 3416 salutis

250 3444 388 3519 (Ira.
424 3451 597 3518 xxvi).
630 3449 758 3504 Haec
788 3465 917 3521 ergo
938 3462 988 3504 et
1017 3450 1064 3505 si
1088 3466 1189 3520 qua
1213 3452 1316 3505 alia
1346 3451 1514 3506 virtus
1536 3463 1644 3514 est,
1672 3452 1726 3509 in
1750 3453 1835 3510 his

252 3537 531 3607 perspice,
562 3553 631 3593 ne
662 3541 889 3609 teipsum
936 3555 1213 3596 measures
1259 3556 1382 3597 cum
1428 3544 1643 3613 magnis
1674 3584 1690 3611 ,
1736 3544 1832 3600 sed

253 3628 420 3683 crede
450 3639 503 3683 te
532 3627 843 3685 inferiorem
876 3646 998 3687 esse
1026 3633 1171 3687 omni
1193 3643 1453 3688 creaturae
1476 3674 1492 3700 ,
1524 3635 1575 3688 id
1603 3643 1706 3705 est,
1736 3635 1830 3691 de-

253 3727 509 3791 teriorem
547 3742 576 3779 a
618 3727 810 3797 quovis
861 3729 1078 3783 homine
1109 3768 1128 3793 ,
1175 3727 1474 3797 quamlibet
1520 3737 1827 3797 peccatore.

247 3818 459 3874 Habeto
486 3819 888 3889 discretionem,
912 3823 1232 3879 discernens
1265 3824 1625 3891 temetipsum,
1646 3832 1702 3878 et
1722 3839 1830 3878 non

245 3909 517 3978 dijudices
548 3913 876 3982 proximum,
908 3931 1083 3985 neque
1110 3916 1361 3985 inspicias
1387 3915 1559 3970 aliena
1587 3916 1779 3972 delicta
1809 3954 1827 3981 ,

246 4001 344 4056 sed
376 4013 462 4057 tua
499 4004 686 4075 piange
714 4019 930 4075 peccata
965 4047 980 4072 ,
1011 4018 1064 4061 et
1093 4006 1161 4062 de
1193 4007 1385 4061 nullius
1434 4007 1666 4062 bominis
1692 4008 1829 4061 acti-

242 4092 348 4149 bus
376 4095 637 4152 sollicitus
665 4099 762 4152 sis.
793 4099 922 4153 Esto
949 4101 1214 4154 mansueti
1242 4099 1485 4167 spiritus,
1514 4109 1566 4153 et
1597 4115 1700 4153 non
1725 4100 1830 4153 ira-

242 4186 430 4241 cundi.
448 4187 588 4243 Nihil
614 4189 669 4243 in
696 4189 961 4245 cordetuo
974 4199 1159 4245 contra
1188 4191 1418 4260 aliquem
1450 4191 1654 4260 cogites
1675 4191 1823 4256 mali,

1943 1897 2217 1954 peccator,
2237 1879 2489 1949 mortuus
2514 1899 2615 1950 sub
2643 1902 2884 1967 peccatis
2912 1903 3065 1971 meis,
3092 1915 3146 1960 et
3168 1907 3360 1977 lugens
3405 1925 3529 1966 mea

1942 1978 2156 2047 pr0pria
2181 1983 2319 2037 mala
2347 2000 2361 2051 ;
2402 1998 2645 2043 mortuus
2671 1992 2813 2046 enim
2844 2008 3061 2051 causam
3107 2014 3214 2053 non
3247 2000 3406 2057 habet
3434 2018 3529 2059 cu-

1944 2081 2070 2123 rare
2098 2086 2193 2139 pro
2230 2073 2429 2139 aliquo.
2461 2076 2588 2134 Haec
2614 2083 2795 2137 omnia
2821 2098 2949 2154 ergo
2969 2088 3057 2157 qui
3084 2090 3284 2161 cogitat
3310 2102 3367 2147 et
3405 2109 3529 2163 pro-

1941 2172 2114 2230 curat,
2153 2166 2361 2239 1007
2392 2174 2672 2240 operarius
2711 2183 2794 2230 est
2842 2178 3110 2237 universas
3152 2183 3379 2255 justitize
3426 2190 3528 2243 sub

1938 2256 2109 2326 gratia
2146 2268 2202 2313 et
2229 2262 2427 2317 virtute
2453 2264 2664 2321 Domini
2691 2270 2884 2324 nostri.

2013 2366 2135 2425 109.
2177 2370 2271 2427 ila:
2292 2381 2417 2429 sunt
2444 2379 2723 2434 sententia
2754 2390 2983 2450 septem,
3023 2400 3159 2455 quas
3197 2386 3404 2445 locutus
3438 2401 3526 2446 est

1938 2458 2106 2553 abbas
2127 2461 2341 2553 Lioyses
2365 2466 2432 2520 ad
2454 2468 2700 2524 abbatem
2729 2471 3152 2545 Paemeninnem,
3178 2495 3312 2551 quas
3330 2482 3378 2536 si
3403 2484 3525 2553 quis

1938 2549 1991 2603 in
2020 2552 2292 2620 emnobio,
2328 2566 2419 2611 aut
2449 2558 2500 2612 in
2530 2561 2838 2631 solitudine,
2861 2575 2955 2621 aut
2984 2567 3039 2623 in
3058 2567 3181 2639 ipso
3198 2549 3523 2644 saeculo-po-

1937 2642 2072 2696 situs
2118 2645 2455 2717 custodierit,
2489 2652 2686 2721 poterit
2713 2658 2929 2713 salvari.

2010 2754 2064 2810 Ι.
2104 2757 2161 2811 ln
2193 2759 2401 2828 primis,
2431 2762 2570 2818 sicut
2599 2767 2854 2836 scriptum
2892 2780 2995 2837 est,
3028 2771 3187 2830 debet
3224 2777 3386 2832 homo
3431 2779 3515 2833 di-

1935 2845 2102 2916 ligere
2154 2848 2321 2905 Deum
2363 2868 2429 2907 ex
2479 2863 2587 2909 tota
2629 2861 2806 2913 anima
2833 2871 2887 2915 et
2915 2877 2981 2919 ex
3014 2872 3124 2918 tnta
3169 2867 3523 2937 intelligentia

1936 2949 2032 2990 sua
2062 2935 2310 3007 (Joannes
2342 2941 2502 2997 libell.
2542 2958 2617 3010 tv,
2651 2946 2820 3013 initio,
2851 2966 2940 3019 per
2985 2952 3180 3021 aliquot
3234 2935 3520 3028 numeros).

2012 3048 2068 3103 2.
2112 3050 2282 3107 Debet
2322 3054 2482 3110 homo
2510 3057 2738 3126 diligere
2770 3065 3070 3130 proximum
3094 3067 3237 3122 sicut
3263 3069 3521 3141 seipsum.

2009 3138 2063 3195 5.
2084 3142 2255 3199 Debet
2294 3146 2455 3202 homo
2478 3151 2805 3208 moi-tiﬁcare
2827 3158 3061 3226 seipsum
3093 3159 3161 3214 ab
3177 3162 3329 3216 omni
3347 3138 3517 3221 malo.

2016 3256 2073 3313 4.
2118 3258 2233 3313 Non
2282 3261 2445 3318 debet
2483 3264 2646 3321 homo
2684 3267 2977 3339 dijudicate
3019 3271 3238 3330 fratrem
3281 3292 3437 3334 suum
3467 3279 3529 3338 ia

1938 3348 2115 3420 aliqua
2147 3365 2329 3407 causa.

2006 3440 2059 3497 5.
2101 3442 2216 3498 Non
2244 3445 2408 3501 debet
2430 3449 2593 3504 homo
2614 3452 2816 3507 malum
2847 3454 3028 3512 facere
3055 3456 3235 3515 alteri.

2008 3537 2063 3591 6.
2096 3537 2264 3594 Debet
2297 3540 2459 3597 homo
2490 3546 2794 3616 priusquam
2824 3559 2984 3607 exeat
3004 3552 3072 3608 de
3094 3569 3342 3624 corpore,
3368 3572 3523 3614 mun-

1934 3628 2065 3684 dare
2078 3631 2153 3685 sei
2160 3646 2314 3700 psum
2329 3633 2398 3687 ab
2414 3635 2559 3690 omni
2581 3637 2983 3709 inquinamento
3000 3646 3181 3700 carnis
3212 3656 3265 3701 et
3278 3647 3521 3707 spiritus.

2006 3734 2061 3789 7.
2100 3734 2274 3791 Debet
2318 3737 2481 3794 homo
2523 3755 2740 3811 semper
2787 3759 2885 3800 cor
2932 3752 3221 3805 contritum
3258 3762 3314 3806 et
3349 3753 3523 3809 ι)υωὶ-

1936 3824 2125 3880 liatum
2174 3826 2398 3884 habere.
2426 3829 2585 3897 Quod
2629 3834 2720 3889 ille
2764 3846 2942 3904 potest
2985 3841 3232 3909 implere,
3261 3846 3351 3914 qui
3379 3856 3525 3902 sem-

1937 3931 2159 3985 persna
2190 3932 2413 3986 peci'ata
2454 3930 2508 3975 et
2534 3937 2641 3977 non
2684 3927 2920 3993 proximi
2971 3932 3301 4000 considerat,
3348 3937 3526 4007 opitu-

1934 4008 2079 4063 lante
2098 4008 2268 4077 gratia
2300 4009 2511 4066 Domini
2542 4016 2711 4069 nostri
2737 4016 2864 4071 .lesu
2885 4016 3107 4087 Christi,
3139 4023 3230 4094 qui
3257 4041 3378 4081 cum
3412 4028 3523 4084 Deo

1936 4099 2101 4157 Patre
2123 4110 2179 4156 et
2200 4102 2405 4172 Spiritu
2434 4115 2620 4161 sancto
2644 4107 2776 4165 vivit
2801 4120 2857 4167 et
2880 4124 3068 4185 regnat
3095 4131 3192 4187 per
3217 4121 3393 4176 omnia
3421 4136 3526 4177 sua

1933 4194 2051 4247 cula
2080 4196 2423 4253 saeculorum.
2452 4200 2647 4258 Amen.

1900 4334 3125 4365 ὣ

240 4330 3526 4391 Ἧ-α--ξζᾟῃ

840 4470 949 4543 ΙΝ
1023 4468 1731 4544 ΛΡΡΕΝΒΙΟΕΜ
1807 4488 1835 4540 λ

1952 4481 1961 4525 ν
2034 4470 2382 4549 VITAS
2453 4477 2588 4553 PA
2602 4480 2916 4557 TBUM

1518 4617 1816 4678 ROSWEY
1828 4617 1892 4674 Di
1932 4619 2252 4680 NOTATIO.

552 4843 619 4900 IN
655 4842 1067 4902 HERACLIDIS
1102 4842 1518 4900 PARADlSUM.

310 4937 393 5017 (l_)
440 4935 773 5017 HeraclidisJ
797 4937 992 5017 hPrima
1042 4936 1207 5017 editio
1229 4935 1397 5003 addit,
1426 4935 1684 5017 quandam
1714 4932 1823 4988 Pa-

232 5008 461 5085 laestinis
490 5008 943 5085 episqopi.__Quod
988 5008 1128 5085 unde
1155 5016 1459 5078 promptum
1489 5008 1578 5073 sit,
1615 5008 1822 5085 ignoro.

235 5079 402 5159 (_Zcrte
430 5079 585 5159 deest
620 5076 727 5159 hoc
764 5076 1123 5159 Manuscripto
1160 5076 1495 5159 meo,'quem
1516 5076 1825 5159 «εξ-³1η)εῴ

239 5149 563 5229 ᾼιιιαηάὶηε,
587 5164 619 5204 a
650 5158 857 5229 vetusta
888 5147 1117 5229 quidem
1148 5147 1639 5229 manul'sednvalde
1660 5149 1826 5229 muti-

238 5217 375 5284 ium,
409 5230 597 5274 nactus
627 5234 769 5274 sum.
798 5219 899 5276 Ms.
932 5219 1277 5286 Moretianus,
1313 5218 1627 5275 Veselianus
1655 5228 1711 5273 et
1739 5218 1826 5273 ln-

233 5289 491 5354 sulensis,
543 5289 884 5345 Paschasium
924 5295 1040 5346 sive
1063 5290 1363 5344 Palladium
1394 5290 1667 5343 diaconum
1699 5289 1822 5345 libri

237 5357 704 5441 hujusauctorem
735 5360 954 5441 faciunt.
984 5362 1186 5441 Eadem
1217 5360 1692 5441 prima'Editiolin
1718 5361 1824 5441 fine

234 5428 360 5501 libri
404 5430 745 5485 Heraclidem
783 5428 1043 5501 Bithynia:
1071 5428 1364 5501 episcopum
1391 5432 1533 5487 iacit.
1582 5431 1823 5487 Meminit

235 5499 399 5569 hujus
453 5501 640 5555 Petrus
696 5515 728 5555 a
779 5499 1055 5556 Nata‘libns
1100 5499 1153 5556 in
1207 5503 1460 5571 Catalogo
1512 5513 1817 5557 sanctorum

232 5572 332 5627 lib.
364 5585 439 5632 χε.
486 5586 605 5641 cap.
650 5572 741 5638 87,
772 5581 826 5624 et
850 5588 967 5639 qua:
996 5571 1067 5626 ibi
1105 5573 1173 5627 de
1194 5589 1259 5626 eo
1281 5573 1432 5640 texit,
1462 5587 1528 5627 ex
1555 5575 1656 5629 hoc
1683 5571 1820 5629 libro

233 5642 517 5710 desumpta
547 5647 706 5705 sunt;
736 5656 899 5710 quare
922 5657 1025 5695 non
1051 5644 1317 5698 exscribo.

310 5712 389 5784 (ἢ)
420 5709 521 5767 Aut
566 5709 797 5781 tractat.]
839 5713 1061 5781 Proprie
1083 5714 1241 5769 vertit
1271 5718 1557 5785 interpres,
1586 5719 1728 5789 quod
1762 5724 1816 5775 in

639 5809 910 5871 Parnoc.
957 5810 1249 5872 LXXIV.

1849 4837 1905 4899 D
1931 4838 2167 4932 geritote
2192 4858 2321 4932 est,
2371 4853 2538 4932 habet
2568 4872 2902 4932 sermonemt
2924 4861 3131 4932 Graece,
3180 4868 3240 4920 οὗ

1985 4864 2167 4920 επνοιο
2216 4864 2321 4926 est,
2371 4864 2522 4909 habet
2568 4872 2872 4914 sermonem.
2924 4864 3131 4926 Graece,
3180 4868 3286 4926 οὖγ
3328 4864 3514 4926 inihi.

1935 4893 2026 4920 ,,._
2058 4893 2063 4895 ν
2086 4893 2162 4898 --ν
2219 4893 2321 4931 -..ν
2372 4893 2520 4909 ..-νυν
2568 4893 2638 4911 σω
2653 4893 2872 4914 ηιυησιηο
2924 4893 2988 4918 ur
3001 4893 3131 4932 ww,
3180 4893 3240 4920 ον
3328 4893 3514 4942 ειμικι.

1935 4911 2326 4996 ιΙιιιιξῇῖςρᾳ-ιη
2355 4926 2572 4994 scriptis
2606 4928 2822 4985 Patrum
2866 4931 3133 4989 Tractatus
3159 4947 3215 4992 et
3244 4893 3520 4995 ᾆναειαιο-

1932 4982 2194 5069 γεεςηγίειρ
2223 4982 2630 5069 Οηοωξιεξὶοοη.

2014 5052 2191 5149 (32.13
2206 5062 2419 5149 nepam]
2450 5068 2586 5135 Quid
2614 5052 2927 5149 magna
2948 5071 3130 5149 faciat,
3170 5092 3285 5149 non
3332 5083 3509 5149 video,

1932 5138 2013 5224 ani
2042 5124 2241 5224 epos.
2250 5124 2804 5224 Ῐίξξφὲῃῖρηορτὶξηῃῖ
2960 5124 3247 5224 dificit-ts
3272 5124 3506 5224 diligi";

1932 5196 2372 5281 yelnitt__Palladio
2396 5196 2704 5277 vetérifvel
2735 5214 2785 5266 in
2820 5196 3511 5281 Palladio—tierunt:

1931 5263 2200 5361 Palladius
2233 5263 2634 5361 vetusnucapzzli
2664 5263 2829 5361 habet
2858 5288 3063 5361 fratres
3090 5263 3514 5361 υταεδνίίϋξῖῑῗξ

1932 5340 2200 5435 r'nt'rabilis.
2246 5340 2533 5435 Palladius:
2558 5350 2814 5435 lle-rvetin:
2846 5340 2914 5408 Et
2948 5340 3511 5435 Joannisji'liiwfratris

1931 5404 2239 5494 Dracon-lii.)
2265 5417 2361 5470 viri
2387 5404 2973 5494 admirabilisriirtgce'
2994 5404 3514 5494 éEi'iB'i'én'eili"iié°.

1932 5483 2020 5577 tigri
2038 5481 2379 5577 :Iaia'maur-roﬁ
2401 5489 2614 5577 a’tdsztpoﬁ
2641 5503 2941 5577 Apatuouriou
2969 5498 3150 5577 ᾀνδεὸς
3177 5507 3477 5577 θοςγμαστοῦ
3494 5526 3516 5563 :

1930 5548 2000 5600 Et
2027 5552 2243 5635 Joannis
2261 5559 2443 5635 fratris
2470 5548 2751 5635 _D'racoritii
2787 5568 2881 5621 viri
2917 5548 3184 5629 infragilis.

1930 5633 1996 5712 ne
2018 5638 2139 5712 ‘prg
2162 5625 2415 5712 genus,
2456 5633 2652 5712 fratris,
2701 5637 2887 5712 legerit
2918 5625 3183 5712 interpres
3215 5625 3519 5703 lieraciidis

1926 5688 2210 5766 ἀδελφιδοῦ,
2228 5688 2439 5768 nepotis.
2456 5688 2614 5758 'Atias
2632 5688 2888 5777 ἐυεῤῖἑᾲὲί
2918 5688 3043 5782 tua
3060 5688 3518 5790 ἱὸέἓῖῖἰέιῖξῖᾶξ

3076 5828 3147 5887 13
