4014 6368
285 310 385 387 tut

986 314 1465 374 ONOMASTICON
1506 311 1745 369 REBUM
1787 310 1875 366 ET
1918 310 2293 369 VERBORUM
2332 313 2857 374 blFFlGlLIORUM.

3448 319 3555 377 409

285 430 679 493 conscendens,
726 429 989 485 universis
1040 434 1251 484 eminus
1288 428 1665 494 conspicienda
1716 434 1858 477 asta-
1886 426 1935 483 Α
1965 427 2290 484 venerabilis
2328 438 2430 484 est.
2476 430 2730 487 Absidem
2758 434 2874 488 solo
2917 443 2971 490 et
3004 436 3295 504 parietibus
3324 452 3554 494 marmo-

287 528 401 581 hat.
437 542 456 576 ι
488 525 738 590 Isidorus,
775 525 870 577 lib.
906 540 970 577 xv
1011 523 1252 595 0rigin.,
1281 524 1455 591 capite
1486 524 1518 576 8
1549 538 1564 575 :
1594 540 1612 573 ι
1668 520 1866 575 Alrsida

284 618 476 673 Greco
501 631 769 682 sermone,
802 616 990 670 Latine
1021 619 1398 683 interpretatur
1420 612 1617 678 lucida,
1638 627 1703 667 eo
1726 612 1864 680 quod

288 712 491 765 lumine
514 720 732 778 recepto
754 726 851 778 per
872 725 1052 764 arcum
1075 709 1435 778 reSplendeat.
1469 727 1487 760 ι
1525 708 1657 775 Quae
1676 708 1869 762 exscri-

289 804 427 857 liens
454 801 780 856 Walalridus
832 801 1025 857 Strabo
1070 802 1134 856 de
1182 802 1347 855 rebus
1397 800 1700 854 Ecclesiast.
1744 814 1863 868 cap.

285 894 319 947 6
347 911 360 945 ε
398 910 418 943 r
451 891 644 946 Absida
668 891 874 955 Graece,
900 891 1088 946 Latine
1110 890 1280 945 lucida
1304 890 1522 958 dicitur,
1539 892 1660 961 quia
1691 892 1865 945 lumen

286 994 566 1052 acceptum
599 998 695 1051 per
722 997 903 1036 arcum
954 983 1277 1037 intromittit.
1309 1000 1333 1034 ι
1364 983 1655 1052 Gregorius
1694 982 1867 1037 Turo-

287 1075 495 1139 nensis,
526 1074 599 1127 De
627 1071 806 1127 Gloria
829 1087 1119 1145 martyrum
1144 1073 1238 1129 lib.
1268 1089 1306 1135 ι.
1338 1088 1461 1142 cap.
1491 1074 1561 1129 63
1586 1092 1599 1128 :
1635 1092 1655 1126 ε
1695 1070 1749 1128 In
1778 1089 1870 1144 pa-

285 1169 446 1228 riete,
476 1169 563 1235 qui
597 1182 627 1219 a
660 1176 808 1236 parte
837 1175 952 1221 erat
994 1166 1234 1232 oratorii,
1279 1165 1517 1220 alisidam
1568 1166 1806 1237 collegit.
1842 1186 1863 1219 ι

284 1259 365 1312 Ita
395 1257 496 1311 Ms.
531 1259 708 1327 vulgo,
738 1259 790 1311 in
815 1258 998 1313 absida
1024 1258 1246 1330 collegit.
1282 1257 1447 1322 ltlem,
1481 1258 1617 1311 libro
1641 1259 1714 1313 De
1741 1257 1870 1313 Glo-

288 1350 368 1402 ria
401 1348 799 1410 confessorum,
830 1363 955 1415 cap.
981 1346 1051 1402 96
1078 1365 1092 1402 :
1129 1365 1157 1400 ιη
1187 1350 1322 1403 Ante
1346 1350 1569 1404 vitream
1603 1348 1867 1414 absidam,

283 1455 392 1503 qua
425 1450 609 1493 sancta
633 1440 858 1510 (Albini)
881 1440 1273 1494 concluduntur
1295 1441 1555 1505 membra,
1577 1441 1816 1495 sedebat.
1845 1458 1871 1492 ι

284 1530 367 1583 Ita
399 1530 497 1584 Ms.
530 1531 694 1593 ltlem,
756 1530 889 1585 libro
933 1530 1000 1585 de
1033 1530 1168 1585 Vitis
1218 1530 1455 1598 Patrum,
1510 1532 1559 1582 in
1613 1529 1872 1599 Gregorio

282 1620 632 1685 Lingoniettsi
682 1624 958 1692 episcopo,
1007 1622 1159 1691 cujus
1207 1622 1463 1690 reliquias
1492 1621 1740 1677 Tetricus
1762 1623 1875 1689 epi-

282 1726 487 1781 scopus
516 1711 809 1767 transferre
833 1714 1072 1768 volebat:
1094 1731 1113 1764 ι
1133 1716 1271 1767 Ante
1292 1713 1460 1767 altare
1490 1713 1722 1767 basilica:
1752 1711 1873 1767 fun-

1974 527 2142 572 ratam
2174 534 2387 576 camera
2418 522 2627 578 musivo
2672 524 2826 579 illttsa
2858 522 3138 583 clariﬁcat.
3175 547 3194 580 ι

2043 610 2121 663 Ex
2157 611 2312 666 dictis
2339 613 2666 683 quadruplex
2697 616 2893 670 ubrida:
2919 632 3048 671 usus
3076 619 3305 684 eruitur,
3338 629 3395 672 ut
3439 627 3550 673 tum

1972 699 2235 768 signiﬁcet
2266 714 2605 757 curvaturam
2640 719 2791 775 rurae,
2827 718 2934 761 tttm
2965 723 3149 762 arcum
3180 712 3265 763 cui
3293 710 3472 778 aliqua
3497 710 3591 765 lic,

1970 790 2275 857 inscriptio,
2305 802 2413 848 tum
2444 796 2619 849 locum
2651 796 2931 852 editiorem
2962 798 3224 855 ubisedet
3249 801 3552 868 episcopus,

1970 893 2081 938 ttttn
2110 900 2379 941 cameram
2409 887 2461 941 in
2486 904 2588 956 qua
2617 889 2862 959 reliquiae
2885 889 3201 945 Sanctorum
3226 893 3550 948 conduntur.

1970 976 2099 1042 Qua:
2130 977 2245 1033 fere
2283 979 2615 1035 Glossarium
2664 981 3104 1039 Camberonense
3136 984 3554 1052 manuscriptttut

1971 1068 2256 1137 exprimit:
2293 1085 2323 1121 «ν
2350 1067 2549 1124 Absida
2591 1071 2789 1127 dicitur
2829 1073 3050 1138 exedra,
3094 1073 3148 1128 id
3176 1083 3283 1138 est,
3328 1082 3555 1128 sacram-

1972 1158 2145 1225 rium;
2177 1160 2256 1215 vel
2285 1161 2513 1227 loculus,
2533 1164 2584 1218 id
2603 1174 2688 1219 est
2711 1165 2987 1221 feretrum.
3030 1185 3049 1218 ι
3076 1165 3221 1222 idem
3250 1183 3263 1220 :
3303 1184 3337 1220 ιι
3356 1166 3555 1220 Absirla

1973 1253 2159 1308 Grarce
2185 1255 2566 1323 interpretatur
2591 1256 2787 1322 lucida,
2814 1273 2880 1312 eo
2911 1258 3054 1327 quod
3107 1258 3307 1313 lumine
3334 1270 3558 1327 accepto

1976 1363 2068 1418 per
2095 1362 2281 1402 arcum
2305 1349 2662 1419 resplendeat.
2691 1370 2717 1403 ι
2740 1352 2893 1418 Quod
2915 1352 3239 1406 verbotenus
3261 1366 3328 1405 ex
3356 1350 3556 1405 Isidoro

1974 1452 2141 1505 supra
2163 1439 2328 1494 citato
2355 1438 2631 1507 acceptum
2662 1442 2835 1498 vides.
2868 1442 3008 1497 idem
3037 1460 3055 1496 :
3082 1442 3302 1509 Ahsida,
3342 1442 3555 1512 sphaera

1976 1547 2070 1589 seu
2102 1534 2561 1603 ltemiSphtrrium.
2603 1554 2622 1588 ι

2051 1628 2276 1683 Ausres.
2314 1628 2430 1683 Vita
2452 1629 2744 1699 Onuphrii,
2777 1645 2898 1700 cap.
2937 1630 3042 1686 lO:
3082 1648 3103 1681 ‹
3162 1631 3370 1701 Abspes
3407 1644 3556 1685 eram

1957 1716 2248 1777 ,multoties
2276 1720 2425 1775 vitae.
2467 1739 2484 1769 ι
2522 1719 2676 1786 Quod
2707 1720 2909 1777 Grzecis
2938 1722 3244 1786 ἀπελπίζων.

281 1805 537 1857 damenta
565 1803 713 1873 jacit,
733 1813 1018 1870 erectaque
1043 1804 1224 1859 absitla
1250 1806 1384 1859 miro
1404 1820 1569 1873 opere
1590 1805 1872 1873 construit,
1904 1800 1952 1861 Β
2052 1812 2235 1864 Acras.
2263 1809 2537 1879 Leontius,
2573 1813 2626 1867 in
2660 1813 2779 1868 Vita
2828 1815 2999 1868 sancti
3050 1813 3271 1868 Joannis
3311 1813 3555 1868 Elecmo—

283 1901 349 1944 ct
377 1892 713 1947 transvolvit.
749 1912 768 1945 ι
813 1894 886 1945 Ita
912 1893 1013 1947 Ms.
1045 1893 1383 1959 llincmarus,
1416 1895 1734 1949 Bltentensis
1765 1896 1877 1964 epi-

283 2000 513 2054 scopus,
565 1986 634 2041 de
682 1987 848 2055 gestis
881 1986 1076 2041 habitis
1130 2002 1226 2052 pro
1259 1987 1487 2041 divortio
1515 1987 1874 2057 Titietbergze,

283 2087 607 2147 respectans
638 2079 703 2132 ad
732 2079 1020 2133 concilium
1053 2094 1068 2133 :
1106 2097 1126 2130 ι
1163 2078 1230 2132 Ει
1258 2080 1398 2133 sacri
1431 2094 1666 2134 canones
1687 2079 1875 2147 jubent

281 2180 350 2223 ut
378 2171 697 2238 pmnitentes
728 2177 968 2238 tempore
988 2184 1094 2238 quo
1140 2170 1508 2236 paenitentiam
1540 2179 1747 2239 petunt,
1775 2169 1878 2223 im-

284 2261 586 2329 posituram
619 2277 869 2315 manuum
912 2272 964 2315 et
1011 2261 1241 2316 cilicium
1271 2276 1432 2333 super
1453 2263 1623 2330 capita
1649 2278 1675 2315 a
1700 2277 1877 2319 sacer-

280 2352 439 2418 dote,
496 2353 632 2407 sicut
681 2353 877 2423 ubique
907 2354 1177 2423 vulgatum
1211 2363 1319 2419 est,
1351 2362 1475 2410 ante
1504 2354 1743 2409 obsidam
1789 2369 1880 2409 ca—

279 2443 466 2514 piant.
507 2444 656 2511 Quod
698 2445 1066 2515 unusquisque
1106 2445 1319 2514 publice
1371 2446 1635 2513 prenitens
1665 2446 1732 2501 ab
1764 2446 1878 2516 cpi-

280 2553 460 2606 scopo
491 2552 607 2603 suo,
641 2539 707 2593 de
745 2538 899 2609 cujus
927 2539 1177 2608 paroclria
1214 2548 1317 2603 est,
1342 2541 1500 2595 debet
1530 2543 1818 2607 suscipere.
1852 2560 1871 2594 ι

280 2630 535 2684 Annales
590 2628 941 2696 Francorum,
976 2645 1098 2700 pag.
1144 2630 1214 2685 29
1250 2649 1265 2686 :
1325 2630 1389 2684 In
1426 2633 1601 2685 absida
1632 2634 1876 2688 ecclesia.

279 2720 500 2774 Glossm
531 2730 736 2775 veteres
762 2738 774 2773 :
805 2720 1020 2787 Absida,
1051 2722 1195 2776 sedes
1253 2723 1627 2791 episcoporum.
1684 2724 1757 2778 lbi
1790 2737 1878 2779 se.-

278 2813 418 2870 detn
450 2813 686 2883 episcopi
718 2814 897 2869 .l'uisse
936 2815 1171 2871 declarat
1202 2814 1350 2871 locus
1381 2816 1661 2887 Augustini
1692 2831 1873 2885 supra,

278 2906 449 2977 epist.
483 2907 611 2973 225,
644 2908 729 2962 ubi
757 2908 1009 2978 praecedit
1036 2925 1052 2964 :
1091 2926 1111 2961 ι
1161 2910 1226 2964 ad
1256 2918 1434 2965 nostra
1464 2908 1719 2964 subsellia
1740 2949 1759 2976 ,
1789 2924 1877 2965 re-

281 3001 417 3057 licta
452 3002 624 3065 turba,
654 3002 940 3058 redieram.
981 3024 998 3056 ι

363 3097 585 3150 Absidas
610 3097 704 3151 has
731 3098 847 3152 loco
872 3100 1230 3154 eminentiore
1270 3100 1461 3164 fuissc,
1499 3100 1725 3171 ideoque
1751 3117 1876 3173 gra-

1978 1900 2199 1970 synarii,
2222 1916 2342 1969 cap.
2368 1902 2429 1956 2t
2459 1920 2472 1955 :
2511 1922 2529 1954 ‹
2570 1919 2689 1972 qua:
2723 1904 2951 1958 collecta
2981 1913 3133 1958 erant
3183 1918 3212 1957 a
3261 1906 3459 1959 Mauris
3506 1904 3557 1957 in

1979 1993 2096 2046 acie
2126 1993 2383 2061 ipsorum.
2417 2012 2436 2045 ι
2473 1995 2698 2050 Dubium
2743 1995 2910 2051 videri
2964 2000 3130 2066 possit
3177 2012 3245 2050 an
3288 1996 3340 2050 in
3371 1997 3556 2051 Graaco

1979 2083 2141 2139 fuerit
2169 2085 2376 2159 φάλαγξ,
2406 2086 2548 2154 quod
2604 2102 2742 2142 nunc
2788 2090 2957 2142 aciem
3014 2104 3109 2142 seu
3165 2087 3558 2141 multitudinem

1980 2176 2271 2243 exercitus,
2290 2191 2431 2229 nunc
2448 2175 2703 2231 trutinam
2733 2179 3018 2248 signiﬁcat.
3044 2178 3204 2233 Certe
3233 2178 3319 2231 hic
3342 2185 3559 2232 staterae

1981 2267 2040 2321 ﬁt
2063 2268 2293 2336 mentio,
2313 2269 2364 2322 in
2395 2282 2497 2337 qua
2529 2268 2781 2323 dicuntur
2809 2281 2959 2326 actus
2985 2270 3102 2340 ejus
3130 2269 3375 2337 appensi.
3425 2268 3560 2323 Hinc

1980 2359 2185 2431 aginari
2216 2367 2272 2414 et
2298 2362 2501 2414 acinari
2525 2375 2554 2414 a
2579 2374 2742 2429 scapo
2772 2362 3008 2416 trutiute.
3042 2360 3273 2415 Festos:
3312 2378 3331 2411 ι
3386 2358 3559 2425 Agina

1980 2460 2085 2516 est,
2115 2465 2217 2516 qua
2250 2450 2507 2505 inseritur
2535 2466 2728 2520 scapus
2760 2460 2995 2516 trutinae,
3030 2450 3081 2505 id
3121 2459 3227 2516 est,
3257 2451 3311 2505 in
3335 2464 3442 2519 quo
3487 2450 3560 2503 lo-

1981 2542 2187 2598 ramine
2219 2544 2414 2598 trutina
2446 2559 2506 2600 se
2550 2545 2734 2600 vertit.
2766 2544 2917 2601 Unde
2962 2544 3265 2613 aginatores
3309 2543 3561 2599 dicuntur

1980 2635 2075 2704 qui
2098 2635 2431 2704 parvolttcro
2476 2645 2785 2691 moventur.
2848 2654 2866 2687 ι
2902 2634 3230 2690 Glossarium
3271 2633 3561 2690 Cambcro-

1981 2741 2153 2783 nense
2180 2727 2298 2783 Ms:
2336 2746 2355 2781 ι
2388 2729 2663 2799 Aginator,
2698 2728 3023 2797 negotiator;
3052 2726 3228 2781 dictus
3269 2726 3337 2779 ab
3384 2727 3560 2795 agina.

1984 2819 2151 2887 Agina
2179 2821 2321 2874 enim
2349 2819 2541 2874 dicitur
2570 2819 2698 2874 illud
2723 2822 2957 2873 l‘oramen
2990 2820 3040 2873 in
3071 2833 3179 2887 quo
3225 2831 3417 2881 scapus
3449 2824 3561 2869 tru-

1983 2912 2111 2965 tina:
2134 2911 2404 2977 inseritur,
2436 2921 2488 2966 et
2514 2911 2568 2966 in
2599 2925 2703 2981 quo
2734 2912 2928 2965 trutina
2980 2925 3039 2964 se
3084 2910 3262 2963 vertit.
3297 2909 3423 2963 lude
3452 2910 3562 2978 agi-

1984 3011 2139 3057 nator
2166 3002 2380 3070 dicitur,
2428 3004 2515 3071 qui
2566 3017 2731 3072 parvo
2778 3004 2926 3056 lucro
2975 3011 3241 3056 movetur.
3296 3020 3315 3053 r
3354 2999 3561 3055 idem:

1991 3113 2010 3147 ι
2045 3096 2294 3166 Aginare,
2324 3096 2609 3164 explicare,
2643 3094 2861 3161 agitare,
2898 3092 3099 3163 fugare,
3125 3092 3322 3146 dictum
3352 3093 3419 3146 ab
3445 3091 3551 3159 agi-

285 3188 471 3255 datas,
503 3188 778 3243 declarant
808 3191 923 3244 loca
952 3190 1232 3261 Augustini
1262 3202 1317 3248 et
1370 3193 1557 3248 Evodii
1584 3209 1744 3265 supra
1786 3197 1879 3251 ad-

1990 3200 2074 3250 na,
2099 3186 2239 3255 quod
2268 3195 2348 3241 est
2379 3199 2572 3254 scapus
2618 3185 2851 3250 trutinae,
2905 3200 3023 3254 quae
3063 3183 3183 3238 ideo
3222 3183 3302 3237 sic
3341 3192 3554 3236 vocator
3630 3218 3633 3219 ν

286 3280 473 3331 ducta.
512 3279 616 3333 Lco
671 3281 1017 3346 lllarsicanus,
1066 3282 1155 3337 lib.
1201 3298 1413 3352 r,,cap.
1450 3284 1554 3339 19:
1595 3303 1614 3337 r
1654 3286 1707 3339 ln
1739 3287 1881 3342 basi-

288 3369 417 3423 lica:
447 3370 628 3425 absida
657 3371 851 3436 media,
877 3372 941 3426 ad
965 3389 1122 3444 quant
1148 3390 1241 3443 per
1265 3385 1386 3431 octo
1412 3376 1609 3447 gradus
1640 3377 1881 3435 ascendi-

290 3472 408 3527 tur,
432 3464 598 3520 altare
637 3466 933 3521 constituit.
969 3486 988 3519 ι

370 3553 712 3623 Supersedeo
726 3557 872 3626 plura
891 3547 1143 3629 oggerere
1164 3560 1299 3615 loca.
1320 3561 1445 3617 Haec
1460 3572 1634 3619 autem
1650 3564 1879 3633 aggessi,

292 3653 353 3699 ut
376 3660 443 3699 ex
474 3645 536 3699 iis
570 3646 761 3701 absida:
784 3664 909 3705 usus
943 3651 1121 3721 aliquo
1148 3654 1305 3707 modo
1333 3655 1705 3711 innotesceret.
1737 3655 1884 3711 Onu-

291 3736 487 3804 phrius
513 3735 821 3809 Panvinitts,
846 3740 897 3794 in
927 3742 1283 3810 explicatione
1308 3760 1498 3800 vocum
1531 3751 1879 3817 quarumdam

290 3828 793 3886 ecclesiasticarum
823 3833 1015 3889 absidw
1041 3837 1256 3893 nomine
1303 3838 1550 3908 intelligit
1578 3855 1735 3908 quam
1769 3839 1882 3894 Itali

290 3920 629 3976 ecclesiarum
683 3925 939 3980 tribunum
994 3937 1188 3983 vocant
1233 3946 1247 3982 :
1302 3948 1323 3982 ι
1372 3930 1532 3984 Forte
1581 3933 1703 3998 quia
1755 3930 1882 3985 olim

291 4015 593 4072 vocabatur
644 4018 909 4088 tribunal,
962 4039 981 4074 ι
1035 4023 1119 4078 vel
1164 4034 1311 4078 certe
1349 4024 1572 4078 tribunal
1600 4025 1652 4079 in
1702 4026 1885 4080 abside

288 4115 440 4161 erat.
470 4107 758 4178 Gregorius
782 4110 1137 4180 Turonensis,
1174 4114 1268 4168 lib.
1301 4130 1336 4169 tt
1369 4115 1633 4186 Miracul.,
1660 4132 1779 4186 cap.
1806 4115 1839 4169 2
1867 4133 1881 4174 :

297 4216 319 4248 ο
365 4197 608 4268 Denique
636 4203 882 4259 oratione
921 4202 1082 4272 facta,
1124 4206 1272 4274 erigo
1298 4184 1574 4261 oculorum
1618 4184 1786 4264 aciem
1817 4210 1884 4264 ad

294 4291 556 4355 tribunal,
605 4295 985 4367 conspicioque
1032 4297 1088 4352 itt
1139 4312 1206 4353 eo
1233 4299 1526 4355 versiculos
1581 4300 1683 4356 hoc
1727 4301 1886 4356 modo

293 4383 637 4453 conscriptos
662 4402 679 4440 :
1586 4408 1589 4413 ί

396 4518 588 4588 Heroas
611 4519 789 4572 Christi
812 4535 1039 4588 geminos
1059 4526 1163 4575 haec
1194 4528 1412 4588 continet
1435 4527 1541 4576 au'a
1566 4562 1585 4588 ,

492 4581 743 4633 lulianum
764 4581 944 4647 capite,
969 4598 1177 4641 corpore
1204 4587 1539 4638 Ferreolum.»

372 4693 525 4762 Quod
574 4695 869 4767 Hesychius
922 4696 1138 4769 ἀψῖδας,
1196 4709 1392 4769 praeter
1445 4710 1579 4757 rota:
1622 4701 1885 4756 circulum

292 4791 465 4840 etiam
496 4790 726 4864 καμάρας
754 4789 1010 4857 explicat,
1055 4790 1181 4843 dum
1219 4792 1314 4856 ait,
1360 4792 1582 4865 ’Ayiaidec,
1631 4794 1696 4849 τὰ
1731 4793 1889 4849 κύκλα

293 4887 404 4935 τῶν
432 4889 664 4956 τροχῶν,
695 4883 747 4936 αἱ
774 4883 1106 4961 περιφέρειαι,
1141 4882 1171 4942 ἢ
1194 4885 1439 4958 καμάραι,
1471 4884 1717 4952 intelligit
1742 4884 1791 4937 id
1822 4886 1890 4938 de

294 4987 410 5040 quo
445 4972 705 5028 hactenus
758 4976 989 5042 egimus.
1039 4974 1127 5029 Sic
1175 4991 1377 5029 camera
1426 4974 1684 5045 Gregorio
1716 4976 1890 5029 Turo—

295 5066 479 5129 nensi,
502 5066 611 5123 Jib.
646 5083 683 5132 t,
716 5065 790 5121 De
821 5067 990 5138 gloria
1038 5078 1355 5139 martyrum,
1386 5082 1507 5137 cap.
1537 5067 1605 5121 47
1639 5081 1652 5122 :
1684 5086 1701 5118 ι
1755 5067 1889 5121 Dum

295 5157 356 5211 in
390 5159 594 5213 honore
630 5159 838 5230 1012
882 5158 1117 5227 ipsorum
1151 5170 1466 5231 martyrum,
1500 5159 1783 5214 missarum
1813 5176 1894 5213 so-

300 5250 508 5325 lemnia
554 5252 978 5318 celebrarentur,
1026 5252 1287 5307 cecidisse
1320 5267 1351 5308 e
1400 5266 1613 5306 camera
1660 5252 1891 5305 tabulam

301 5359 492 5399 unam.
528 5362 547 5397 ι
581 5344 785 5399 Severo
816 5344 1093 5405 Paulinus,
1125 5342 1285 5411 epist.
1325 5343 1390 5396 12
1422 5359 1435 5395 τ
1466 5360 1483 5393 t
1524 5342 1746 5397 Basilica
1800 5342 1896 5412 igi-

300 5444 396 5490 tur
423 5436 539 5502 illa,
572 5450 691 5505 quae
717 5435 783 5490 ad
818 5435 1205 5491 Domincedium
1258 5447 1503 5491 nostrum
1554 5452 1892 5492 communem

306 5539 593 5600 patronum
625 5530 681 5585 in
722 5531 938 5585 nomine
992 5528 1201 5583 Domini
1251 5528 1447 5583 Christi
1494 5529 1607 5599 jam
1655 5530 1897 5584 dedicata

307 5624 638 5691 celebratur,
682 5635 915 5694 quatuor
963 5624 1078 5692 ejus
1123 5623 1358 5677 basilicis
1405 5621 1609 5687 addita,
1654 5622 1899 5689 relijuiis

307 5716 680 5783 apostolorum
729 5723 785 5769 et
823 5723 1120 5785 martyrum
1161 5713 1315 5769 ointra
1364 5714 1604 5768 absidem
1664 5714 1895 5768 trichura

303 5809 414 5864 sub
442 5809 628 5875 altaria
659 5810 904 5874 sacratis,
929 5823 1034 5863 non
1089 5809 1203 5863 solo
1258 5808 1290 5862 b
1325 5808 1395 5863 ati
1448 5805 1639 5863 Felicis
1693 5806 1897 5863 honoro

1915 4554 1965 4615 D

1984 3279 2125 3349 quod
2153 3294 2215 3334 ea
2245 3293 2492 3334 mensura
2527 3278 2776 3344 ponderis
2800 3289 3005 3347 agatur.
3046 3296 3064 3327 ι
3107 3274 3311 3330 Glossre
3340 3273 3524 3329 lsidori
3545 3290 3567 3329 ξ

1983 3372 2317 3442 Agginautes,
2357 3370 2689 3437 explicantes.
2726 3369 2793 3423 Et
2842 3359 3023 3439 quia‘g
3079 3377 3130 3422 et
3162 3383 3188 3420 ε
3227 3376 3435 3421 mutuas
3464 3366 3568 3419 sibi

1985 3477 2177 3531 operas
2227 3471 2501 3531 praistant,
2557 3462 2680 3515 hinc
2716 3460 2771 3514 in
2812 3460 3015 3515 Clussts
3064 3459 3288 3512 lsidori:
3333 3458 3566 3518 Acinari.

1984 3556 2179 3622 tricari,
2229 3556 2281 3607 in
2311 3571 2466 3622 parvo
2494 3553 2705 3609 morari.
2736 3552 2811 3608 Ita
2841 3552 2998 3607 etiam
3052 3551 3209 3606 habet
3240 3550 3566 3604 Glossarium

1985 3648 2418 3706 Camberoneuse
2448 3647 2548 3702 Ms.

2058 3762 2176 3816 Alia
2189 3761 2575 3830 signiﬁcatione
2590 3763 2640 3815 in
2657 3758 2930 3815 Glossario
2947 3774 2960 3811 :
2977 3758 3188 3828 Aginat,
3207 3758 3568 3832 στρατεύεται.

1985 3856 2232 3925 Aginare,
2261 3855 2583 3928 στρατεύειν.
2638 3852 2895 3906 Existimo
2921 3852 3065 3905 enim
3105 3849 3325 3918 intelligi
3356 3851 3571 3918 Agentes

1988 3947 2042 3999 in
2072 3945 2238 4011 rebus,
2258 3945 2348 4013 qtti
2381 3958 2503 4014 pars
2534 3941 2735 3997 militia:
2757 3950 2928 3998 erant.
2951 3942 3065 3996 Jos.
3089 3941 3347 4010 Scaliger,
3372 3940 3438 3993 ad
3467 3939 3571 3995 lie-

1987 4047 2149 4099 stum,
2182 4037 2306 4106 legit
2333 4037 2665 4113 τρακτεύιται
2709 4042 2764 4088 et
2804 4035 3118 4110 τρακτεύειν,
3170 4032 3221 4087 id
3268 4041 3370 4098 est,
3413 4046 3539 4100 nego

1990 4130 2125 4183 tiari.
2152 4130 2314 4184 Furte
2345 4129 2606 4198 quispiam
2637 4127 2896 4183 divinabit
2922 4127 3201 4196 legendum
3236 4128 3565 4203 στραγγεύαιι

1988 4231 2042 4276 et
2071 4219 2464 4298 στραγγεύεται.
2519 4220 2650 4274 Nam
2682 4234 2712 4273 a
2744 4220 2937 4297 στράσγξ
2963 4227 3130 4289 gulla,
3155 4218 3568 4293 ἥιστραγγιύω.

1989 4313 2230 4384 guttatim
2247 4312 2501 4381 emprimo,
2532 4319 2585 4365 et
2605 4310 2987 4378 metaplrorice,
3020 4322 3212 4377 premo,
3236 4315 3282 4359 et
3311 4308 3452 4373 quasi
3480 4321 3563 4375 per

1987 4417 2260 4479 angustum
2290 4408 2521 4476 foramen
2549 4405 2692 4457 exire
2712 4418 2857 4474 cogo.

2064 4522 2257 4573 Acurt.
2295 4516 2558 4587 Pelagius,
2602 4514 2781 4569 libello
2829 4528 2915 4575 xv,
2959 4528 3015 4566 η.
3061 4509 3169 4567 48ε
3206 4527 3225 4561 ί
3265 4509 3414 4566 Sicut
3469 4508 3570 4562 im-

1996 4609 2255 4677 possibile
2285 4617 2371 4662 est
2396 4606 2573 4661 navim
2618 4604 2867 4660 fabricari
2917 4604 3036 4658 sine
3088 4602 3277 4677 acutis.
3309 4620 3328 4654 ι
3382 4603 3461 4655 Αιι
3518 4602 3574 4656 in

1992 4701 2180 4756 Grzeco
2202 4700 2269 4754 ab
2304 4701 2419 4764 ὀξὺς
2445 4698 2655 4766 aliquod
2686 4710 2879 4751 nomen
2909 4694 3195 4750 deductum
3228 4692 3400 4759 fuerit,
3431 4693 3575 4764 quod

1994 4792 2279 4861 interpreti
2300 4794 2637 4846 occasionem
2659 4789 2872 4844 dederit
2901 4787 3139 4841 vertendi
3188 4794 3387 4851 acutos,
3420 4788 3577 4855 equi-

1993 4889 2115 4943 dem
2147 4886 2349 4940 nescio.
2380 4884 2638 4939 Existimo
2669 4880 2965 4937 tatnen'hic
2995 4895 3088 4948 per
3125 4888 3303 4933 acutos
3352 4878 3577 4957 intelligi

1994 4983 2144 5041 ἥλους
2172 4978 2203 5038 ἦ
2228 4980 2473 5053 γόμφους,
2505 4977 2673 5030 clavos
2702 4974 2786 5030 vel.
2812 4974 3079 5045 gomphos,
3122 4972 3262 5042 quod
3294 4981 3579 5042 utrumque

2000 5076 2052 5131 in
2077 5075 2292 5129 navium
2313 5070 2679 5141 compactione
2722 5068 2950 5124 refertur
2976 5081 3005 5120 a
3048 5066 3283 5133 Polluce,
3318 5066 3411 5121 lib.
3445 5082 3483 5131 ι,
3506 5082 3565 5137 _c.

1997 5169 2051 5235 9,
2098 5166 2211 5236 §2.
2245 5164 2500 5228 lsidorus,
2526 5162 2620 5216 lib.
2670 5176 2758 5215 χιι
2804 5158 2979 5228 Orig.,
3028 5173 3147 5227 cap.
3171 5157 3278 5215 ’διε
3314 5175 3333 5210 ι
3372 5159 3579 5213 Clavati

1999 5259 2151 5328 quasi
2182 5255 2425 5319 calceati,
2449 5268 2515 5307 eo
2540 5251 2680 5319 quod
2725 5250 2944 5304 minutis
2972 5249 3167 5313 clavis,
3198 5248 3376 5315 idest,
3400 5250 3591 5311 acutis.

1998 5350 2160 5405 solea:
2180 5347 2363 5418 caligis
2383 5345 2701 5399 vinciantur.
2734 5360 2753 5394 ι
2779 5341 2867 5397 Sic
2894 5341 3031 5396 forte
3050 5341 3118 5396 ab
3138 5341 3309 5395 acutis
3332 5341 3581 5410 gomphis

2004 5453 2273 5505 rastrum,
2331 5439 2741 5491 instrumentum
2788 5435 3070 5499 rusticum,
3120 5431 3322 5487 dictum
3376 5432 3591 5486 Grmcis,

2001 5534 2156 5597 ὀξίνα.
2193 5526 2524 5597 Hesychius:
2555 5522 2740 5587 Ὀξίνα,
2774 5523 3020 5599 ἔργαλεῖὸν
3057 5546 3109 5579 τι
3153 5523 3461 5599 γεωργιπὸν
3503 5544 3591 5577 σει

1999 5621 2181 5697 δηροῦς
2222 5620 2441 5695 γόμφογς
2470 5614 2594 5685 ἕχον
2622 5614 2884 5686 ἑλκόμενσν
2911 5615 3012 5669 ὑπὸ
3038 5614 3190 5685 βοῶν.
3227 5630 3245 5662 ι
3276 5610 3579 5675 Oxina,_iu-

2002 5720 2352 5764 strumentntn
2410 5708 2695 5770 ruSticum,
2752 5705 2939 5759 ferreis
2990 5704 3239 5773 gomphis
3293 5711 3577 5773 constans,

2002 5800 2141 5871 quod
2173 5816 2205 5855 a
2235 5799 2402 5855 bobus
2433 5796 2677 5852 trahitur.
2713 5795 2866 5851 Aliud
2901 5795 3032 5849 inl'ra
3065 5792 3311 5849 hisacuti.
