  <div class='ocr_page' id='page_1' title='image "/cluster/home/n/w/nwhite01/storage/ocr_20150623/74/hvd.32044015469372/211.png"; bbox 0 0 4014 6368; ppageno 0'>
   <div class='ocr_carea' id='block_1_1' title="bbox 475 339 580 394">
    <p class='ocr_par' dir='ltr' id='par_1_1' title="bbox 475 339 580 394">
     <span class='ocr_line' id='line_1_1' title="bbox 475 339 580 394; baseline -0.038 0"><span class='ocrx_word' id='word_1_1' title='bbox 475 339 580 394; x_wconf 67' lang='lat'><strong>40?»</strong></span> 
     </span>
    </p>
   </div>
   <div class='ocr_carea' id='block_1_2' title="bbox 1169 334 2064 392">
    <p class='ocr_par' dir='ltr' id='par_1_2' title="bbox 1169 334 2062 392">
     <span class='ocr_line' id='line_1_2' title="bbox 1169 334 2062 392; baseline -0.001 -2"><span class='ocrx_word' id='word_1_2' title='bbox 1169 334 1649 392; x_wconf 67' lang='lat' dir='ltr'><strong>ONOMASTICON</strong></span> <span class='ocrx_word' id='word_1_3' title='bbox 1694 335 1931 391; x_wconf 75' lang='lat' dir='ltr'><strong>IiEllUM</strong></span> <span class='ocrx_word' id='word_1_4' title='bbox 1976 336 2062 389; x_wconf 84' lang='lat' dir='ltr'><strong>ET</strong></span> 
     </span>
    </p>
   </div>
   <div class='ocr_carea' id='block_1_3' title="bbox 2176 334 3063 392">
    <p class='ocr_par' dir='ltr' id='par_1_3' title="bbox 2176 334 3063 391">
     <span class='ocr_line' id='line_1_3' title="bbox 2176 334 3063 391; baseline -0.005 -1"><span class='ocrx_word' id='word_1_5' title='bbox 2176 334 2492 390; x_wconf 75' lang='lat' dir='ltr'><strong>ERBOIiUM</strong></span> <span class='ocrx_word' id='word_1_6' title='bbox 2540 335 3063 391; x_wconf 64' lang='lat' dir='ltr'><strong>DIFFICILIOIil‘SI.</strong></span> 
     </span>
    </p>
   </div>
   <div class='ocr_carea' id='block_1_4' title="bbox 3640 333 3738 391">
    <p class='ocr_par' dir='ltr' id='par_1_4' title="bbox 3640 333 3738 391">
     <span class='ocr_line' id='line_1_4' title="bbox 3640 333 3738 391; baseline -0.041 0"><span class='ocrx_word' id='word_1_7' title='bbox 3640 333 3738 391; x_wconf 57' lang='lat'><strong>49-3</strong></span> 
     </span>
    </p>
   </div>
   <div class='ocr_carea' id='block_1_5' title="bbox 550 443 3505 515">
    <p class='ocr_par' dir='ltr' id='par_1_5' title="bbox 550 443 3505 515">
     <span class='ocr_line' id='line_1_5' title="bbox 550 443 3505 515; baseline -0.004 -10"><span class='ocrx_word' id='word_1_8' title='bbox 550 452 826 505; x_wconf 75' lang='lat' dir='ltr'><strong>Anvtveus</strong></span> <span class='ocrx_word' id='word_1_9' title='bbox 857 452 893 504; x_wconf 89' lang='grc'><strong>¹.</strong></span> <span class='ocrx_word' id='word_1_10' title='bbox 926 451 1156 503; x_wconf 77' lang='lat' dir='ltr'>Probum</span> <span class='ocrx_word' id='word_1_11' title='bbox 1188 451 1429 509; x_wconf 87' lang='lat' dir='ltr'><strong>verbum,</strong></span> <span class='ocrx_word' id='word_1_12' title='bbox 1451 462 1593 515; x_wconf 69' lang='lat' dir='ltr'><strong>smpe</strong></span> <span class='ocrx_word' id='word_1_13' title='bbox 1615 447 1664 499; x_wconf 91' lang='lat' dir='ltr'><strong>in</strong></span> <span class='ocrx_word' id='word_1_14' title='bbox 1695 446 1864 497; x_wconf 80' lang='lat' dir='ltr'><strong>(td/mc</strong></span> <span class='ocrx_word' id='word_1_15' title='bbox 1896 446 2057 499; x_wconf 77' lang='lat' dir='ltr'><strong>virere</strong></span> <span class='ocrx_word' id='word_1_16' title='bbox 2085 450 2134 507; x_wconf 78' lang='grc' dir='ltr'><strong>Α</strong></span> <span class='ocrx_word' id='word_1_17' title='bbox 2225 445 2395 494; x_wconf 83' lang='lat' dir='ltr'><strong>Clausa</strong></span> <span class='ocrx_word' id='word_1_18' title='bbox 2419 444 2503 495; x_wconf 85' lang='lat' dir='ltr'><strong>diu</strong></span> <span class='ocrx_word' id='word_1_19' title='bbox 2527 459 2754 494; x_wconf 82' lang='lat' dir='ltr'><strong>reserans</strong></span> <span class='ocrx_word' id='word_1_20' title='bbox 2774 447 3096 494; x_wconf 77' lang='lat' dir='ltr'><strong>credentibus</strong></span> <span class='ocrx_word' id='word_1_21' title='bbox 3117 446 3302 494; x_wconf 66' lang='lat' dir='ltr'><strong>(ethera</strong></span> <span class='ocrx_word' id='word_1_22' title='bbox 3326 443 3505 495; x_wconf 69' lang='lat' dir='ltr'><strong>saeclis.</strong></span> 
     </span>
    </p>
   </div>
   <div class='ocr_carea' id='block_1_6' title="bbox 474 536 2055 608">
    <p class='ocr_par' dir='ltr' id='par_1_6' title="bbox 474 536 2055 608">
     <span class='ocr_line' id='line_1_6' title="bbox 474 536 2055 608; baseline -0.004 -12"><span class='ocrx_word' id='word_1_23' title='bbox 474 552 754 596; x_wconf 79' lang='lat' dir='ltr'><strong>ttmtatuut.</strong></span> <span class='ocrx_word' id='word_1_24' title='bbox 790 542 1176 608; x_wconf 72' lang='lat' dir='ltr'><strong>llieronymus,</strong></span> <span class='ocrx_word' id='word_1_25' title='bbox 1215 541 1265 593; x_wconf 77' lang='grc' dir='ltr'><strong>ιιι</strong></span> <span class='ocrx_word' id='word_1_26' title='bbox 1299 538 1413 591; x_wconf 84' lang='lat' dir='ltr'><strong>Vita</strong></span> <span class='ocrx_word' id='word_1_27' title='bbox 1458 538 1682 600; x_wconf 81' lang='lat' dir='ltr'><strong>Malchi,</strong></span> <span class='ocrx_word' id='word_1_28' title='bbox 1725 552 1871 591; x_wconf 89' lang='lat' dir='ltr'><strong>num.</strong></span> <span class='ocrx_word' id='word_1_29' title='bbox 1907 536 1970 601; x_wconf 82' lang='lat'><strong>5,</strong></span> <span class='ocrx_word' id='word_1_30' title='bbox 2003 547 2055 590; x_wconf 80' lang='lat' dir='ltr'><strong>ut</strong></span> 
     </span>
    </p>
   </div>
   <div class='ocr_carea' id='block_1_7' title="bbox 464 629 2053 697">
    <p class='ocr_par' dir='ltr' id='par_1_7' title="bbox 464 629 2053 697">
     <span class='ocr_line' id='line_1_7' title="bbox 464 629 2053 697; baseline -0.007 -6"><span class='ocrx_word' id='word_1_31' title='bbox 464 640 598 690; x_wconf 66' lang='lat' dir='ltr'><strong>&#39;dum</strong></span> <span class='ocrx_word' id='word_1_32' title='bbox 619 636 873 688; x_wconf 76' lang='lat' dir='ltr'><strong>adviveret</strong></span> <span class='ocrx_word' id='word_1_33' title='bbox 895 644 1074 685; x_wconf 80' lang='lat' dir='ltr'><strong>mater.</strong></span> <span class='ocrx_word' id='word_1_34' title='bbox 1102 634 1262 697; x_wconf 83' lang='lat' dir='ltr'><strong>Idem,</strong></span> <span class='ocrx_word' id='word_1_35' title='bbox 1292 633 1426 685; x_wconf 87' lang='lat' dir='ltr'><strong>libro</strong></span> <span class='ocrx_word' id='word_1_36' title='bbox 1450 646 1462 684; x_wconf 97' lang='lat' dir='ltr'><strong>I</strong></span> <span class='ocrx_word' id='word_1_37' title='bbox 1489 639 1673 685; x_wconf 80' lang='lat' dir='ltr'><strong>eontra</strong></span> <span class='ocrx_word' id='word_1_38' title='bbox 1693 629 2053 696; x_wconf 86' lang='lat' dir='ltr'><strong>Joviuianum,</strong></span> 
     </span>
    </p>
   </div>
   <div class='ocr_carea' id='block_1_8' title="bbox 475 721 2053 797">
    <p class='ocr_par' dir='ltr' id='par_1_8' title="bbox 475 721 2053 797">
     <span class='ocr_line' id='line_1_8' title="bbox 475 721 2053 797; baseline -0.004 -16"><span class='ocrx_word' id='word_1_39' title='bbox 475 742 595 797; x_wconf 90' lang='lat' dir='ltr'><strong>cap.</strong></span> <span class='ocrx_word' id='word_1_40' title='bbox 619 726 688 780; x_wconf 63' lang='lat'><strong>98</strong></span> <span class='ocrx_word' id='word_1_41' title='bbox 715 743 727 779; x_wconf 92' lang='lat'><strong>:</strong></span> <span class='ocrx_word' id='word_1_42' title='bbox 765 745 783 777; x_wconf 78' lang='grc' dir='ltr'><strong>ι</strong></span> <span class='ocrx_word' id='word_1_43' title='bbox 823 724 969 779; x_wconf 79' lang='lat' dir='ltr'><strong>Licet</strong></span> <span class='ocrx_word' id='word_1_44' title='bbox 994 725 1193 778; x_wconf 93' lang='lat' dir='ltr'><strong>certior</strong></span> <span class='ocrx_word' id='word_1_45' title='bbox 1233 722 1513 777; x_wconf 68' lang='lat' dir='ltr'><strong>hatreditas</strong></span> <span class='ocrx_word' id='word_1_46' title='bbox 1545 724 1634 785; x_wconf 89' lang='lat' dir='ltr'><strong>sit,</strong></span> <span class='ocrx_word' id='word_1_47' title='bbox 1659 721 1782 775; x_wconf 89' lang='lat' dir='ltr'><strong>dum</strong></span> <span class='ocrx_word' id='word_1_48' title='bbox 1815 722 2053 786; x_wconf 85' lang='lat' dir='ltr'><strong>advivis,</strong></span> 
     </span>
    </p>
   </div>
   <div class='ocr_carea' id='block_1_9' title="bbox 479 814 2054 887">
    <p class='ocr_par' dir='ltr' id='par_1_9' title="bbox 479 814 2054 887">
     <span class='ocr_line' id='line_1_9' title="bbox 479 814 2054 887; baseline -0.005 -14"><span class='ocrx_word' id='word_1_49' title='bbox 479 818 619 873; x_wconf 88' lang='lat' dir='ltr'><strong>bene</strong></span> <span class='ocrx_word' id='word_1_50' title='bbox 646 818 788 869; x_wconf 86' lang='lat' dir='ltr'><strong>abuti</strong></span> <span class='ocrx_word' id='word_1_51' title='bbox 821 816 1113 870; x_wconf 72' lang='lat' dir='ltr'><strong>substantia</strong></span> <span class='ocrx_word' id='word_1_52' title='bbox 1150 825 1258 878; x_wconf 86' lang='lat' dir='ltr'><strong>tua,</strong></span> <span class='ocrx_word' id='word_1_53' title='bbox 1292 830 1451 887; x_wconf 78' lang='lat' dir='ltr'><strong>quam</strong></span> <span class='ocrx_word' id='word_1_54' title='bbox 1487 823 1578 867; x_wconf 91' lang='lat' dir='ltr'><strong>tuo</strong></span> <span class='ocrx_word' id='word_1_55' title='bbox 1609 814 1789 868; x_wconf 88' lang='lat' dir='ltr'><strong>labore</strong></span> <span class='ocrx_word' id='word_1_56' title='bbox 1837 816 2054 880; x_wconf 70' lang='lat' dir='ltr'><strong>quaesita</strong></span> 
     </span>
    </p>
   </div>
   <div class='ocr_carea' id='block_1_10' title="bbox 479 904 2056 972">
    <p class='ocr_par' dir='ltr' id='par_1_10' title="bbox 479 904 2056 972">
     <span class='ocr_line' id='line_1_10' title="bbox 479 904 2056 972; baseline -0.004 -10"><span class='ocrx_word' id='word_1_57' title='bbox 479 909 534 963; x_wconf 91' lang='lat' dir='ltr'><strong>in</strong></span> <span class='ocrx_word' id='word_1_58' title='bbox 567 907 800 962; x_wconf 88' lang='lat' dir='ltr'><strong>incertos</strong></span> <span class='ocrx_word' id='word_1_59' title='bbox 831 922 954 960; x_wconf 90' lang='lat' dir='ltr'><strong>usus</strong></span> <span class='ocrx_word' id='word_1_60' title='bbox 982 906 1300 972; x_wconf 90' lang='lat' dir='ltr'><strong>relinquere.</strong></span> <span class='ocrx_word' id='word_1_61' title='bbox 1345 925 1362 955; x_wconf 89' lang='lat'><strong>»</strong></span> <span class='ocrx_word' id='word_1_62' title='bbox 1400 904 1760 959; x_wconf 85' lang='lat' dir='ltr'><strong>Tertullianns</strong></span> <span class='ocrx_word' id='word_1_63' title='bbox 1783 944 1797 969; x_wconf 95' lang='lat'><strong>,</strong></span> <span class='ocrx_word' id='word_1_64' title='bbox 1828 905 1895 957; x_wconf 89' lang='lat' dir='ltr'><strong>de</strong></span> <span class='ocrx_word' id='word_1_65' title='bbox 1922 906 2056 959; x_wconf 83' lang='lat' dir='ltr'><strong>Atti-</strong></span> 
     </span>
    </p>
   </div>
   <div class='ocr_carea' id='block_1_11' title="bbox 479 994 2056 1066">
    <p class='ocr_par' dir='ltr' id='par_1_11' title="bbox 479 994 2056 1066">
     <span class='ocr_line' id='line_1_11' title="bbox 479 994 2056 1066; baseline -0.002 -15"><span class='ocrx_word' id='word_1_66' title='bbox 479 1011 589 1061; x_wconf 88' lang='lat' dir='ltr'><strong>ma,</strong></span> <span class='ocrx_word' id='word_1_67' title='bbox 618 1011 732 1066; x_wconf 87' lang='lat' dir='ltr'><strong>cap.</strong></span> <span class='ocrx_word' id='word_1_68' title='bbox 765 997 831 1051; x_wconf 83' lang='lat'><strong>57</strong></span> <span class='ocrx_word' id='word_1_69' title='bbox 860 1013 872 1047; x_wconf 88' lang='lat'><strong>:</strong></span> <span class='ocrx_word' id='word_1_70' title='bbox 908 1014 927 1045; x_wconf 76' lang='grc' dir='ltr'><strong>ι</strong></span> <span class='ocrx_word' id='word_1_71' title='bbox 967 997 1029 1047; x_wconf 73' lang='lat' dir='ltr'><strong>lit</strong></span> <span class='ocrx_word' id='word_1_72' title='bbox 1059 995 1110 1048; x_wconf 88' lang='lat' dir='ltr'><strong>hi</strong></span> <span class='ocrx_word' id='word_1_73' title='bbox 1144 995 1221 1047; x_wconf 77' lang='lat' dir='ltr'><strong>vel</strong></span> <span class='ocrx_word' id='word_1_74' title='bbox 1254 995 1506 1057; x_wconf 79' lang='lat' dir='ltr'><strong>maxime,</strong></span> <span class='ocrx_word' id='word_1_75' title='bbox 1535 994 1623 1060; x_wconf 93' lang='lat' dir='ltr'><strong>qui</strong></span> <span class='ocrx_word' id='word_1_76' title='bbox 1658 996 1708 1049; x_wconf 92' lang='lat' dir='ltr'><strong>in</strong></span> <span class='ocrx_word' id='word_1_77' title='bbox 1761 995 1891 1062; x_wconf 82' lang='lat' dir='ltr'><strong>ipsis</strong></span> <span class='ocrx_word' id='word_1_78' title='bbox 1932 1003 2056 1048; x_wconf 88' lang='lat' dir='ltr'><strong>tunc</strong></span> 
     </span>
    </p>
   </div>
   <div class='ocr_carea' id='block_1_12' title="bbox 480 1086 2053 1150">
    <p class='ocr_par' dir='ltr' id='par_1_12' title="bbox 480 1086 2053 1150">
     <span class='ocr_line' id='line_1_12' title="bbox 480 1086 2053 1150; baseline -0.002 -8"><span class='ocrx_word' id='word_1_79' title='bbox 480 1090 696 1145; x_wconf 82' lang='lat' dir='ltr'><strong>fuerunt</strong></span> <span class='ocrx_word' id='word_1_80' title='bbox 744 1102 862 1141; x_wconf 90' lang='lat' dir='ltr'><strong>cum</strong></span> <span class='ocrx_word' id='word_1_81' title='bbox 912 1087 1241 1139; x_wconf 77' lang='lat' dir='ltr'><strong>advverent.</strong></span> <span class='ocrx_word' id='word_1_82' title='bbox 1293 1105 1310 1135; x_wconf 92' lang='lat'><strong>»</strong></span> <span class='ocrx_word' id='word_1_83' title='bbox 1360 1086 1646 1149; x_wconf 67' lang='lat' dir='ltr'><strong>Gregorius’</strong></span> <span class='ocrx_word' id='word_1_84' title='bbox 1693 1086 2053 1150; x_wconf 81' lang='lat' dir='ltr'><strong>Turonensis,</strong></span> 
     </span>
    </p>
   </div>
   <div class='ocr_carea' id='block_1_13' title="bbox 475 1177 2055 1245">
    <p class='ocr_par' dir='ltr' id='par_1_13' title="bbox 475 1177 2055 1245">
     <span class='ocr_line' id='line_1_13' title="bbox 475 1177 2055 1245; baseline -0.003 -9"><span class='ocrx_word' id='word_1_85' title='bbox 475 1180 572 1236; x_wconf 85' lang='lat' dir='ltr'><strong>lib.</strong></span> <span class='ocrx_word' id='word_1_86' title='bbox 604 1196 655 1234; x_wconf 87' lang='lat' dir='ltr'><strong>Ix</strong></span> <span class='ocrx_word' id='word_1_87' title='bbox 681 1196 696 1233; x_wconf 87' lang='lat'><strong>:</strong></span> <span class='ocrx_word' id='word_1_88' title='bbox 733 1179 866 1232; x_wconf 86' lang='lat' dir='ltr'><strong>Dum</strong></span> <span class='ocrx_word' id='word_1_89' title='bbox 896 1179 1082 1230; x_wconf 74' lang='lat' dir='ltr'><strong>adoirit</strong></span> <span class='ocrx_word' id='word_1_90' title='bbox 1108 1177 1386 1243; x_wconf 81' lang='lat' dir='ltr'><strong>possideat.</strong></span> <span class='ocrx_word' id='word_1_91' title='bbox 1412 1177 1813 1231; x_wconf 69' lang='lat' dir='ltr'><strong>JurIs‘t&#39;OttSttlL&#39;S</strong></span> <span class='ocrx_word' id='word_1_92' title='bbox 1843 1192 2055 1245; x_wconf 75' lang='lat' dir='ltr'><strong>quoque</strong></span> 
     </span>
    </p>
   </div>
   <div class='ocr_carea' id='block_1_14' title="bbox 476 1268 2054 1339">
    <p class='ocr_par' dir='ltr' id='par_1_14' title="bbox 476 1268 2054 1339">
     <span class='ocr_line' id='line_1_14' title="bbox 476 1268 2054 1339; baseline -0.002 -13"><span class='ocrx_word' id='word_1_93' title='bbox 476 1282 599 1327; x_wconf 88' lang='lat' dir='ltr'><strong>nota</strong></span> <span class='ocrx_word' id='word_1_94' title='bbox 650 1287 771 1333; x_wconf 85' lang='lat' dir='ltr'><strong>vox,</strong></span> <span class='ocrx_word' id='word_1_95' title='bbox 823 1271 862 1323; x_wconf 92' lang='grc' dir='ltr'><strong>Ι.</strong></span> <span class='ocrx_word' id='word_1_96' title='bbox 906 1270 1013 1334; x_wconf 64' lang='lat' dir='ltr'><strong>9i,</strong></span> <span class='ocrx_word' id='word_1_97' title='bbox 1046 1268 1073 1339; x_wconf 83' lang='lat'><strong>§</strong></span> <span class='ocrx_word' id='word_1_98' title='bbox 1107 1268 1479 1332; x_wconf 82' lang='lat' dir='ltr'><strong>Testamento,</strong></span> <span class='ocrx_word' id='word_1_99' title='bbox 1525 1268 1579 1320; x_wconf 93' lang='lat' dir='ltr'><strong>d.</strong></span> <span class='ocrx_word' id='word_1_100' title='bbox 1615 1269 1687 1320; x_wconf 83' lang='lat' dir='ltr'><strong>De</strong></span> <span class='ocrx_word' id='word_1_101' title='bbox 1739 1269 1890 1321; x_wconf 85' lang='lat' dir='ltr'><strong>liber.</strong></span> <span class='ocrx_word' id='word_1_102' title='bbox 1925 1269 2054 1336; x_wconf 85' lang='lat' dir='ltr'><strong>leg.;</strong></span> 
     </span>
    </p>
   </div>
   <div class='ocr_carea' id='block_1_15' title="bbox 475 1360 2057 1432">
    <p class='ocr_par' dir='ltr' id='par_1_15' title="bbox 475 1360 2057 1432">
     <span class='ocr_line' id='line_1_15' title="bbox 475 1360 2057 1432; baseline -0.004 -10"><span class='ocrx_word' id='word_1_103' title='bbox 475 1366 511 1422; x_wconf 81' lang='grc' dir='ltr'><strong>Ι.</strong></span> <span class='ocrx_word' id='word_1_104' title='bbox 543 1366 633 1430; x_wconf 73' lang='grc'><strong>50,</strong></span> <span class='ocrx_word' id='word_1_105' title='bbox 663 1364 718 1418; x_wconf 85' lang='grc' dir='ltr'><strong>(Ι.</strong></span> <span class='ocrx_word' id='word_1_106' title='bbox 755 1365 830 1418; x_wconf 85' lang='lat' dir='ltr'><strong>De</strong></span> <span class='ocrx_word' id='word_1_107' title='bbox 858 1363 1020 1417; x_wconf 82' lang='lat' dir='ltr'><strong>adim.</strong></span> <span class='ocrx_word' id='word_1_108' title='bbox 1055 1364 1181 1431; x_wconf 84' lang='lat' dir='ltr'><strong>leg.;</strong></span> <span class='ocrx_word' id='word_1_109' title='bbox 1216 1364 1250 1416; x_wconf 91' lang='lat' dir='ltr'><strong>I.</strong></span> <span class='ocrx_word' id='word_1_110' title='bbox 1282 1364 1382 1426; x_wconf 62' lang='grc' dir='ltr'><strong>ὃ),</strong></span> <span class='ocrx_word' id='word_1_111' title='bbox 1416 1363 1443 1432; x_wconf 82' lang='lat'>§</span> <span class='ocrx_word' id='word_1_112' title='bbox 1484 1363 1859 1425; x_wconf 47' lang='lat' dir='ltr'><strong>&#39;I‘estatuet&#39;tto,</strong></span> <span class='ocrx_word' id='word_1_113' title='bbox 1893 1363 1945 1412; x_wconf 89' lang='lat' dir='ltr'><strong>d.</strong></span> <span class='ocrx_word' id='word_1_114' title='bbox 1982 1360 2057 1415; x_wconf 81' lang='lat' dir='ltr'><strong>De</strong></span> 
     </span>
    </p>
   </div>
   <div class='ocr_carea' id='block_1_16' title="bbox 476 1450 2052 1523">
    <p class='ocr_par' dir='ltr' id='par_1_16' title="bbox 476 1450 2052 1523">
     <span class='ocr_line' id='line_1_16' title="bbox 476 1450 2052 1523; baseline -0.004 -14"><span class='ocrx_word' id='word_1_115' title='bbox 476 1467 688 1512; x_wconf 89' lang='lat' dir='ltr'><strong>testam.</strong></span> <span class='ocrx_word' id='word_1_116' title='bbox 718 1454 899 1519; x_wconf 90' lang='lat' dir='ltr'><strong>milit.;</strong></span> <span class='ocrx_word' id='word_1_117' title='bbox 939 1455 1042 1523; x_wconf 94' lang='lat' dir='ltr'><strong>leg.</strong></span> <span class='ocrx_word' id='word_1_118' title='bbox 1078 1453 1367 1523; x_wconf 70' lang='lat' dir='ltr'><strong>Visigollt.,</strong></span> <span class='ocrx_word' id='word_1_119' title='bbox 1403 1453 1495 1506; x_wconf 89' lang='lat' dir='ltr'><strong>hb.</strong></span> <span class='ocrx_word' id='word_1_120' title='bbox 1537 1467 1608 1519; x_wconf 85' lang='lat' dir='ltr'><strong>1v,</strong></span> <span class='ocrx_word' id='word_1_121' title='bbox 1658 1460 1739 1504; x_wconf 73' lang='lat' dir='ltr'><strong>tit.</strong></span> <span class='ocrx_word' id='word_1_122' title='bbox 1773 1450 1805 1503; x_wconf 70' lang='grc' dir='ltr'><strong>’ἐ</strong></span> <span class='ocrx_word' id='word_1_123' title='bbox 1828 1492 1841 1513; x_wconf 93' lang='lat'><strong>,</strong></span> <span class='ocrx_word' id='word_1_124' title='bbox 1875 1452 1911 1504; x_wconf 89' lang='grc' dir='ltr'><strong>Ι,</strong></span> <span class='ocrx_word' id='word_1_125' title='bbox 1948 1451 2052 1504; x_wconf 73' lang='lat'><strong>15:</strong></span> 
     </span>
    </p>
   </div>
   <div class='ocr_carea' id='block_1_17' title="bbox 479 1542 2059 1611">
    <p class='ocr_par' dir='ltr' id='par_1_17' title="bbox 479 1542 2059 1611">
     <span class='ocr_line' id='line_1_17' title="bbox 479 1542 2059 1611; baseline -0.002 -13"><span class='ocrx_word' id='word_1_126' title='bbox 479 1568 497 1598; x_wconf 71' lang='grc' dir='ltr'><strong><em>ο</em></strong></span> <span class='ocrx_word' id='word_1_127' title='bbox 539 1548 874 1603; x_wconf 80' lang='lat' dir='ltr'><strong>Mcdietatem</strong></span> <span class='ocrx_word' id='word_1_128' title='bbox 908 1561 1060 1609; x_wconf 73' lang='lat' dir='ltr'><strong>vero,</strong></span> <span class='ocrx_word' id='word_1_129' title='bbox 1092 1545 1219 1599; x_wconf 91' lang='lat' dir='ltr'><strong>dum</strong></span> <span class='ocrx_word' id='word_1_130' title='bbox 1252 1545 1547 1607; x_wconf 81' lang='lat' dir='ltr'><strong>advixerit,</strong></span> <span class='ocrx_word' id='word_1_131' title='bbox 1578 1555 1725 1611; x_wconf 86' lang='lat' dir='ltr'><strong>pater</strong></span> <span class='ocrx_word' id='word_1_132' title='bbox 1755 1543 1853 1596; x_wconf 87' lang='lat' dir='ltr'><strong>sibi</strong></span> <span class='ocrx_word' id='word_1_133' title='bbox 1885 1542 2059 1596; x_wconf 85' lang='lat' dir='ltr'><strong>vindi-</strong></span> 
     </span>
    </p>
   </div>
   <div class='ocr_carea' id='block_1_18' title="bbox 474 1636 2055 1707">
    <p class='ocr_par' dir='ltr' id='par_1_18' title="bbox 474 1636 2055 1707">
     <span class='ocr_line' id='line_1_18' title="bbox 474 1636 2055 1707; baseline -0.005 -13"><span class='ocrx_word' id='word_1_134' title='bbox 474 1650 594 1706; x_wconf 88' lang='lat' dir='ltr'><strong>cet,</strong></span> <span class='ocrx_word' id='word_1_135' title='bbox 626 1639 748 1693; x_wconf 90' lang='lat' dir='ltr'><strong>ﬁliis</strong></span> <span class='ocrx_word' id='word_1_136' title='bbox 788 1649 909 1707; x_wconf 86' lang='lat' dir='ltr'><strong>post</strong></span> <span class='ocrx_word' id='word_1_137' title='bbox 955 1638 1157 1692; x_wconf 86' lang='lat' dir='ltr'><strong>obitum</strong></span> <span class='ocrx_word' id='word_1_138' title='bbox 1211 1637 1634 1706; x_wconf 80' lang='lat' dir='ltr'><strong>relinquendam.</strong></span> <span class='ocrx_word' id='word_1_139' title='bbox 1679 1657 1696 1687; x_wconf 90' lang='lat'><strong>»</strong></span> <span class='ocrx_word' id='word_1_140' title='bbox 1737 1639 1790 1689; x_wconf 91' lang='lat' dir='ltr'><strong>lu</strong></span> <span class='ocrx_word' id='word_1_141' title='bbox 1823 1636 2055 1702; x_wconf 87' lang='lat' dir='ltr'><strong>iisdem,</strong></span> 
     </span>
    </p>
   </div>
   <div class='ocr_carea' id='block_1_19' title="bbox 475 1728 2059 1797">
    <p class='ocr_par' dir='ltr' id='par_1_19' title="bbox 475 1728 2059 1797">
     <span class='ocr_line' id='line_1_19' title="bbox 475 1728 2059 1797; baseline -0.004 -12"><span class='ocrx_word' id='word_1_142' title='bbox 475 1731 563 1785; x_wconf 85' lang='lat' dir='ltr'><strong>lil».</strong></span> <span class='ocrx_word' id='word_1_143' title='bbox 598 1748 646 1797; x_wconf 93' lang='lat' dir='ltr'><strong>v,</strong></span> <span class='ocrx_word' id='word_1_144' title='bbox 682 1731 760 1784; x_wconf 89' lang='lat' dir='ltr'><strong>tit.</strong></span> <span class='ocrx_word' id='word_1_145' title='bbox 788 1730 846 1796; x_wconf 87' lang='lat'><strong>9.,</strong></span> <span class='ocrx_word' id='word_1_146' title='bbox 875 1732 915 1786; x_wconf 88' lang='grc' dir='ltr'><strong><em>ι.</em></strong></span> <span class='ocrx_word' id='word_1_147' title='bbox 942 1730 974 1784; x_wconf 71' lang='grc'>4</span> <span class='ocrx_word' id='word_1_148' title='bbox 1002 1747 1014 1784; x_wconf 91' lang='lat'><strong>:</strong></span> <span class='ocrx_word' id='word_1_149' title='bbox 1047 1748 1066 1781; x_wconf 73' lang='grc' dir='ltr'><strong>ι</strong></span> <span class='ocrx_word' id='word_1_150' title='bbox 1102 1730 1173 1783; x_wconf 89' lang='lat' dir='ltr'><strong>Ita</strong></span> <span class='ocrx_word' id='word_1_151' title='bbox 1203 1741 1254 1783; x_wconf 92' lang='lat' dir='ltr'><strong>ct</strong></span> <span class='ocrx_word' id='word_1_152' title='bbox 1280 1730 1365 1783; x_wconf 88' lang='lat' dir='ltr'><strong>illa</strong></span> <span class='ocrx_word' id='word_1_153' title='bbox 1391 1745 1508 1797; x_wconf 75' lang='lat' dir='ltr'><strong>qua:</strong></span> <span class='ocrx_word' id='word_1_154' title='bbox 1538 1746 1631 1781; x_wconf 90' lang='lat' dir='ltr'><strong>usu</strong></span> <span class='ocrx_word' id='word_1_155' title='bbox 1662 1729 1763 1782; x_wconf 87' lang='lat' dir='ltr'><strong>hoc</strong></span> <span class='ocrx_word' id='word_1_156' title='bbox 1790 1728 1854 1781; x_wconf 85' lang='lat' dir='ltr'><strong>ad</strong></span> <span class='ocrx_word' id='word_1_157' title='bbox 1888 1732 2059 1796; x_wconf 83' lang='lat' dir='ltr'><strong>possi-</strong></span> 
     </span>
    </p>
   </div>
   <div class='ocr_carea' id='block_1_20' title="bbox 2158 526 3028 591">
    <p class='ocr_par' dir='ltr' id='par_1_20' title="bbox 2158 526 3028 591">
     <span class='ocr_line' id='line_1_20' title="bbox 2158 526 3028 591; baseline -0.002 -12"><span class='ocrx_word' id='word_1_158' title='bbox 2158 526 2502 591; x_wconf 75' lang='lat' dir='ltr'><strong>Fortunatus,</strong></span> <span class='ocrx_word' id='word_1_159' title='bbox 2538 528 2630 580; x_wconf 88' lang='lat' dir='ltr'><strong>lib.</strong></span> <span class='ocrx_word' id='word_1_160' title='bbox 2655 543 2726 591; x_wconf 87' lang='lat' dir='ltr'><strong>tx,</strong></span> <span class='ocrx_word' id='word_1_161' title='bbox 2759 544 2926 580; x_wconf 86' lang='lat' dir='ltr'><strong>carm.</strong></span> <span class='ocrx_word' id='word_1_162' title='bbox 2962 528 2983 580; x_wconf 83' lang='lat' dir='ltr'><strong>I</strong></span> <span class='ocrx_word' id='word_1_163' title='bbox 3017 543 3028 577; x_wconf 84' lang='lat'><strong>:</strong></span> 
     </span>
    </p>
   </div>
   <div class='ocr_carea' id='block_1_21' title="bbox 2217 619 3365 680">
    <p class='ocr_par' dir='ltr' id='par_1_21' title="bbox 2217 619 3365 680">
     <span class='ocr_line' id='line_1_21' title="bbox 2217 619 3365 680; baseline 0.003 -14"><span class='ocrx_word' id='word_1_164' title='bbox 2217 620 2347 667; x_wconf 84' lang='lat' dir='ltr'><strong>Aera</strong></span> <span class='ocrx_word' id='word_1_165' title='bbox 2374 622 2618 679; x_wconf 82' lang='lat' dir='ltr'><strong>temperie</strong></span> <span class='ocrx_word' id='word_1_166' title='bbox 2642 619 2835 668; x_wconf 78' lang='lat' dir='ltr'><strong>faveant</strong></span> <span class='ocrx_word' id='word_1_167' title='bbox 2857 619 2943 668; x_wconf 83' lang='lat' dir='ltr'><strong>tibi</strong></span> <span class='ocrx_word' id='word_1_168' title='bbox 2969 626 3189 679; x_wconf 85' lang='lat' dir='ltr'><strong>tempora</strong></span> <span class='ocrx_word' id='word_1_169' title='bbox 3215 631 3365 680; x_wconf 85' lang='lat' dir='ltr'><strong>pace.</strong></span> 
     </span>
    </p>
   </div>
   <div class='ocr_carea' id='block_1_22' title="bbox 2156 700 3319 771">
    <p class='ocr_par' dir='ltr' id='par_1_22' title="bbox 2156 700 3319 771">
     <span class='ocr_line' id='line_1_22' title="bbox 2156 700 3319 771; baseline -0.002 -15"><span class='ocrx_word' id='word_1_170' title='bbox 2156 700 2435 757; x_wconf 84' lang='lat' dir='ltr'><strong>Aldelmus</strong></span> <span class='ocrx_word' id='word_1_171' title='bbox 2466 703 2540 757; x_wconf 85' lang='lat' dir='ltr'><strong>De</strong></span> <span class='ocrx_word' id='word_1_172' title='bbox 2568 712 2689 756; x_wconf 90' lang='lat' dir='ltr'><strong>octo</strong></span> <span class='ocrx_word' id='word_1_173' title='bbox 2718 702 3105 771; x_wconf 87' lang='lat' dir='ltr'><strong>principalibus</strong></span> <span class='ocrx_word' id='word_1_174' title='bbox 3135 702 3279 756; x_wconf 86' lang='lat' dir='ltr'><strong>vitiis</strong></span> <span class='ocrx_word' id='word_1_175' title='bbox 3308 719 3319 754; x_wconf 90' lang='lat'><strong>:</strong></span> 
     </span>
    </p>
   </div>
   <div class='ocr_carea' id='block_1_23' title="bbox 2218 794 3448 857">
    <p class='ocr_par' dir='ltr' id='par_1_23' title="bbox 2218 794 3448 857">
     <span class='ocr_line' id='line_1_23' title="bbox 2218 794 3448 857; baseline 0.003 -17"><span class='ocrx_word' id='word_1_176' title='bbox 2218 794 2403 845; x_wconf 80' lang='lat' dir='ltr'><strong>Adduci</strong></span> <span class='ocrx_word' id='word_1_177' title='bbox 2428 808 2645 857; x_wconf 86' lang='lat' dir='ltr'><strong>merear,</strong></span> <span class='ocrx_word' id='word_1_178' title='bbox 2668 794 2860 845; x_wconf 83' lang='lat' dir='ltr'><strong>Christo</strong></span> <span class='ocrx_word' id='word_1_179' title='bbox 2888 802 3130 857; x_wconf 86' lang='lat' dir='ltr'><strong>regnante</strong></span> <span class='ocrx_word' id='word_1_180' title='bbox 3159 809 3249 856; x_wconf 88' lang='lat' dir='ltr'><strong>per</strong></span> <span class='ocrx_word' id='word_1_181' title='bbox 3271 796 3448 844; x_wconf 67' lang='lat' dir='ltr'><strong>aethra.</strong></span> 
     </span>
    </p>
   </div>
   <div class='ocr_carea' id='block_1_24' title="bbox 2156 876 3737 948">
    <p class='ocr_par' dir='ltr' id='par_1_24' title="bbox 2156 876 3737 948">
     <span class='ocr_line' id='line_1_24' title="bbox 2156 876 3737 948; baseline -0.001 -16"><span class='ocrx_word' id='word_1_182' title='bbox 2156 876 2230 932; x_wconf 88' lang='lat' dir='ltr'><strong>Ita</strong></span> <span class='ocrx_word' id='word_1_183' title='bbox 2260 877 2355 932; x_wconf 78' lang='lat' dir='ltr'><strong>Ms.</strong></span> <span class='ocrx_word' id='word_1_184' title='bbox 2389 880 2553 932; x_wconf 73' lang='lat' dir='ltr'><strong>(vt/cra</strong></span> <span class='ocrx_word' id='word_1_185' title='bbox 2585 894 2679 948; x_wconf 90' lang='lat' dir='ltr'><strong>pro</strong></span> <span class='ocrx_word' id='word_1_186' title='bbox 2706 880 2938 943; x_wconf 70' lang='lat' dir='ltr'><strong>atthera,</strong></span> <span class='ocrx_word' id='word_1_187' title='bbox 2969 880 3057 933; x_wconf 89' lang='lat' dir='ltr'><strong>ttbi</strong></span> <span class='ocrx_word' id='word_1_188' title='bbox 3088 879 3334 933; x_wconf 74' lang='lat' dir='ltr'><strong>Canisius</strong></span> <span class='ocrx_word' id='word_1_189' title='bbox 3372 883 3591 932; x_wconf 74' lang='lat' dir='ltr'><strong>wthram</strong></span> <span class='ocrx_word' id='word_1_190' title='bbox 3622 879 3737 932; x_wconf 77' lang='lat' dir='ltr'><strong>sul»-</strong></span> 
     </span>
    </p>
   </div>
   <div class='ocr_carea' id='block_1_25' title="bbox 2156 970 3669 1039">
    <p class='ocr_par' dir='ltr' id='par_1_25' title="bbox 2156 970 3669 1039">
     <span class='ocr_line' id='line_1_25' title="bbox 2156 970 3669 1039; baseline -0.002 -13"><span class='ocrx_word' id='word_1_191' title='bbox 2156 971 2345 1026; x_wconf 69' lang='lat' dir='ltr'><strong>ttituit.</strong></span> <span class='ocrx_word' id='word_1_192' title='bbox 2374 970 2541 1035; x_wconf 90' lang='lat' dir='ltr'><strong>Idem,</strong></span> <span class='ocrx_word' id='word_1_193' title='bbox 2567 972 2637 1025; x_wconf 90' lang='lat' dir='ltr'><strong>de</strong></span> <span class='ocrx_word' id='word_1_194' title='bbox 2657 972 2835 1026; x_wconf 85' lang='lat' dir='ltr'><strong>Laude</strong></span> <span class='ocrx_word' id='word_1_195' title='bbox 2859 972 3198 1039; x_wconf 68' lang='lat' dir='ltr'><strong>virginitatis,</strong></span> <span class='ocrx_word' id='word_1_196' title='bbox 3228 971 3281 1025; x_wconf 93' lang='lat' dir='ltr'><strong>in</strong></span> <span class='ocrx_word' id='word_1_197' title='bbox 3318 971 3633 1039; x_wconf 66' lang='lat' dir='ltr'><strong>prml’ationc</strong></span> <span class='ocrx_word' id='word_1_198' title='bbox 3656 987 3669 1023; x_wconf 89' lang='lat'><strong>:</strong></span> 
     </span>
    </p>
   </div>
   <div class='ocr_carea' id='block_1_26' title="bbox 2220 1061 3424 1126">
    <p class='ocr_par' dir='ltr' id='par_1_26' title="bbox 2220 1061 3424 1126">
     <span class='ocr_line' id='line_1_26' title="bbox 2220 1061 3424 1126; baseline 0 -15"><span class='ocrx_word' id='word_1_199' title='bbox 2220 1063 2319 1113; x_wconf 80' lang='lat' dir='ltr'><strong>Aut</strong></span> <span class='ocrx_word' id='word_1_200' title='bbox 2343 1063 2486 1112; x_wconf 71' lang='lat' dir='ltr'><strong>Zona:</strong></span> <span class='ocrx_word' id='word_1_201' title='bbox 2508 1065 2693 1125; x_wconf 87' lang='lat' dir='ltr'><strong>mundi,</strong></span> <span class='ocrx_word' id='word_1_202' title='bbox 2718 1077 2828 1124; x_wconf 69' lang='lat' dir='ltr'><strong>quae</strong></span> <span class='ocrx_word' id='word_1_203' title='bbox 2853 1067 3035 1126; x_wconf 83' lang='lat' dir='ltr'><strong>stipant</strong></span> <span class='ocrx_word' id='word_1_204' title='bbox 3060 1064 3245 1113; x_wconf 81' lang='lat' dir='ltr'><strong>aethera</strong></span> <span class='ocrx_word' id='word_1_205' title='bbox 3274 1061 3424 1112; x_wconf 67' lang='lat' dir='ltr'><strong>celsa.</strong></span> 
     </span>
    </p>
   </div>
   <div class='ocr_carea' id='block_1_27' title="bbox 2159 1144 3185 1225">
    <p class='ocr_par' dir='ltr' id='par_1_27' title="bbox 2159 1144 3185 1225">
     <span class='ocr_line' id='line_1_27' title="bbox 2159 1144 3185 1225; baseline -0.002 -25"><span class='ocrx_word' id='word_1_206' title='bbox 2159 1144 2324 1208; x_wconf 89' lang='lat' dir='ltr'><strong>Idem,</strong></span> <span class='ocrx_word' id='word_1_207' title='bbox 2348 1160 2466 1212; x_wconf 83' lang='lat' dir='ltr'><strong>cap.</strong></span> <span class='ocrx_word' id='word_1_208' title='bbox 2499 1145 2552 1208; x_wconf 83' lang='lat'><strong>5,</strong></span> <span class='ocrx_word' id='word_1_209' title='bbox 2586 1148 2636 1199; x_wconf 92' lang='lat' dir='ltr'><strong>in</strong></span> <span class='ocrx_word' id='word_1_210' title='bbox 2667 1146 2873 1200; x_wconf 87' lang='lat' dir='ltr'><strong>Joanne</strong></span> <span class='ocrx_word' id='word_1_211' title='bbox 2904 1146 3185 1225; x_wconf 56' lang='lat' dir='ltr'><strong>Baptista\:</strong></span> 
     </span>
    </p>
   </div>
   <div class='ocr_carea' id='block_1_28' title="bbox 2237 1239 3742 1309">
    <p class='ocr_par' dir='ltr' id='par_1_28' title="bbox 2237 1239 3742 1309">
     <span class='ocr_line' id='line_1_28' title="bbox 2237 1239 3742 1309; baseline -0.004 -11"><span class='ocrx_word' id='word_1_212' title='bbox 2237 1239 2444 1309; x_wconf 79' lang='lat'><strong>1013</strong></span> <span class='ocrx_word' id='word_1_213' title='bbox 2474 1246 2669 1297; x_wconf 71' lang='lat' dir='ltr'><strong>Aitbera</strong></span> <span class='ocrx_word' id='word_1_214' title='bbox 2696 1246 2830 1296; x_wconf 82' lang='lat' dir='ltr'><strong>celsa</strong></span> <span class='ocrx_word' id='word_1_215' title='bbox 2857 1253 3023 1296; x_wconf 86' lang='lat' dir='ltr'><strong>tonant</strong></span> <span class='ocrx_word' id='word_1_216' title='bbox 3045 1248 3160 1295; x_wconf 87' lang='lat' dir='ltr'><strong>dum</strong></span> <span class='ocrx_word' id='word_1_217' title='bbox 3185 1245 3309 1294; x_wconf 86' lang='lat' dir='ltr'><strong>fatur</strong></span> <span class='ocrx_word' id='word_1_218' title='bbox 3339 1245 3515 1294; x_wconf 81' lang='lat' dir='ltr'><strong>llector</strong></span> <span class='ocrx_word' id='word_1_219' title='bbox 3538 1243 3742 1306; x_wconf 73' lang='lat' dir='ltr'><strong>Olvznpi.</strong></span> 
     </span>
    </p>
   </div>
   <div class='ocr_carea' id='block_1_29' title="bbox 2163 1329 3735 1402">
    <p class='ocr_par' dir='ltr' id='par_1_29' title="bbox 2163 1329 3735 1402">
     <span class='ocr_line' id='line_1_29' title="bbox 2163 1329 3735 1402; baseline -0.003 -17"><span class='ocrx_word' id='word_1_220' title='bbox 2163 1331 2327 1397; x_wconf 89' lang='lat' dir='ltr'><strong>Idem,</strong></span> <span class='ocrx_word' id='word_1_221' title='bbox 2376 1332 2444 1387; x_wconf 90' lang='lat' dir='ltr'><strong>de</strong></span> <span class='ocrx_word' id='word_1_222' title='bbox 2488 1332 2672 1387; x_wconf 87' lang='lat' dir='ltr'><strong>Laude</strong></span> <span class='ocrx_word' id='word_1_223' title='bbox 2718 1332 3035 1402; x_wconf 79' lang='lat' dir='ltr'><strong>virginitatis</strong></span> <span class='ocrx_word' id='word_1_224' title='bbox 3063 1373 3077 1397; x_wconf 94' lang='lat'><strong>,</strong></span> <span class='ocrx_word' id='word_1_225' title='bbox 3135 1347 3256 1401; x_wconf 86' lang='lat' dir='ltr'><strong>cap.</strong></span> <span class='ocrx_word' id='word_1_226' title='bbox 3304 1329 3406 1395; x_wconf 81' lang='grc'><strong>57,</strong></span> <span class='ocrx_word' id='word_1_227' title='bbox 3466 1331 3519 1383; x_wconf 93' lang='lat' dir='ltr'><strong>in</strong></span> <span class='ocrx_word' id='word_1_228' title='bbox 3563 1342 3735 1383; x_wconf 83' lang='lat' dir='ltr'><strong>sancta</strong></span> 
     </span>
    </p>
   </div>
   <div class='ocr_carea' id='block_1_30' title="bbox 2162 1425 2422 1480">
    <p class='ocr_par' dir='ltr' id='par_1_30' title="bbox 2162 1425 2422 1480">
     <span class='ocr_line' id='line_1_30' title="bbox 2162 1425 2422 1480; baseline -0.015 0"><span class='ocrx_word' id='word_1_229' title='bbox 2162 1425 2365 1480; x_wconf 79' lang='lat' dir='ltr'><strong>Thecla</strong></span> <span class='ocrx_word' id='word_1_230' title='bbox 2410 1444 2422 1477; x_wconf 87' lang='lat'><strong>:</strong></span> 
     </span>
    </p>
   </div>
   <div class='ocr_carea' id='block_1_31' title="bbox 2286 1513 3532 1571">
    <p class='ocr_par' dir='ltr' id='par_1_31' title="bbox 2286 1513 3532 1571">
     <span class='ocr_line' id='line_1_31' title="bbox 2286 1513 3532 1571; baseline 0.001 -12"><span class='ocrx_word' id='word_1_231' title='bbox 2286 1514 2521 1570; x_wconf 74' lang='lat' dir='ltr'><strong>Quamvis</strong></span> <span class='ocrx_word' id='word_1_232' title='bbox 2545 1514 2808 1561; x_wconf 84' lang='lat' dir='ltr'><strong>verborum</strong></span> <span class='ocrx_word' id='word_1_233' title='bbox 2833 1521 3061 1561; x_wconf 85' lang='lat' dir='ltr'><strong>rorarent</strong></span> <span class='ocrx_word' id='word_1_234' title='bbox 3084 1513 3241 1560; x_wconf 82' lang='lat' dir='ltr'><strong>imbre</strong></span> <span class='ocrx_word' id='word_1_235' title='bbox 3267 1517 3532 1571; x_wconf 86' lang='lat' dir='ltr'><strong>parentes,</strong></span> 
     </span>
    </p>
   </div>
   <div class='ocr_carea' id='block_1_32' title="bbox 2289 1575 3366 1634">
    <p class='ocr_par' dir='ltr' id='par_1_32' title="bbox 2289 1575 3366 1634">
     <span class='ocr_line' id='line_1_32' title="bbox 2289 1575 3366 1634; baseline -0.006 -9"><span class='ocrx_word' id='word_1_236' title='bbox 2289 1575 2426 1625; x_wconf 89' lang='lat' dir='ltr'><strong>Sicut</strong></span> <span class='ocrx_word' id='word_1_237' title='bbox 2450 1576 2687 1624; x_wconf 78' lang='lat' dir='ltr'><strong>nimbosls</strong></span> <span class='ocrx_word' id='word_1_238' title='bbox 2712 1575 2965 1625; x_wconf 78' lang='lat' dir='ltr'><strong>stillabant</strong></span> <span class='ocrx_word' id='word_1_239' title='bbox 2986 1576 3172 1624; x_wconf 75' lang='lat' dir='ltr'><strong>tetbera</strong></span> <span class='ocrx_word' id='word_1_240' title='bbox 3198 1576 3366 1634; x_wconf 73' lang='lat' dir='ltr'><strong>guttis.</strong></span> 
     </span>
    </p>
   </div>
   <div class='ocr_carea' id='block_1_33' title="bbox 2162 1656 3425 1726">
    <p class='ocr_par' dir='ltr' id='par_1_33' title="bbox 2162 1656 3425 1726">
     <span class='ocr_line' id='line_1_33' title="bbox 2162 1656 3425 1726; baseline -0.007 -12"><span class='ocrx_word' id='word_1_241' title='bbox 2162 1658 2329 1721; x_wconf 83' lang='lat' dir='ltr'><strong>Idem,</strong></span> <span class='ocrx_word' id='word_1_242' title='bbox 2364 1657 2583 1721; x_wconf 85' lang='lat' dir='ltr'><strong>ibidem,</strong></span> <span class='ocrx_word' id='word_1_243' title='bbox 2611 1670 2731 1726; x_wconf 88' lang='lat' dir='ltr'><strong>cap.</strong></span> <span class='ocrx_word' id='word_1_244' title='bbox 2761 1657 2853 1720; x_wconf 73' lang='lat'><strong>9.5,</strong></span> <span class='ocrx_word' id='word_1_245' title='bbox 2887 1658 2937 1711; x_wconf 92' lang='lat' dir='ltr'><strong>in</strong></span> <span class='ocrx_word' id='word_1_246' title='bbox 2961 1666 3144 1709; x_wconf 90' lang='lat' dir='ltr'><strong>sancta</strong></span> <span class='ocrx_word' id='word_1_247' title='bbox 3181 1656 3376 1722; x_wconf 79' lang='lat' dir='ltr'><strong>Babyla</strong></span> <span class='ocrx_word' id='word_1_248' title='bbox 3413 1671 3425 1705; x_wconf 88' lang='lat'><strong>:</strong></span> 
     </span>
    </p>
   </div>
   <div class='ocr_carea' id='block_1_34' title="bbox 2291 1746 3581 1810">
    <p class='ocr_par' dir='ltr' id='par_1_34' title="bbox 2291 1746 3581 1810">
     <span class='ocr_line' id='line_1_34' title="bbox 2291 1746 3581 1810; baseline -0.003 -13"><span class='ocrx_word' id='word_1_249' title='bbox 2291 1748 2491 1798; x_wconf 69' lang='lat' dir='ltr'><strong>Ethera</strong></span> <span class='ocrx_word' id='word_1_250' title='bbox 2514 1748 2685 1810; x_wconf 79' lang='lat' dir='ltr'><strong>glauca</strong></span> <span class='ocrx_word' id='word_1_251' title='bbox 2712 1750 2833 1809; x_wconf 84' lang='lat' dir='ltr'><strong>petit</strong></span> <span class='ocrx_word' id='word_1_252' title='bbox 2856 1749 3046 1797; x_wconf 85' lang='lat' dir='ltr'><strong>devicta</strong></span> <span class='ocrx_word' id='word_1_253' title='bbox 3072 1754 3234 1796; x_wconf 86' lang='lat' dir='ltr'><strong>morte</strong></span> <span class='ocrx_word' id='word_1_254' title='bbox 3259 1746 3581 1807; x_wconf 72' lang='lat' dir='ltr'><strong>triumphans.</strong></span> 
     </span>
    </p>
   </div>
   <div class='ocr_carea' id='block_1_35' title="bbox 475 1819 3754 1900">
    <p class='ocr_par' dir='ltr' id='par_1_35' title="bbox 475 1819 3754 1900">
     <span class='ocr_line' id='line_1_35' title="bbox 475 1819 3754 1900; baseline -0.001 -27"><span class='ocrx_word' id='word_1_255' title='bbox 475 1822 707 1876; x_wconf 89' lang='lat' dir='ltr'><strong>dendnm</strong></span> <span class='ocrx_word' id='word_1_256' title='bbox 741 1822 997 1889; x_wconf 83' lang='lat' dir='ltr'><strong>percepit,</strong></span> <span class='ocrx_word' id='word_1_257' title='bbox 1030 1821 1207 1874; x_wconf 87' lang='lat' dir='ltr'><strong>omnia</strong></span> <span class='ocrx_word' id='word_1_258' title='bbox 1237 1821 1360 1873; x_wconf 90' lang='lat' dir='ltr'><strong>dum</strong></span> <span class='ocrx_word' id='word_1_259' title='bbox 1390 1820 1669 1883; x_wconf 77' lang='lat' dir='ltr'><strong>advixerit,</strong></span> <span class='ocrx_word' id='word_1_260' title='bbox 1701 1820 1817 1873; x_wconf 86' lang='lat' dir='ltr'><strong>sine</strong></span> <span class='ocrx_word' id='word_1_261' title='bbox 1841 1819 2059 1887; x_wconf 88' lang='lat' dir='ltr'><strong>cujusli-</strong></span> <span class='ocrx_word' id='word_1_262' title='bbox 2095 1834 2139 1893; x_wconf 74' lang='grc' dir='ltr'><strong>Β</strong></span> <span class='ocrx_word' id='word_1_263' title='bbox 2237 1830 2538 1896; x_wconf 66' lang='lat' dir='ltr'><strong>Anseres,</strong></span> <span class='ocrx_word' id='word_1_264' title='bbox 2573 1830 2622 1883; x_wconf 91' lang='lat' dir='ltr'><strong>id</strong></span> <span class='ocrx_word' id='word_1_265' title='bbox 2653 1840 2755 1896; x_wconf 89' lang='lat' dir='ltr'><strong>est,</strong></span> <span class='ocrx_word' id='word_1_266' title='bbox 2790 1840 3071 1900; x_wconf 88' lang='lat' dir='ltr'><strong>parentes,</strong></span> <span class='ocrx_word' id='word_1_267' title='bbox 3110 1829 3261 1884; x_wconf 87' lang='lat' dir='ltr'><strong>liberi</strong></span> <span class='ocrx_word' id='word_1_268' title='bbox 3291 1838 3343 1883; x_wconf 90' lang='lat' dir='ltr'><strong>et</strong></span> <span class='ocrx_word' id='word_1_269' title='bbox 3374 1838 3624 1898; x_wconf 77' lang='lat' dir='ltr'><strong>nepotes,</strong></span> <span class='ocrx_word' id='word_1_270' title='bbox 3648 1832 3754 1896; x_wconf 63' lang='lat' dir='ltr'><strong>qui.</strong></span> 
     </span>
    </p>
   </div>
   <div class='ocr_carea' id='block_1_36' title="bbox 478 1913 2059 1983">
    <p class='ocr_par' dir='ltr' id='par_1_36' title="bbox 478 1913 2059 1983">
     <span class='ocr_line' id='line_1_36' title="bbox 478 1913 2059 1983; baseline -0.001 -17"><span class='ocrx_word' id='word_1_271' title='bbox 478 1913 567 1968; x_wconf 71' lang='lat' dir='ltr'><strong>Iret</strong></span> <span class='ocrx_word' id='word_1_272' title='bbox 594 1914 958 1983; x_wconf 87' lang='lat' dir='ltr'><strong>inquietudine</strong></span> <span class='ocrx_word' id='word_1_273' title='bbox 986 1913 1100 1968; x_wconf 86' lang='lat' dir='ltr'><strong>suis</strong></span> <span class='ocrx_word' id='word_1_274' title='bbox 1133 1914 1501 1970; x_wconf 85' lang='lat' dir='ltr'><strong>incunctanter</strong></span> <span class='ocrx_word' id='word_1_275' title='bbox 1542 1921 1718 1966; x_wconf 86' lang='lat' dir='ltr'><strong>utatur</strong></span> <span class='ocrx_word' id='word_1_276' title='bbox 1747 1913 2018 1979; x_wconf 84' lang='lat' dir='ltr'><strong>expensis.</strong></span> <span class='ocrx_word' id='word_1_277' title='bbox 2041 1934 2059 1964; x_wconf 95' lang='lat'><strong>»</strong></span> 
     </span>
    </p>
   </div>
   <div class='ocr_carea' id='block_1_37' title="bbox 481 2005 2064 2076">
    <p class='ocr_par' dir='ltr' id='par_1_37' title="bbox 481 2005 2064 2076">
     <span class='ocr_line' id='line_1_37' title="bbox 481 2005 2064 2076; baseline 0.002 -17"><span class='ocrx_word' id='word_1_278' title='bbox 481 2008 636 2073; x_wconf 89' lang='lat' dir='ltr'><strong>Item,</strong></span> <span class='ocrx_word' id='word_1_279' title='bbox 673 2006 765 2060; x_wconf 85' lang='lat' dir='ltr'><strong>lll).</strong></span> <span class='ocrx_word' id='word_1_280' title='bbox 798 2022 892 2072; x_wconf 88' lang='lat' dir='ltr'><strong>xu,</strong></span> <span class='ocrx_word' id='word_1_281' title='bbox 922 2008 1005 2060; x_wconf 89' lang='lat' dir='ltr'><strong>tit.</strong></span> <span class='ocrx_word' id='word_1_282' title='bbox 1031 2008 1086 2072; x_wconf 84' lang='lat'><strong>5,</strong></span> <span class='ocrx_word' id='word_1_283' title='bbox 1123 2006 1158 2059; x_wconf 90' lang='grc' dir='ltr'><strong>Ι.</strong></span> <span class='ocrx_word' id='word_1_284' title='bbox 1190 2005 1250 2059; x_wconf 81' lang='grc'><strong>15</strong></span> <span class='ocrx_word' id='word_1_285' title='bbox 1281 2024 1292 2058; x_wconf 88' lang='lat'><strong>:</strong></span> <span class='ocrx_word' id='word_1_286' title='bbox 1333 2025 1351 2056; x_wconf 72' lang='grc' dir='ltr'><strong>ι</strong></span> <span class='ocrx_word' id='word_1_287' title='bbox 1388 2007 1576 2061; x_wconf 80' lang='lat' dir='ltr'><strong>Jurare</strong></span> <span class='ocrx_word' id='word_1_288' title='bbox 1606 2006 1910 2070; x_wconf 89' lang='lat' dir='ltr'><strong>debebunt,</strong></span> <span class='ocrx_word' id='word_1_289' title='bbox 1942 2008 2064 2076; x_wconf 87' lang='lat' dir='ltr'><strong>quia</strong></span> 
     </span>
    </p>
   </div>
   <div class='ocr_carea' id='block_1_38' title="bbox 478 2098 2065 2166">
    <p class='ocr_par' dir='ltr' id='par_1_38' title="bbox 478 2098 2065 2166">
     <span class='ocr_line' id='line_1_38' title="bbox 478 2098 2065 2166; baseline 0.002 -16"><span class='ocrx_word' id='word_1_290' title='bbox 478 2114 598 2163; x_wconf 72' lang='lat' dir='ltr'><strong>qua:</strong></span> <span class='ocrx_word' id='word_1_291' title='bbox 628 2113 813 2152; x_wconf 89' lang='lat' dir='ltr'><strong>eorum</strong></span> <span class='ocrx_word' id='word_1_292' title='bbox 834 2098 1092 2166; x_wconf 78' lang='lat' dir='ltr'><strong>professio</strong></span> <span class='ocrx_word' id='word_1_293' title='bbox 1109 2099 1363 2163; x_wconf 82' lang='lat' dir='ltr'><strong>continet,</strong></span> <span class='ocrx_word' id='word_1_294' title='bbox 1383 2099 1596 2152; x_wconf 87' lang='lat' dir='ltr'><strong>sincero</strong></span> <span class='ocrx_word' id='word_1_295' title='bbox 1611 2109 1784 2152; x_wconf 91' lang='lat' dir='ltr'><strong>etnon</strong></span> <span class='ocrx_word' id='word_1_296' title='bbox 1801 2099 2065 2153; x_wconf 87' lang='lat' dir='ltr'><strong>maculato</strong></span> 
     </span>
    </p>
   </div>
   <div class='ocr_carea' id='block_1_39' title="bbox 479 2189 2058 2258">
    <p class='ocr_par' dir='ltr' id='par_1_39' title="bbox 479 2189 2058 2258">
     <span class='ocr_line' id='line_1_39' title="bbox 479 2189 2058 2258; baseline -0.001 -16"><span class='ocrx_word' id='word_1_297' title='bbox 479 2190 643 2244; x_wconf 75' lang='lat' dir='ltr'><strong>Curth</strong></span> <span class='ocrx_word' id='word_1_298' title='bbox 674 2191 1039 2258; x_wconf 87' lang='lat' dir='ltr'><strong>proliteantur,</strong></span> <span class='ocrx_word' id='word_1_299' title='bbox 1067 2205 1126 2244; x_wconf 89' lang='lat' dir='ltr'><strong>se</strong></span> <span class='ocrx_word' id='word_1_300' title='bbox 1150 2189 1320 2245; x_wconf 90' lang='lat' dir='ltr'><strong>donec</strong></span> <span class='ocrx_word' id='word_1_301' title='bbox 1350 2190 1653 2244; x_wconf 86' lang='lat' dir='ltr'><strong>advixcrint</strong></span> <span class='ocrx_word' id='word_1_302' title='bbox 1683 2205 2058 2245; x_wconf 85' lang='lat' dir='ltr'><strong>conservare.»</strong></span> 
     </span>
    </p>
   </div>
   <div class='ocr_carea' id='block_1_40' title="bbox 552 2282 2064 2353">
    <p class='ocr_par' dir='ltr' id='par_1_40' title="bbox 552 2282 2064 2353">
     <span class='ocr_line' id='line_1_40' title="bbox 552 2282 2064 2353; baseline 0.001 -16"><span class='ocrx_word' id='word_1_303' title='bbox 552 2282 819 2338; x_wconf 69' lang='lat' dir='ltr'><strong>Aievprus</strong></span> <span class='ocrx_word' id='word_1_304' title='bbox 848 2285 972 2337; x_wconf 87' lang='lat' dir='ltr'><strong>olim</strong></span> <span class='ocrx_word' id='word_1_305' title='bbox 1010 2285 1155 2339; x_wconf 87' lang='lat' dir='ltr'><strong>varie</strong></span> <span class='ocrx_word' id='word_1_306' title='bbox 1203 2285 1398 2353; x_wconf 86' lang='lat' dir='ltr'><strong>divisa,</strong></span> <span class='ocrx_word' id='word_1_307' title='bbox 1443 2300 1537 2338; x_wconf 88' lang='lat' dir='ltr'><strong>seu</strong></span> <span class='ocrx_word' id='word_1_308' title='bbox 1581 2285 1919 2352; x_wconf 88' lang='lat' dir='ltr'><strong>provincias,</strong></span> <span class='ocrx_word' id='word_1_309' title='bbox 1969 2300 2064 2338; x_wconf 88' lang='lat' dir='ltr'><strong>seu</strong></span> 
     </span>
    </p>
   </div>
   <div class='ocr_carea' id='block_1_41' title="bbox 480 2375 2061 2445">
    <p class='ocr_par' dir='ltr' id='par_1_41' title="bbox 480 2375 2061 2445">
     <span class='ocr_line' id='line_1_41' title="bbox 480 2375 2061 2445; baseline 0 -17"><span class='ocrx_word' id='word_1_310' title='bbox 480 2376 741 2430; x_wconf 78' lang='lat' dir='ltr'><strong>diteceses</strong></span> <span class='ocrx_word' id='word_1_311' title='bbox 788 2385 1017 2444; x_wconf 79' lang='lat' dir='ltr'><strong>spectes.</strong></span> <span class='ocrx_word' id='word_1_312' title='bbox 1068 2375 1196 2430; x_wconf 85' lang='lat' dir='ltr'><strong>Vide</strong></span> <span class='ocrx_word' id='word_1_313' title='bbox 1246 2376 1471 2445; x_wconf 85' lang='lat' dir='ltr'><strong>Philippi</strong></span> <span class='ocrx_word' id='word_1_314' title='bbox 1528 2376 1749 2430; x_wconf 87' lang='lat' dir='ltr'><strong>Berterii</strong></span> <span class='ocrx_word' id='word_1_315' title='bbox 1798 2376 2061 2429; x_wconf 87' lang='lat' dir='ltr'><strong>Pitltauon</strong></span> 
     </span>
    </p>
   </div>
   <div class='ocr_carea' id='block_1_42' title="bbox 483 2467 2065 2536">
    <p class='ocr_par' dir='ltr' id='par_1_42' title="bbox 483 2467 2065 2536">
     <span class='ocr_line' id='line_1_42' title="bbox 483 2467 2065 2536; baseline -0.002 -13"><span class='ocrx_word' id='word_1_316' title='bbox 483 2469 773 2523; x_wconf 79' lang='lat' dir='ltr'><strong>Itiatribam</strong></span> <span class='ocrx_word' id='word_1_317' title='bbox 818 2485 866 2532; x_wconf 87' lang='grc' dir='ltr'><strong><em>ι,</em></strong></span> <span class='ocrx_word' id='word_1_318' title='bbox 907 2484 1027 2536; x_wconf 89' lang='lat' dir='ltr'><strong>cap.</strong></span> <span class='ocrx_word' id='word_1_319' title='bbox 1069 2484 1141 2524; x_wconf 88' lang='lat' dir='ltr'><strong>tv.</strong></span> <span class='ocrx_word' id='word_1_320' title='bbox 1184 2470 1340 2536; x_wconf 72' lang='lat' dir='ltr'><strong>Sa-pe</strong></span> <span class='ocrx_word' id='word_1_321' title='bbox 1375 2468 1517 2536; x_wconf 89' lang='lat' dir='ltr'><strong>apud</strong></span> <span class='ocrx_word' id='word_1_322' title='bbox 1550 2476 1801 2522; x_wconf 88' lang='lat' dir='ltr'><strong>auctores</strong></span> <span class='ocrx_word' id='word_1_323' title='bbox 1829 2467 2065 2521; x_wconf 86' lang='lat' dir='ltr'><strong>occurrit</strong></span> 
     </span>
    </p>
   </div>
   <div class='ocr_carea' id='block_1_43' title="bbox 480 2556 2061 2630">
    <p class='ocr_par' dir='ltr' id='par_1_43' title="bbox 480 2556 2061 2630">
     <span class='ocr_line' id='line_1_43' title="bbox 480 2556 2061 2630; baseline -0.004 -14"><span class='ocrx_word' id='word_1_324' title='bbox 480 2559 553 2616; x_wconf 68' lang='lat' dir='ltr'><strong>1E</strong></span> <span class='ocrx_word' id='word_1_325' title='bbox 559 2569 681 2630; x_wconf 76' lang='lat' dir='ltr'><strong>gypt</strong></span> <span class='ocrx_word' id='word_1_326' title='bbox 722 2578 744 2612; x_wconf 76' lang='grc' dir='ltr'><em>ε</em></span> <span class='ocrx_word' id='word_1_327' title='bbox 773 2560 985 2628; x_wconf 78' lang='lat' dir='ltr'><strong>inferior</strong></span> <span class='ocrx_word' id='word_1_328' title='bbox 1013 2568 1067 2614; x_wconf 86' lang='lat' dir='ltr'><strong>et</strong></span> <span class='ocrx_word' id='word_1_329' title='bbox 1087 2561 1335 2629; x_wconf 78' lang='lat' dir='ltr'><strong>superior.</strong></span> <span class='ocrx_word' id='word_1_330' title='bbox 1364 2559 1633 2622; x_wconf 86' lang='lat' dir='ltr'><strong>Socrates,</strong></span> <span class='ocrx_word' id='word_1_331' title='bbox 1664 2558 1755 2613; x_wconf 90' lang='lat' dir='ltr'><strong>lib.</strong></span> <span class='ocrx_word' id='word_1_332' title='bbox 1788 2573 1860 2623; x_wconf 85' lang='lat' dir='ltr'><strong>tv,</strong></span> <span class='ocrx_word' id='word_1_333' title='bbox 1885 2572 1932 2611; x_wconf 86' lang='lat' dir='ltr'><strong>c.</strong></span> <span class='ocrx_word' id='word_1_334' title='bbox 1974 2556 2061 2622; x_wconf 73' lang='grc'><strong>18,</strong></span> 
     </span>
    </p>
   </div>
   <div class='ocr_carea' id='block_1_44' title="bbox 485 2649 2063 2719">
    <p class='ocr_par' dir='ltr' id='par_1_44' title="bbox 485 2649 2063 2719">
     <span class='ocr_line' id='line_1_44' title="bbox 485 2649 2063 2719; baseline -0.001 -14"><span class='ocrx_word' id='word_1_335' title='bbox 485 2649 774 2719; x_wconf 63' lang='grc' dir='ltr'><strong><em>Λῦεγριιιιιι</em></strong></span> <span class='ocrx_word' id='word_1_336' title='bbox 825 2650 1160 2718; x_wconf 88' lang='lat' dir='ltr'><strong>superiorem</strong></span> <span class='ocrx_word' id='word_1_337' title='bbox 1212 2649 1433 2718; x_wconf 91' lang='lat' dir='ltr'><strong>opponit</strong></span> <span class='ocrx_word' id='word_1_338' title='bbox 1477 2649 1839 2703; x_wconf 61' lang='lat' dir='ltr'><strong>Alexandrina.</strong></span> <span class='ocrx_word' id='word_1_339' title='bbox 1884 2658 2063 2718; x_wconf 84' lang='lat' dir='ltr'><strong>Agens</strong></span> 
     </span>
    </p>
   </div>
   <div class='ocr_carea' id='block_1_45' title="bbox 482 2739 2065 2813">
    <p class='ocr_par' dir='ltr' id='par_1_45' title="bbox 482 2739 2065 2813">
     <span class='ocr_line' id='line_1_45' title="bbox 482 2739 2065 2813; baseline 0.002 -21"><span class='ocrx_word' id='word_1_340' title='bbox 482 2742 624 2793; x_wconf 92' lang='lat' dir='ltr'><strong>enim</strong></span> <span class='ocrx_word' id='word_1_341' title='bbox 666 2742 733 2793; x_wconf 85' lang='lat' dir='ltr'><strong>de</strong></span> <span class='ocrx_word' id='word_1_342' title='bbox 778 2740 985 2795; x_wconf 87' lang='lat' dir='ltr'><strong>duobus</strong></span> <span class='ocrx_word' id='word_1_343' title='bbox 1018 2741 1262 2796; x_wconf 81' lang='lat' dir='ltr'><strong>Macariis</strong></span> <span class='ocrx_word' id='word_1_344' title='bbox 1289 2743 1363 2796; x_wconf 88' lang='lat' dir='ltr'><strong>ait</strong></span> <span class='ocrx_word' id='word_1_345' title='bbox 1390 2758 1405 2796; x_wconf 90' lang='lat'><strong>:</strong></span> <span class='ocrx_word' id='word_1_346' title='bbox 1436 2739 1527 2795; x_wconf 70' lang='grc' dir='ltr'>ὀν</span> <span class='ocrx_word' id='word_1_347' title='bbox 1560 2742 1584 2796; x_wconf 86' lang='grc' dir='ltr'>ὁ</span> <span class='ocrx_word' id='word_1_348' title='bbox 1627 2745 1714 2813; x_wconf 81' lang='grc' dir='ltr'><strong>μὲν</strong></span> <span class='ocrx_word' id='word_1_349' title='bbox 1745 2743 1797 2795; x_wconf 78' lang='grc' dir='ltr'><strong>ἐκ</strong></span> <span class='ocrx_word' id='word_1_350' title='bbox 1826 2749 1919 2803; x_wconf 82' lang='grc' dir='ltr'><strong>τῆς·</strong></span> <span class='ocrx_word' id='word_1_351' title='bbox 1960 2739 2065 2795; x_wconf 79' lang='grc' dir='ltr'><strong>ἄνω</strong></span> 
     </span>
    </p>
   </div>
   <div class='ocr_carea' id='block_1_46' title="bbox 482 2831 2062 2912">
    <p class='ocr_par' dir='ltr' id='par_1_46' title="bbox 482 2831 2062 2912">
     <span class='ocr_line' id='line_1_46' title="bbox 482 2831 2062 2912; baseline 0.001 -25"><span class='ocrx_word' id='word_1_352' title='bbox 482 2836 740 2906; x_wconf 72' lang='grc' dir='ltr'><strong>Αἰγύπτου</strong></span> <span class='ocrx_word' id='word_1_353' title='bbox 771 2831 848 2891; x_wconf 72' lang='grc' dir='ltr'><strong>ἦν’</strong></span> <span class='ocrx_word' id='word_1_354' title='bbox 877 2832 902 2887; x_wconf 86' lang='grc' dir='ltr'>ὁ</span> <span class='ocrx_word' id='word_1_355' title='bbox 932 2831 985 2888; x_wconf 82' lang='grc' dir='ltr'><strong>δὲ</strong></span> <span class='ocrx_word' id='word_1_356' title='bbox 1007 2834 1059 2887; x_wconf 75' lang='grc' dir='ltr'><strong>ἐκ</strong></span> <span class='ocrx_word' id='word_1_357' title='bbox 1086 2842 1179 2893; x_wconf 80' lang='grc' dir='ltr'><strong>τῆς</strong></span> <span class='ocrx_word' id='word_1_358' title='bbox 1205 2832 1574 2912; x_wconf 75' lang='grc' dir='ltr'><strong>’Δλιξανόριίων</strong></span> <span class='ocrx_word' id='word_1_359' title='bbox 1600 2835 1791 2895; x_wconf 78' lang='grc' dir='ltr'><strong>πόλεως</strong></span> <span class='ocrx_word' id='word_1_360' title='bbox 1817 2851 1828 2886; x_wconf 89' lang='lat'>:</span> <span class='ocrx_word' id='word_1_361' title='bbox 1866 2852 1884 2885; x_wconf 77' lang='grc' dir='ltr'><strong>ι</strong></span> <span class='ocrx_word' id='word_1_362' title='bbox 1911 2834 2062 2900; x_wconf 86' lang='lat' dir='ltr'><strong>Quo-</strong></span> 
     </span>
    </p>
   </div>
   <div class='ocr_carea' id='block_1_47' title="bbox 485 2924 2065 2996">
    <p class='ocr_par' dir='ltr' id='par_1_47' title="bbox 485 2924 2065 2996">
     <span class='ocr_line' id='line_1_47' title="bbox 485 2924 2065 2996; baseline 0.001 -18"><span class='ocrx_word' id='word_1_363' title='bbox 485 2940 602 2978; x_wconf 87' lang='lat' dir='ltr'><strong>rum</strong></span> <span class='ocrx_word' id='word_1_364' title='bbox 622 2926 757 2978; x_wconf 89' lang='lat' dir='ltr'><strong>alter</strong></span> <span class='ocrx_word' id='word_1_365' title='bbox 774 2940 839 2979; x_wconf 85' lang='lat' dir='ltr'><strong>ex</strong></span> <span class='ocrx_word' id='word_1_366' title='bbox 866 2924 1145 2994; x_wconf 89' lang='lat' dir='ltr'><strong>superiore</strong></span> <span class='ocrx_word' id='word_1_367' title='bbox 1161 2924 1413 2996; x_wconf 65' lang='lat' dir='ltr'><strong>IEgypt0,</strong></span> <span class='ocrx_word' id='word_1_368' title='bbox 1438 2928 1573 2981; x_wconf 86' lang='lat' dir='ltr'><strong>alter</strong></span> <span class='ocrx_word' id='word_1_369' title='bbox 1592 2942 1657 2981; x_wconf 88' lang='lat' dir='ltr'><strong>ex</strong></span> <span class='ocrx_word' id='word_1_370' title='bbox 1678 2927 1812 2982; x_wconf 77' lang='lat' dir='ltr'><strong>urbe</strong></span> <span class='ocrx_word' id='word_1_371' title='bbox 1832 2926 2065 2981; x_wconf 85' lang='lat' dir='ltr'><strong>Alexan-</strong></span> 
     </span>
    </p>
   </div>
   <div class='ocr_carea' id='block_1_48' title="bbox 483 3016 2067 3091">
    <p class='ocr_par' dir='ltr' id='par_1_48' title="bbox 483 3016 2067 3091">
     <span class='ocr_line' id='line_1_48' title="bbox 483 3016 2067 3091; baseline 0.003 -21"><span class='ocrx_word' id='word_1_372' title='bbox 483 3018 600 3071; x_wconf 84' lang='lat' dir='ltr'><strong>dria</strong></span> <span class='ocrx_word' id='word_1_373' title='bbox 629 3016 909 3073; x_wconf 59' lang='lat' dir='ltr'><strong>oriundus.</strong></span> <span class='ocrx_word' id='word_1_374' title='bbox 952 3037 969 3068; x_wconf 95' lang='lat'><strong>»</strong></span> <span class='ocrx_word' id='word_1_375' title='bbox 1010 3016 1144 3072; x_wconf 85' lang='lat' dir='ltr'><strong>Fere</strong></span> <span class='ocrx_word' id='word_1_376' title='bbox 1171 3018 1404 3073; x_wconf 86' lang='lat' dir='ltr'><strong>Thebais</strong></span> <span class='ocrx_word' id='word_1_377' title='bbox 1446 3029 1499 3074; x_wconf 87' lang='lat' dir='ltr'><strong>et</strong></span> <span class='ocrx_word' id='word_1_378' title='bbox 1537 3017 1800 3091; x_wconf 55' lang='lat' dir='ltr'><strong>(Egyptus</strong></span> <span class='ocrx_word' id='word_1_379' title='bbox 1841 3017 1980 3074; x_wconf 88' lang='lat' dir='ltr'><strong>inter</strong></span> <span class='ocrx_word' id='word_1_380' title='bbox 2007 3033 2067 3074; x_wconf 86' lang='lat' dir='ltr'><strong>se</strong></span> 
     </span>
    </p>
   </div>
   <div class='ocr_carea' id='block_1_49' title="bbox 484 3108 2064 3180">
    <p class='ocr_par' dir='ltr' id='par_1_49' title="bbox 484 3108 2064 3180">
     <span class='ocr_line' id='line_1_49' title="bbox 484 3108 2064 3180; baseline 0.003 -19"><span class='ocrx_word' id='word_1_381' title='bbox 484 3110 905 3179; x_wconf 84' lang='lat' dir='ltr'><strong>distinguuntur.</strong></span> <span class='ocrx_word' id='word_1_382' title='bbox 944 3108 1318 3180; x_wconf 88' lang='lat' dir='ltr'><strong>Ilierouymus,</strong></span> <span class='ocrx_word' id='word_1_383' title='bbox 1351 3111 1403 3163; x_wconf 91' lang='lat' dir='ltr'><strong>in</strong></span> <span class='ocrx_word' id='word_1_384' title='bbox 1433 3110 1549 3164; x_wconf 91' lang='lat' dir='ltr'><strong>Vita</strong></span> <span class='ocrx_word' id='word_1_385' title='bbox 1576 3110 1724 3165; x_wconf 81' lang='lat' dir='ltr'><strong>Pauli</strong></span> <span class='ocrx_word' id='word_1_386' title='bbox 1758 3110 1911 3178; x_wconf 88' lang='lat' dir='ltr'><strong>primi</strong></span> <span class='ocrx_word' id='word_1_387' title='bbox 1943 3125 2064 3165; x_wconf 87' lang='lat' dir='ltr'><strong>ere-</strong></span> 
     </span>
    </p>
   </div>
   <div class='ocr_carea' id='block_1_50' title="bbox 2173 1923 3755 1978">
    <p class='ocr_par' dir='ltr' id='par_1_50' title="bbox 2173 1923 3755 1978">
     <span class='ocr_line' id='line_1_50' title="bbox 2173 1923 3755 1978; baseline 0 -1"><span class='ocrx_word' id='word_1_388' title='bbox 2173 1924 2272 1977; x_wconf 88' lang='lat' dir='ltr'><strong>bus</strong></span> <span class='ocrx_word' id='word_1_389' title='bbox 2303 1923 2551 1978; x_wconf 78' lang='lat' dir='ltr'><strong>allectum</strong></span> <span class='ocrx_word' id='word_1_390' title='bbox 2585 1933 2639 1977; x_wconf 89' lang='lat' dir='ltr'><strong>et</strong></span> <span class='ocrx_word' id='word_1_391' title='bbox 2671 1938 2909 1977; x_wconf 86' lang='lat' dir='ltr'><strong>amorem</strong></span> <span class='ocrx_word' id='word_1_392' title='bbox 2942 1935 3129 1978; x_wconf 88' lang='lat' dir='ltr'><strong>natttra</strong></span> <span class='ocrx_word' id='word_1_393' title='bbox 3159 1923 3294 1978; x_wconf 89' lang='lat' dir='ltr'><strong>duce</strong></span> <span class='ocrx_word' id='word_1_394' title='bbox 3340 1923 3624 1977; x_wconf 84' lang='lat' dir='ltr'><strong>debemus.</strong></span> <span class='ocrx_word' id='word_1_395' title='bbox 3660 1923 3755 1976; x_wconf 52' lang='lat' dir='ltr'><strong>Ile.</strong></span> 
     </span>
    </p>
   </div>
   <div class='ocr_carea' id='block_1_51' title="bbox 2173 2013 3756 2081">
    <p class='ocr_par' dir='ltr' id='par_1_51' title="bbox 2173 2013 3756 2081">
     <span class='ocr_line' id='line_1_51' title="bbox 2173 2013 3756 2081; baseline -0.003 -12"><span class='ocrx_word' id='word_1_396' title='bbox 2173 2015 2423 2081; x_wconf 67' lang='lat' dir='ltr'><strong>raclitles,</strong></span> <span class='ocrx_word' id='word_1_397' title='bbox 2456 2031 2505 2069; x_wconf 92' lang='lat' dir='ltr'><strong>c.</strong></span> <span class='ocrx_word' id='word_1_398' title='bbox 2542 2014 2609 2067; x_wconf 71' lang='grc'><strong>54</strong></span> <span class='ocrx_word' id='word_1_399' title='bbox 2645 2032 2657 2067; x_wconf 90' lang='lat'>:</span> <span class='ocrx_word' id='word_1_400' title='bbox 2688 2034 2706 2065; x_wconf 80' lang='grc' dir='ltr'><strong>ι</strong></span> <span class='ocrx_word' id='word_1_401' title='bbox 2758 2015 2889 2069; x_wconf 82' lang='lat' dir='ltr'><strong>Nam</strong></span> <span class='ocrx_word' id='word_1_402' title='bbox 2912 2030 3032 2069; x_wconf 91' lang='lat' dir='ltr'><strong>cum</strong></span> <span class='ocrx_word' id='word_1_403' title='bbox 3065 2016 3199 2069; x_wconf 87' lang='lat' dir='ltr'><strong>adeo</strong></span> <span class='ocrx_word' id='word_1_404' title='bbox 3228 2015 3303 2067; x_wconf 90' lang='lat' dir='ltr'><strong>illi</strong></span> <span class='ocrx_word' id='word_1_405' title='bbox 3348 2015 3490 2068; x_wconf 72' lang='lat' dir='ltr'><strong>latine</strong></span> <span class='ocrx_word' id='word_1_406' title='bbox 3530 2013 3756 2081; x_wconf 74' lang='lat' dir='ltr'><strong>quodam</strong></span> 
     </span>
    </p>
   </div>
   <div class='ocr_carea' id='block_1_52' title="bbox 2173 2104 3757 2174">
    <p class='ocr_par' dir='ltr' id='par_1_52' title="bbox 2173 2104 3757 2174">
     <span class='ocr_line' id='line_1_52' title="bbox 2173 2104 3757 2174; baseline -0.001 -15"><span class='ocrx_word' id='word_1_407' title='bbox 2173 2116 2416 2174; x_wconf 88' lang='lat' dir='ltr'><strong>tempore</strong></span> <span class='ocrx_word' id='word_1_408' title='bbox 2441 2105 2769 2170; x_wconf 70' lang='lat' dir='ltr'><strong>laborarent,</strong></span> <span class='ocrx_word' id='word_1_409' title='bbox 2791 2116 2849 2160; x_wconf 93' lang='lat' dir='ltr'><strong>ut</strong></span> <span class='ocrx_word' id='word_1_410' title='bbox 2872 2108 3115 2159; x_wconf 89' lang='lat' dir='ltr'><strong>homines</strong></span> <span class='ocrx_word' id='word_1_411' title='bbox 3144 2121 3209 2159; x_wconf 88' lang='lat' dir='ltr'><strong>ne</strong></span> <span class='ocrx_word' id='word_1_412' title='bbox 3234 2104 3514 2159; x_wconf 86' lang='lat' dir='ltr'><strong>allectibus</strong></span> <span class='ocrx_word' id='word_1_413' title='bbox 3544 2106 3757 2174; x_wconf 74' lang='lat' dir='ltr'><strong>Quideiu</strong></span> 
     </span>
    </p>
   </div>
   <div class='ocr_carea' id='block_1_53' title="bbox 2169 2185 3759 2265">
    <p class='ocr_par' dir='ltr' id='par_1_53' title="bbox 2169 2185 3759 2265">
     <span class='ocr_line' id='line_1_53' title="bbox 2169 2185 3759 2265; baseline -0.001 -16"><span class='ocrx_word' id='word_1_414' title='bbox 2169 2185 2450 2265; x_wconf 78' lang='lat' dir='ltr'><strong>parcerent</strong></span> <span class='ocrx_word' id='word_1_415' title='bbox 2498 2196 2630 2250; x_wconf 89' lang='lat' dir='ltr'><strong>suis.</strong></span> <span class='ocrx_word' id='word_1_416' title='bbox 2673 2216 2690 2247; x_wconf 91' lang='lat'><strong>»</strong></span> <span class='ocrx_word' id='word_1_417' title='bbox 2724 2197 3005 2264; x_wconf 80' lang='lat' dir='ltr'><strong>Apuleius,</strong></span> <span class='ocrx_word' id='word_1_418' title='bbox 3058 2196 3126 2252; x_wconf 91' lang='lat' dir='ltr'><strong>de</strong></span> <span class='ocrx_word' id='word_1_419' title='bbox 3176 2195 3558 2264; x_wconf 81' lang='lat' dir='ltr'><strong>Philosophia:</strong></span> <span class='ocrx_word' id='word_1_420' title='bbox 3601 2215 3620 2247; x_wconf 80' lang='grc' dir='ltr'><strong>ι</strong></span> <span class='ocrx_word' id='word_1_421' title='bbox 3658 2196 3759 2251; x_wconf 81' lang='lat' dir='ltr'><strong>Nec</strong></span> 
     </span>
    </p>
   </div>
   <div class='ocr_carea' id='block_1_54' title="bbox 2166 2287 3760 2356">
    <p class='ocr_par' dir='ltr' id='par_1_54' title="bbox 2166 2287 3760 2356">
     <span class='ocr_line' id='line_1_54' title="bbox 2166 2287 3760 2356; baseline 0.001 -15"><span class='ocrx_word' id='word_1_422' title='bbox 2166 2299 2396 2356; x_wconf 82' lang='lat' dir='ltr'><strong>augetur</strong></span> <span class='ocrx_word' id='word_1_423' title='bbox 2424 2287 2762 2343; x_wconf 85' lang='lat' dir='ltr'><strong>charissimis</strong></span> <span class='ocrx_word' id='word_1_424' title='bbox 2791 2288 3012 2342; x_wconf 82' lang='lat' dir='ltr'><strong>orbatus</strong></span> <span class='ocrx_word' id='word_1_425' title='bbox 3042 2288 3343 2343; x_wconf 85' lang='lat' dir='ltr'><strong>allectibus.</strong></span> <span class='ocrx_word' id='word_1_426' title='bbox 3367 2308 3384 2340; x_wconf 91' lang='lat'><strong>»</strong></span> <span class='ocrx_word' id='word_1_427' title='bbox 3420 2289 3635 2343; x_wconf 80' lang='lat' dir='ltr'><strong>Marcus</strong></span> <span class='ocrx_word' id='word_1_428' title='bbox 3666 2292 3760 2343; x_wconf 87' lang='lat' dir='ltr'><strong>im-</strong></span> 
     </span>
    </p>
   </div>
   <div class='ocr_carea' id='block_1_55' title="bbox 2168 2379 3758 2458">
    <p class='ocr_par' dir='ltr' id='par_1_55' title="bbox 2168 2379 3758 2458">
     <span class='ocr_line' id='line_1_55' title="bbox 2168 2379 3758 2458; baseline 0 -26"><span class='ocrx_word' id='word_1_429' title='bbox 2168 2387 2383 2445; x_wconf 89' lang='lat' dir='ltr'><strong>perator</strong></span> <span class='ocrx_word' id='word_1_430' title='bbox 2414 2396 2425 2431; x_wconf 90' lang='lat'><strong>:</strong></span> <span class='ocrx_word' id='word_1_431' title='bbox 2466 2397 2485 2430; x_wconf 72' lang='grc' dir='ltr'><strong><em>ο</em></strong></span> <span class='ocrx_word' id='word_1_432' title='bbox 2520 2379 2668 2447; x_wconf 86' lang='lat' dir='ltr'><strong>Quod</strong></span> <span class='ocrx_word' id='word_1_433' title='bbox 2702 2379 2914 2434; x_wconf 88' lang='lat' dir='ltr'><strong>interim</strong></span> <span class='ocrx_word' id='word_1_434' title='bbox 2936 2396 2965 2433; x_wconf 89' lang='lat' dir='ltr'><strong>a</strong></span> <span class='ocrx_word' id='word_1_435' title='bbox 3014 2389 3067 2434; x_wconf 89' lang='lat' dir='ltr'><strong>te</strong></span> <span class='ocrx_word' id='word_1_436' title='bbox 3094 2380 3353 2458; x_wconf 80' lang='lat' dir='ltr'><strong>publicari</strong></span> <span class='ocrx_word' id='word_1_437' title='bbox 3385 2380 3539 2443; x_wconf 89' lang='lat' dir='ltr'><strong>nolo,</strong></span> <span class='ocrx_word' id='word_1_438' title='bbox 3575 2396 3643 2433; x_wconf 90' lang='lat' dir='ltr'><strong>ne</strong></span> <span class='ocrx_word' id='word_1_439' title='bbox 3671 2391 3758 2432; x_wconf 90' lang='lat' dir='ltr'><strong>aut</strong></span> 
     </span>
    </p>
   </div>
   <div class='ocr_carea' id='block_1_56' title="bbox 2168 2468 3758 2540">
    <p class='ocr_par' dir='ltr' id='par_1_56' title="bbox 2168 2468 3758 2540">
     <span class='ocr_line' id='line_1_56' title="bbox 2168 2468 3758 2540; baseline 0.001 -19"><span class='ocrx_word' id='word_1_440' title='bbox 2168 2468 2235 2522; x_wconf 87' lang='lat' dir='ltr'><strong>ad</strong></span> <span class='ocrx_word' id='word_1_441' title='bbox 2269 2471 2440 2539; x_wconf 83' lang='lat' dir='ltr'><strong>ipSttm</strong></span> <span class='ocrx_word' id='word_1_442' title='bbox 2475 2470 2765 2538; x_wconf 86' lang='lat' dir='ltr'><strong>Papirium.</strong></span> <span class='ocrx_word' id='word_1_443' title='bbox 2805 2481 2897 2526; x_wconf 91' lang='lat' dir='ltr'><strong>aut</strong></span> <span class='ocrx_word' id='word_1_444' title='bbox 2945 2469 3011 2524; x_wconf 89' lang='lat' dir='ltr'><strong>ad</strong></span> <span class='ocrx_word' id='word_1_445' title='bbox 3038 2470 3155 2540; x_wconf 83' lang='lat' dir='ltr'><strong>ejus</strong></span> <span class='ocrx_word' id='word_1_446' title='bbox 3176 2471 3397 2525; x_wconf 74' lang='lat' dir='ltr'><strong>allectus</strong></span> <span class='ocrx_word' id='word_1_447' title='bbox 3423 2472 3758 2539; x_wconf 86' lang='lat' dir='ltr'><strong>perveniat.»</strong></span> 
     </span>
    </p>
   </div>
   <div class='ocr_carea' id='block_1_57' title="bbox 2172 2560 3761 2631">
    <p class='ocr_par' dir='ltr' id='par_1_57' title="bbox 2172 2560 3761 2631">
     <span class='ocr_line' id='line_1_57' title="bbox 2172 2560 3761 2631; baseline 0.001 -16"><span class='ocrx_word' id='word_1_448' title='bbox 2172 2560 2507 2631; x_wconf 85' lang='lat' dir='ltr'><strong>Capitolinus</strong></span> <span class='ocrx_word' id='word_1_449' title='bbox 2549 2561 2883 2616; x_wconf 83' lang='lat' dir='ltr'><strong>Maximino:</strong></span> <span class='ocrx_word' id='word_1_450' title='bbox 2935 2580 2953 2613; x_wconf 78' lang='grc' dir='ltr'><strong>ι</strong></span> <span class='ocrx_word' id='word_1_451' title='bbox 3002 2561 3280 2616; x_wconf 85' lang='lat' dir='ltr'><strong>Timentes</strong></span> <span class='ocrx_word' id='word_1_452' title='bbox 3330 2562 3494 2631; x_wconf 84' lang='lat' dir='ltr'><strong>igitur</strong></span> <span class='ocrx_word' id='word_1_453' title='bbox 3545 2560 3761 2623; x_wconf 85' lang='lat' dir='ltr'><strong>milites.</strong></span> 
     </span>
    </p>
   </div>
   <div class='ocr_carea' id='block_1_58' title="bbox 2167 2652 3756 2721">
    <p class='ocr_par' dir='ltr' id='par_1_58' title="bbox 2167 2652 3756 2721">
     <span class='ocr_line' id='line_1_58' title="bbox 2167 2652 3756 2721; baseline 0.001 -17"><span class='ocrx_word' id='word_1_454' title='bbox 2167 2669 2393 2721; x_wconf 89' lang='lat' dir='ltr'><strong>quorum</strong></span> <span class='ocrx_word' id='word_1_455' title='bbox 2425 2654 2647 2709; x_wconf 72' lang='lat' dir='ltr'><strong>allectus</strong></span> <span class='ocrx_word' id='word_1_456' title='bbox 2677 2654 2728 2707; x_wconf 93' lang='lat' dir='ltr'><strong>in</strong></span> <span class='ocrx_word' id='word_1_457' title='bbox 2758 2653 2963 2707; x_wconf 84' lang='lat' dir='ltr'><strong>Albano</strong></span> <span class='ocrx_word' id='word_1_458' title='bbox 2992 2662 3166 2707; x_wconf 91' lang='lat' dir='ltr'><strong>erant.</strong></span> <span class='ocrx_word' id='word_1_459' title='bbox 3193 2670 3212 2703; x_wconf 95' lang='lat'><strong>»</strong></span> <span class='ocrx_word' id='word_1_460' title='bbox 3247 2652 3393 2706; x_wconf 88' lang='lat' dir='ltr'><strong>Idem</strong></span> <span class='ocrx_word' id='word_1_461' title='bbox 3425 2652 3756 2705; x_wconf 83' lang='lat' dir='ltr'><strong>Gordianis:</strong></span> 
     </span>
    </p>
   </div>
   <div class='ocr_carea' id='block_1_59' title="bbox 2174 2742 3758 2813">
    <p class='ocr_par' dir='ltr' id='par_1_59' title="bbox 2174 2742 3758 2813">
     <span class='ocr_line' id='line_1_59' title="bbox 2174 2742 3758 2813; baseline 0.001 -18"><span class='ocrx_word' id='word_1_462' title='bbox 2174 2760 2194 2795; x_wconf 76' lang='grc' dir='ltr'><strong>ι</strong></span> <span class='ocrx_word' id='word_1_463' title='bbox 2222 2742 2460 2799; x_wconf 82' lang='lat' dir='ltr'><strong>Allectus</strong></span> <span class='ocrx_word' id='word_1_464' title='bbox 2490 2760 2616 2798; x_wconf 90' lang='lat' dir='ltr'><strong>suos</strong></span> <span class='ocrx_word' id='word_1_465' title='bbox 2644 2744 2800 2799; x_wconf 90' lang='lat' dir='ltr'><strong>unice</strong></span> <span class='ocrx_word' id='word_1_466' title='bbox 2822 2743 3032 2811; x_wconf 80' lang='lat' dir='ltr'><strong>dilexit,</strong></span> <span class='ocrx_word' id='word_1_467' title='bbox 3067 2744 3236 2798; x_wconf 90' lang='lat' dir='ltr'><strong>ﬁlium</strong></span> <span class='ocrx_word' id='word_1_468' title='bbox 3259 2753 3313 2799; x_wconf 90' lang='lat' dir='ltr'><strong>et</strong></span> <span class='ocrx_word' id='word_1_469' title='bbox 3344 2755 3597 2813; x_wconf 83' lang='lat' dir='ltr'><strong>nepotem</strong></span> <span class='ocrx_word' id='word_1_470' title='bbox 3621 2744 3758 2797; x_wconf 85' lang='lat' dir='ltr'><strong>ultra</strong></span> 
     </span>
    </p>
   </div>
   <div class='ocr_carea' id='block_1_60' title="bbox 2169 2834 3761 2905">
    <p class='ocr_par' dir='ltr' id='par_1_60' title="bbox 2169 2834 3761 2905">
     <span class='ocr_line' id='line_1_60' title="bbox 2169 2834 3761 2905; baseline -0.002 -15"><span class='ocrx_word' id='word_1_471' title='bbox 2169 2851 2396 2902; x_wconf 84' lang='lat' dir='ltr'><strong>murem,</strong></span> <span class='ocrx_word' id='word_1_472' title='bbox 2434 2836 2593 2890; x_wconf 86' lang='lat' dir='ltr'><strong>ﬁliam</strong></span> <span class='ocrx_word' id='word_1_473' title='bbox 2624 2846 2677 2891; x_wconf 92' lang='lat' dir='ltr'><strong>et</strong></span> <span class='ocrx_word' id='word_1_474' title='bbox 2706 2847 2921 2905; x_wconf 86' lang='lat' dir='ltr'><strong>neptem</strong></span> <span class='ocrx_word' id='word_1_475' title='bbox 2952 2835 3221 2905; x_wconf 77' lang='lat' dir='ltr'><strong>religiose.</strong></span> <span class='ocrx_word' id='word_1_476' title='bbox 3260 2853 3280 2887; x_wconf 97' lang='lat'><strong>»</strong></span> <span class='ocrx_word' id='word_1_477' title='bbox 3310 2834 3479 2900; x_wconf 90' lang='lat' dir='ltr'><strong>Idem,</strong></span> <span class='ocrx_word' id='word_1_478' title='bbox 3513 2834 3567 2887; x_wconf 91' lang='lat' dir='ltr'><strong>in</strong></span> <span class='ocrx_word' id='word_1_479' title='bbox 3601 2835 3761 2887; x_wconf 86' lang='lat' dir='ltr'><strong>Anto-</strong></span> 
     </span>
    </p>
   </div>
   <div class='ocr_carea' id='block_1_61' title="bbox 2169 2923 3761 2996">
    <p class='ocr_par' dir='ltr' id='par_1_61' title="bbox 2169 2923 3761 2996">
     <span class='ocr_line' id='line_1_61' title="bbox 2169 2923 3761 2996; baseline -0.003 -15"><span class='ocrx_word' id='word_1_480' title='bbox 2169 2928 2297 2981; x_wconf 84' lang='lat' dir='ltr'><strong>nino</strong></span> <span class='ocrx_word' id='word_1_481' title='bbox 2343 2926 2708 2996; x_wconf 85' lang='lat' dir='ltr'><strong>philosopho:</strong></span> <span class='ocrx_word' id='word_1_482' title='bbox 2745 2945 2763 2977; x_wconf 73' lang='grc' dir='ltr'><strong>ι</strong></span> <span class='ocrx_word' id='word_1_483' title='bbox 2798 2926 3104 2982; x_wconf 83' lang='lat' dir='ltr'><strong>Antoninus</strong></span> <span class='ocrx_word' id='word_1_484' title='bbox 3130 2924 3345 2994; x_wconf 88' lang='lat' dir='ltr'><strong>quidem</strong></span> <span class='ocrx_word' id='word_1_485' title='bbox 3378 2939 3483 2977; x_wconf 90' lang='lat' dir='ltr'><strong>non</strong></span> <span class='ocrx_word' id='word_1_486' title='bbox 3515 2934 3603 2978; x_wconf 88' lang='lat' dir='ltr'><strong>est</strong></span> <span class='ocrx_word' id='word_1_487' title='bbox 3638 2923 3761 2978; x_wconf 73' lang='lat' dir='ltr'><strong>satis</strong></span> 
     </span>
    </p>
   </div>
   <div class='ocr_carea' id='block_1_62' title="bbox 2170 3015 3757 3086">
    <p class='ocr_par' dir='ltr' id='par_1_62' title="bbox 2170 3015 3757 3086">
     <span class='ocr_line' id='line_1_62' title="bbox 2170 3015 3757 3086; baseline -0.004 -13"><span class='ocrx_word' id='word_1_488' title='bbox 2170 3028 2348 3074; x_wconf 87' lang='lat' dir='ltr'><strong>motus</strong></span> <span class='ocrx_word' id='word_1_489' title='bbox 2376 3018 2681 3073; x_wconf 79' lang='lat' dir='ltr'><strong>delectione</strong></span> <span class='ocrx_word' id='word_1_490' title='bbox 2709 3016 2901 3083; x_wconf 79' lang='lat' dir='ltr'><strong>Cassii,</strong></span> <span class='ocrx_word' id='word_1_491' title='bbox 2928 3031 3028 3072; x_wconf 88' lang='lat' dir='ltr'><strong>nec</strong></span> <span class='ocrx_word' id='word_1_492' title='bbox 3050 3018 3104 3072; x_wconf 92' lang='lat' dir='ltr'><strong>iu</strong></span> <span class='ocrx_word' id='word_1_493' title='bbox 3134 3018 3251 3086; x_wconf 83' lang='lat' dir='ltr'><strong>ejus</strong></span> <span class='ocrx_word' id='word_1_494' title='bbox 3279 3015 3502 3071; x_wconf 74' lang='lat' dir='ltr'><strong>allectus</strong></span> <span class='ocrx_word' id='word_1_495' title='bbox 3533 3016 3757 3070; x_wconf 69' lang='lat' dir='ltr'><strong>saeviit.»</strong></span> 
     </span>
    </p>
   </div>
   <div class='ocr_carea' id='block_1_63' title="bbox 2174 3106 3759 3174">
    <p class='ocr_par' dir='ltr' id='par_1_63' title="bbox 2174 3106 3759 3174">
     <span class='ocr_line' id='line_1_63' title="bbox 2174 3106 3759 3174; baseline -0.003 -10"><span class='ocrx_word' id='word_1_496' title='bbox 2174 3109 2454 3165; x_wconf 83' lang='lat' dir='ltr'><strong>Vulcatius</strong></span> <span class='ocrx_word' id='word_1_497' title='bbox 2479 3108 2804 3174; x_wconf 85' lang='lat' dir='ltr'><strong>Gallicanus,</strong></span> <span class='ocrx_word' id='word_1_498' title='bbox 2841 3109 2892 3164; x_wconf 93' lang='lat' dir='ltr'><strong>in</strong></span> <span class='ocrx_word' id='word_1_499' title='bbox 2925 3107 3117 3163; x_wconf 84' lang='lat' dir='ltr'><strong>Avidio</strong></span> <span class='ocrx_word' id='word_1_500' title='bbox 3142 3106 3367 3162; x_wconf 86' lang='lat' dir='ltr'><strong>Cassio:</strong></span> <span class='ocrx_word' id='word_1_501' title='bbox 3402 3125 3421 3159; x_wconf 75' lang='grc' dir='ltr'><strong>ι</strong></span> <span class='ocrx_word' id='word_1_502' title='bbox 3453 3106 3563 3161; x_wconf 83' lang='lat' dir='ltr'><strong>Nec</strong></span> <span class='ocrx_word' id='word_1_503' title='bbox 3588 3118 3759 3160; x_wconf 74' lang='lat' dir='ltr'><strong>tamen</strong></span> 
     </span>
    </p>
   </div>
   <div class='ocr_carea' id='block_1_64' title="bbox 486 3199 3758 3273">
    <p class='ocr_par' dir='ltr' id='par_1_64' title="bbox 486 3199 3758 3273">
     <span class='ocr_line' id='line_1_64' title="bbox 486 3199 3758 3273; baseline -0.001 -20"><span class='ocrx_word' id='word_1_504' title='bbox 486 3202 630 3255; x_wconf 89' lang='lat' dir='ltr'><strong>mitae</strong></span> <span class='ocrx_word' id='word_1_505' title='bbox 661 3217 673 3252; x_wconf 93' lang='lat'><strong>:</strong></span> <span class='ocrx_word' id='word_1_506' title='bbox 709 3218 726 3250; x_wconf 76' lang='grc' dir='ltr'><strong>ι</strong></span> <span class='ocrx_word' id='word_1_507' title='bbox 764 3199 955 3255; x_wconf 77' lang='lat' dir='ltr'><strong>Multas</strong></span> <span class='ocrx_word' id='word_1_508' title='bbox 1002 3202 1140 3269; x_wconf 91' lang='lat' dir='ltr'><strong>apud</strong></span> <span class='ocrx_word' id='word_1_509' title='bbox 1170 3200 1459 3271; x_wconf 60' lang='lat' dir='ltr'><strong>[Egyptum</strong></span> <span class='ocrx_word' id='word_1_510' title='bbox 1496 3211 1551 3255; x_wconf 91' lang='lat' dir='ltr'><strong>et</strong></span> <span class='ocrx_word' id='word_1_511' title='bbox 1575 3200 1901 3256; x_wconf 83' lang='lat' dir='ltr'><strong>Thebaidem</strong></span> <span class='ocrx_word' id='word_1_512' title='bbox 1934 3211 2069 3256; x_wconf 82' lang='lat' dir='ltr'><strong>tem-</strong></span> <span class='ocrx_word' id='word_1_513' title='bbox 2095 3204 2476 3270; x_wconf 71' lang='lat' dir='ltr'><strong>CAntoninus</strong></span> <span class='ocrx_word' id='word_1_514' title='bbox 2498 3204 2729 3273; x_wconf 77' lang='lat' dir='ltr'><strong>graviter</strong></span> <span class='ocrx_word' id='word_1_515' title='bbox 2755 3210 2838 3256; x_wconf 72' lang='lat' dir='ltr'><strong>est</strong></span> <span class='ocrx_word' id='word_1_516' title='bbox 2861 3202 3028 3257; x_wconf 88' lang='lat' dir='ltr'><strong>iratus</strong></span> <span class='ocrx_word' id='word_1_517' title='bbox 3060 3201 3358 3257; x_wconf 89' lang='lat' dir='ltr'><strong>rebellione</strong></span> <span class='ocrx_word' id='word_1_518' title='bbox 3389 3199 3630 3267; x_wconf 81' lang='lat' dir='ltr'><strong>cognita,</strong></span> <span class='ocrx_word' id='word_1_519' title='bbox 3667 3213 3758 3252; x_wconf 88' lang='lat' dir='ltr'><strong>nec</strong></span> 
     </span>
    </p>
   </div>
   <div class='ocr_carea' id='block_1_65' title="bbox 486 3292 2066 3363">
    <p class='ocr_par' dir='ltr' id='par_1_65' title="bbox 486 3292 2066 3363">
     <span class='ocr_line' id='line_1_65' title="bbox 486 3292 2066 3363; baseline 0 -18"><span class='ocrx_word' id='word_1_520' title='bbox 486 3303 668 3361; x_wconf 82' lang='lat' dir='ltr'><strong>pestas</strong></span> <span class='ocrx_word' id='word_1_521' title='bbox 690 3308 828 3346; x_wconf 67' lang='lat' dir='ltr'><strong>satva</strong></span> <span class='ocrx_word' id='word_1_522' title='bbox 860 3292 1108 3361; x_wconf 88' lang='lat' dir='ltr'><strong>populata</strong></span> <span class='ocrx_word' id='word_1_523' title='bbox 1133 3301 1236 3347; x_wconf 88' lang='lat' dir='ltr'><strong>est.</strong></span> <span class='ocrx_word' id='word_1_524' title='bbox 1266 3313 1284 3344; x_wconf 93' lang='lat'><strong>»</strong></span> <span class='ocrx_word' id='word_1_525' title='bbox 1318 3293 1578 3363; x_wconf 74' lang='lat' dir='ltr'><strong>AZgyptus</strong></span> <span class='ocrx_word' id='word_1_526' title='bbox 1602 3294 1845 3347; x_wconf 86' lang='lat' dir='ltr'><strong>absolute</strong></span> <span class='ocrx_word' id='word_1_527' title='bbox 1871 3293 2066 3361; x_wconf 82' lang='lat' dir='ltr'><strong>posita,</strong></span> 
     </span>
    </p>
   </div>
   <div class='ocr_carea' id='block_1_66' title="bbox 486 3385 2068 3455">
    <p class='ocr_par' dir='ltr' id='par_1_66' title="bbox 486 3385 2068 3455">
     <span class='ocr_line' id='line_1_66' title="bbox 486 3385 2068 3455; baseline 0.001 -18"><span class='ocrx_word' id='word_1_528' title='bbox 486 3386 571 3439; x_wconf 78' lang='lat' dir='ltr'><strong>vel</strong></span> <span class='ocrx_word' id='word_1_529' title='bbox 602 3395 763 3439; x_wconf 89' lang='lat' dir='ltr'><strong>totam</strong></span> <span class='ocrx_word' id='word_1_530' title='bbox 793 3388 1064 3455; x_wconf 78' lang='lat' dir='ltr'><strong>regionem</strong></span> <span class='ocrx_word' id='word_1_531' title='bbox 1080 3385 1293 3455; x_wconf 60' lang='lat' dir='ltr'><strong>(Egypti</strong></span> <span class='ocrx_word' id='word_1_532' title='bbox 1317 3386 1599 3454; x_wconf 83' lang='lat' dir='ltr'><strong>signiﬁcat,</strong></span> <span class='ocrx_word' id='word_1_533' title='bbox 1633 3386 1711 3438; x_wconf 75' lang='lat' dir='ltr'><strong>Vt‘l</strong></span> <span class='ocrx_word' id='word_1_534' title='bbox 1735 3387 1897 3440; x_wconf 88' lang='lat' dir='ltr'><strong>etiam</strong></span> <span class='ocrx_word' id='word_1_535' title='bbox 1922 3386 2068 3439; x_wconf 80' lang='lat' dir='ltr'><strong>The-</strong></span> 
     </span>
    </p>
   </div>
   <div class='ocr_carea' id='block_1_67' title="bbox 488 3477 2066 3547">
    <p class='ocr_par' dir='ltr' id='par_1_67' title="bbox 488 3477 2066 3547">
     <span class='ocr_line' id='line_1_67' title="bbox 488 3477 2066 3547; baseline -0.001 -16"><span class='ocrx_word' id='word_1_536' title='bbox 488 3477 698 3531; x_wconf 89' lang='lat' dir='ltr'><strong>haidatn</strong></span> <span class='ocrx_word' id='word_1_537' title='bbox 727 3478 1157 3547; x_wconf 88' lang='lat' dir='ltr'><strong>comprehendit,</strong></span> <span class='ocrx_word' id='word_1_538' title='bbox 1184 3479 1266 3532; x_wconf 85' lang='lat' dir='ltr'><strong>vel</strong></span> <span class='ocrx_word' id='word_1_539' title='bbox 1298 3488 1497 3546; x_wconf 84' lang='lat' dir='ltr'><strong>partem</strong></span> <span class='ocrx_word' id='word_1_540' title='bbox 1527 3478 1643 3545; x_wconf 83' lang='lat' dir='ltr'><strong>ejus</strong></span> <span class='ocrx_word' id='word_1_541' title='bbox 1664 3477 1807 3530; x_wconf 88' lang='lat' dir='ltr'><strong>circa</strong></span> <span class='ocrx_word' id='word_1_542' title='bbox 1831 3477 2066 3531; x_wconf 83' lang='lat' dir='ltr'><strong>Alexan-</strong></span> 
     </span>
    </p>
   </div>
   <div class='ocr_carea' id='block_1_68' title="bbox 484 3570 2062 3643">
    <p class='ocr_par' dir='ltr' id='par_1_68' title="bbox 484 3570 2062 3643">
     <span class='ocr_line' id='line_1_68' title="bbox 484 3570 2062 3643; baseline 0.001 -20"><span class='ocrx_word' id='word_1_543' title='bbox 484 3572 679 3637; x_wconf 92' lang='lat' dir='ltr'><strong>driam,</strong></span> <span class='ocrx_word' id='word_1_544' title='bbox 709 3586 868 3639; x_wconf 86' lang='lat' dir='ltr'><strong>quam</strong></span> <span class='ocrx_word' id='word_1_545' title='bbox 898 3582 1088 3625; x_wconf 87' lang='lat' dir='ltr'><strong>vocant</strong></span> <span class='ocrx_word' id='word_1_546' title='bbox 1118 3571 1408 3643; x_wconf 65' lang='lat' dir='ltr'><strong>Aigyptum</strong></span> <span class='ocrx_word' id='word_1_547' title='bbox 1438 3570 1778 3632; x_wconf 83' lang='lat' dir='ltr'><strong>inferiorem;</strong></span> <span class='ocrx_word' id='word_1_548' title='bbox 1811 3572 1885 3623; x_wconf 94' lang='lat' dir='ltr'><strong>uti</strong></span> <span class='ocrx_word' id='word_1_549' title='bbox 1915 3570 2062 3624; x_wconf 85' lang='lat' dir='ltr'><strong>The-</strong></span> 
     </span>
    </p>
   </div>
   <div class='ocr_carea' id='block_1_69' title="bbox 483 3660 2070 3733">
    <p class='ocr_par' dir='ltr' id='par_1_69' title="bbox 483 3660 2070 3733">
     <span class='ocr_line' id='line_1_69' title="bbox 483 3660 2070 3733; baseline -0.001 -16"><span class='ocrx_word' id='word_1_550' title='bbox 483 3663 640 3717; x_wconf 78' lang='lat' dir='ltr'><strong>baida</strong></span> <span class='ocrx_word' id='word_1_551' title='bbox 670 3673 862 3718; x_wconf 87' lang='lat' dir='ltr'><strong>vocant</strong></span> <span class='ocrx_word' id='word_1_552' title='bbox 890 3663 1222 3731; x_wconf 83' lang='lat' dir='ltr'><strong>superiorem</strong></span> <span class='ocrx_word' id='word_1_553' title='bbox 1256 3661 1567 3733; x_wconf 64' lang='lat' dir='ltr'><strong>Egyptum.</strong></span> <span class='ocrx_word' id='word_1_554' title='bbox 1606 3660 1928 3714; x_wconf 75' lang='lat' dir='ltr'><strong>Ptoletureus</strong></span> <span class='ocrx_word' id='word_1_555' title='bbox 1955 3703 1968 3726; x_wconf 93' lang='lat'><strong>,</strong></span> <span class='ocrx_word' id='word_1_556' title='bbox 2003 3661 2070 3716; x_wconf 91' lang='lat' dir='ltr'><strong>de</strong></span> 
     </span>
    </p>
   </div>
   <div class='ocr_carea' id='block_1_70' title="bbox 484 3751 2064 3821">
    <p class='ocr_par' dir='ltr' id='par_1_70' title="bbox 484 3751 2064 3821">
     <span class='ocr_line' id='line_1_70' title="bbox 484 3751 2064 3821; baseline -0.003 -13"><span class='ocrx_word' id='word_1_557' title='bbox 484 3752 633 3808; x_wconf 87' lang='lat' dir='ltr'><strong>Delta</strong></span> <span class='ocrx_word' id='word_1_558' title='bbox 678 3765 731 3809; x_wconf 89' lang='lat' dir='ltr'><strong>et</strong></span> <span class='ocrx_word' id='word_1_559' title='bbox 782 3754 957 3809; x_wconf 91' lang='lat' dir='ltr'><strong>ﬂuviis</strong></span> <span class='ocrx_word' id='word_1_560' title='bbox 1001 3753 1139 3809; x_wconf 87' lang='lat' dir='ltr'><strong>circa</strong></span> <span class='ocrx_word' id='word_1_561' title='bbox 1196 3754 1344 3809; x_wconf 90' lang='lat' dir='ltr'><strong>Delta</strong></span> <span class='ocrx_word' id='word_1_562' title='bbox 1397 3755 1450 3806; x_wconf 92' lang='lat' dir='ltr'><strong>in</strong></span> <span class='ocrx_word' id='word_1_563' title='bbox 1499 3751 1759 3807; x_wconf 81' lang='lat' dir='ltr'><strong>inferiore</strong></span> <span class='ocrx_word' id='word_1_564' title='bbox 1790 3751 2064 3821; x_wconf 63' lang='lat' dir='ltr'><strong>[Egyptoz</strong></span> 
     </span>
    </p>
   </div>
   <div class='ocr_carea' id='block_1_71' title="bbox 483 3846 2072 3924">
    <p class='ocr_par' dir='ltr' id='par_1_71' title="bbox 483 3846 2072 3924">
     <span class='ocr_line' id='line_1_71' title="bbox 483 3846 2072 3924; baseline -0.001 -22"><span class='ocrx_word' id='word_1_565' title='bbox 483 3848 716 3903; x_wconf 67' lang='grc' dir='ltr'><strong>Καλεῐται</strong></span> <span class='ocrx_word' id='word_1_566' title='bbox 740 3846 794 3904; x_wconf 84' lang='grc' dir='ltr'><strong>δέ</strong></span> <span class='ocrx_word' id='word_1_567' title='bbox 817 3856 994 3909; x_wconf 79' lang='grc' dir='ltr'><strong>κοινῶς</strong></span> <span class='ocrx_word' id='word_1_568' title='bbox 1015 3850 1045 3906; x_wconf 75' lang='grc' dir='ltr'>ἡ</span> <span class='ocrx_word' id='word_1_569' title='bbox 1067 3851 1186 3924; x_wconf 75' lang='grc' dir='ltr'><strong>περὶ</strong></span> <span class='ocrx_word' id='word_1_570' title='bbox 1203 3852 1420 3908; x_wconf 81' lang='grc' dir='ltr'><strong>τούτους</strong></span> <span class='ocrx_word' id='word_1_571' title='bbox 1456 3849 1578 3907; x_wconf 78' lang='grc' dir='ltr'><strong>τοὺς</strong></span> <span class='ocrx_word' id='word_1_572' title='bbox 1618 3848 1884 3919; x_wconf 75' lang='grc' dir='ltr'><strong>ποταμοὺς</strong></span> <span class='ocrx_word' id='word_1_573' title='bbox 1918 3850 2072 3921; x_wconf 81' lang='grc' dir='ltr'><strong>χώρα</strong></span> 
     </span>
    </p>
   </div>
   <div class='ocr_carea' id='block_1_72' title="bbox 484 3936 2068 4005">
    <p class='ocr_par' dir='ltr' id='par_1_72' title="bbox 484 3936 2068 4005">
     <span class='ocr_line' id='line_1_72' title="bbox 484 3936 2068 4005; baseline -0.002 -14"><span class='ocrx_word' id='word_1_574' title='bbox 484 3942 656 3994; x_wconf 64' lang='lat' dir='ltr'><strong>xm»:</strong></span> <span class='ocrx_word' id='word_1_575' title='bbox 694 3957 712 3990; x_wconf 80' lang='grc' dir='ltr'><strong>ι</strong></span> <span class='ocrx_word' id='word_1_576' title='bbox 749 3938 981 3993; x_wconf 79' lang='lat' dir='ltr'><strong>Vocatur</strong></span> <span class='ocrx_word' id='word_1_577' title='bbox 1028 3949 1201 3994; x_wconf 88' lang='lat' dir='ltr'><strong>autem</strong></span> <span class='ocrx_word' id='word_1_578' title='bbox 1246 3940 1517 3993; x_wconf 86' lang='lat' dir='ltr'><strong>communi</strong></span> <span class='ocrx_word' id='word_1_579' title='bbox 1574 3937 1842 3991; x_wconf 89' lang='lat' dir='ltr'><strong>vocabulo</strong></span> <span class='ocrx_word' id='word_1_580' title='bbox 1891 3936 2068 4005; x_wconf 83' lang='lat' dir='ltr'><strong>regio,</strong></span> 
     </span>
    </p>
   </div>
   <div class='ocr_carea' id='block_1_73' title="bbox 485 4030 2074 4099">
    <p class='ocr_par' dir='ltr' id='par_1_73' title="bbox 485 4030 2074 4099">
     <span class='ocr_line' id='line_1_73' title="bbox 485 4030 2074 4099; baseline -0.001 -15"><span class='ocrx_word' id='word_1_581' title='bbox 485 4049 607 4099; x_wconf 75' lang='lat' dir='ltr'><strong>ane</strong></span> <span class='ocrx_word' id='word_1_582' title='bbox 633 4034 775 4088; x_wconf 92' lang='lat' dir='ltr'><strong>circa</strong></span> <span class='ocrx_word' id='word_1_583' title='bbox 795 4033 893 4088; x_wconf 89' lang='lat' dir='ltr'><strong>bos</strong></span> <span class='ocrx_word' id='word_1_584' title='bbox 920 4042 1005 4087; x_wconf 90' lang='lat' dir='ltr'><strong>est</strong></span> <span class='ocrx_word' id='word_1_585' title='bbox 1033 4031 1242 4097; x_wconf 88' lang='lat' dir='ltr'><strong>ﬂuvios,</strong></span> <span class='ocrx_word' id='word_1_586' title='bbox 1276 4032 1517 4087; x_wconf 78' lang='lat' dir='ltr'><strong>inferior.</strong></span> <span class='ocrx_word' id='word_1_587' title='bbox 1555 4051 1573 4083; x_wconf 92' lang='lat'><strong>»</strong></span> <span class='ocrx_word' id='word_1_588' title='bbox 1610 4032 1678 4085; x_wconf 82' lang='lat' dir='ltr'><strong>Et</strong></span> <span class='ocrx_word' id='word_1_589' title='bbox 1704 4033 1770 4085; x_wconf 90' lang='lat' dir='ltr'><strong>de</strong></span> <span class='ocrx_word' id='word_1_590' title='bbox 1792 4030 2074 4098; x_wconf 86' lang='lat' dir='ltr'><strong>superiore</strong></span> 
     </span>
    </p>
   </div>
   <div class='ocr_carea' id='block_1_74' title="bbox 490 4123 2074 4199">
    <p class='ocr_par' dir='ltr' id='par_1_74' title="bbox 490 4123 2074 4199">
     <span class='ocr_line' id='line_1_74' title="bbox 490 4123 2074 4199; baseline -0.001 -23"><span class='ocrx_word' id='word_1_591' title='bbox 490 4133 676 4190; x_wconf 87' lang='lat' dir='ltr'><strong>parte,</strong></span> <span class='ocrx_word' id='word_1_592' title='bbox 708 4138 805 4177; x_wconf 89' lang='lat' dir='ltr'><strong>seu</strong></span> <span class='ocrx_word' id='word_1_593' title='bbox 842 4124 1151 4179; x_wconf 78' lang='lat' dir='ltr'><strong>Thebaide:</strong></span> <span class='ocrx_word' id='word_1_594' title='bbox 1183 4127 1257 4178; x_wconf 82' lang='grc' dir='ltr'><strong>Τὰ</strong></span> <span class='ocrx_word' id='word_1_595' title='bbox 1291 4124 1344 4179; x_wconf 81' lang='grc' dir='ltr'><strong>δὲ</strong></span> <span class='ocrx_word' id='word_1_596' title='bbox 1383 4123 1466 4179; x_wconf 72' lang='grc' dir='ltr'><strong>ἔτι</strong></span> <span class='ocrx_word' id='word_1_597' title='bbox 1495 4125 1929 4199; x_wconf 74' lang='grc' dir='ltr'><strong>μεσημϐριὼτερα</strong></span> <span class='ocrx_word' id='word_1_598' title='bbox 1972 4131 2074 4177; x_wconf 79' lang='grc' dir='ltr'><strong>τῶν</strong></span> 
     </span>
    </p>
   </div>
   <div class='ocr_carea' id='block_1_75' title="bbox 484 4212 2076 4288">
    <p class='ocr_par' dir='ltr' id='par_1_75' title="bbox 484 4212 2076 4288">
     <span class='ocr_line' id='line_1_75' title="bbox 484 4212 2076 4288; baseline -0.002 -19"><span class='ocrx_word' id='word_1_599' title='bbox 484 4215 825 4288; x_wconf 80' lang='grc' dir='ltr'><strong>Ἐπτανομίων</strong></span> <span class='ocrx_word' id='word_1_600' title='bbox 862 4216 1090 4271; x_wconf 69' lang='grc' dir='ltr'><strong>καλεῖται</strong></span> <span class='ocrx_word' id='word_1_601' title='bbox 1127 4214 1356 4284; x_wconf 73' lang='grc' dir='ltr'><strong>Θηϐαῒς,</strong></span> <span class='ocrx_word' id='word_1_602' title='bbox 1403 4216 1486 4269; x_wconf 72' lang='grc' dir='ltr'><strong>καὶ</strong></span> <span class='ocrx_word' id='word_1_603' title='bbox 1528 4212 1630 4269; x_wconf 81' lang='grc' dir='ltr'><strong>ἅνω</strong></span> <span class='ocrx_word' id='word_1_604' title='bbox 1673 4215 1854 4269; x_wconf 80' lang='grc' dir='ltr'><strong>τόποι;</strong></span> <span class='ocrx_word' id='word_1_605' title='bbox 1890 4232 1909 4265; x_wconf 76' lang='grc' dir='ltr'><strong>ι</strong></span> <span class='ocrx_word' id='word_1_606' title='bbox 1944 4217 2076 4278; x_wconf 68' lang='lat' dir='ltr'><strong>Qum</strong></span> 
     </span>
    </p>
   </div>
   <div class='ocr_carea' id='block_1_76' title="bbox 484 4310 2072 4378">
    <p class='ocr_par' dir='ltr' id='par_1_76' title="bbox 484 4310 2072 4378">
     <span class='ocr_line' id='line_1_76' title="bbox 484 4310 2072 4378; baseline 0.002 -18"><span class='ocrx_word' id='word_1_607' title='bbox 484 4320 661 4365; x_wconf 86' lang='lat' dir='ltr'><strong>autem</strong></span> <span class='ocrx_word' id='word_1_608' title='bbox 691 4311 864 4365; x_wconf 85' lang='lat' dir='ltr'><strong>adhuc</strong></span> <span class='ocrx_word' id='word_1_609' title='bbox 889 4310 1204 4365; x_wconf 88' lang='lat' dir='ltr'><strong>australiora</strong></span> <span class='ocrx_word' id='word_1_610' title='bbox 1240 4310 1589 4378; x_wconf 88' lang='lat' dir='ltr'><strong>Ileptanomis</strong></span> <span class='ocrx_word' id='word_1_611' title='bbox 1618 4319 1778 4374; x_wconf 91' lang='lat' dir='ltr'><strong>sunt,</strong></span> <span class='ocrx_word' id='word_1_612' title='bbox 1811 4320 2072 4364; x_wconf 89' lang='lat' dir='ltr'><strong>vocantur</strong></span> 
     </span>
    </p>
   </div>
   <div class='ocr_carea' id='block_1_77' title="bbox 484 4400 2073 4471">
    <p class='ocr_par' dir='ltr' id='par_1_77' title="bbox 484 4400 2073 4471">
     <span class='ocr_line' id='line_1_77' title="bbox 484 4400 2073 4471; baseline 0.001 -16"><span class='ocrx_word' id='word_1_613' title='bbox 484 4400 753 4466; x_wconf 87' lang='lat' dir='ltr'><strong>Thebais,</strong></span> <span class='ocrx_word' id='word_1_614' title='bbox 784 4410 839 4456; x_wconf 90' lang='lat' dir='ltr'><strong>et</strong></span> <span class='ocrx_word' id='word_1_615' title='bbox 876 4403 987 4456; x_wconf 88' lang='lat' dir='ltr'><strong>loca</strong></span> <span class='ocrx_word' id='word_1_616' title='bbox 1020 4401 1317 4471; x_wconf 86' lang='lat' dir='ltr'><strong>superiora.</strong></span> <span class='ocrx_word' id='word_1_617' title='bbox 1357 4421 1374 4453; x_wconf 94' lang='lat'><strong>»</strong></span> <span class='ocrx_word' id='word_1_618' title='bbox 1409 4402 1674 4471; x_wconf 64' lang='lat' dir='ltr'><strong>Regiones</strong></span> <span class='ocrx_word' id='word_1_619' title='bbox 1713 4410 1770 4455; x_wconf 90' lang='lat' dir='ltr'><strong>et</strong></span> <span class='ocrx_word' id='word_1_620' title='bbox 1808 4402 2073 4457; x_wconf 81' lang='lat' dir='ltr'><strong>dioeceses</strong></span> 
     </span>
    </p>
   </div>
   <div class='ocr_carea' id='block_1_78' title="bbox 488 4491 2070 4567">
    <p class='ocr_par' dir='ltr' id='par_1_78' title="bbox 488 4491 2070 4567">
     <span class='ocr_line' id='line_1_78' title="bbox 488 4491 2070 4567; baseline 0.001 -17"><span class='ocrx_word' id='word_1_621' title='bbox 488 4491 705 4564; x_wconf 65' lang='lat' dir='ltr'><strong>Egypti</strong></span> <span class='ocrx_word' id='word_1_622' title='bbox 735 4503 791 4549; x_wconf 90' lang='lat' dir='ltr'><strong>et</strong></span> <span class='ocrx_word' id='word_1_623' title='bbox 820 4495 1107 4551; x_wconf 84' lang='lat' dir='ltr'><strong>Thebaidis</strong></span> <span class='ocrx_word' id='word_1_624' title='bbox 1134 4495 1309 4563; x_wconf 83' lang='lat' dir='ltr'><strong>colligi</strong></span> <span class='ocrx_word' id='word_1_625' title='bbox 1344 4507 1565 4565; x_wconf 87' lang='lat' dir='ltr'><strong>possunt</strong></span> <span class='ocrx_word' id='word_1_626' title='bbox 1583 4512 1649 4552; x_wconf 87' lang='lat' dir='ltr'><strong>ex</strong></span> <span class='ocrx_word' id='word_1_627' title='bbox 1672 4497 2070 4567; x_wconf 90' lang='lat' dir='ltr'><strong>subscriptione</strong></span> 
     </span>
    </p>
   </div>
   <div class='ocr_carea' id='block_1_79' title="bbox 487 4586 1288 4653">
    <p class='ocr_par' dir='ltr' id='par_1_79' title="bbox 487 4586 1288 4653">
     <span class='ocr_line' id='line_1_79' title="bbox 487 4586 1288 4653; baseline 0.001 -14"><span class='ocrx_word' id='word_1_628' title='bbox 487 4586 697 4639; x_wconf 91' lang='lat' dir='ltr'><strong>concilii</strong></span> <span class='ocrx_word' id='word_1_629' title='bbox 730 4586 936 4653; x_wconf 84' lang='lat' dir='ltr'><strong>Niceni,</strong></span> <span class='ocrx_word' id='word_1_630' title='bbox 961 4597 1015 4642; x_wconf 90' lang='lat' dir='ltr'><strong>et</strong></span> <span class='ocrx_word' id='word_1_631' title='bbox 1042 4587 1288 4641; x_wconf 90' lang='lat' dir='ltr'><strong>aliorum.</strong></span> 
     </span>
    </p>
   </div>
   <div class='ocr_carea' id='block_1_80' title="bbox 559 4676 2069 4752">
    <p class='ocr_par' dir='ltr' id='par_1_80' title="bbox 559 4676 2069 4752">
     <span class='ocr_line' id='line_1_80' title="bbox 559 4676 2069 4752; baseline 0.004 -21"><span class='ocrx_word' id='word_1_632' title='bbox 559 4676 769 4732; x_wconf 69' lang='grc' dir='ltr'><strong><em>Αἰτιιειι</em></strong></span> <span class='ocrx_word' id='word_1_633' title='bbox 809 4688 999 4735; x_wconf 90' lang='lat' dir='ltr'><strong>neutro</strong></span> <span class='ocrx_word' id='word_1_634' title='bbox 1042 4695 1259 4750; x_wconf 79' lang='lat' dir='ltr'><strong>genere.</strong></span> <span class='ocrx_word' id='word_1_635' title='bbox 1296 4681 1411 4735; x_wconf 91' lang='lat' dir='ltr'><strong>Vita</strong></span> <span class='ocrx_word' id='word_1_636' title='bbox 1455 4681 1737 4750; x_wconf 87' lang='lat' dir='ltr'><strong>Onupltrii.</strong></span> <span class='ocrx_word' id='word_1_637' title='bbox 1792 4697 1910 4752; x_wconf 89' lang='lat' dir='ltr'><strong>cap.</strong></span> <span class='ocrx_word' id='word_1_638' title='bbox 1962 4683 2069 4738; x_wconf 75' lang='lat'><strong>16:</strong></span> 
     </span>
    </p>
   </div>
   <div class='ocr_carea' id='block_1_81' title="bbox 493 4767 2073 4843">
    <p class='ocr_par' dir='ltr' id='par_1_81' title="bbox 493 4767 2073 4843">
     <span class='ocr_line' id='line_1_81' title="bbox 493 4767 2073 4843; baseline 0.006 -25"><span class='ocrx_word' id='word_1_639' title='bbox 493 4784 512 4818; x_wconf 77' lang='grc' dir='ltr'><strong>ι</strong></span> <span class='ocrx_word' id='word_1_640' title='bbox 550 4767 772 4825; x_wconf 66' lang='grc' dir='ltr'><strong><em>ΛΕιΙιοτιι</em></strong></span> <span class='ocrx_word' id='word_1_641' title='bbox 801 4772 1052 4840; x_wconf 81' lang='lat' dir='ltr'><strong>angelicis</strong></span> <span class='ocrx_word' id='word_1_642' title='bbox 1077 4772 1320 4828; x_wconf 80' lang='lat' dir='ltr'><strong>cantibus</strong></span> <span class='ocrx_word' id='word_1_643' title='bbox 1345 4776 1672 4829; x_wconf 89' lang='lat' dir='ltr'><strong>resonantia.</strong></span> <span class='ocrx_word' id='word_1_644' title='bbox 1710 4792 1728 4825; x_wconf 84' lang='lat'><strong>»</strong></span> <span class='ocrx_word' id='word_1_645' title='bbox 1756 4773 2073 4843; x_wconf 87' lang='lat' dir='ltr'><strong>Complures</strong></span> 
     </span>
    </p>
   </div>
   <div class='ocr_carea' id='block_1_82' title="bbox 489 4867 2077 4935">
    <p class='ocr_par' dir='ltr' id='par_1_82' title="bbox 489 4867 2077 4935">
     <span class='ocr_line' id='line_1_82' title="bbox 489 4867 2077 4935; baseline 0.004 -20"><span class='ocrx_word' id='word_1_646' title='bbox 489 4872 732 4918; x_wconf 74' lang='lat' dir='ltr'><strong>auctores</strong></span> <span class='ocrx_word' id='word_1_647' title='bbox 764 4867 1017 4934; x_wconf 90' lang='lat' dir='ltr'><strong>sequiore</strong></span> <span class='ocrx_word' id='word_1_648' title='bbox 1045 4882 1159 4921; x_wconf 66' lang='lat' dir='ltr'><strong>aavo</strong></span> <span class='ocrx_word' id='word_1_649' title='bbox 1187 4867 1259 4921; x_wconf 91' lang='lat' dir='ltr'><strong>ita</strong></span> <span class='ocrx_word' id='word_1_650' title='bbox 1302 4868 1473 4922; x_wconf 84' lang='lat' dir='ltr'><strong>aether</strong></span> <span class='ocrx_word' id='word_1_651' title='bbox 1512 4877 1860 4935; x_wconf 88' lang='lat' dir='ltr'><strong>usurparunt.</strong></span> <span class='ocrx_word' id='word_1_652' title='bbox 1896 4870 2077 4922; x_wconf 85' lang='lat' dir='ltr'><strong>Enno-</strong></span> 
     </span>
    </p>
   </div>
   <div class='ocr_carea' id='block_1_83' title="bbox 486 4952 2072 5035">
    <p class='ocr_par' dir='ltr' id='par_1_83' title="bbox 486 4952 2072 5035">
     <span class='ocr_line' id='line_1_83' title="bbox 486 4952 2072 5035; baseline 0.004 -29"><span class='ocrx_word' id='word_1_653' title='bbox 486 4952 611 5035; x_wconf 83' lang='lat' dir='ltr'><strong>dius</strong></span> <span class='ocrx_word' id='word_1_654' title='bbox 631 4994 645 5017; x_wconf 96' lang='lat'><strong>,</strong></span> <span class='ocrx_word' id='word_1_655' title='bbox 677 4955 771 5009; x_wconf 90' lang='lat' dir='ltr'><strong>lib.</strong></span> <span class='ocrx_word' id='word_1_656' title='bbox 800 4972 867 5021; x_wconf 88' lang='lat' dir='ltr'><strong>tt,</strong></span> <span class='ocrx_word' id='word_1_657' title='bbox 899 4959 1057 5027; x_wconf 91' lang='lat' dir='ltr'><strong>epist.</strong></span> <span class='ocrx_word' id='word_1_658' title='bbox 1091 4960 1159 5013; x_wconf 79' lang='grc'><strong>15</strong></span> <span class='ocrx_word' id='word_1_659' title='bbox 1187 4975 1200 5011; x_wconf 88' lang='lat'><strong>:</strong></span> <span class='ocrx_word' id='word_1_660' title='bbox 1239 4976 1258 5009; x_wconf 70' lang='grc' dir='ltr'>ί</span> <span class='ocrx_word' id='word_1_661' title='bbox 1294 4959 1408 5013; x_wconf 85' lang='lat' dir='ltr'><strong>Non</strong></span> <span class='ocrx_word' id='word_1_662' title='bbox 1436 4960 1512 5013; x_wconf 88' lang='lat' dir='ltr'><strong>sic</strong></span> <span class='ocrx_word' id='word_1_663' title='bbox 1544 4960 1735 5027; x_wconf 78' lang='lat' dir='ltr'><strong>pernix</strong></span> <span class='ocrx_word' id='word_1_664' title='bbox 1765 4959 1932 5013; x_wconf 64' lang='lat' dir='ltr'><strong>aether</strong></span> <span class='ocrx_word' id='word_1_665' title='bbox 1958 4969 2072 5012; x_wconf 87' lang='lat' dir='ltr'><strong>acta</strong></span> 
     </span>
    </p>
   </div>
   <div class='ocr_carea' id='block_1_84' title="bbox 492 5045 2065 5120">
    <p class='ocr_par' dir='ltr' id='par_1_84' title="bbox 492 5045 2065 5120">
     <span class='ocr_line' id='line_1_84' title="bbox 492 5045 2065 5120; baseline 0.006 -24"><span class='ocrx_word' id='word_1_666' title='bbox 492 5045 669 5098; x_wconf 74' lang='lat' dir='ltr'><strong>nervis</strong></span> <span class='ocrx_word' id='word_1_667' title='bbox 698 5048 901 5101; x_wconf 90' lang='lat' dir='ltr'><strong>arundo</strong></span> <span class='ocrx_word' id='word_1_668' title='bbox 931 5050 1247 5116; x_wconf 81' lang='lat' dir='ltr'><strong>proscindit.</strong></span> <span class='ocrx_word' id='word_1_669' title='bbox 1283 5069 1303 5102; x_wconf 89' lang='lat'><strong>»</strong></span> <span class='ocrx_word' id='word_1_670' title='bbox 1334 5049 1500 5118; x_wconf 79' lang='lat' dir='ltr'><strong>Idem,</strong></span> <span class='ocrx_word' id='word_1_671' title='bbox 1537 5052 1629 5106; x_wconf 88' lang='lat' dir='ltr'><strong>lib.</strong></span> <span class='ocrx_word' id='word_1_672' title='bbox 1664 5067 1736 5115; x_wconf 88' lang='lat' dir='ltr'><strong>vt,</strong></span> <span class='ocrx_word' id='word_1_673' title='bbox 1762 5052 1918 5120; x_wconf 91' lang='lat' dir='ltr'><strong>epist.</strong></span> <span class='ocrx_word' id='word_1_674' title='bbox 1952 5050 2021 5105; x_wconf 75' lang='lat'><strong>53</strong></span> <span class='ocrx_word' id='word_1_675' title='bbox 2051 5066 2065 5105; x_wconf 89' lang='lat'><strong>:</strong></span> 
     </span>
    </p>
   </div>
   <div class='ocr_carea' id='block_1_85' title="bbox 498 5134 2073 5196">
    <p class='ocr_par' dir='ltr' id='par_1_85' title="bbox 498 5134 2073 5196">
     <span class='ocr_line' id='line_1_85' title="bbox 498 5134 2073 5196; baseline 0.004 -11"><span class='ocrx_word' id='word_1_676' title='bbox 498 5152 516 5185; x_wconf 77' lang='grc' dir='ltr'><strong>ι</strong></span> <span class='ocrx_word' id='word_1_677' title='bbox 555 5134 784 5193; x_wconf 82' lang='lat' dir='ltr'><strong>Facilius</strong></span> <span class='ocrx_word' id='word_1_678' title='bbox 807 5141 967 5193; x_wconf 87' lang='lat' dir='ltr'><strong>credo</strong></span> <span class='ocrx_word' id='word_1_679' title='bbox 992 5154 1180 5195; x_wconf 88' lang='lat' dir='ltr'><strong>cursus</strong></span> <span class='ocrx_word' id='word_1_680' title='bbox 1210 5141 1485 5195; x_wconf 90' lang='lat' dir='ltr'><strong>ﬂuminum</strong></span> <span class='ocrx_word' id='word_1_681' title='bbox 1520 5143 1574 5195; x_wconf 90' lang='lat' dir='ltr'><strong>iu</strong></span> <span class='ocrx_word' id='word_1_682' title='bbox 1603 5142 1814 5196; x_wconf 86' lang='lat' dir='ltr'><strong>diversa</strong></span> <span class='ocrx_word' id='word_1_683' title='bbox 1855 5154 2073 5194; x_wconf 85' lang='lat' dir='ltr'><strong>revoca-</strong></span> 
     </span>
    </p>
   </div>
   <div class='ocr_carea' id='block_1_86' title="bbox 490 5223 2071 5289">
    <p class='ocr_par' dir='ltr' id='par_1_86' title="bbox 490 5223 2071 5289">
     <span class='ocr_line' id='line_1_86' title="bbox 490 5223 2071 5289; baseline 0.004 -12"><span class='ocrx_word' id='word_1_684' title='bbox 490 5223 568 5289; x_wconf 90' lang='lat' dir='ltr'><strong>ri,</strong></span> <span class='ocrx_word' id='word_1_685' title='bbox 608 5234 664 5279; x_wconf 92' lang='lat' dir='ltr'><strong>et</strong></span> <span class='ocrx_word' id='word_1_686' title='bbox 709 5227 911 5282; x_wconf 85' lang='lat' dir='ltr'><strong>relictis</strong></span> <span class='ocrx_word' id='word_1_687' title='bbox 953 5228 1272 5284; x_wconf 88' lang='lat' dir='ltr'><strong>ﬂuentorum</strong></span> <span class='ocrx_word' id='word_1_688' title='bbox 1320 5232 1585 5285; x_wconf 85' lang='lat' dir='ltr'><strong>alimoniis</strong></span> <span class='ocrx_word' id='word_1_689' title='bbox 1632 5231 1801 5285; x_wconf 68' lang='lat' dir='ltr'><strong>atther</strong></span> <span class='ocrx_word' id='word_1_690' title='bbox 1850 5245 2071 5284; x_wconf 88' lang='lat' dir='ltr'><strong>vaenum</strong></span> 
     </span>
    </p>
   </div>
   <div class='ocr_carea' id='block_1_87' title="bbox 494 5320 2069 5397">
    <p class='ocr_par' dir='ltr' id='par_1_87' title="bbox 494 5320 2069 5397">
     <span class='ocr_line' id='line_1_87' title="bbox 494 5320 2069 5397; baseline 0.006 -27"><span class='ocrx_word' id='word_1_691' title='bbox 494 5320 667 5385; x_wconf 89' lang='lat' dir='ltr'><strong>pisces</strong></span> <span class='ocrx_word' id='word_1_692' title='bbox 696 5331 967 5387; x_wconf 84' lang='lat' dir='ltr'><strong>expetere.</strong></span> <span class='ocrx_word' id='word_1_693' title='bbox 997 5342 1015 5374; x_wconf 91' lang='lat'><strong>»</strong></span> <span class='ocrx_word' id='word_1_694' title='bbox 1054 5323 1217 5389; x_wconf 88' lang='lat' dir='ltr'><strong>Idem,</strong></span> <span class='ocrx_word' id='word_1_695' title='bbox 1245 5328 1296 5379; x_wconf 95' lang='lat' dir='ltr'><strong>in</strong></span> <span class='ocrx_word' id='word_1_696' title='bbox 1324 5328 1690 5395; x_wconf 77' lang='lat' dir='ltr'><strong>Apologetico,</strong></span> <span class='ocrx_word' id='word_1_697' title='bbox 1719 5327 1786 5381; x_wconf 90' lang='lat' dir='ltr'><strong>de</strong></span> <span class='ocrx_word' id='word_1_698' title='bbox 1809 5325 2027 5397; x_wconf 83' lang='lat' dir='ltr'><strong>Synodo</strong></span> <span class='ocrx_word' id='word_1_699' title='bbox 2056 5343 2069 5380; x_wconf 92' lang='lat'><strong>:</strong></span> 
     </span>
    </p>
   </div>
   <div class='ocr_carea' id='block_1_88' title="bbox 500 5408 2072 5488">
    <p class='ocr_par' dir='ltr' id='par_1_88' title="bbox 500 5408 2072 5488">
     <span class='ocr_line' id='line_1_88' title="bbox 500 5408 2072 5488; baseline 0.008 -28"><span class='ocrx_word' id='word_1_700' title='bbox 500 5427 518 5460; x_wconf 73' lang='grc' dir='ltr'><strong>ι</strong></span> <span class='ocrx_word' id='word_1_701' title='bbox 558 5408 820 5465; x_wconf 77' lang='lat' dir='ltr'><strong>Videbunt</strong></span> <span class='ocrx_word' id='word_1_702' title='bbox 852 5414 1019 5467; x_wconf 75' lang='lat' dir='ltr'><strong>:cther</strong></span> <span class='ocrx_word' id='word_1_703' title='bbox 1050 5424 1250 5470; x_wconf 89' lang='lat' dir='ltr'><strong>tantum</strong></span> <span class='ocrx_word' id='word_1_704' title='bbox 1281 5418 1498 5473; x_wconf 90' lang='lat' dir='ltr'><strong>directis</strong></span> <span class='ocrx_word' id='word_1_705' title='bbox 1527 5433 1555 5470; x_wconf 90' lang='lat' dir='ltr'><strong>a</strong></span> <span class='ocrx_word' id='word_1_706' title='bbox 1578 5433 1637 5473; x_wconf 88' lang='lat' dir='ltr'><strong>se</strong></span> <span class='ocrx_word' id='word_1_707' title='bbox 1658 5418 1852 5488; x_wconf 86' lang='lat' dir='ltr'><strong>jaculis</strong></span> <span class='ocrx_word' id='word_1_708' title='bbox 1880 5418 2072 5473; x_wconf 89' lang='lat' dir='ltr'><strong>verbe-</strong></span> 
     </span>
    </p>
   </div>
   <div class='ocr_carea' id='block_1_89' title="bbox 493 5501 1722 5574">
    <p class='ocr_par' dir='ltr' id='par_1_89' title="bbox 493 5501 1722 5574">
     <span class='ocr_line' id='line_1_89' title="bbox 493 5501 1722 5574; baseline 0.007 -21"><span class='ocrx_word' id='word_1_709' title='bbox 493 5502 623 5554; x_wconf 90' lang='lat' dir='ltr'><strong>rari.</strong></span> <span class='ocrx_word' id='word_1_710' title='bbox 659 5520 676 5552; x_wconf 90' lang='lat'><strong>»</strong></span> <span class='ocrx_word' id='word_1_711' title='bbox 714 5501 911 5557; x_wconf 82' lang='lat' dir='ltr'><strong>Marius</strong></span> <span class='ocrx_word' id='word_1_712' title='bbox 943 5503 1125 5559; x_wconf 85' lang='lat' dir='ltr'><strong>Victor</strong></span> <span class='ocrx_word' id='word_1_713' title='bbox 1153 5507 1514 5574; x_wconf 80' lang='lat' dir='ltr'><strong>Massiliensis,</strong></span> <span class='ocrx_word' id='word_1_714' title='bbox 1548 5510 1639 5565; x_wconf 91' lang='lat' dir='ltr'><strong>lib.</strong></span> <span class='ocrx_word' id='word_1_715' title='bbox 1668 5526 1683 5564; x_wconf 93' lang='grc' dir='ltr'><strong>ι</strong></span> <span class='ocrx_word' id='word_1_716' title='bbox 1712 5526 1722 5561; x_wconf 90' lang='lat'><strong>:</strong></span> 
     </span>
    </p>
   </div>
   <div class='ocr_carea' id='block_1_90' title="bbox 554 5593 2013 5665">
    <p class='ocr_par' dir='ltr' id='par_1_90' title="bbox 554 5593 2013 5665">
     <span class='ocr_line' id='line_1_90' title="bbox 554 5593 2013 5665; baseline 0.005 -22"><span class='ocrx_word' id='word_1_717' title='bbox 554 5593 654 5665; x_wconf 56' lang='grc' dir='ltr'>εἶξα</span> <span class='ocrx_word' id='word_1_718' title='bbox 677 5598 793 5658; x_wconf 89' lang='lat' dir='ltr'><strong>quid</strong></span> <span class='ocrx_word' id='word_1_719' title='bbox 816 5606 890 5646; x_wconf 87' lang='lat' dir='ltr'><strong>est</strong></span> <span class='ocrx_word' id='word_1_720' title='bbox 913 5598 1045 5665; x_wconf 83' lang='lat' dir='ltr'><strong>quod</strong></span> <span class='ocrx_word' id='word_1_721' title='bbox 1070 5599 1275 5665; x_wconf 79' lang='lat' dir='ltr'><strong>mundus</strong></span> <span class='ocrx_word' id='word_1_722' title='bbox 1298 5608 1423 5662; x_wconf 91' lang='lat' dir='ltr'><strong>erat,</strong></span> <span class='ocrx_word' id='word_1_723' title='bbox 1444 5602 1571 5665; x_wconf 85' lang='lat' dir='ltr'><strong>quod</strong></span> <span class='ocrx_word' id='word_1_724' title='bbox 1588 5604 1749 5653; x_wconf 84' lang='lat' dir='ltr'><strong>sidera</strong></span> <span class='ocrx_word' id='word_1_725' title='bbox 1774 5608 1834 5654; x_wconf 85' lang='lat' dir='ltr'><strong>et</strong></span> <span class='ocrx_word' id='word_1_726' title='bbox 1858 5612 2013 5664; x_wconf 90' lang='lat' dir='ltr'><strong>ortus,</strong></span> 
     </span>
    </p>
   </div>
   <div class='ocr_carea' id='block_1_91' title="bbox 558 5657 1419 5726">
    <p class='ocr_par' dir='ltr' id='par_1_91' title="bbox 558 5657 1419 5726">
     <span class='ocr_line' id='line_1_91' title="bbox 558 5657 1419 5726; baseline 0.006 -20"><span class='ocrx_word' id='word_1_727' title='bbox 558 5657 861 5721; x_wconf 67' lang='lat' dir='ltr'><strong>[Etlteraque</strong></span> <span class='ocrx_word' id='word_1_728' title='bbox 886 5657 944 5709; x_wconf 73' lang='lat' dir='ltr'><strong>et</strong></span> <span class='ocrx_word' id='word_1_729' title='bbox 965 5662 1176 5709; x_wconf 84' lang='lat' dir='ltr'><strong>vitreum</strong></span> <span class='ocrx_word' id='word_1_730' title='bbox 1204 5657 1419 5726; x_wconf 69' lang='lat' dir='ltr'><strong>pelagus.</strong></span> 
     </span>
    </p>
   </div>
   <div class='ocr_carea' id='block_1_92' title="bbox 499 5739 1437 5815">
    <p class='ocr_par' dir='ltr' id='par_1_92' title="bbox 499 5739 1437 5815">
     <span class='ocr_line' id='line_1_92' title="bbox 499 5739 1437 5815; baseline 0 -18"><span class='ocrx_word' id='word_1_731' title='bbox 499 5739 660 5808; x_wconf 80' lang='lat' dir='ltr'><strong>Beda,</strong></span> <span class='ocrx_word' id='word_1_732' title='bbox 692 5744 744 5798; x_wconf 92' lang='lat' dir='ltr'><strong>in</strong></span> <span class='ocrx_word' id='word_1_733' title='bbox 779 5744 892 5799; x_wconf 89' lang='lat' dir='ltr'><strong>Vita</strong></span> <span class='ocrx_word' id='word_1_734' title='bbox 924 5742 1190 5815; x_wconf 81' lang='lat' dir='ltr'><strong>Cutnerti,</strong></span> <span class='ocrx_word' id='word_1_735' title='bbox 1219 5762 1338 5813; x_wconf 89' lang='lat' dir='ltr'><strong>cap.</strong></span> <span class='ocrx_word' id='word_1_736' title='bbox 1369 5747 1400 5801; x_wconf 85' lang='lat'><strong>9</strong></span> <span class='ocrx_word' id='word_1_737' title='bbox 1429 5765 1437 5797; x_wconf 91' lang='lat'><strong>:</strong></span> 
     </span>
    </p>
   </div>
   <div class='ocr_carea' id='block_1_93' title="bbox 1786 5800 1801 5827">
    <p class='ocr_par' dir='ltr' id='par_1_93' title="bbox 1786 5800 1801 5827">
     <span class='ocr_line' id='line_1_93' title="bbox 1786 5800 1801 5827; baseline 0 -2"><span class='ocrx_word' id='word_1_738' title='bbox 1786 5800 1801 5827; x_wconf 72' lang='grc' dir='ltr'><strong>ο</strong></span> 
     </span>
    </p>
   </div>
   <div class='ocr_carea' id='block_1_94' title="bbox 2176 3290 3758 3365">
    <p class='ocr_par' dir='ltr' id='par_1_94' title="bbox 2176 3290 3758 3365">
     <span class='ocr_line' id='line_1_94' title="bbox 2176 3290 3758 3365; baseline -0.003 -16"><span class='ocrx_word' id='word_1_739' title='bbox 2176 3296 2230 3349; x_wconf 92' lang='lat' dir='ltr'><strong>in</strong></span> <span class='ocrx_word' id='word_1_740' title='bbox 2268 3295 2385 3365; x_wconf 80' lang='lat' dir='ltr'><strong>ejus</strong></span> <span class='ocrx_word' id='word_1_741' title='bbox 2412 3294 2612 3349; x_wconf 90' lang='lat' dir='ltr'><strong>liberos</strong></span> <span class='ocrx_word' id='word_1_742' title='bbox 2640 3303 2734 3348; x_wconf 86' lang='lat' dir='ltr'><strong>aut</strong></span> <span class='ocrx_word' id='word_1_743' title='bbox 2759 3293 2979 3348; x_wconf 86' lang='lat' dir='ltr'><strong>aﬂ&#39;ectus</strong></span> <span class='ocrx_word' id='word_1_744' title='bbox 3006 3293 3196 3347; x_wconf 72' lang='lat' dir='ltr'><strong>steviit.</strong></span> <span class='ocrx_word' id='word_1_745' title='bbox 3236 3310 3255 3342; x_wconf 93' lang='lat'><strong>»</strong></span> <span class='ocrx_word' id='word_1_746' title='bbox 3294 3290 3544 3345; x_wconf 87' lang='lat' dir='ltr'><strong>Paulinus</strong></span> <span class='ocrx_word' id='word_1_747' title='bbox 3584 3290 3758 3344; x_wconf 86' lang='lat' dir='ltr'><strong>senior</strong></span> 
     </span>
    </p>
   </div>
   <div class='ocr_carea' id='block_1_95' title="bbox 2172 3382 3757 3450">
    <p class='ocr_par' dir='ltr' id='par_1_95' title="bbox 2172 3382 3757 3450">
     <span class='ocr_line' id='line_1_95' title="bbox 2172 3382 3757 3450; baseline -0.004 -9"><span class='ocrx_word' id='word_1_748' title='bbox 2172 3388 2238 3441; x_wconf 88' lang='lat' dir='ltr'><strong>ad</strong></span> <span class='ocrx_word' id='word_1_749' title='bbox 2282 3386 2503 3441; x_wconf 90' lang='lat' dir='ltr'><strong>militem</strong></span> <span class='ocrx_word' id='word_1_750' title='bbox 2529 3401 2543 3439; x_wconf 88' lang='lat'><strong>:</strong></span> <span class='ocrx_word' id='word_1_751' title='bbox 2578 3404 2596 3437; x_wconf 70' lang='grc' dir='ltr'><strong><em>ο</em></strong></span> <span class='ocrx_word' id='word_1_752' title='bbox 2626 3385 2750 3440; x_wconf 91' lang='lat' dir='ltr'><strong>Ideo</strong></span> <span class='ocrx_word' id='word_1_753' title='bbox 2781 3400 2879 3440; x_wconf 90' lang='lat' dir='ltr'><strong>nec</strong></span> <span class='ocrx_word' id='word_1_754' title='bbox 2908 3385 3191 3448; x_wconf 90' lang='lat' dir='ltr'><strong>allectum,</strong></span> <span class='ocrx_word' id='word_1_755' title='bbox 3224 3397 3323 3437; x_wconf 90' lang='lat' dir='ltr'><strong>nec</strong></span> <span class='ocrx_word' id='word_1_756' title='bbox 3350 3382 3579 3450; x_wconf 74' lang='lat' dir='ltr'><strong>patriam</strong></span> <span class='ocrx_word' id='word_1_757' title='bbox 3602 3422 3619 3445; x_wconf 93' lang='lat'><strong>,</strong></span> <span class='ocrx_word' id='word_1_758' title='bbox 3667 3395 3757 3435; x_wconf 87' lang='lat' dir='ltr'><strong>nec</strong></span> 
     </span>
    </p>
   </div>
   <div class='ocr_carea' id='block_1_96' title="bbox 2180 3473 3752 3545">
    <p class='ocr_par' dir='ltr' id='par_1_96' title="bbox 2180 3473 3752 3545">
     <span class='ocr_line' id='line_1_96' title="bbox 2180 3473 3752 3545; baseline -0.004 -12"><span class='ocrx_word' id='word_1_759' title='bbox 2180 3478 2437 3542; x_wconf 85' lang='lat' dir='ltr'><strong>honores,</strong></span> <span class='ocrx_word' id='word_1_760' title='bbox 2469 3492 2568 3531; x_wconf 92' lang='lat' dir='ltr'><strong>nec</strong></span> <span class='ocrx_word' id='word_1_761' title='bbox 2597 3477 2810 3531; x_wconf 85' lang='lat' dir='ltr'><strong>divitias</strong></span> <span class='ocrx_word' id='word_1_762' title='bbox 2838 3477 2947 3531; x_wconf 91' lang='lat' dir='ltr'><strong>Deo</strong></span> <span class='ocrx_word' id='word_1_763' title='bbox 2978 3476 3231 3545; x_wconf 60' lang='lat' dir='ltr'><strong>praeferre</strong></span> <span class='ocrx_word' id='word_1_764' title='bbox 3259 3475 3543 3531; x_wconf 86' lang='lat' dir='ltr'><strong>debemus.</strong></span> <span class='ocrx_word' id='word_1_765' title='bbox 3574 3492 3594 3527; x_wconf 91' lang='lat'><strong>»</strong></span> <span class='ocrx_word' id='word_1_766' title='bbox 3624 3473 3752 3528; x_wconf 87' lang='lat' dir='ltr'><strong>Pau-</strong></span> 
     </span>
    </p>
   </div>
   <div class='ocr_carea' id='block_1_97' title="bbox 2176 3566 3079 3638">
    <p class='ocr_par' dir='ltr' id='par_1_97' title="bbox 2176 3566 3079 3638">
     <span class='ocr_line' id='line_1_97' title="bbox 2176 3566 3079 3638; baseline -0.002 -15"><span class='ocrx_word' id='word_1_767' title='bbox 2176 3569 2316 3623; x_wconf 90' lang='lat' dir='ltr'><strong>linus</strong></span> <span class='ocrx_word' id='word_1_768' title='bbox 2345 3568 2551 3638; x_wconf 90' lang='lat' dir='ltr'><strong>junior,</strong></span> <span class='ocrx_word' id='word_1_769' title='bbox 2584 3567 2636 3621; x_wconf 90' lang='lat' dir='ltr'><strong>in</strong></span> <span class='ocrx_word' id='word_1_770' title='bbox 2665 3566 3032 3621; x_wconf 57' lang='lat' dir='ltr'><strong>Eucharistico</strong></span> <span class='ocrx_word' id='word_1_771' title='bbox 3065 3584 3079 3621; x_wconf 90' lang='lat'><strong>:</strong></span> 
     </span>
    </p>
   </div>
   <div class='ocr_carea' id='block_1_98' title="bbox 2305 3668 3409 3732">
    <p class='ocr_par' dir='ltr' id='par_1_98' title="bbox 2305 3668 3409 3732">
     <span class='ocr_line' id='line_1_98' title="bbox 2305 3668 3409 3732; baseline -0.002 -13"><span class='ocrx_word' id='word_1_772' title='bbox 2414 3669 2692 3732; x_wconf 85' lang='lat' dir='ltr'><strong>jamdudum</strong></span> <span class='ocrx_word' id='word_1_773' title='bbox 2716 3670 2904 3717; x_wconf 91' lang='lat' dir='ltr'><strong>cunctis</strong></span> <span class='ocrx_word' id='word_1_774' title='bbox 2924 3668 3182 3718; x_wconf 85' lang='lat' dir='ltr'><strong>aﬂ‘ectibus</strong></span> <span class='ocrx_word' id='word_1_775' title='bbox 3206 3681 3409 3728; x_wconf 81' lang='lat' dir='ltr'><strong>expers,</strong></span> 
     </span>
    </p>
   </div>
   <div class='ocr_carea' id='block_1_99' title="bbox 2302 3729 3630 3792">
    <p class='ocr_par' dir='ltr' id='par_1_99' title="bbox 2302 3729 3630 3792">
     <span class='ocr_line' id='line_1_99' title="bbox 2302 3729 3630 3792; baseline -0.004 -9"><span class='ocrx_word' id='word_1_776' title='bbox 2302 3729 2463 3783; x_wconf 76' lang='lat' dir='ltr'><strong>Prima</strong></span> <span class='ocrx_word' id='word_1_777' title='bbox 2487 3746 2646 3792; x_wconf 87' lang='lat' dir='ltr'><strong>socru,</strong></span> <span class='ocrx_word' id='word_1_778' title='bbox 2671 3744 2727 3779; x_wconf 86' lang='lat' dir='ltr'><strong>ac</strong></span> <span class='ocrx_word' id='word_1_779' title='bbox 2749 3739 2905 3780; x_wconf 83' lang='lat' dir='ltr'><strong>matre</strong></span> <span class='ocrx_word' id='word_1_780' title='bbox 2927 3733 3110 3780; x_wconf 87' lang='lat' dir='ltr'><strong>dehinc</strong></span> <span class='ocrx_word' id='word_1_781' title='bbox 3135 3737 3189 3780; x_wconf 87' lang='lat' dir='ltr'><strong>et</strong></span> <span class='ocrx_word' id='word_1_782' title='bbox 3211 3733 3421 3791; x_wconf 81' lang='lat' dir='ltr'><strong>conjuge</strong></span> <span class='ocrx_word' id='word_1_783' title='bbox 3443 3729 3630 3779; x_wconf 82' lang='lat' dir='ltr'><strong>functa.</strong></span> 
     </span>
    </p>
   </div>
   <div class='ocr_carea' id='block_1_100' title="bbox 2247 3813 3755 3884">
    <p class='ocr_par' dir='ltr' id='par_1_100' title="bbox 2247 3813 3755 3884">
     <span class='ocr_line' id='line_1_100' title="bbox 2247 3813 3755 3884; baseline -0.005 -13"><span class='ocrx_word' id='word_1_784' title='bbox 2247 3818 2450 3872; x_wconf 66' lang='lat' dir='ltr'><strong>Acus.</strong></span> <span class='ocrx_word' id='word_1_785' title='bbox 2503 3814 2773 3884; x_wconf 73' lang='lat' dir='ltr'><strong>Pelagius,</strong></span> <span class='ocrx_word' id='word_1_786' title='bbox 2810 3813 2992 3867; x_wconf 90' lang='lat' dir='ltr'><strong>libello</strong></span> <span class='ocrx_word' id='word_1_787' title='bbox 3018 3828 3136 3877; x_wconf 70' lang='grc' dir='ltr'><strong><em>χιιι,</em></strong></span> <span class='ocrx_word' id='word_1_788' title='bbox 3169 3829 3227 3869; x_wconf 86' lang='grc' dir='ltr'><strong><em>ιι.</em></strong></span> <span class='ocrx_word' id='word_1_789' title='bbox 3259 3813 3326 3868; x_wconf 81' lang='lat' dir='ltr'><strong>I5</strong></span> <span class='ocrx_word' id='word_1_790' title='bbox 3353 3828 3370 3868; x_wconf 90' lang='lat'><strong>:</strong></span> <span class='ocrx_word' id='word_1_791' title='bbox 3401 3822 3455 3865; x_wconf 85' lang='lat' dir='ltr'><strong>ut</strong></span> <span class='ocrx_word' id='word_1_792' title='bbox 3480 3815 3755 3879; x_wconf 72' lang='lat' dir='ltr'><strong>acciperent</strong></span> 
     </span>
    </p>
   </div>
   <div class='ocr_carea' id='block_1_101' title="bbox 2176 3905 3755 3982">
    <p class='ocr_par' dir='ltr' id='par_1_101' title="bbox 2176 3905 3755 3982">
     <span class='ocr_line' id='line_1_101' title="bbox 2176 3905 3755 3982; baseline -0.005 -18"><span class='ocrx_word' id='word_1_793' title='bbox 2176 3925 2419 3982; x_wconf 78' lang='lat' dir='ltr'><strong>agapem.</strong></span> <span class='ocrx_word' id='word_1_794' title='bbox 2451 3905 2609 3963; x_wconf 87' lang='lat' dir='ltr'><strong>Clare</strong></span> <span class='ocrx_word' id='word_1_795' title='bbox 2639 3907 2726 3961; x_wconf 91' lang='lat' dir='ltr'><strong>hic</strong></span> <span class='ocrx_word' id='word_1_796' title='bbox 2757 3920 2926 3976; x_wconf 74' lang='lat' dir='ltr'><strong>agape</strong></span> <span class='ocrx_word' id='word_1_797' title='bbox 2958 3916 3243 3975; x_wconf 91' lang='lat' dir='ltr'><strong>usurpatur</strong></span> <span class='ocrx_word' id='word_1_798' title='bbox 3274 3920 3371 3975; x_wconf 93' lang='lat' dir='ltr'><strong>pro</strong></span> <span class='ocrx_word' id='word_1_799' title='bbox 3399 3906 3755 3976; x_wconf 74' lang='lat' dir='ltr'><strong>elecmosyna,</strong></span> 
     </span>
    </p>
   </div>
   <div class='ocr_carea' id='block_1_102' title="bbox 2177 3995 3757 4070">
    <p class='ocr_par' dir='ltr' id='par_1_102' title="bbox 2177 3995 3757 4070">
     <span class='ocr_line' id='line_1_102' title="bbox 2177 3995 3757 4070; baseline -0.001 -17"><span class='ocrx_word' id='word_1_800' title='bbox 2177 4014 2271 4055; x_wconf 86' lang='lat' dir='ltr'><strong>seu</strong></span> <span class='ocrx_word' id='word_1_801' title='bbox 2297 4007 2447 4070; x_wconf 87' lang='lat' dir='ltr'><strong>parte</strong></span> <span class='ocrx_word' id='word_1_802' title='bbox 2473 3998 2673 4067; x_wconf 87' lang='lat' dir='ltr'><strong>aliqua,</strong></span> <span class='ocrx_word' id='word_1_803' title='bbox 2701 4012 2820 4066; x_wconf 77' lang='lat' dir='ltr'><strong>qua:</strong></span> <span class='ocrx_word' id='word_1_804' title='bbox 2848 4012 2911 4050; x_wconf 91' lang='lat' dir='ltr'><strong>ex</strong></span> <span class='ocrx_word' id='word_1_805' title='bbox 2944 3995 3208 4052; x_wconf 87' lang='lat' dir='ltr'><strong>charitate</strong></span> <span class='ocrx_word' id='word_1_806' title='bbox 3236 3997 3413 4066; x_wconf 81' lang='lat' dir='ltr'><strong>egenti</strong></span> <span class='ocrx_word' id='word_1_807' title='bbox 3441 3998 3624 4051; x_wconf 90' lang='lat' dir='ltr'><strong>datur.</strong></span> <span class='ocrx_word' id='word_1_808' title='bbox 3653 3998 3757 4052; x_wconf 61' lang='lat' dir='ltr'><strong>Sat»</strong></span> 
     </span>
    </p>
   </div>
   <div class='ocr_carea' id='block_1_103' title="bbox 2180 4089 3758 4165">
    <p class='ocr_par' dir='ltr' id='par_1_103' title="bbox 2180 4089 3758 4165">
     <span class='ocr_line' id='line_1_103' title="bbox 2180 4089 3758 4165; baseline -0.005 -16"><span class='ocrx_word' id='word_1_809' title='bbox 2180 4095 2302 4165; x_wconf 92' lang='lat' dir='ltr'><strong>pius</strong></span> <span class='ocrx_word' id='word_1_810' title='bbox 2336 4095 2450 4147; x_wconf 66' lang='lat' dir='ltr'><strong>haec</strong></span> <span class='ocrx_word' id='word_1_811' title='bbox 2479 4107 2582 4147; x_wconf 89' lang='lat' dir='ltr'><strong>vox</strong></span> <span class='ocrx_word' id='word_1_812' title='bbox 2623 4091 2675 4145; x_wconf 92' lang='lat' dir='ltr'><strong>in</strong></span> <span class='ocrx_word' id='word_1_813' title='bbox 2710 4089 2792 4144; x_wconf 90' lang='lat' dir='ltr'><strong>his</strong></span> <span class='ocrx_word' id='word_1_814' title='bbox 2824 4090 2972 4144; x_wconf 88' lang='lat' dir='ltr'><strong>libris</strong></span> <span class='ocrx_word' id='word_1_815' title='bbox 2999 4092 3256 4145; x_wconf 87' lang='lat' dir='ltr'><strong>occurrit.</strong></span> <span class='ocrx_word' id='word_1_816' title='bbox 3291 4091 3560 4161; x_wconf 84' lang='lat' dir='ltr'><strong>Pelagius,</strong></span> <span class='ocrx_word' id='word_1_817' title='bbox 3588 4091 3758 4146; x_wconf 86' lang='lat' dir='ltr'><strong>libello</strong></span> 
     </span>
    </p>
   </div>
   <div class='ocr_carea' id='block_1_104' title="bbox 2177 4182 3758 4252">
    <p class='ocr_par' dir='ltr' id='par_1_104' title="bbox 2177 4182 3758 4252">
     <span class='ocr_line' id='line_1_104' title="bbox 2177 4182 3758 4252; baseline -0.006 -9"><span class='ocrx_word' id='word_1_818' title='bbox 2177 4201 2399 4252; x_wconf 84' lang='lat' dir='ltr'><strong>x,num.</strong></span> <span class='ocrx_word' id='word_1_819' title='bbox 2428 4183 2500 4238; x_wconf 73' lang='grc'><strong>46</strong></span> <span class='ocrx_word' id='word_1_820' title='bbox 2526 4202 2538 4238; x_wconf 88' lang='lat'><strong>:</strong></span> <span class='ocrx_word' id='word_1_821' title='bbox 2576 4203 2595 4235; x_wconf 77' lang='grc' dir='ltr'><strong>ι</strong></span> <span class='ocrx_word' id='word_1_822' title='bbox 2630 4183 2849 4239; x_wconf 82' lang='lat' dir='ltr'><strong>Semina</strong></span> <span class='ocrx_word' id='word_1_823' title='bbox 2873 4197 3058 4251; x_wconf 81' lang='lat' dir='ltr'><strong>agrum</strong></span> <span class='ocrx_word' id='word_1_824' title='bbox 3090 4198 3290 4247; x_wconf 90' lang='lat' dir='ltr'><strong>meum,</strong></span> <span class='ocrx_word' id='word_1_825' title='bbox 3317 4182 3525 4238; x_wconf 82' lang='lat' dir='ltr'><strong>etlacio</strong></span> <span class='ocrx_word' id='word_1_826' title='bbox 3551 4197 3619 4237; x_wconf 87' lang='lat' dir='ltr'><strong>ex</strong></span> <span class='ocrx_word' id='word_1_827' title='bbox 3650 4184 3758 4250; x_wconf 89' lang='lat' dir='ltr'><strong>ipso</strong></span> 
     </span>
    </p>
   </div>
   <div class='ocr_carea' id='block_1_105' title="bbox 2179 4274 3759 4347">
    <p class='ocr_par' dir='ltr' id='par_1_105' title="bbox 2179 4274 3759 4347">
     <span class='ocr_line' id='line_1_105' title="bbox 2179 4274 3759 4347; baseline -0.004 -14"><span class='ocrx_word' id='word_1_828' title='bbox 2179 4293 2424 4347; x_wconf 85' lang='lat' dir='ltr'><strong>agapem.</strong></span> <span class='ocrx_word' id='word_1_829' title='bbox 2458 4294 2476 4327; x_wconf 93' lang='lat'><strong>»</strong></span> <span class='ocrx_word' id='word_1_830' title='bbox 2513 4276 2656 4330; x_wconf 87' lang='lat' dir='ltr'><strong>Idem</strong></span> <span class='ocrx_word' id='word_1_831' title='bbox 2683 4314 2697 4336; x_wconf 88' lang='lat'><strong>,</strong></span> <span class='ocrx_word' id='word_1_832' title='bbox 2734 4274 2917 4329; x_wconf 90' lang='lat' dir='ltr'><strong>libello</strong></span> <span class='ocrx_word' id='word_1_833' title='bbox 2952 4289 3044 4339; x_wconf 86' lang='lat' dir='ltr'><strong>xv,</strong></span> <span class='ocrx_word' id='word_1_834' title='bbox 3085 4290 3234 4329; x_wconf 92' lang='lat' dir='ltr'><strong>num.</strong></span> <span class='ocrx_word' id='word_1_835' title='bbox 3268 4276 3329 4330; x_wconf 77' lang='lat' dir='ltr'><strong>3i</strong></span> <span class='ocrx_word' id='word_1_836' title='bbox 3362 4292 3374 4327; x_wconf 88' lang='lat'>:</span> <span class='ocrx_word' id='word_1_837' title='bbox 3403 4292 3421 4326; x_wconf 74' lang='grc' dir='ltr'><strong>ι</strong></span> <span class='ocrx_word' id='word_1_838' title='bbox 3461 4275 3759 4331; x_wconf 67' lang='lat' dir='ltr'><strong>Praebentes</strong></span> 
     </span>
    </p>
   </div>
   <div class='ocr_carea' id='block_1_106' title="bbox 2178 4365 3755 4440">
    <p class='ocr_par' dir='ltr' id='par_1_106' title="bbox 2178 4365 3755 4440">
     <span class='ocr_line' id='line_1_106' title="bbox 2178 4365 3755 4440; baseline -0.007 -14"><span class='ocrx_word' id='word_1_839' title='bbox 2178 4372 2225 4426; x_wconf 87' lang='lat' dir='ltr'><strong>ei</strong></span> <span class='ocrx_word' id='word_1_840' title='bbox 2251 4385 2369 4440; x_wconf 64' lang='lat' dir='ltr'><strong>quae</strong></span> <span class='ocrx_word' id='word_1_841' title='bbox 2399 4368 2698 4423; x_wconf 88' lang='lat' dir='ltr'><strong>necessaria</strong></span> <span class='ocrx_word' id='word_1_842' title='bbox 2721 4375 2875 4422; x_wconf 89' lang='lat' dir='ltr'><strong>erant</strong></span> <span class='ocrx_word' id='word_1_843' title='bbox 2894 4407 2908 4431; x_wconf 95' lang='lat'><strong>,</strong></span> <span class='ocrx_word' id='word_1_844' title='bbox 2942 4376 2996 4420; x_wconf 93' lang='lat' dir='ltr'><strong>ut</strong></span> <span class='ocrx_word' id='word_1_845' title='bbox 3019 4365 3217 4420; x_wconf 82' lang='lat' dir='ltr'><strong>Iaceret</strong></span> <span class='ocrx_word' id='word_1_846' title='bbox 3248 4381 3343 4435; x_wconf 92' lang='lat' dir='ltr'><strong>pro</strong></span> <span class='ocrx_word' id='word_1_847' title='bbox 3372 4366 3450 4420; x_wconf 87' lang='lat' dir='ltr'><strong>eis</strong></span> <span class='ocrx_word' id='word_1_848' title='bbox 3479 4379 3755 4435; x_wconf 82' lang='lat' dir='ltr'><strong>agapem.»</strong></span> 
     </span>
    </p>
   </div>
   <div class='ocr_carea' id='block_1_107' title="bbox 2179 4456 3760 4528">
    <p class='ocr_par' dir='ltr' id='par_1_107' title="bbox 2179 4456 3760 4528">
     <span class='ocr_line' id='line_1_107' title="bbox 2179 4456 3760 4528; baseline -0.008 -10"><span class='ocrx_word' id='word_1_849' title='bbox 2179 4462 2477 4527; x_wconf 88' lang='lat' dir='ltr'><strong>Palladius,</strong></span> <span class='ocrx_word' id='word_1_850' title='bbox 2502 4477 2620 4528; x_wconf 89' lang='lat' dir='ltr'><strong>cap.</strong></span> <span class='ocrx_word' id='word_1_851' title='bbox 2651 4459 2717 4512; x_wconf 79' lang='grc'><strong>18</strong></span> <span class='ocrx_word' id='word_1_852' title='bbox 2747 4478 2760 4511; x_wconf 90' lang='lat'><strong>:</strong></span> <span class='ocrx_word' id='word_1_853' title='bbox 2787 4477 2806 4510; x_wconf 70' lang='grc' dir='ltr'>ς</span> <span class='ocrx_word' id='word_1_854' title='bbox 2834 4457 3029 4512; x_wconf 84' lang='lat' dir='ltr'><strong>Etfero</strong></span> <span class='ocrx_word' id='word_1_855' title='bbox 3050 4472 3232 4524; x_wconf 88' lang='lat' dir='ltr'><strong>panes,</strong></span> <span class='ocrx_word' id='word_1_856' title='bbox 3252 4456 3503 4524; x_wconf 88' lang='lat' dir='ltr'><strong>quoniam</strong></span> <span class='ocrx_word' id='word_1_857' title='bbox 3530 4465 3618 4510; x_wconf 92' lang='lat' dir='ltr'><strong>est</strong></span> <span class='ocrx_word' id='word_1_858' title='bbox 3643 4471 3760 4526; x_wconf 75' lang='lat' dir='ltr'><strong>aga-</strong></span> 
     </span>
    </p>
   </div>
   <div class='ocr_carea' id='block_1_108' title="bbox 2107 4545 3758 4639">
    <p class='ocr_par' dir='ltr' id='par_1_108' title="bbox 2107 4545 3758 4639">
     <span class='ocr_line' id='line_1_108' title="bbox 2107 4545 3758 4639; baseline -0.007 -31"><span class='ocrx_word' id='word_1_859' title='bbox 2107 4580 2158 4639; x_wconf 82' lang='lat' dir='ltr'><strong>D</strong></span> <span class='ocrx_word' id='word_1_860' title='bbox 2187 4572 2249 4626; x_wconf 83' lang='lat' dir='ltr'><strong>pe</strong></span> <span class='ocrx_word' id='word_1_861' title='bbox 2282 4556 2356 4608; x_wconf 91' lang='lat' dir='ltr'><strong>tui</strong></span> <span class='ocrx_word' id='word_1_862' title='bbox 2391 4553 2501 4607; x_wconf 92' lang='lat' dir='ltr'><strong>uoti</strong></span> <span class='ocrx_word' id='word_1_863' title='bbox 2533 4551 2747 4615; x_wconf 83' lang='lat' dir='ltr'><strong>Iratris;</strong></span> <span class='ocrx_word' id='word_1_864' title='bbox 2778 4560 2833 4605; x_wconf 84' lang='lat' dir='ltr'><strong>et</strong></span> <span class='ocrx_word' id='word_1_865' title='bbox 2860 4565 2978 4604; x_wconf 88' lang='lat' dir='ltr'><strong>cras</strong></span> <span class='ocrx_word' id='word_1_866' title='bbox 3001 4548 3346 4601; x_wconf 89' lang='lat' dir='ltr'><strong>illucescente</strong></span> <span class='ocrx_word' id='word_1_867' title='bbox 3368 4545 3608 4601; x_wconf 88' lang='lat' dir='ltr'><strong>Sabbato</strong></span> <span class='ocrx_word' id='word_1_868' title='bbox 3630 4561 3758 4614; x_wconf 90' lang='lat' dir='ltr'><strong>opus</strong></span> 
     </span>
    </p>
   </div>
   <div class='ocr_carea' id='block_1_109' title="bbox 2183 4638 3763 4707">
    <p class='ocr_par' dir='ltr' id='par_1_109' title="bbox 2183 4638 3763 4707">
     <span class='ocr_line' id='line_1_109' title="bbox 2183 4638 3763 4707; baseline -0.006 -4"><span class='ocrx_word' id='word_1_869' title='bbox 2183 4657 2265 4703; x_wconf 90' lang='lat' dir='ltr'><strong>est</strong></span> <span class='ocrx_word' id='word_1_870' title='bbox 2305 4646 2687 4703; x_wconf 84' lang='lat' dir='ltr'><strong>oblationibus.</strong></span> <span class='ocrx_word' id='word_1_871' title='bbox 2726 4662 2745 4695; x_wconf 84' lang='lat'><strong>»</strong></span> <span class='ocrx_word' id='word_1_872' title='bbox 2785 4642 3127 4706; x_wconf 78' lang='lat' dir='ltr'><strong>Heraclides,</strong></span> <span class='ocrx_word' id='word_1_873' title='bbox 3151 4655 3269 4707; x_wconf 88' lang='lat' dir='ltr'><strong>cap.</strong></span> <span class='ocrx_word' id='word_1_874' title='bbox 3294 4655 3324 4691; x_wconf 91' lang='lat' dir='ltr'><strong>v</strong></span> <span class='ocrx_word' id='word_1_875' title='bbox 3359 4656 3370 4690; x_wconf 89' lang='lat'>:</span> <span class='ocrx_word' id='word_1_876' title='bbox 3411 4657 3429 4690; x_wconf 76' lang='grc' dir='ltr'><strong>ι</strong></span> <span class='ocrx_word' id='word_1_877' title='bbox 3467 4638 3606 4704; x_wconf 78' lang='lat' dir='ltr'><strong>Quia</strong></span> <span class='ocrx_word' id='word_1_878' title='bbox 3655 4639 3763 4705; x_wconf 82' lang='lat' dir='ltr'><strong>ipse</strong></span> 
     </span>
    </p>
   </div>
   <div class='ocr_carea' id='block_1_110' title="bbox 2180 4730 3762 4807">
    <p class='ocr_par' dir='ltr' id='par_1_110' title="bbox 2180 4730 3762 4807">
     <span class='ocr_line' id='line_1_110' title="bbox 2180 4730 3762 4807; baseline -0.008 -12"><span class='ocrx_word' id='word_1_879' title='bbox 2180 4743 2346 4796; x_wconf 88' lang='lat' dir='ltr'><strong>l&#39;rater</strong></span> <span class='ocrx_word' id='word_1_880' title='bbox 2377 4751 2497 4794; x_wconf 90' lang='lat' dir='ltr'><strong>tuus</strong></span> <span class='ocrx_word' id='word_1_881' title='bbox 2526 4752 2727 4807; x_wconf 80' lang='lat' dir='ltr'><strong>agapen</strong></span> <span class='ocrx_word' id='word_1_882' title='bbox 2754 4735 2990 4789; x_wconf 86' lang='lat' dir='ltr'><strong>laeturus</strong></span> <span class='ocrx_word' id='word_1_883' title='bbox 3016 4742 3119 4788; x_wconf 90' lang='lat' dir='ltr'><strong>est.</strong></span> <span class='ocrx_word' id='word_1_884' title='bbox 3148 4753 3166 4783; x_wconf 91' lang='lat'><strong>»</strong></span> <span class='ocrx_word' id='word_1_885' title='bbox 3196 4732 3284 4787; x_wconf 89' lang='lat' dir='ltr'><strong>Sic</strong></span> <span class='ocrx_word' id='word_1_886' title='bbox 3309 4730 3621 4792; x_wconf 89' lang='lat' dir='ltr'><strong>Cassianus,</strong></span> <span class='ocrx_word' id='word_1_887' title='bbox 3654 4732 3762 4786; x_wconf 84' lang='lat' dir='ltr'><strong>col-</strong></span> 
     </span>
    </p>
   </div>
   <div class='ocr_carea' id='block_1_111' title="bbox 2185 4821 3763 4901">
    <p class='ocr_par' dir='ltr' id='par_1_111' title="bbox 2185 4821 3763 4901">
     <span class='ocr_line' id='line_1_111' title="bbox 2185 4821 3763 4901; baseline -0.011 -11"><span class='ocrx_word' id='word_1_888' title='bbox 2185 4839 2382 4891; x_wconf 90' lang='lat' dir='ltr'><strong>latione</strong></span> <span class='ocrx_word' id='word_1_889' title='bbox 2411 4849 2561 4895; x_wconf 57' lang='grc' dir='ltr'><strong>μιν,</strong></span> <span class='ocrx_word' id='word_1_890' title='bbox 2581 4829 2753 4901; x_wconf 89' lang='lat' dir='ltr'><strong>capite</strong></span> <span class='ocrx_word' id='word_1_891' title='bbox 2784 4829 2852 4883; x_wconf 73' lang='lat'><strong>19</strong></span> <span class='ocrx_word' id='word_1_892' title='bbox 2881 4845 2893 4880; x_wconf 92' lang='lat'><strong>:</strong></span> <span class='ocrx_word' id='word_1_893' title='bbox 2925 4847 2942 4879; x_wconf 75' lang='grc' dir='ltr'><strong>ι</strong></span> <span class='ocrx_word' id='word_1_894' title='bbox 2981 4829 3200 4899; x_wconf 79' lang='lat' dir='ltr'><strong>Agapen</strong></span> <span class='ocrx_word' id='word_1_895' title='bbox 3225 4826 3414 4880; x_wconf 74' lang='lat' dir='ltr'><strong>aliena:</strong></span> <span class='ocrx_word' id='word_1_896' title='bbox 3438 4821 3763 4892; x_wconf 86' lang='lat' dir='ltr'><strong>operationis</strong></span> 
     </span>
    </p>
   </div>
   <div class='ocr_carea' id='block_1_112' title="bbox 2180 4915 3762 4996">
    <p class='ocr_par' dir='ltr' id='par_1_112' title="bbox 2180 4915 3762 4996">
     <span class='ocr_line' id='line_1_112' title="bbox 2180 4915 3762 4996; baseline -0.011 -13"><span class='ocrx_word' id='word_1_897' title='bbox 2180 4936 2507 4996; x_wconf 87' lang='lat' dir='ltr'><strong>exspectat.»</strong></span> <span class='ocrx_word' id='word_1_898' title='bbox 2540 4929 2753 4994; x_wconf 81' lang='lat' dir='ltr'><strong>Agapen</strong></span> <span class='ocrx_word' id='word_1_899' title='bbox 2786 4930 2938 4974; x_wconf 88' lang='lat' dir='ltr'><strong>vocat</strong></span> <span class='ocrx_word' id='word_1_900' title='bbox 2964 4934 3120 4989; x_wconf 90' lang='lat' dir='ltr'><strong>opem</strong></span> <span class='ocrx_word' id='word_1_901' title='bbox 3151 4916 3447 4987; x_wconf 85' lang='lat' dir='ltr'><strong>largitionis</strong></span> <span class='ocrx_word' id='word_1_902' title='bbox 3472 4915 3686 4979; x_wconf 71' lang='lat' dir='ltr'><strong>alienae,</strong></span> <span class='ocrx_word' id='word_1_903' title='bbox 3711 4922 3762 4967; x_wconf 87' lang='lat' dir='ltr'><strong>et</strong></span> 
     </span>
    </p>
   </div>
   <div class='ocr_carea' id='block_1_113' title="bbox 2180 5006 3757 5086">
    <p class='ocr_par' dir='ltr' id='par_1_113' title="bbox 2180 5006 3757 5086">
     <span class='ocr_line' id='line_1_113' title="bbox 2180 5006 3757 5086; baseline -0.008 -15"><span class='ocrx_word' id='word_1_904' title='bbox 2180 5020 2402 5086; x_wconf 82' lang='lat' dir='ltr'><strong>opponit</strong></span> <span class='ocrx_word' id='word_1_905' title='bbox 2430 5017 2529 5081; x_wconf 88' lang='lat' dir='ltr'><strong>rei,</strong></span> <span class='ocrx_word' id='word_1_906' title='bbox 2559 5031 2717 5084; x_wconf 84' lang='lat' dir='ltr'><strong>quam</strong></span> <span class='ocrx_word' id='word_1_907' title='bbox 2750 5014 2867 5081; x_wconf 89' lang='lat' dir='ltr'><strong>quis</strong></span> <span class='ocrx_word' id='word_1_908' title='bbox 2914 5011 3127 5081; x_wconf 90' lang='lat' dir='ltr'><strong>proprio</strong></span> <span class='ocrx_word' id='word_1_909' title='bbox 3180 5009 3367 5062; x_wconf 88' lang='lat' dir='ltr'><strong>labore</strong></span> <span class='ocrx_word' id='word_1_910' title='bbox 3406 5006 3757 5075; x_wconf 83' lang='lat' dir='ltr'><strong>comparavit.</strong></span> 
     </span>
    </p>
   </div>
   <div class='ocr_carea' id='block_1_114' title="bbox 2180 5098 3763 5173">
    <p class='ocr_par' dir='ltr' id='par_1_114' title="bbox 2180 5098 3763 5173">
     <span class='ocr_line' id='line_1_114' title="bbox 2180 5098 3763 5173; baseline -0.01 -8"><span class='ocrx_word' id='word_1_911' title='bbox 2180 5110 2562 5169; x_wconf 83' lang='lat' dir='ltr'><strong>Tertullianus,</strong></span> <span class='ocrx_word' id='word_1_912' title='bbox 2597 5105 2664 5159; x_wconf 86' lang='lat' dir='ltr'><strong>atl</strong></span> <span class='ocrx_word' id='word_1_913' title='bbox 2708 5113 2974 5173; x_wconf 80' lang='lat' dir='ltr'><strong>martyres</strong></span> <span class='ocrx_word' id='word_1_914' title='bbox 2997 5141 3011 5165; x_wconf 90' lang='lat'><strong>,</strong></span> <span class='ocrx_word' id='word_1_915' title='bbox 3062 5116 3181 5168; x_wconf 88' lang='lat' dir='ltr'><strong>cap.</strong></span> <span class='ocrx_word' id='word_1_916' title='bbox 3212 5098 3247 5151; x_wconf 76' lang='lat'><strong>‘2</strong></span> <span class='ocrx_word' id='word_1_917' title='bbox 3281 5117 3294 5153; x_wconf 89' lang='lat'><strong>:</strong></span> <span class='ocrx_word' id='word_1_918' title='bbox 3331 5118 3349 5149; x_wconf 74' lang='grc' dir='ltr'><strong>ι</strong></span> <span class='ocrx_word' id='word_1_919' title='bbox 3385 5105 3498 5152; x_wconf 89' lang='lat' dir='ltr'><strong>lmo</strong></span> <span class='ocrx_word' id='word_1_920' title='bbox 3554 5109 3613 5151; x_wconf 84' lang='lat' dir='ltr'><strong>et</strong></span> <span class='ocrx_word' id='word_1_921' title='bbox 3650 5110 3763 5164; x_wconf 69' lang='lat' dir='ltr'><strong>qua!</strong></span> 
     </span>
    </p>
   </div>
   <div class='ocr_carea' id='block_1_115' title="bbox 2181 5191 3764 5271">
    <p class='ocr_par' dir='ltr' id='par_1_115' title="bbox 2181 5191 3764 5271">
     <span class='ocr_line' id='line_1_115' title="bbox 2181 5191 3764 5271; baseline -0.008 -16"><span class='ocrx_word' id='word_1_922' title='bbox 2181 5203 2316 5271; x_wconf 80' lang='lat' dir='ltr'><strong>iusta</strong></span> <span class='ocrx_word' id='word_1_923' title='bbox 2373 5210 2529 5264; x_wconf 91' lang='lat' dir='ltr'><strong>sunt,</strong></span> <span class='ocrx_word' id='word_1_924' title='bbox 2569 5214 2693 5253; x_wconf 80' lang='lat' dir='ltr'><strong>caro</strong></span> <span class='ocrx_word' id='word_1_925' title='bbox 2737 5212 2840 5252; x_wconf 93' lang='lat' dir='ltr'><strong>nou</strong></span> <span class='ocrx_word' id='word_1_926' title='bbox 2876 5195 3069 5248; x_wconf 86' lang='lat' dir='ltr'><strong>amittit</strong></span> <span class='ocrx_word' id='word_1_927' title='bbox 3114 5208 3207 5261; x_wconf 90' lang='lat' dir='ltr'><strong>per</strong></span> <span class='ocrx_word' id='word_1_928' title='bbox 3233 5207 3416 5247; x_wconf 86' lang='lat' dir='ltr'><strong>curam</strong></span> <span class='ocrx_word' id='word_1_929' title='bbox 3446 5191 3687 5244; x_wconf 73' lang='lat' dir='ltr'><strong>ecclesia:</strong></span> <span class='ocrx_word' id='word_1_930' title='bbox 3716 5197 3764 5244; x_wconf 86' lang='lat' dir='ltr'><strong>el</strong></span> 
     </span>
    </p>
   </div>
   <div class='ocr_carea' id='block_1_116' title="bbox 2180 5281 3763 5362">
    <p class='ocr_par' dir='ltr' id='par_1_116' title="bbox 2180 5281 3763 5362">
     <span class='ocr_line' id='line_1_116' title="bbox 2180 5281 3763 5362; baseline -0.009 -16"><span class='ocrx_word' id='word_1_931' title='bbox 2180 5308 2383 5362; x_wconf 72' lang='lat' dir='ltr'><strong>agape&quot;</strong></span> <span class='ocrx_word' id='word_1_932' title='bbox 2417 5292 2659 5345; x_wconf 83' lang='lat' dir='ltr'><strong>fratrum.</strong></span> <span class='ocrx_word' id='word_1_933' title='bbox 2691 5308 2708 5341; x_wconf 93' lang='lat'><strong>»</strong></span> <span class='ocrx_word' id='word_1_934' title='bbox 2743 5288 2939 5342; x_wconf 89' lang='lat' dir='ltr'><strong>Paulus</strong></span> <span class='ocrx_word' id='word_1_935' title='bbox 2985 5286 3279 5349; x_wconf 82' lang='lat' dir='ltr'><strong>Diaconos,</strong></span> <span class='ocrx_word' id='word_1_936' title='bbox 3310 5283 3377 5338; x_wconf 84' lang='lat' dir='ltr'><strong>de</strong></span> <span class='ocrx_word' id='word_1_937' title='bbox 3406 5281 3587 5337; x_wconf 81' lang='lat' dir='ltr'><strong>Cestis</strong></span> <span class='ocrx_word' id='word_1_938' title='bbox 3632 5281 3763 5335; x_wconf 78' lang='lat' dir='ltr'><strong>Lan-</strong></span> 
     </span>
    </p>
   </div>
   <div class='ocr_carea' id='block_1_117' title="bbox 2180 5377 3051 5454">
    <p class='ocr_par' dir='ltr' id='par_1_117' title="bbox 2180 5377 3051 5454">
     <span class='ocr_line' id='line_1_117' title="bbox 2180 5377 3051 5454; baseline -0.01 -14"><span class='ocrx_word' id='word_1_939' title='bbox 2180 5385 2555 5454; x_wconf 69' lang='lat' dir='ltr'><strong>guttardorum,</strong></span> <span class='ocrx_word' id='word_1_940' title='bbox 2589 5382 2679 5437; x_wconf 90' lang='lat' dir='ltr'><strong>lib.</strong></span> <span class='ocrx_word' id='word_1_941' title='bbox 2713 5396 2761 5444; x_wconf 90' lang='grc' dir='ltr'><strong><em>ι,</em></strong></span> <span class='ocrx_word' id='word_1_942' title='bbox 2784 5394 2902 5448; x_wconf 87' lang='lat' dir='ltr'><strong>cap.</strong></span> <span class='ocrx_word' id='word_1_943' title='bbox 2932 5377 3003 5431; x_wconf 74' lang='lat'><strong>96</strong></span> <span class='ocrx_word' id='word_1_944' title='bbox 3037 5393 3051 5431; x_wconf 91' lang='lat'><strong>:</strong></span> 
     </span>
    </p>
   </div>
   <div class='ocr_carea' id='block_1_118' title="bbox 2307 5474 3591 5545">
    <p class='ocr_par' dir='ltr' id='par_1_118' title="bbox 2307 5474 3591 5545">
     <span class='ocr_line' id='line_1_118' title="bbox 2307 5474 3591 5545; baseline -0.009 -12"><span class='ocrx_word' id='word_1_945' title='bbox 2307 5484 2480 5545; x_wconf 78' lang='lat' dir='ltr'><strong>Signat</strong></span> <span class='ocrx_word' id='word_1_946' title='bbox 2504 5483 2678 5532; x_wconf 83' lang='lat' dir='ltr'><strong>adesse</strong></span> <span class='ocrx_word' id='word_1_947' title='bbox 2701 5483 2854 5542; x_wconf 87' lang='lat' dir='ltr'><strong>dapes</strong></span> <span class='ocrx_word' id='word_1_948' title='bbox 2877 5490 3078 5541; x_wconf 72' lang='lat' dir='ltr'><strong>agapes,</strong></span> <span class='ocrx_word' id='word_1_949' title='bbox 3104 5476 3190 5526; x_wconf 87' lang='lat' dir='ltr'><strong>sed</strong></span> <span class='ocrx_word' id='word_1_950' title='bbox 3217 5474 3391 5524; x_wconf 88' lang='lat' dir='ltr'><strong>lividus</strong></span> <span class='ocrx_word' id='word_1_951' title='bbox 3411 5476 3591 5524; x_wconf 78' lang='lat' dir='ltr'><strong>obstat.</strong></span> 
     </span>
    </p>
   </div>
   <div class='ocr_carea' id='block_1_119' title="bbox 2184 5558 3761 5633">
    <p class='ocr_par' dir='ltr' id='par_1_119' title="bbox 2184 5558 3761 5633">
     <span class='ocr_line' id='line_1_119' title="bbox 2184 5558 3761 5633; baseline -0.007 -15"><span class='ocrx_word' id='word_1_952' title='bbox 2184 5564 2401 5632; x_wconf 80' lang='lat' dir='ltr'><strong>Capitur</strong></span> <span class='ocrx_word' id='word_1_953' title='bbox 2431 5564 2542 5618; x_wconf 81' lang='lat' dir='ltr'><strong>l&#39;ere</strong></span> <span class='ocrx_word' id='word_1_954' title='bbox 2574 5579 2666 5633; x_wconf 90' lang='lat' dir='ltr'><strong>pro</strong></span> <span class='ocrx_word' id='word_1_955' title='bbox 2686 5562 2911 5617; x_wconf 85' lang='lat' dir='ltr'><strong>solemni</strong></span> <span class='ocrx_word' id='word_1_956' title='bbox 2942 5559 3188 5615; x_wconf 87' lang='lat' dir='ltr'><strong>convivio</strong></span> <span class='ocrx_word' id='word_1_957' title='bbox 3220 5561 3271 5613; x_wconf 91' lang='lat' dir='ltr'><strong>in</strong></span> <span class='ocrx_word' id='word_1_958' title='bbox 3297 5559 3510 5625; x_wconf 87' lang='lat' dir='ltr'><strong>templis</strong></span> <span class='ocrx_word' id='word_1_959' title='bbox 3538 5558 3620 5611; x_wconf 87' lang='lat' dir='ltr'><strong>vel</strong></span> <span class='ocrx_word' id='word_1_960' title='bbox 3656 5572 3761 5609; x_wconf 82' lang='lat' dir='ltr'><strong>me-</strong></span> 
     </span>
    </p>
   </div>
   <div class='ocr_carea' id='block_1_120' title="bbox 2188 5648 3762 5725">
    <p class='ocr_par' dir='ltr' id='par_1_120' title="bbox 2188 5648 3762 5725">
     <span class='ocr_line' id='line_1_120' title="bbox 2188 5648 3762 5725; baseline -0.008 -15"><span class='ocrx_word' id='word_1_961' title='bbox 2188 5656 2370 5711; x_wconf 86' lang='lat' dir='ltr'><strong>moriis</strong></span> <span class='ocrx_word' id='word_1_962' title='bbox 2392 5664 2683 5725; x_wconf 87' lang='lat' dir='ltr'><strong>martyrum</strong></span> <span class='ocrx_word' id='word_1_963' title='bbox 2715 5652 2958 5708; x_wconf 85' lang='lat' dir='ltr'><strong>exhiberi</strong></span> <span class='ocrx_word' id='word_1_964' title='bbox 2980 5650 3104 5705; x_wconf 90' lang='lat' dir='ltr'><strong>olim</strong></span> <span class='ocrx_word' id='word_1_965' title='bbox 3123 5650 3304 5703; x_wconf 89' lang='lat' dir='ltr'><strong>solito.</strong></span> <span class='ocrx_word' id='word_1_966' title='bbox 3324 5648 3454 5702; x_wconf 80' lang='lat' dir='ltr'><strong>Vide</strong></span> <span class='ocrx_word' id='word_1_967' title='bbox 3480 5648 3762 5702; x_wconf 87' lang='lat' dir='ltr'><strong>concilium</strong></span> 
     </span>
    </p>
   </div>
   <div class='ocr_carea' id='block_1_121' title="bbox 2188 5737 3758 5817">
    <p class='ocr_par' dir='ltr' id='par_1_121' title="bbox 2188 5737 3758 5817">
     <span class='ocr_line' id='line_1_121' title="bbox 2188 5737 3758 5817; baseline -0.008 -15"><span class='ocrx_word' id='word_1_968' title='bbox 2188 5748 2524 5817; x_wconf 80' lang='lat' dir='ltr'><strong>Gangreuc,</strong></span> <span class='ocrx_word' id='word_1_969' title='bbox 2578 5762 2694 5799; x_wconf 62' lang='lat' dir='ltr'><strong>ean.</strong></span> <span class='ocrx_word' id='word_1_970' title='bbox 2762 5745 2859 5808; x_wconf 87' lang='lat' dir='ltr'><strong>Il;</strong></span> <span class='ocrx_word' id='word_1_971' title='bbox 2912 5740 3260 5804; x_wconf 84' lang='lat' dir='ltr'><strong>Laodiceum,</strong></span> <span class='ocrx_word' id='word_1_972' title='bbox 3327 5755 3444 5793; x_wconf 85' lang='lat' dir='ltr'><strong>can.</strong></span> <span class='ocrx_word' id='word_1_973' title='bbox 3494 5738 3561 5791; x_wconf 76' lang='lat'><strong>9.7</strong></span> <span class='ocrx_word' id='word_1_974' title='bbox 3596 5737 3758 5794; x_wconf 55' lang='lat' dir='ltr'><strong>e193.</strong></span> 
     </span>
    </p>
   </div>
   <div class='ocr_carea' id='block_1_122' title="bbox 573 5867 3498 5949">
    <p class='ocr_par' dir='ltr' id='par_1_122' title="bbox 573 5867 3498 5949">
     <span class='ocr_line' id='line_1_122' title="bbox 573 5867 3498 5949; baseline -0.004 -17"><span class='ocrx_word' id='word_1_975' title='bbox 573 5874 593 5910; x_wconf 78' lang='grc'>⁸</span> <span class='ocrx_word' id='word_1_976' title='bbox 633 5874 762 5933; x_wconf 81' lang='lat' dir='ltr'><strong>Vide</strong></span> <span class='ocrx_word' id='word_1_977' title='bbox 806 5888 965 5949; x_wconf 82' lang='lat' dir='ltr'><strong>supra</strong></span> <span class='ocrx_word' id='word_1_978' title='bbox 996 5918 1012 5942; x_wconf 89' lang='lat'><strong>,</strong></span> <span class='ocrx_word' id='word_1_979' title='bbox 1073 5877 1172 5932; x_wconf 89' lang='lat' dir='ltr'><strong>col.</strong></span> <span class='ocrx_word' id='word_1_980' title='bbox 1231 5877 1366 5941; x_wconf 77' lang='lat'><strong>9.08,</strong></span> <span class='ocrx_word' id='word_1_981' title='bbox 1417 5892 1542 5944; x_wconf 81' lang='lat' dir='ltr'><strong>quia</strong></span> <span class='ocrx_word' id='word_1_982' title='bbox 1598 5894 1648 5932; x_wconf 88' lang='grc' dir='ltr'><strong>ιιι</strong></span> <span class='ocrx_word' id='word_1_983' title='bbox 1695 5883 1793 5933; x_wconf 84' lang='lat' dir='ltr'><strong>huc</strong></span> <span class='ocrx_word' id='word_1_984' title='bbox 1842 5880 2061 5934; x_wconf 81' lang='lat' dir='ltr'><strong>vctbum</strong></span> <span class='ocrx_word' id='word_1_985' title='bbox 2101 5876 2431 5946; x_wconf 68' lang='lat' dir='ltr'><strong>liosvvcydas</strong></span> <span class='ocrx_word' id='word_1_986' title='bbox 2462 5892 2663 5946; x_wconf 84' lang='lat' dir='ltr'><strong>nosque</strong></span> <span class='ocrx_word' id='word_1_987' title='bbox 2689 5874 2847 5931; x_wconf 75' lang='lat' dir='ltr'><strong>simul</strong></span> <span class='ocrx_word' id='word_1_988' title='bbox 2872 5869 3255 5943; x_wconf 72' lang='lat' dir='ltr'><strong>optaverimus.</strong></span> <span class='ocrx_word' id='word_1_989' title='bbox 3298 5867 3498 5945; x_wconf 58' lang='lat' dir='ltr'><strong>gitur.)</strong></span> 
     </span>
    </p>
   </div>
  </div>
