4014 6368
253 348 364 407 ωδ

958 349 1447 409 ONOMASTICON
1488 343 1729 403 ΚΕΒοΜ
1773 340 1860 397 ΕΤ
1903 337 2281 394 VERBORUM
2325 334 2851 394 DIFFICILIORUM.

3412 320 3522 385 406

330 468 507 522 Αεεηε
537 479 589 518 IN
621 478 807 518 BEBt‘S.
842 464 1173 528 Heraclides,
1199 480 1319 532 cap.
1361 464 1431 517 £55
1464 480 1477 516 :
1513 481 1530 512 ι
1575 461 1821 516 ,ιιινρηθη

1942 450 2401 520 Latinogrzecum,
2460 448 2815 519 Antiquarius,
2882 442 3302 522 ἀρχαιογρὰφος,
3350 439 3520 496 καλλι-

249 560 537 629 quemdam
569 565 817 625 agentem
864 553 918 609 in
948 558 1127 620 rebus,
1159 566 1290 617 ete.,
1312 553 1624 619 commovit.
1663 569 1682 603 ι
1718 550 1835 615 Quo

250 648 373 705 loco
398 650 688 715 Palladius,
720 664 841 713 cap.
872 648 996 712 “8,
1020 646 1229 713 Graece,
1257 646 1617 719 μαγιστριανός
1653 643 1832 697 habet.

247 745 381 797 Erat
405 759 435 795 e
465 742 720 797 Palatinis
740 740 954 795 ofﬁciis.
983 739 1326 803 Ambrosius,
1350 739 1508 806 epist.
1544 736 1630 799 15,
1661 736 1754 790 lib.
1776 752 1831 802 u,

247 836 320 888 ad
370 835 733 889 Mareellinam
778 847 1058 886 sororem:
1091 851 1109 883 α
1140 831 1381 885 Palatina
1411 830 1592 886 omnia
1632 828 1829 894 ofﬁcia,

249 925 357 977 hoc
378 932 491 991 est,
544 922 907 988 memoriales,
940 930 1160 986 agentes
1188 920 1240 975 in
1280 921 1470 985 rebus,
1502 918 1833 987 apparitores

240 1014 586 1069 diversorum
609 1012 892 1067 comitum.
933 1032 950 1063 ι
986 1010 1187 1065 Tamen
1217 1020 1270 1066 et
1300 1012 1351 1064 in
1392 1009 1682 1080 provinciis
1712 1024 1834 1077 spe-

236 1107 364 1162 cies
390 1106 716 1160 annonarias
733 1105 1013 1167 curabant,
1042 1114 1100 1159 et
1117 1114 1379 1173 praeerant
1399 1104 1561 1158 etiam
1589 1103 1829 1158 evectio-

240 1199 301 1252 ni
335 1197 580 1265 publicai.
605 1197 858 1250 Dicuntur
878 1204 933 1250 et
955 1196 1301 1266 Magistriani.
1337 1194 1467 1249 Vide
1496 1193 1648 1248 infra.

257 1308 277 1325 ο
318 1291 733 1343 Αιιιικιοεκςεε.
765 1288 885 1342 Vita
938 1288 1160 1356 Epicteti
1196 1297 1253 1342 et.
1290 1287 1550 1353 Astionis,
1599 1301 1721 1355 cap.
1752 1285 1827 1342 6:

242 1397 269 1433 ε
297 1381 357 1433 ln
392 1380 705 1449 Scytharum
734 1378 869 1434 fines
898 1379 1127 1448 ingressi
1163 1387 1308 1443 sunt,
1340 1390 1500 1448 atque
1532 1378 1585 1433 in
1614 1376 1830 1432 Almiri-

236 1472 490 1526 densium
540 1472 808 1526 civitatem
866 1471 1218 1526 devenerunt.
1249 1491 1268 1524 ι
1305 1471 1382 1526 Ex
1435 1470 1518 1525 his
1560 1469 1829 1539 colligitur

236 1564 681 1620 Almiridensium
705 1562 973 1618 civitatem
1020 1563 1073 1617 in
1123 1563 1341 1635 Scythia
1375 1577 1515 1618 esse.
1548 1562 1653 1616 Sed
1685 1564 1826 1631 apud

230 1670 404 1721 quem
432 1663 706 1708 auctorem
738 1653 894 1723 hujus
937 1654 1085 1708 urbis
1123 1654 1410 1709 memoria?
1438 1654 1700 1708 Existimo
1731 1654 1825 1708 Al-

230 1744 636 1807 m-iridmsium,
666 1760 760 1799 seu
809 1744 1277 1799 Halmiridensium
1305 1745 1577 1800 civitatem
1628 1744 1822 1799 dictam

1936 542 2151 615 γράφος.
2195 541 2349 611 Apud
2375 540 2773 604 Cassiodorutn,
2819 537 2911 590 lib.
2956 551 2993 588 tt
3034 535 3233 589 llistor.
3261 532 3515 599 'l‘ripart.,

1936 648 2058 698 cap.
2096 631 2161 685 l6
2202 647 2217 685 :
2258 650 2277 683 ο
2330 631 2722 700 Quinquaginta
2768 627 3208 683 membranaecos
3261 622 3516 684 Codices,

1937 724 2073 778 bene
2102 728 2381 778 confectos
2401 734 2456 778 et
2483 723 2550 777 ad
2565 738 2718 777 usum
2744 721 2969 784 habiles,
2988 719 3054 771 ab
3071 716 3361 771 artiﬁcibus
3387 714 3520 767 anti-

1935 813 2155 882 quariis,
2178 822 2231 867 et
2249 814 2665 880 perfecteartem
2679 812 2970 867 scientibus
2989 809 3149 863 scribi
3180 805 3477 878 prmcipias.
3493 824 3512 857 ι

2007 905 2364 959 Arunnotros.
2384 907 2436 958 In
2466 906 2580 957 \‘ita
2605 903 2775 958 sancti
2807 901 3113 967 Hilarionis,
3152 914 3292 953 num.
3322 896 3412 959 '50,
3438 896 3519 949 in-

1936 991 2191 1060 telligitur
2222 994 2290 1047 de
2331 995 2648 1061 Aphrodite,
2698 1008 2818 1063 qua:
2847 991 3121 1059 Stephano
3149 988 3343 1043 dicitur
3368 986 3516 1055 juxta

1933 1084 2202 1149 Athribiu,
2239 1102 2355 1155 quae
2383 1068 2826 1155 Apltroditopolis
2853 1082 3104 1139 Straboni
3136 1081 3228 1135 lib.
3260 1094 3409 1133 xvut.
3443 1076 3519 1131 De

1931 1191 1993 1231 ea
2011 1178 2229 1245 intelligi
2246 1178 2385 1231 hunc
2408 1177 2581 1231 locum
2604 1177 2872 1244 colligitur
2887 1190 2951 1229 ex
2974 1174 3167 1229 itinere
3197 1167 3516 1230 Hilarionis;

1933 1274 1988 1321 et
2015 1283 2080 1322 ex
2104 1276 2285 1322 monte
2309 1268 2490 1322 Sancti
2522 1266 2758 1330 Antonii,
2792 1265 2856 1318 ad
2883 1278 3041 1333 quem
3079 1256 3417 1328 properabat.

2003 1359 2431 1413 APOCBISMRIUS.
2478 1357 2679 1412 Moschi
2726 1371 2844 1425 cap.
2896 1353 2986 1419 88,
3042 1351 3207 1406 habes
3254 1346 3515 1401 Thomam

1930 1450 2319 1519 apocrisiarium
2358 1448 2623 1512 eteuobii;
2683 1457 2738 1502 et
2776 1461 2895 1513 cap.
2930 1443 3018 1506 88,
3040 1443 3202 1496 alium
3231 1435 3517 1507 quemdam

1928 1543 2326 1606 apacriainrium
2378 1539 2639 1595 Gennadii
2691 1538 3006 1607 patriarcha:
3060 1531 3517 1597 Constantinopo-

1930 1634 2078 1688 litaui
2108 1653 2121 1689 :
2157 1636 2297 1690 unde
2327 1634 2595 1704 colligitur
2636 1628 3010 1700 apocrisiarius
3050 1640 3268 1680 curasse
3304 1620 3516 1690 negotia

1928 1708 2278 1779 ecclesiarum
2327 1734 2381 1779 et
2415 1723 2806 1779 rtenobiorum.
2864 1721 3068 1776 Glossaz
3112 1716 3301 1771 i-idort
3336 1732 3350 1768 :
3380 1717 3516 1783 Apo-

230 1851 264 1888 ε
294 1837 450 1901 tam,
482 1836 571 1905 qui
603 1836 869 1907 Immyris
902 1837 1071 1891 ριίηίο
1102 1838 1197 1893 ιη),
1242 1854 1315 1904 ιν.
1350 1852 1476 1905 cap.
1509 1838 1597 1903 η,
1628 1837 1823 1893 dic-Hm.
1853 1810 1901 1870 Β
1928 1819 2267 1888 cltrysiarius,
2321 1819 2548 1871 minister
2594 1817 2846 1870 Romam
2889 1811 3134 1867 ecclesiw.
3183 1806 3515 1862 Glossarium

226 1928 286 1982 in
324 1927 429 1983 hoc
457 1937 626 1983 tractu
652 1946 665 1982 :
702 1946 721 1979 ι
754 1929 828 1983 Ex
853 1930 1042 1984 eodem
1072 1931 1229 1985 alveo
1250 1941 1300 1985 et
1331 1945 1493 2000 super
1521 1930 1823 1998 lstropolim

226 2019 391 2075 tacus
420 2021 653 2090 gignitur
681 2038 807 2077 mu
836 2040 908 2075 m.
942 2038 993 2091 p.
1025 2024 1252 2087 ambitu,
1278 2025 1550 2094 Halmyrin
1570 2033 1818 2078 vocanta

230 2112 441 2166 Lacum
486 2115 625 2168 hunc
674 2114 945 2168 Danubius
996 2114 1155 2181 facit,
1204 2130 1363 2185 quem
1392 2114 1613 2169 Pinetus
1642 2114 1693 2168 in
1726 2129 1824 2168 suo

226 2199 414 2258 Plinio
440 2205 599 2274 vulgo
624 2206 800 2259 v-icari
824 2207 898 2259 ait
925 2206 1025 2259 Lac
1045 2207 1110 2261 de
1131 2207 1492 2262 Notre-Dame
1514 2209 1578 2261 de
1598 2206 1823 2271 Danubi,

227 2293 282 2347 id
319 2303 425 2360 est,
458 2296 601 2349 lucus
620 2296 749 2349 divae
784 2297 1012 2367 Virginis
1045 2297 1387 2354 Danttbiamc.
1421 2299 1580 2354 Forte
1611 2299 1824 2355 Salmo-

222 2386 382 2439 rudis
412 2387 681 2441 Antonini.
731 2388 1084 2460 Nico-phorus,
1116 2390 1207 2445 lib.
1244 2407 1333 2454 xu,
1384 2405 1506 2460 cap.
1553 2390 1643 2457 29,
1680 2402 1824 2456 post-

222 2491 398 2543 quam
441 2477 576 2530 dixit
605 2477 925 2533 Eunomium
951 2480 1101 2548 jussu
1143 2481 1433 2537 Theodosii
1463 2481 1822 2553 llalmyridem

224 2567 599 2632 deportatum,
631 2570 780 2624 addit
813 2587 826 2624 ι
866 2589 883 2622 σ
927 2572 1019 2626 Est
1059 2581 1236 2629 autem
1265 2574 1531 2645 Halmyris
1557 2574 1739 2647 Mysia:
1767 2572 1822 2630 in

222 2655 448 2725 Europa
497 2658 666 2722 lucus,
707 2660 772 2714 ad
815 2659 1006 2715 lslrum
1046 2662 1201 2719 situs.
1236 2682 1255 2717 ι
1293 2664 1442 2719 Ilaud
1490 2665 1654 2722 dubie
1697 2666 1823 2722 hinc

223 2747 725 2819 ilalmyridensium
756 2755 944 2807 civitas
972 2754 1135 2820 dicta,
1168 2756 1346 2826 itaque
1373 2758 1675 2814 scribenda.

301 2840 383 2893 Ex
433 2841 791 2911 descriptione
840 2843 993 2899 Plinii
1025 2886 1039 2904 .
1084 2846 1233 2915 juxta
1262 2846 1471 2903 Peucen
1506 2850 1822 2907 collocanda

226 2940 331 2997 est,
367 2947 492 3002 qute
514 2942 597 2987 est
625 2934 676 2987 in
706 2934 867 3003 Mysia
896 2937 1169 2992 inferiore.
1202 2939 1369 3006 Mysia
1395 2948 1573 2993 autem
1601 2940 1821 2996 inferior

224 3024 400 3078 etiam
432 3024 664 3095 Scythia:
696 3027 910 3081 nomine
929 3030 1098 3094 venit,
1129 3030 1272 3086 unde
1302 3029 1352 3084 in
1379 3030 1542 3101 Mysia
1571 3032 1822 3087 inferiore

226 3123 356 3168 sunt
378 3113 556 3179 Tomi,
591 3116 739 3168 locus
762 3116 909 3170 exilii
932 3117 1137 3191 Ovidii,
1169 3134 1304 3188 quos
1328 3121 1380 3175 in
1412 3120 1631 3192 Scythia
1675 3124 1823 3190 ponit

1928 1911 2031 1966 Ms.
2055 1911 2517 1966 Camberonense:
2542 1906 2940 1978 Apocrisiarius,
2968 1901 3292 1958 secretarius.
3326 1898 3516 1967 Papias

1926 2004 2253 2058 vocabulista
2283 2019 2301 2056 ι
2329 2001 2759 2073 Apoc/trysarius,
2785 1996 3158 2061 thesaurarius,
3183 1995 3264 2048 vel
3292 1994 3510 2065 legatu‘.
3572 1988 3577 1991 ’

1923 2094 2278 2159 Justinianus,
2328 2095 2534 2148 novella
2577 2093 2610 2146 6
2640 2110 2654 2146 :
2686 2094 2776 2149 Διά
2803 2100 2902 2148 τῶν
2937 2092 3003 2146 τά
3036 2091 3321 2165 πράγματα
3346 2107 3511 2157 πρατ·

1923 2184 2113 2241 τόντων
2142 2193 2243 2241 τῶν
2280 2184 2574 2258 ἁγιωτάτων
2623 2184 2926 2247 ἑκκλησιῶν,
2969 2180 3058 2243 οὓς
3092 2180 3512 2253 ἀπονρισιαρίους

1929 2277 2211 2331 καλοῦσινε
2249 2295 2271 2325 ε
2312 2274 2658 2342 Apocrisiarii
2685 2280 2965 2335 vocantur,
3015 2270 3103 2339 qui
3151 2267 3514 2324 sanctissima-

1929 2381 2048 2421 rum
2077 2367 2426 2422 ecclesiarum
2479 2366 2691 2435 negotia
2741 2374 2953 2419 curant.
2988 2382 3009 2416 ι
3043 2362 3287 2417 Occurrit
3315 2359 3511 2430 passim

1928 2457 2068 2526 apud
2102 2458 2396 2526 scriptores
2418 2456 2734 2526 posterioris
2763 2457 2956 2511 aetatis.
2990 2454 3086 2509 Est
3117 2452 3367 2508 videlicet
3390 2468 3512 2522 σροε

1925 2550 2189 2613 crisiarius
2235 2549 2375 2605 ὁέπὶ
2403 2558 2504 2605 τῶν
2545 2548 2931 2624 ἁποκριμάτων,
2962 2562 2993 2601 a
3036 2545 3313 2613 responsis.
3358 2541 3510 2610 Quod

1928 2644 2066 2714 apud
2097 2643 2383 2714 Georgium
2437 2644 2790 2714 patriarcham
2843 2638 3261 2697 Alexandrinum
3307 2638 3360 2691 in
3394 2634 3511 2689 Vita

1926 2740 2096 2792 sancti
2169 2737 2537 2809 Chrysostomi
2584 2744 2668 2792 est
2718 2735 3140 2810 ἀποκρισιάριος,
3192 2727 3510 2785 Godefridus

1931 2828 2144 2901 1015
2165 2830 2481 2883 Tilmannus
2506 2828 2688 2891 vertit,
2712 2826 3040 2881 secretarius.
3061 2823 3136 2877 De
3153 2835 3378 2876 munere
3409 2818 3510 2872 hoe

1928 2919 2050 2974 vide
2083 2919 2426 2974 Hincmartun
2456 2917 2611 2983 epist.
2646 2917 2700 2979 5,
2727 2929 2849 2984 cap.
2881 2913 2967 2967 t5.

1998 3012 2144 3073 Aqua
2191 3024 2431 3064 ASPEBGI.
2464 3007 2584 3062 Vita
2634 3005 2937 3068 Hilarionis,
2985 3017 3126 3055 num.
3176 3003 3246 3052 ‘20
3279 3017 3293 3054 :
3324 3016 3343 3049 ε
3375 2994 3504 3066 Scy~

1924 3103 2086 3170 phum
2123 3101 2339 3157 ﬁctilem
2364 3115 2499 3168 aqua
2525 3098 2689 3169 jussit
2712 3094 2947 3165 impleri,
2971 3102 3075 3148 etc.
3098 3110 3111 3157 ;
3136 3104 3304 3159 equos
3325 3102 3508 3158 asper-

224 3204 341 3271 ipse
366 3203 608 3259 Ovidius.
631 3206 685 3259 in
700 3205 893 3260 Notitia
916 3180 1315 3276 imperii—multa
1340 3211 1453 3266 loca
1478 3180 1824 3283 itystze'inre-
1850 3180 1897 3245 (ἶ
1927 3197 2019 3252 sil-
2051 3195 2214 3250 tVide
2255 3193 2349 3248 ibi.
2395 3192 2671 3283 Sosipater
2698 3187 2993 3283 οιιιξτίείιιεν
3018 3183 3151 3239 ιηει·
3179 3180 3360 3283 9m"-
3398 3181 3436 3235 ι·
3466 3195 3495 3283 ξι

224 3295 393 3350 rioris
426 3296 667 3350 invenies
695 3296 760 3350 ad
790 3296 1095 3368 Scythicam
1110 3300 1494 3369 [praefecturam
1527 3301 1818 3371 pertinere.

293 3390 485 3442 Anna.
536 3389 804 3458 Pelagius,
858 3392 1040 3447 libello
1073 3409 1233 3453 xvut.
1285 3410 1340 3448 u.
1374 3393 1483 3449 l9:
1519 3412 1540 3447 ι
1580 3394 1711 3459 Vos,
1742 3396 1822 3449 in-

225 3477 363 3546 quit,
398 3479 531 3532 estis
564 3478 753 3545 fatuze;
786 3496 906 3534 nam
939 3481 1053 3536 haec
1072 3492 1125 3536 et
1154 3491 1332 3538 vestra
1361 3494 1417 3539 et
1443 3499 1559 3540 mea
1587 3494 1670 3540 est
1693 3488 1821 3540 Am-

224 3586 337 3625 ma.
369 3570 483 3625 Hoc
513 3573 655 3627 enim
694 3574 745 3626 in
776 3589 838 3629 ea
867 3583 1057 3629 vocant
1084 3576 1155 3629 illi
1184 3574 1411 3631 feminas
1436 3577 1758 3644 spirituales.
1792 3597 1812 3630 ι

226 3661 523 3730 Palladius,
553 3679 674 3734 cap.
719 3666 824 3721 42:
850 3669 984 3726 Αὑτὴ
1006 3671 1107 3742 ’γὰρ
1138 3671 1225 3723 καί
1247 3670 1387 3737 ὑμῶν
1413 3673 1496 3725 καὶ
1526 3672 1646 3743 ἐμοῦ
1677 3674 1823 3743 ἀμεί-

225 3774 319 3809 νων
351 3752 487 3812 οὖσα
514 3756 710 3829 ’Δμμάς
739 3761 897 3823 ἔστιν,
930 3761 1064 3816 οὕτω
1090 3764 1189 3837 γὰρ
1228 3764 1437 3819 καλοῦσι
1464 3766 1558 3825 τὰς
1598 3788 1821 3836 mcum:-

224 3849 371 3907 τικὰς
401 3850 647 3923 μητέρας.
683 3867 700 3900 t
739 3849 861 3904 llaac
906 3852 1049 3904 enim
1092 3861 1146 3905 et
1198 3854 1350 3907 vobis
1394 3865 1444 3908 et
1489 3871 1575 3910 tne
1628 3855 1822 3911 melior

221 3937 468 3989 existens
496 3940 683 3991 Amma
715 3951 817 3993 est.
845 3941 934 3994 Sic
966 3942 1111 3994 enim
1146 3953 1337 3996 vocant
1377 3954 1573 4000 matres
1604 3947 1823 4011 Spirita-

224 4026 359 4083 les»
408 4026 498 4082 Sic
541 4031 679 4098 apud
709 4032 956 4087 eumdem
1011 4033 1305 4088 Palladium
1326 4076 1340 4099 ,
1367 4050 1486 4103 cap.
1516 4035 1607 4102 '57,
1641 4039 1822 4091 Amma

227 4117 481 4183 Piamun;
515 4136 636 4186 cap.
673 4120 793 4187 157,
823 4124 1006 4176 Anima
1044 4123 1252 4178 Talida.
1297 4141 1418 4193 cap.
1458 4126 1591 4192 158,
1638 4130 1823 4183 Amma

227 4206 390 4263 Taor.
432 4208 546 4263 Non
576 4211 773 4265 abeunt
824 4213 893 4266 ab
926 4212 1023 4266 hac
1050 4214 1254 4267 Amma:
1286 4214 1673 4284 significatione
1701 4233 1821 4287 quae

224 4297 528 4368 Hesychius
558 4299 718 4355 habet
766 4316 783 4355 :
813 4301 1006 4373 ‘Appé.
1032 4307 1221 4377 μήτηρ,
1246 4305 1444 4377 τροφός.
1471 4307 1680 4374 Amma,
1711 4322 1823 4361 ma-

225 4396 329 4455 ter,
369 4390 567 4443 nutrix.
600 4391 823 4462 ’Δμμάς,
869 4394 1051 4470 τροφὸς
1077 4394 1391 4469 ’Δρ-τέμιδος,
1439 4399 1524 4451 καὶ
1551 4399 1581 4455 ἡ
1628 4401 1817 4473 μήτηρ,

226 4483 313 4534 καὶ
338 4482 371 4538 ἠ
396 4479 529 4545 Ῥέα,
559 4485 646 4534 καὶ
672 4484 981 4555 ήΛημήτηρ.
1025 4501 1043 4533 ‹
1083 4483 1321 4546 Ammas,
1372 4485 1546 4539 nutrix
1586 4486 1819 4541 Artemi-

1925 3287 2101 3353 capile
2129 3284 2512 3351 Deﬁcientium,
2534 3281 2608 3335 ait
2636 3296 2649 3334 :
2683 3298 2703 3330 ι
2734 3279 2811 3331 Ad
2841 3291 3023 3345 aequas
3045 3290 3110 3329 an
3132 3274 3196 3327 ad
3227 3284 3392 3343 aquas
3419 3279 3480 3323 vc
3534 3316 3543 3329 ,

1925 3380 2036 3435 cari
2060 3378 2168 3435 diei
2208 3378 2422 3442 debeat,
2450 3376 2735 3447 quaesitum
2765 3382 2867 3427 ρει.
2898 3369 3000 3437 Qui
3020 3368 3086 3421 ad
3114 3381 3278 3438 aquas
3299 3366 3485 3419 dicunt

1924 3479 2181 3525 enarrant
2232 3469 2375 3539 quod
2423 3483 2492 3522 ex
2531 3467 2653 3520 luco
2682 3464 3059 3519 Camenarum
3098 3472 3236 3528 aqua
3260 3454 3508 3524 religiosa

1923 3561 2104 3616 afferri
2132 3561 2319 3624 soleat,
2344 3556 2657 3627 purificandi
2680 3570 2861 3610 causa.
2878 3551 2987 3608 Sed
3006 3549 3194 3605 melius
3216 3547 3503 3615 adjazquas,

1924 3652 2066 3722 quod
2095 3653 2221 3707 olim
2244 3663 2435 3720 greges
2459 3660 2719 3717 equorum
2751 3645 2803 3699 in
2835 3643 3051 3697 Circum
3084 3638 3504 3697 inducebantur;

1924 3746 2104 3815 ibique
2152 3759 2251 3813 per
2292 3742 2544 3811 pupulum
2573 3752 2733 3792 cursu
2764 3734 3131 3804 aequabantur.
3169 3747 3188 3781 ι
3230 3727 3506 3793 Philippus

1923 3836 2218 3901 Rubenius,
2255 3834 2561 3888 Electorum
2587 3829 2680 3883 lib.
2708 3844 2762 3894 u,
2786 3841 2905 3894 cap.
2934 3824 3021 3883 18,
3053 3820 3270 3891 prtefert
3297 3816 3398 3886 legi
3433 3816 3502 3869 ad

1918 3945 2105 3995 aquas,
2149 3937 2311 3994 atque
2352 3926 2421 3978 ita
2456 3924 2840 3990 interpretatur
2868 3914 3007 3984 quod
3039 3922 3123 3968 est
3148 3911 3286 3980 apud
3316 3909 3503 3978 Ulpia-

1922 4034 2071 4073 num.
2122 4017 2199 4071 De
2236 4015 2319 4069 his
2350 4015 2439 4083 qui
2469 4021 2720 4066 notantur
2774 4007 3010 4073 infamia,
3063 4006 3100 4060 l.
3142 4020 3192 4058 Iv
3223 4019 3237 4057 :
3276 4021 3294 4055 ι
3332 4014 3507 4070 neque

1922 4111 2233 4181 agitatores,
2264 4120 2365 4160 nec
2404 4105 2493 4171 qui
2525 4116 2715 4171 aquam
2762 4099 2918 4169 equis
2946 4104 3226 4165 Spargunt,
3266 4112 3285 4145 ι
3311 4092 3503 4148 videli-

1918 4212 2029 4269 cet,
2058 4215 2163 4255 non
2193 4198 2261 4253 de
2283 4197 2487 4267 vulgari
2514 4195 2693 4263 aliqua
2720 4192 2999 4261 sparsione
3025 4200 3117 4243 aut
3146 4189 3212 4241 ad
3254 4198 3506 4241 recrean-

1920 4294 2019 4351 dos
2049 4309 2239 4365 equos,
2263 4292 2339 4347 uti
2373 4291 2634 4351 Alciatus,
2669 4302 2719 4340 vt
2751 4286 2990 4354 Parerg.,
3024 4283 3199 4349 capite
3227 4280 3278 4345 5,
3312 4279 3404 4333 sed
3436 4278 3509 4331 de

1921 4383 2394 4455 solemniquadam
2423 4390 2477 4435 ct
2497 4395 2619 4436 cum
2647 4377 2925 4447 religione,
2960 4375 3070 4428 imo
3097 4370 3500 4439 superstitione,

1922 4476 2227 4545 conjuncta.
2262 4474 2393 4527 Nam
2422 4471 2582 4525 fuisse
2604 4483 2721 4522 mos
2754 4467 2989 4527 videtur,
3014 4470 3072 4516 ut
3099 4461 3347 4529 quoniam
3377 4457 3507 4511 εἰτο-

225 4570 347 4632 dis,
381 4579 436 4625 et
475 4581 665 4633 mater,
711 4580 765 4625 et
795 4545 988 4640 Ilihea,
1039 4583 1095 4627 et
1137 4573 1406 4637 Demeter,
1441 4593 1460 4627 ι
1492 4590 1587 4629 seu
1629 4576 1811 4631 Ceres.
1845 4545 1896 4603 θ
1922 4581 2111 4622 censes
2154 4566 2292 4619 Sacri
2340 4562 2452 4616 Ῐιιάί
2498 4567 2673 4623 erat“.
2707 4556 3003 4624 ῑιοῐιονίίῐηο
3033 4552 3255 4608 ἀθοτυίη
3311 4546 3495 4640 dicm‘

224 4658 383 4726 Quod
440 4659 603 4729 igitur
627 4661 791 4716 abbas
820 4674 937 4718 erat
980 4665 1119 4719 inter
1150 4665 1463 4731 monachos,
1493 4666 1595 4722 hoc
1624 4670 1816 4722 Amma

226 4753 376 4809 inter
399 4755 632 4823 virgines
664 4767 922 4812 sacratas.

300 4847 690 4909 ANTIQDARIUS.
723 4848 886 4903 Vetus
940 4848 1199 4902 Lausiaca
1233 4850 1488 4916 Palladii,
1545 4867 1664 4920 cap.
1701 4853 1766 4905 i5
1798 4870 1813 4909 :

233 4956 255 4989 ι
292 4937 525 4993 Pulchre
550 4941 692 4994 enim
738 4940 1007 4995 scribebat
1036 4940 1276 4995 libralem
1324 4956 1563 4998 manum.
1599 4962 1619 4995 ι
1655 4944 1814 4999 Lexi-

229 5044 331 5085 con
365 5029 770 5086 Graaeolatinum
799 5034 1146 5109 καὶλιγρὰφος,
1178 5033 1444 5102 librarius,
1470 5034 1521 5089 id
1545 5044 1647 5096 est,
1680 5037 1818 5088 anti-

228 5124 439 5191 quarius
469 5131 603 5177 erat.
654 5122 787 5177 Nam
835 5122 1120 5192 antiquarii
1165 5133 1320 5179 erant
1364 5125 1451 5193 qui
1484 5124 1817 5181 bibliotheca

230 5212 455 5268 Codices
493 5214 905 5283 componebant,
938 5216 1021 5269 vel
1050 5223 1320 5270 vetustate
1346 5215 1682 5271 oblitteratos
1726 5232 1814 5272 re-

232 5305 514 5372 parabant,
538 5316 599 5363 ut
639 5307 836 5361 docent
866 5306 1032 5375 impp.
1063 5307 1378 5376 Constitut.,
1412 5309 1449 5364 l.
1475 5324 1536 5375 tt,
1557 5309 1610 5363 in
1640 5311 1814 5379 princ.

229 5397 365 5452 Cod.
396 5398 628 5463 Theod.;
659 5398 726 5454 de
755 5398 911 5454 Stud.
948 5399 1040 5454 lih.
1074 5399 1195 5456 urb.
1241 5400 1420 5465 lium.,
1445 5401 1538 5457 lib.
1567 5417 1659 5455 xtv
1682 5403 1813 5458 (‘od.

233 5486 442 5544 Theod.
493 5490 854 5559 Augustinus,
905 5490 974 5544 de
1015 5489 1206 5545 Verbis
1245 5490 1485 5557 Domini,
1512 5507 1675 5547 serm.
1705 5491 1813 5548 Ηυξ

238 5596 261 5631 s
293 5578 752 5648 Quemadmodum
782 5584 870 5651 qui
907 5582 1052 5637 videt
1072 5580 1276 5637 litteras
1308 5582 1358 5636 in
1393 5582 1588 5637 Codice
1616 5584 1818 5647 optime

234 5674 461 5741 scripto,
480 5681 668 5751 etnon
703 5673 856 5729 novit
884 5674 1086 5745 legere,
1106 5673 1511 5745 laudatquidem
1534 5675 1817 5746 antiquarii

236 5773 477 5830 manum,
506 5761 778 5820 admirans
800 5764 1007 5835 apicum
1035 5763 1507 5841 pulchritudinem.
1535 5786 1553 5818 ι
1581 5765 1813 5823 Lexicon

1919 4658 2046 4729 equi
2076 4656 2329 4712 certaturi
2354 4654 2499 4721 prius
2529 4653 2906 4712 lustrarentur,
2930 4655 2985 4701 et
3024 4657 3158 4713 aqua
3183 4650 3392 4698 ecerto
3422 4639 3511 4692 lo-.

1918 4765 1984 4804 co
2014 4747 2174 4817 petita
2231 4753 2628 4816 spargerentur.
2679 4739 2820 4794 Idem
2849 4736 3129 4792 existimat
3169 4730 3507 4786 Hilarionem

1922 4840 2065 4894 hunc
2111 4838 2273 4893 ritum
2323 4836 2375 4890 i'n
2424 4843 2602 4889 mente
2648 4829 2924 4894 habuisse,
2955 4834 3015 4880 et
3055 4822 3333 4894 profanam
3362 4818 3505 4873 haue
3554 4832 3559 4837 '

1920 4944 2110 4999 aquam
2133 4927 2234 4981 alia
2265 4940 2398 4996 aqua
2429 4924 2734 4979 damnasse.
2757 4918 2847 4972 Sic
2871 4916 3008 4971 forte
3035 4922 3185 4982 putat
3212 4910 3498 4980 legendum

1922 5021 1976 5075 in
2008 5019 2185 5089 lapide
2211 5015 2377 5072 veteri
2403 5017 2541 5069 inter
2560 5011 2740 5069 ofﬁcia
2758 5005 3116 5071 Circensium,
3147 5003 3373 5073 Sparsur
3402 5014 3503 5069 pro

1925 5113 2170 5183 Spartor,
2227 5108 2355 5171 nisi,
2407 5104 2601 5175 inquit,
2655 5103 2761 5158 hoc
2807 5115 2836 5154 a
2876 5105 3060 5168 sparto
3089 5095 3178 5163 sit,
3205 5101 3261 5150 et
3279 5095 3345 5147 ad
3372 5089 3501 5147 circi

1920 5212 2288 5269 metarumque
2317 5196 2667 5254 dealbationis
2716 5206 2912 5248 munus
2942 5190 3223 5261 pertineat.
3266 5186 3421 5241 Nam
3444 5186 3500 5239 in

1917 5296 2124 5354 Glossis
2158 5296 2230 5350 ita
2275 5291 2527 5361 scriptum
2558 5289 2827 5356 Spartam,
2856 5286 3062 5340 λαυκαία
3092 5284 3142 5336 ἐν
3162 5282 3409 5356 θεάτροις.

1989 5391 2410 5445 Ancutsrcntua.
2448 5382 2563 5437 Vita
2590 5378 2759 5434 sancti
2810 5375 3053 5439 Antonii,
3077 5388 3198 5435 cap.
3224 5370 3341 5427 ὅδε
3377 5386 3395 5419 ι
3433 5366 3499 5421 Et

1918 5498 2038 5537 cum
2076 5480 2303 5550 iudices,
2335 5475 2424 5545 qui
2474 5474 2543 5528 ad
2605 5470 2826 5527 interius
2866 5468 3241 5524 arcbisterium
3280 5473 3499 5532 propter

1920 5573 2258 5641 asperitatem
2286 5566 2514 5631 itineris,
2546 5572 2676 5627 cte.,
2705 5564 2783 5619 ire
2798 5577 2902 5617 non
2930 5566 3196 5631 poterant.
3222 5574 3243 5608 ι
3277 5554 3495 5609 Glossa-

1919 5668 2057 5722 rium
2080 5660 2368 5721 Stewechii
2393 5660 2517 5725 Ms.,
2544 5658 2895 5719 Arcisterium,
2926 5649 3308 5707 monasterium.
3338 5644 3493 5698 Glos-

1923 5758 2120 5815 sarium
2158 5754 2587 5811 Camheroueuse
2617 5751 2739 5817 Ms.,
2798 5743 3183 5809 Arrhistm'um,
3238 5743 3495 5798 πιοηαδιο-
