4014 6368
536 336 638 416 Qun
670 316 673 319 l

1232 357 1709 415 ONOMASTICON
1748 357 1986 416 RERUM
2031 356 2106 413 E'I

2211 357 2533 416 ERBORUM
2576 360 3104 419 DIFFICILIORUM.

3704 359 3803 414 408

534 473 722 527 σίιιηω
743 471 1153 537 Archisterium,
1185 473 1492 541 principalis
1518 473 1710 537 statio;
1741 472 1941 527 sterion
1970 470 2114 525 enim
2146 474 2189 528 Α
2293 472 2396 528 Sed
2420 475 2642 528 omnino
2666 476 2811 530 varia
2839 490 3088 530 mensura
3113 473 3213 527 luit
3238 471 3600 528 artaba.Nam
3626 472 3801 541 Eupo-

534 564 698 618 ‘statio
741 564 961 639 dbitur,
1006 565 1200 620 archos
1250 566 1517 633 princeps.
1556 584 1575 617 ι
1608 564 1753 619 Idem
1799 582 1812 617 :
1852 582 1868 615 ι
1903 562 2115 619 Sterion

532 657 743 722 Graece,
774 655 961 711 Latine
998 658 1179 710 statio.
1211 676 1230 708 ι
1280 656 1477 711 Ibidem
1508 673 1524 708 :
1555 674 1574 708 ι
1608 655 1864 720 Sterium,
1893 653 2117 709 solitarii

534 749 814 805 habitatio.
857 769 875 801 ι
907 750 1166 821 Equidem
1194 751 1410 805 Antonii
1440 751 1793 805 archisterium
1822 752 2033 804 interim
2063 750 2117 805 in

539 850 722 895 monte
750 850 866 895 erat
917 842 1183 911 praecipua
1225 850 1281 896 et
1332 842 1637 911 principalis
1687 842 1803 911 ejus
1836 841 2114 896 habitatio.

529 929 751 996 Capitur
802 940 976 986 tamen
1019 947 1117 1001 pro
1164 931 1353 1000 quovis
1395 935 1745 987 monasterio.
1778 931 1895 986 Vita
1945 932 2114 986 sancti

529 1018 862 1092 Walburgis,
888 1022 977 1075 lib.
1013 1034 1086 1075 tu.
1118 1040 1136 1072 ι
1168 1022 1232 1075 Et
1263 1021 1515 1089 adjacens
1546 1023 1826 1077 arcisterio
1856 1032 2114 1079 cmmete-

528 1114 722 1162 rium.»
760 1110 955 1164 Ibidem
985 1126 999 1162 :
1028 1127 1046 1161 ι
1092 1110 1257 1178 llujus
1286 1112 1456 1166 sancti
1485 1113 1681 1166 atrium
1712 1113 1970 1167 arcisterii
2004 1128 2115 1167 me-

528 1199 614 1253 rui
643 1199 1045 1266 contemplari.)
1078 1199 1273 1255 Paulus
1324 1200 1559 1271 Langus,
1594 1204 1645 1255 in
1679 1203 1944 1257 Chronico
1975 1202 2113 1256 Citi-

524 1293 672 1346 zeusi
728 1294 895 1363 (tomo
952 1292 970 1347 l
1016 1293 1407 1350 Germanorum
1452 1297 1789 1365 Scriptorum
1823 1311 1851 1350 a
1884 1296 2113 1351 Pistorio

524 1384 833 1453 editorum),
862 1398 1003 1437 anno
1044 1384 1182 1439 1469
1210 1402 1223 1437 :
1263 1404 1282 1437 ι
1316 1385 1371 1438 lu
1401 1386 1640 1440 carmine
1670 1388 1931 1455 quodam,
1968 1391 2111 1455 quod

525 1474 577 1525 in
609 1477 933 1543 prmconium
960 1474 1165 1544 praefati
1191 1476 1581 1531 Bursleldensis
1604 1477 1905 1531 archisterii
1928 1478 2113 1533 οιΙίἁεο

524 1580 662 1631 ram.
699 1586 719 1619 ι
753 1567 921 1635 Idem,
948 1583 1068 1637 pag.
1105 1566 1210 1620 886
1244 1586 1258 1622 :
1296 1586 1316 1621 ι
1346 1569 1456 1624 Sub
1486 1569 1767 1625 Trithemii
1817 1571 2107 1625 militabam

524 1658 832 1714 obedientia
858 1661 910 1713 in
940 1659 1262 1714 archisterio
1289 1660 1398 1716 divi
1424 1661 1609 1716 Jacobi
1643 1675 1811 1730 prope
1842 1661 2108 1729 Herbipo-

523 1751 645 1808 lim.
695 1772 713 1805 ι
770 1752 904 1807 Hinc
952 1752 1321 1807 archistrriale.
1362 1752 1479 1808 Vita
1535 1754 1703 1809 sancti
1767 1752 2104 1809 Willibaldi:

2219 569 2413 635 lemus,
2438 570 2575 637 apud
2591 572 2897 638 Eusebium,
2925 571 3019 625 lib.
3044 567 3300 639 meap.‘
3324 569 3560 637 Prarpar.
3580 568 3801 639 Evang.,

2219 666 2490 731 explicans
2537 668 2820 732 epistolam
2873 664 3181 720 Salomonis
3232 663 3308 717 ait
3357 678 3373 716 ε
3432 662 3492 716 '0
3543 660 3601 718 δὲ
3662 662 3803 736 auan

2219 756 2331 811 ἔστε
2357 758 2669 830 ἀρταϐὢνὲξ
2703 774 2716 809 :
2754 774 2774 809 ι
2809 756 2981 810 Corus
3011 768 3141 810 vero
3163 762 3246 809 est
3286 752 3596 807 artabarum
3629 768 3742 806 sex.
3780 772 3796 804 ι

2219 844 2454 901 Consule
2482 847 2875 914 Villalpaudum
2928 855 3193 911 nostrum,
3237 847 3540 914 Apparatus
3586 845 3641 897 in
3669 845 3802 898 Eae-

2217 935 2446 992 chielem
2479 947 2629 1007 parte
2655 952 2713 1003 ll,
2750 938 2840 992 lib.
2867 953 2944 1003 Ill,
2971 952 3091 1006 cap.
3118 935 3207 990 ll.

2290 1039 2511 1093 Anum.
2566 1038 2820 1107 Evagrius
2869 1039 3137 1106 interpres
3168 1036 3302 1090 Vita:
3342 1036 3513 1090 sancti
3564 1033 3800 1097 Antonii.

2216 1142 2336 1196 cap.
2369 1128 2445 1182 2:
2482 1146 2501 1181 ι
2540 1132 2724 1184 Δτυττε
2747 1138 2928 1183 autem
2977 1134 3129 1185 erant
3150 1129 3199 1182 ei
3247 1136 3501 1183 trecenta:
3532 1127 3724 1182 uberes
3753 1137 3801 1181 et

2217 1220 2373 1274 valde
2422 1220 2660 1287 optimae.
2702 1239 2721 1272 ι
2761 1221 2999 1275 Retinuit
3046 1220 3317 1287 interpres
3339 1234 3526 1273 vocem
3560 1218 3797 1272 Graecam

2216 1309 2460 1391 ἄρουραι,
2491 1327 2584 1381 pro
2611 1328 2719 1381 quo
2745 1311 2904 1382 vulgo
2934 1314 3281 1367 substitutum
3317 1313 3527 1382 palma.
3559 1310 3800 1366 Occurrit

2214 1406 2401 1459 eadem
2429 1421 2530 1459 vox
2560 1407 2659 1460 hac
2684 1404 2872 1460 eadem
2902 1405 3041 1467 Vita,
3068 1420 3187 1474 cap,
3222 1404 3289 1459 15
3320 1420 3335 1459 :
3373 1424 3390 1456 ι
3414 1405 3482 1459 Et
3510 1404 3695 1458 statim
3723 1402 3799 1457 in-

2214 1496 2408 1566 telligit
2435 1497 2616 1565 parvis
2645 1498 2840 1561 aruris,
2892 1507 2945 1552 et
2976 1497 3287 1566 parietibus,
3318 1495 3405 1552 vel
3441 1496 3654 1550 modica
3683 1496 3792 1548 auri

2216 1590 2466 1657 portione
2520 1600 2849 1659 contempta,
2906 1604 3008 1645 nec
3034 1590 3250 1660 gloriari
3289 1603 3350 1645 se
3399 1589 3621 1651 debere,
3647 1587 3793 1657 quasi

2216 1696 2407 1751 magna
2434 1681 2751 1738 dimiserit.»
2776 1681 2877 1737 Ubi
2901 1697 2998 1751 pro
3023 1684 3192 1754 parvis
3220 1684 3394 1737 cruris
3421 1683 3475 1736 in
3488 1682 3679 1738 Graeco
3692 1692 3791 1747 est,

2214 1773 2384 1847 ὀλίγας
2414 1774 2672 1849 ἀρούρας’;
2715 1773 2857 1843 quod
2887 1774 3224 1829 Hmschclius
3252 1775 3409 1828 vertit
3437 1782 3648 1843 campo:
3685 1774 3791 1828 azi-

527 1842 767 1899 «Verum
788 1843 1179 1899 etarcisteriali
1199 1843 1451 1914 jamjugo
1468 1843 1811 1908 constrictus,
1835 1859 2103 1915 nunquam
2134 1833 2183 1894 Β
2210 1833 2807 1935 θυέενθίρυὶοήίέηὲίε
2858 1864 3023 1918 edim,
3069 1862 3249 1933 habet,
3300 1864 3473 1930 ραηί,
3516 1833 3787 1918 φαεινὴ.

521 1939 639 1993 sine
666 1936 877 1993 abbatis
900 1937 985 1991 sui
1010 1936 1220 1991 licentia
1248 1950 1471 2006 pergere
1509 1935 1779 2006 iudicaret
1830 1935 2099 2007 dignum.»

596 2029 853 2085 Ansmoe.
882 2029 1015 2083 Viue
1065 2029 1281 2084 Antonii
1310 2043 1428 2098 cap.
1467 2029 1530 2084 14
1559 2045 1572 2082 :
1607 2046 1628 2081 ι
1656 2028 1793 2095 Quid
1813 2043 1942 2083 sane
1968 2037 2024 2083 et
2053 2028 2105 2083 in

522 2120 929 2175 Arsenoitarum
954 2119 1151 2189 oppido
1174 2127 1382 2190 gestum
1415 2119 1506 2184 sit,
1534 2135 1639 2175 non
1682 2120 1921 2175 transibo
1948 2121 2103 2176 silen-

523 2213 619 2267 tio.
643 2229 666 2265 ι
711 2213 844 2267 Cum
873 2211 1069 2282 duplex
1103 2221 1175 2266 sit
1200 2212 1428 2266 Arsinoe
1475 2220 1530 2266 et
1570 2210 1871 2268 Arsinoites
1900 2210 2102 2266 Nomus

520 2304 577 2358 in
604 2304 854 2375 Egypto,
876 2305 965 2359 hic
992 2302 1304 2373 intelligitur
1325 2301 1392 2357 de
1423 2301 1650 2357 Arsinoe
1674 2318 1767 2357 seu
1796 2302 2106 2358 Crocodilo-

520 2409 637 2450 rum
661 2395 857 2466 oppido
883 2395 947 2449 ad
981 2394 1175 2461 Nilum,
1206 2403 1265 2448 ut
1289 2402 1435 2462 patet
1462 2393 1547 2448 hic
1574 2409 1639 2448 ex
1664 2394 1957 2464 adiunctis,
1981 2408 2102 2448 cum

521 2486 586 2540 ad
620 2487 882 2541 Arsinoen
906 2486 1076 2541 Nilum
1109 2481 1395 2540 crocodilis
1426 2483 1679 2539 infestum
1709 2486 1906 2540 transit
1932 2488 2103 2541 Anto-

522 2579 663 2633 nius.
689 2579 802 2633 Alia
830 2578 1057 2634 Arsinoe
1086 2587 1169 2633 est
1196 2577 1263 2632 ad
1296 2576 1657 2631 Charandram
1688 2577 1884 2642 sinum,

595 2672 830 2724 Annua.
853 2670 985 2724 Vitae
1012 2669 1233 2725 Joannis
1261 2668 1706 2741 Eleemosynarii,
1732 2666 1898 2736 cap.5
1920 2666 2103 2722 :rOm-

517 2765 603 2820 nia
637 2767 689 2820 in
723 2782 822 2820 una
851 2766 1116 2835 Campana
1146 2774 1366 2833 statera,
1395 2764 1574 2819 modio
1592 2773 1647 2820 et
1670 2762 1875 2831 artabe,
1907 2762 2104 2818 vende-

515 2871 576 2913 re
604 2869 655 2913 et
695 2873 875 2914 emere
898 2859 1316 2913 contestabatur.
1352 2876 1371 2909 ι
1402 2857 1688 2923 Palladius,
1716 2871 1766 2912 c.
1790 2854 1859 2909 76
1891 2873 1904 2909 :
1943 2873 1964 2907 ι
2002 2855 2103 2909 Ac-

516 2960 773 3019 ceperunt
822 2953 1193 3022 unusquisque
1242 2949 1501 3005 frumenti
1563 2964 1772 3004 annuas
1820 2948 2101 3004 duodecim

517 3043 756 3110 artabas,
799 3047 888 3115 qui
917 3054 1038 3101 sunt
1069 3043 1235 3100 veluti
1266 3042 1642 3113 quadraginta,
1670 3040 1763 3110 qui
1809 3042 1949 3109 apud
2002 3055 2100 3095 nos

2210 1953 2437 2024 Propria
2470 1952 2701 2024 Egypto
2732 1962 2891 2009 terra
2917 1954 3113 2008 divisio
3137 1954 3187 2007 in
3218 1969 3420 2007 aruras.
3444 1953 3663 2017 Strabo,
3702 1953 3789 2012 lib.

2207 2061 2335 2110 xvu,
2359 2046 2426 2101 de
2448 2047 2667 2118 Egypti
2691 2046 2955 2101 divisione
2980 2061 2994 2099 :
3019 2054 3073 2099 Ἦ
3106 2045 3160 2101 δὲ
3182 2048 3336 2119 χώρα
3364 2052 3454 2105 τήν
3484 2048 3576 2115 μὶν
3594 2050 3796 2125 πρώτην

2208 2134 2463 2212 διαίρεσιν
2494 2140 2569 2197 τίς
2600 2140 2788 2209 τομοὺς
2824 2136 2978 2207 ἔσχε,
3009 2135 3131 2191 δέκα
3157 2139 3247 2206 μὲν
3267 2139 3298 2194 ἡ
3318 2135 3533 2201 Θηϐαἳς,
3555 2134 3677 2191 δέκα
3703 2135 3744 2191 δ’
3762 2146 3791 2197 ᾗ

2209 2230 2258 2283 ἓν
2281 2238 2352 2299 τῷ
2380 2230 2557 2294 Δέλτα,
2580 2231 2632 2294 ἐξ
2652 2233 2737 2283 καί
2766 2228 2885 2284 δέκα
2906 2229 2949 2285 δ’
2973 2233 3003 2287 ἡ
3024 2232 3237 2302 μταξύθ
3265 2233 3332 2289 ὡς
3353 2228 3407 2285 δέ
3431 2252 3588 2293 τινες,
3612 2236 3790 2285 τοσοῦ⁹

2204 2342 2286 2376 τοι
2314 2318 2447 2380 ἦσαν
2479 2321 2525 2375 οἶ
2546 2317 2846 2389 σύμπαντες
2880 2324 3050 2389 νομοὶ,
3082 2319 3201 2374 ὅσαι
3243 2320 3295 2373 αἱ
3329 2321 3383 2375 ἐν
3419 2327 3490 2389 τῷ
3508 2320 3789 2395 λαϐυρίνθῳ

2206 2410 2373 2465 αὐλαὶ·
2402 2412 2548 2466 αὐταί
2575 2410 2619 2465 δ’
2641 2409 2875 2469 ἐλάττους
2891 2417 2988 2463 τῶν
3013 2416 3301 2486 τριάκοντα.
3333 2412 3479 2464 Πάλιν
3510 2410 3559 2464 δ’
3584 2412 3629 2464 οἱ
3657 2415 3789 2479 νομοί

2205 2505 2366 2574 τομὰς
2396 2500 2548 2563 ἅδεας
2580 2501 2770 2573 ἔσχον·
2796 2505 2871 2564 εἰς
2894 2506 2991 2581 γὰρ
3015 2507 3316 2577 τοπαρχίας
3345 2503 3652 2583 οίνπλείστοι
3681 2501 3779 2561 διή-

2203 2616 2377 2669 ρηντο,
2398 2600 2477 2649 καί
2493 2593 2647 2651 αὗται
2669 2595 2712 2651 δ’
2728 2599 2770 2649 εἴ
2775 2617 2801 2656 ς
2822 2592 2976 2655 ἄλλας
2990 2597 3172 2665 τομὰς,
3198 2594 3484 2664 ἆλάχισται
3503 2592 3550 2648 δ’
3572 2594 3630 2648 αἱ
3652 2591 3772 2670 ἄρου

2204 2706 2295 2761 ραι
2321 2683 2555 2760 μερίδες-ε
2590 2702 2608 2734 ι
2638 2684 2802 2752 Regio
2834 2683 2984 2736 initio
3024 2683 3075 2736 in
3104 2682 3447 2751 praefecturas
3471 2681 3645 2735 divisa
3671 2682 3796 2738 luit.

2205 2792 2338 2849 quas
2389 2777 2589 2832 Nomos
2623 2788 2856 2831 vocant:
2886 2775 3153 2830 Thebaica
3207 2774 3419 2844 quidem
3465 2772 3521 2827 in
3568 2773 3780 2843 decem;

2205 2886 2324 2941 quae
2347 2885 2475 2926 vero
2504 2871 2557 2925 in
2588 2870 2765 2936 Delta,
2797 2872 2847 2924 in
2872 2870 3129 2936 totidem;
3171 2867 3485 2923 intermedia
3513 2876 3696 2921 autem
3733 2866 3783 2920 in

2204 2965 2463 3030 sedecim,
2499 2975 2553 3019 et
2586 2964 2668 3035 (ut
2697 2963 2915 3033 quidam
2964 2961 3172 3032 volunt)
3216 2970 3293 3015 tot
3312 2968 3465 3016 erant
3488 2958 3788 3029 bujusmmﬁ

2204 3057 2558 3129 praefectum,
2609 3064 2741 3126 quot
2786 3057 2937 3110 aulas
2994 3054 3331 3127 labyrinthus
3361 3052 3619 3118 habebat,
3671 3065 3783 3119 qua:

517 3139 764 3193 meum"?
786 3138 972 3195 ηιοάίί·
1000 3159 1019 3193 ³
1040 3139 1309 3206 lme"PN!"
1334 3135 1808 3238 Ᾱτίείοβδθηίείίη
1835 3135 2095 3238 Αθίηπξλο
2129 3176 2175 3238 C
2205 3153 2419 3209 circiter
2448 3152 2669 3224 triginta
2692 3160 2867 3205 erant.
2914 3150 3143 3202 Rursum
3176 3139 3258 3201 ha}
3291 3144 3632 3216 prmfectura:
3660 3144 3786 3197 divi-

519 3228 585 3283 de
613 3228 829 3283 artaba:
858 3233 1099 3307 Περσικὸν
1140 3230 1194 3287 δὲ
1220 3234 1305 3285 καί
1330 3230 1602 3300 Αίγύπτιον
1629 3230 1687 3282 τὸ
1711 3224 1867 3297 ὄνομα
1896 3244 1910 3279 z
1945 3244 1964 3277 ι
2002 3226 2104 3280 Ar-

519 3322 635 3376 taha
665 3320 939 3377 Persicum
963 3334 1019 3378 et
1066 3324 1378 3395 Egyptium
1419 3336 1615 3377 nomen
1662 3329 1766 3376 est.
1792 3341 1810 3374 ι
1841 3321 1915 3377 De
1938 3320 2105 3392 Egy-

518 3416 755 3484 ptiurum
785 3418 969 3469 artaba
1002 3416 1237 3470 Fannius
1277 3435 1292 3470 :

641 3504 728 3554 Est
751 3508 897 3553 etiam
922 3506 1088 3565 terris,
1114 3517 1232 3565 quas
1257 3506 1443 3554 advena
1464 3503 1602 3554 Nilus
1623 3503 1844 3561 inundat,

644 3567 844 3628 Artaba.
879 3569 956 3615 cui
980 3575 1182 3627 superat
1205 3567 1349 3615 modii
1374 3580 1487 3628 pars
1510 3568 1653 3615 tertia
1681 3572 1790 3627 post
1818 3574 1939 3628 tres.

639 3626 863 3688 Namque
891 3626 1065 3679 decem
1091 3627 1270 3679 modiis
1292 3626 1578 3687 explebitur
1604 3626 1769 3676 artaba
1795 3626 1993 3689 triplex.

516 3706 898 3779 Hieronymus,
930 3710 981 3764 in
1007 3725 1126 3780 cap.
1161 3727 1191 3764 v
1230 3710 1421 3764 Isaiae:
1458 3730 1477 3763 ι
1514 3711 1619 3765 Pro
1650 3711 1861 3780 triginta
1891 3707 2100 3775 modiis,

515 3814 647 3869 quos
678 3815 777 3856 nos
827 3816 924 3869 pro
972 3818 1093 3856 coro
1141 3802 1443 3873 posuimus,
1492 3803 1579 3872 qui
1630 3802 1888 3856 Hebraice
1910 3800 2107 3854 dicitur

515 3891 722 3958 homer,
758 3891 901 3947 LXX
938 3904 1215 3949 verterunt
1257 3894 1495 3970 ἀρτάϐας
1541 3894 1641 3959 ἕξ.,
1688 3908 1809 3963 qua:
1857 3906 2104 3947 mensura

516 3981 831 4051 Egyptiaca
865 3993 967 4049 est,
993 3994 1048 4040 et
1076 3985 1202 4041 facit
1232 3985 1442 4042 modios
1474 3986 1680 4056 viginti.
1718 4004 1739 4037 ›
1770 3986 1935 4040 Plane
1976 4000 2108 4055 qua-

518 4075 641 4126 drat
676 4075 962 4130 arstimatio
1003 4076 1201 4131 artabat:
1243 4077 1384 4148 apud
1411 4056 1813 4148 Hieronymum,
1857 4091 1982 4131 cum
2018 4090 2105 4141 ea,

520 4165 639 4230 quae
669 4171 753 4217 est
772 4166 911 4235 apud
950 4164 1242 4237 Palladium
1283 4167 1395 4237 jam
1418 4168 1663 4221 citatum.
1686 4167 1850 4231 Idem,
1884 4166 1937 4220 in
1979 4181 2102 4235 cap.

520 4270 578 4308 XI
627 4232 900 4313 Danielis:
938 4276 958 4309 ι
1000 4258 1072 4311 lta
1099 4267 1159 4313 ut
1187 4232 1542 4325 tholemzeus
1583 4257 1989 4327 Philadelphus)
2037 4232 2105 4314 de

518 4345 756 4419 Ευρῑο
776 4364 872 4417 per
899 4349 1139 4421 singulos
1179 4364 1350 4404 annos
1394 4350 1804 4420 quattuordecim
1835 4350 2003 4404 millia
2049 4358 2104 4404 et

518 4442 788 4510 octoginta
817 4442 1018 4496 talenta
1068 4443 1273 4513 argenti
1316 4443 1604 4512 acceperit,
1635 4452 1690 4497 et
1740 4439 1991 4496 frumenti
2018 4455 2103 4495 ar-

2204 3244 2383 3299 siones
2418 3244 2614 3297 liberas
2642 3242 2869 3305 habent;
2898 3239 3101 3307 majore
3129 3238 3270 3293 enim
3300 3252 3329 3291 e
3354 3246 3509 3305 parte
3531 3238 3585 3290 in
3618 3246 3786 3303 t0par-

2206 3335 2355 3390 chias
2386 3334 2569 3389 divisae
2619 3332 2864 3399 fuerunt;
2897 3330 3187 3399 toparchite
3218 3344 3404 3383 rursus
3430 3331 3485 3381 iu
3519 3328 3786 3396 portiones

2206 3428 2361 3491 alias,
2389 3441 2612 3497 quarum
2639 3425 2876 3479 minima:
2912 3438 3085 3478 arum:
3110 3433 3283 3477 erant.
3323 3440 3349 3473 ι
3379 3420 3496 3475 Non
3523 3430 3674 3475 recte
3714 3421 3785 3472 in—

2208 3527 2417 3587 terpres
2463 3517 2551 3573 hic
2589 3533 2713 3571 arva
2752 3524 3005 3571 verterat.
3038 3514 3350 3582 liorapollo,
3384 3511 3475 3566 lib.
3509 3528 3548 3576 ι,
3575 3527 3693 3582 cap.
3719 3510 3781 3563 5:

2203 3608 2351 3672 Ἐτος
2366 3612 2424 3668 τὸ
2449 3610 2777 3680 ἐπιστάμενον
2795 3607 3091 3684 γράφοντες.
3127 3610 3365 3686 τέταρτον
3399 3607 3631 3682 ἀρούρας
3667 3606 3784 3680 7³ρά⁹

2204 3723 2407 3780 φουσιν·
2439 3704 2550 3763 ἔστι
2576 3705 2627 3761 δὲ
2656 3707 2835 3780 μέτρον
2869 3711 2963 3776 γῆς
2997 3705 3027 3762 ἡ
3058 3699 3276 3776 ἄρουρα,
3326 3708 3516 3771 πηχῶν
3571 3699 3781 3753 iuras:

2212 3818 2231 3851 ι
2260 3798 2548 3851 Instantem
2580 3808 2779 3848 annum
2800 3790 3182 3861 significantes,
3207 3797 3451 3858 quartam
3475 3802 3651 3842 arura:
3674 3799 3787 3853 paro

2208 3901 2313 3944 tem
2344 3889 2589 3959 pingunt.
2624 3887 2718 3941 Est
2744 3894 2917 3939 autem
2951 3884 3145 3960 ἄρουρα
3174 3892 3333 3936 terrae
3358 3895 3637 3946 mensura,
3668 3894 3789 3934 cen-

2206 3992 2318 4037 tum
2360 3980 2723 4048 complectens
2748 3978 2977 4032 cubitos.
3019 3994 3036 4028 ι
3068 3974 3384 4037 Herodotus,
3413 3972 3670 4041 Euterpe,
3702 3986 3789 4026 seu

2207 4075 2299 4131 Ιῖὶ).
2317 4089 2354 4129 tl
2376 4075 2560 4145 εΓέρια
2585 4071 2639 4128 δέ
2660 4094 2749 4145 σφι
2767 4070 2826 4131 ἧν
2848 4069 2969 4126 τάδε
2992 4072 3358 4145 ἐξαραιρημένα
3382 4071 3616 4140 μούνοισι
3644 4072 3787 4141 Δίγυθ

2206 4167 2369 4221 πτίων
2391 4166 2552 4238 πάρεξ
2576 4170 2676 4218 τῶν
2698 4163 2889 4233 ἱερέων·
2914 4159 3133 4238 ἄρουραι
3160 4163 3404 4237 ἐξαίρετοι
3437 4160 3638 4216 δὼδεγα
3684 4162 3787 4215 ivi-

2208 4278 2318 4329 στῳ
2348 4258 2563 4317 ἀτε)έις’
2599 4258 2629 4314 ἡ
2666 4254 2718 4310 δὲ
2750 4251 2949 4331 ἄρουρα
3223 4254 3403 4308 ἑκατὸν
3432 4257 3652 4323 mixed)»
3685 4255 3786 4307 ἐστι

2205 4349 2493 4416 Αἰγυπτίων
2548 4346 2735 4402 πάντη⁶
2764 4343 2789 4398 ὁ
2815 4342 2866 4398 δέ
2889 4345 3167 4417 Αἰγύπτιος
3196 4352 3376 4414 πῆχυς
3400 4346 3655 4414 τυγχάνει
3684 4339 3788 4401 ἶσος

2207 4442 2301 4494 ἰὼν
2327 4446 2398 4506 τῷ
2418 4442 2605 4509 Σαμίῳ.
2638 4454 2656 4487 ι
2691 4435 2781 4489 His
2809 4434 2937 4489 solis
2961 4436 3073 4506 (qui
3100 4435 3349 4489 dicuntur
3386 4433 3680 4489 Calasiries
3702 4448 3789 4487 seu

518 4531 670 4586 tabas
696 4533 858 4601 ,(quze
907 4546 1158 4588 mensura
1189 4542 1298 4589 tres
1328 4534 1535 4590 modios
1580 4545 1633 4589 et
1680 4535 1889 4588 tertiam
1939 4532 2102 4589 modii
2134 4547 2185 4607 Ι)
2211 4528 2556 4599 pugnatores)
2582 4528 2953 4597 Egyptiorum
2999 4536 3193 4595 prmter
3218 4525 3525 4580 sacerdotes
3559 4527 3663 4578 hoc
3688 4526 3789 4579 eti-

406 4615 419 4632 “
518 4635 726 4693 partem
752 4628 938 4695 habet)
980 4628 1265 4698 quinquies
1292 4628 1547 4682 etdecies
1589 4634 1816 4682 centena
1854 4625 2040 4679 millia.
2080 4641 2100 4677 ι

520 4718 738 4785 Ignotus
753 4717 972 4772 Graecus
990 4719 1124 4771 libro
1140 4719 1206 4772 de
1229 4718 1451 4785 pouder.
1469 4726 1523 4773 et
1539 4718 1804 4771 mensuris
1822 4732 1835 4767 :
1856 4717 2107 4788 Αἰγυπτία

522 4808 729 4882 ἀρτάϐη
757 4810 939 4884 μέτρον
980 4808 1012 4863 ἔ
1015 4830 1104 4880 χει
1136 4809 1340 4881 μοδίους
1362 4808 1417 4864 ι’·
1442 4808 1468 4864 ὁ
1492 4808 1545 4864 δὲ
1572 4807 1746 4881 μόδιος
1770 4807 1795 4863 ὁ
1826 4807 2106 4880 Αἰγύπτιος

521 4904 609 4953 καί
635 4899 660 4955 ὁ
687 4900 927 4962 Ἰταλικὸς
950 4899 1069 4973 ἔχει
1103 4905 1333 4972 χοίνικας
1361 4900 1426 4961 η’.
1445 4919 1464 4952 t
1490 4901 1740 4971 Egyptia
1769 4902 1949 4955 artaba
1966 4901 2109 4967 capit

526 4988 740 5042 modios
775 4993 1043 5059 quinque;
1075 4990 1287 5045 modius
1314 5006 1439 5045 vero
1486 4989 1772 5062 Egyptius
1801 4997 1857 5045 et
1897 4990 2108 5045 Italicus

522 5082 764 5136 continet
806 5085 1083 5139 chmnicas
1123 5095 1277 5140 octo.
1302 5105 1321 5137 ι
1355 5085 1544 5154 Papias
1578 5102 1594 5140 :
1629 5103 1647 5138 ι
1696 5085 1916 5150 Artaba,
1940 5100 2109 5153 genus

524 5174 1067 5243 meusurzeSyriacaz,
1087 5191 1203 5243 quae
1222 5186 1330 5230 tres
1352 5175 1561 5229 modios
1585 5175 1705 5229 facit
1728 5186 1781 5229 et
1799 5178 2103 5232 trientem.»

600 5263 673 5316 De
705 5263 988 5318 Persarum
1019 5277 1071 5319 et
1095 5265 1365 5319 Medorum
1397 5267 1582 5320 artaba
1615 5266 1909 5338 Hesychius
1942 5285 1957 5321 :
1990 5270 2108 5345 Ἀρ-

525 5357 659 5414 τάϐη
679 5359 864 5434 μέτρον
883 5356 1105 5415 Μηδικὸν
1129 5361 1295 5427 σίτου,
1313 5358 1540 5418 ’Λττικὸς
1570 5357 1809 5429 μέδιμνος
1837 5376 1849 5410 :
1870 5376 1888 5409 ι
1911 5359 2109 5412 Artaba

526 5466 776 5504 uwnsura
811 5451 1059 5506 frumenti
1091 5451 1229 5520 apud
1259 5452 1458 5517 Medos,
1496 5452 1708 5508 Atticus
1731 5453 2049 5507 medimnus.
2082 5471 2100 5503 ι

530 5538 829 5596 Herodotus
857 5542 991 5608 Clio,
1025 5558 1119 5597 seu
1149 5541 1241 5598 lib.
1276 5559 1323 5597 t:
1353 5556 1403 5598 Ἢ
1429 5543 1482 5599 δέ
1514 5545 1716 5619 ἀρτάϐη
1743 5585 1757 5609 ,
1785 5545 1964 5619 μέτρον
1997 5546 2108 5601 ἐστί

523 5634 789 5711 Περσικὸν,
818 5635 1015 5709 χωρὲον
1039 5634 1281 5707 μεδίμνου
1310 5635 1544 5691 ’Δττικοῡ
1575 5637 1747 5691 πλεῖον
1770 5638 1954 5705 χοίνιξι
1968 5640 2109 5712 τρισὶ

526 5730 808 5802 ’Δττικῇσιε
831 5729 1117 5783 Estautem
1136 5727 1319 5783 artaba
1335 5742 1582 5782 mensura
1610 5727 1843 5794 Persica,
1864 5728 2108 5796 capacior

530 5834 688 5889 quam
716 5822 921 5881 Atticus
951 5824 1273 5890 medimnus,
1306 5821 1475 5877 tribus
1499 5820 2092 5877 choenicibusAtticis.»

2209 4623 2371 4677 mium
2397 4620 2616 4675 honoris
2642 4618 2959 4680 habebatur,
2980 4626 3037 4670 ut
3059 4616 3285 4685 singulis
3307 4616 3593 4669 duodecim
3628 4630 3791 4668 arma

2208 4721 2389 4768 essent
2410 4720 2671 4779 exemptze
2694 4720 2747 4765 et
2774 4711 3057 4762 immunes.
3087 4709 3179 4761 Est
3199 4717 3376 4760 autem
3397 4722 3559 4761 arura
3584 4718 3791 4760 centum

2210 4807 2516 4862 cubitorum
2543 4803 2915 4874 IEgyptiorum
2944 4814 3367 4870 quoquoversus.
3390 4798 3676 4868 Egyptius
3708 4813 3793 4851 ve-

2211 4916 2272 4954 ro
2296 4899 2505 4953 cubitus
2529 4897 2711 4952 Samio
2735 4911 2831 4965 par
2860 4904 2994 4950 est.»
3026 4893 3217 4949 Suidas
3246 4909 3259 4945 :
3289 4893 3569 4969 ’Δρουραία
3597 4894 3793 4962 μάντις,

2210 4995 2295 5048 ἐπί
2316 5001 2416 5047 τῶν
2432 4993 2528 5046 νωθ
2534 4997 2634 5067 ρῶν
2656 4992 2740 5044 καὶ
2760 4993 3055 5065 ἀπράκτων.
3073 4985 3227 5042 Ἐστι
3248 4985 3299 5041 δὲ
3321 4987 3465 5059 ἀκρίς
3480 4984 3793 5045 δυσκίνητος.

2220 5084 2424 5161 χλωρὰ,
2470 5084 2751 5152 καλουμένη
2780 5081 2979 5153 μάντις,
3027 5076 3087 5140 ἧς
3128 5100 3256 5139 τινες
3285 5079 3640 5152 προσέχοντες
3686 5085 3793 5134 ταῖς

2218 5181 2446 5235 κινήσεσι
2471 5176 2821 5246 μαντεύονται.
2836 5170 2956 5227 Ὀτι
2976 5174 3006 5231 ἦ
3031 5169 3231 5246 ἄρουρα
3252 5169 3414 5231 πόδας
3432 5169 3556 5242 ἔχει
3580 5170 3641 5236 ν’,
3668 5189 3686 5221 t
3700 5170 3794 5222 Ru-

2215 5269 2416 5322 sticana
2447 5276 2616 5334 vates,
2649 5266 2714 5319 de
2742 5266 2996 5336 segnibus
3023 5274 3076 5317 et
3106 5264 3329 5332 ignavis.
3372 5262 3465 5316 Est
3510 5272 3694 5316 autem
3728 5261 3793 5313 Ιο-

2214 5368 2362 5415 custa
2395 5360 2678 5413 admodum
2728 5360 2880 5411 tarda
2922 5365 3091 5418 motu,
3142 5354 3347 5419 viridis,
3404 5368 3526 5422 qua:
3576 5363 3792 5405 vocatur

2217 5454 2433 5517 mantis,
2459 5451 2509 5504 id
2540 5459 2640 5514 est,
2675 5457 2857 5511 vates;
2889 5449 3042 5513 cujus
3066 5442 3242 5499 motus
3270 5443 3484 5513 quidam
3509 5443 3790 5496 observan~

2216 5552 2299 5597 tes
2324 5541 2701 5595 vaticinantur.
2736 5538 2904 5591 Arura
2937 5536 3099 5604 pedes
3128 5534 3288 5588 habet
3332 5534 3741 5602 quinquaginta.
3774 5549 3790 5581 ι

2216 5635 2314 5690 Ubi
2328 5633 2574 5688 IEmilius
2596 5632 2786 5685 Portus
2798 5643 3012 5684 sensum
3032 5643 3136 5681 non
3151 5626 3405 5694 percepit,
3424 5639 3547 5678 cum
3561 5635 3790 5679 extrema

2216 5726 2375 5780 vertit
2407 5743 2417 5776 :
2450 5742 2468 5775 ι
2507 5725 2615 5780 Rus
2642 5723 2803 5793 pedes
2836 5722 3033 5774 habere
3056 5718 3301 5773 dicitum
3340 5716 3403 5770 Et
3426 5715 3661 5784 ingenue
3680 5727 3788 5780 pro-

2214 5817 2386 5872 fessus
2402 5824 2500 5882 est,
2521 5830 2572 5869 tt.
2595 5831 2647 5869 ι..
2668 5813 2893 5882 Legerat
2916 5812 3006 5866 ille
3038 5809 3197 5881 ἔχειν,
3223 5824 3340 5863 cum
3357 5807 3643 5877 legendum
3660 5815 3787 5861 esset
