4014 6368
245 363 355 418 409

957 350 1439 414 ONOMASTIGON
1479 345 1719 404 RERUM
1763 343 1849 397 ET
1890 338 2266 396 VEBBORUM
2310 337 2839 396 DlFFlClLlORUM.

3400 341 3504 397 M0

249 471 375 539 ἔχη
421 471 480 522 ν’.
512 468 584 522 Ita
631 466 790 521 habet
820 467 913 520 Ms.
948 477 1128 521 noster
1160 460 1588 531 Antuerpiensis.
1621 457 1821 522 Nempe
1852 458 1896 514 Α
1929 458 2108 521 posset
2130 451 2406 519 presbyter
2428 451 2620 504 nudam
2652 467 2768 506 eam
2802 460 2986 505 sancto
3011 451 3130 506 oleo
3162 451 3438 523 inungere.
3478 471 3497 504 ι

247 577 408 614 arura
438 570 519 615 est
549 558 823 612 dimidium
857 555 1070 624 pletbri,
1097 556 1356 624 plethrum
1388 561 1565 604 autem
1589 547 1825 602 continet

247 654 414 724 pedes
455 660 666 705 centum
696 663 1144 718 quaquaversum,
1176 659 1229 700 ιιι
1281 647 1418 700 idem
1443 642 1635 699 Suidas
1658 639 1750 693 ait.

320 749 494 799 Arura
527 743 886 809 Scriptoribus
937 741 1136 794 Latinis
1163 739 1324 792 etiam
1377 744 1661 802 usurpata,
1719 743 1824 781 non

245 853 345 903 pro
375 846 518 890 certa
567 843 720 888 terra:
752 835 1029 900 portione,
1063 831 1157 884 sed
1202 827 1494 898 generatim
1542 838 1638 892 pro
1686 830 1827 873 terra

245 942 343 979 seu
379 940 529 993 agro.
566 925 746 976 Velius
779 925 1010 990 Longus,
1044 921 1109 974 de
1141 917 1570 987 Orthographia:
1604 931 1621 963 ι
1664 911 1821 977 Filix,

243 1032 407 1080 quam
443 1017 513 1068 ita
543 1015 703 1068 credo
726 1015 918 1067 dictam
939 1053 954 1077 ,
986 1012 1124 1080 quod
1148 1011 1213 1064 sit
1237 1012 1411 1064 minus
1437 1007 1556 1061 felix
1584 1020 1777 1058 arnrre.
1805 1021 1823 1054 ι

244 1108 387 1162 Ιιιιιο
417 1123 654 1170 aruma,
689 1106 737 1159 id
783 1116 866 1160 est
911 1105 1169 1168 agrestis,
1219 1102 1492 1156 rurestris.
1544 1099 1826 1153 Marcellus

243 1201 566 1266 Empiricos,
594 1199 683 1252 lib.
715 1198 781 1252 de
811 1197 1227 1260 Medicamentis,
1264 1210 1382 1263 pag.
1428 1192 1535 1246 63:
1577 1209 1594 1241 ι
1634 1189 1831 1243 Lacer-

242 1301 329 1345 tas
349 1292 621 1360 .pisinnas,
649 1305 766 1358 quae
796 1289 849 1342 in
879 1288 1145 1358 segetibus
1176 1295 1475 1348 morantur,
1521 1295 1654 1349 quas
1685 1278 1831 1332 (ιι-ω-

240 1384 289 1436 ci
321 1396 559 1436 arurteas
587 1389 796 1434 vocant.
827 1398 844 1430 ι
881 1378 1032 1433 υιιειθ
1062 1377 1428 1447 proverbium,
1458 1372 1654 1432 Μάντις
1676 1373 1830 1446 ἀρου-

243 1479 399 1548 ραία,
431 1482 486 1526 ut
514 1474 562 1526 in
592 1472 750 1527 Suida
778 1470 886 1538 jam
916 1471 1100 1522 citato.

325 1568 616 1618 Asrtnns.
653 1563 768 1615 Vita
804 1561 1025 1614 Joannis
1071 1559 1487 1629 Eleemosynarii
1511 1599 1526 1623 ,
1577 1573 1697 1623 cap.
1732 1557 1820 1611 51.

249 1679 269 1709 ε
305 1660 428 1713 Uno
457 1656 581 1710 hinc
609 1665 661 1709 et
707 1655 874 1708 altero
903 1655 1024 1706 hinc
1068 1651 1440 1719 aspitantibus.
1469 1668 1487 1702 ι
1543 1649 1620 1704 lta
1655 1650 1784 1704 Mss.
1809 1689 1825 1714 ,

245 1751 339 1804 ubi
375 1749 536 1812 Editi,
566 1746 938 1800 assistentibus.
985 1744 1192 1798 Glossze
1223 1742 1407 1796 lsidori
1441 1759 1455 1795 :
1490 1742 1691 1807 Aspita,
1724 1742 1830 1794 rui-

1997 543 2099 598 Sed
2116 543 2403 611 disputatio
2419 544 2556 596 inter
2569 543 2756 597 doctos
2779 545 2922 599 viros
2947 551 3085 605 orta,
3112 560 3176 596 an
3196 543 3501 613 baptizandi

1927 633 2141 688 omnino
2166 633 2292 687 nudi
2324 633 2539 698 iuerint,
2562 649 2627 687 an
2650 643 2852 688 tantum
2882 635 3142 702 superiori
3166 646 3310 689 veste
3335 638 3502 690 eauti.

1997 724 2260 792 Josephus
2291 723 2620 786 Vicecomes,
2649 727 2700 778 in
2737 725 3126 780 Ecclesiasticis
3153 725 3263 780 suis
3295 726 3499 782 Obser—

1927 815 2228 869 vationibus
2250 815 2315 870 de
2334 817 2565 885 antiquis
2586 816 2832 884 baptismi
2853 817 3060 881 ritibus,
3089 818 3180 873 lib.
3202 835 3260 883 It,
3289 819 3505 888 capiti,

1927 916 1979 962 et
2006 908 2098 961 lib.
2128 924 2199 972 tv,
2258 922 2377 974 cap.
2411 909 2507 970 lt),
2545 909 2600 962 tl
2628 951 2641 972 ,
2685 908 2774 973 l2,
2829 908 2924 973 l5,
2977 921 3209 963 conatur
3261 922 3504 965 astruere

1931 1005 2090 1074 plane
2120 1005 2312 1066 nudos,
2347 1005 2494 1058 nullo
2526 1009 2688 1059 veSIis
2722 1006 2803 1059 vel
2835 1007 3117 1074 tegumenti
3151 1020 3345 1074 genere
3374 1005 3510 1057 ami-

1931 1104 2050 1149 ctos
2079 1095 2206 1148 olim
2250 1095 2662 1150 catechumenos
2705 1098 2884 1162 inungi
2925 1097 3101 1150 solere
3147 1107 3196 1150 et
3226 1096 3504 1162 baptizari.

2002 1185 2137 1240 Snnt
2192 1187 2280 1254 qui
2321 1187 2682 1239 contradicant
2739 1187 3006 1255 (Joannes
3052 1186 3297 1254 Viringus
3327 1194 3509 1239 noster

1932 1278 1984 1332 in
2016 1287 2239 1331 tractatu
2268 1278 2370 1332 Ms.
2403 1293 2465 1331 ea
2511 1278 2577 1330 de
2605 1277 2684 1347 re)
2714 1288 3073 1347 censeantque
3106 1280 3396 1332 Ecclesiam
3429 1277 3510 1330 ni-

1935 1367 2196 1437 misquam
2227 1382 2441 1435 semper
2485 1367 2693 1420 honesti
2725 1378 2960 1423 tenacem
2989 1370 3181 1433 fuisse;
3214 1384 3312 1423 nec
3336 1369 3510 1422 simile

1932 1475 2058 1513 vero
2087 1474 2205 1513 esse
2231 1459 2474 1513 eamdem
2506 1468 2610 1512 tam
2656 1461 2884 1513 evidenti
2930 1461 3340 1532 sacrilegiorum
3371 1462 3510 1532 peri-

1931 1551 2052 1604 culo
2099 1559 2490 1605 sacramentnm
2539 1549 2638 1605 hoc
2679 1553 2871 1618 exponi
2901 1554 3149 1607 voluisse.

2007 1645 2115 1711 Ego
2158 1660 2310 1707 vero,
2340 1645 2617 1712 perpensis
2651 1645 2925 1713 utriusque
2979 1646 3142 1713 partis
3186 1647 3508 1710 momentis,

1932 1734 2306 1796 existimarim,
2335 1736 2377 1788 si
2409 1736 2526 1801 quis
2557 1735 2686 1789 recti
2714 1736 2903 1789 libram
2932 1736 3114 1800 judicii
3143 1745 3322 1790 tenere
3345 1738 3505 1799 volet,

244 1859 340 1894 na.
377 1843 447 1895 Ita
472 1850 526 1895 et
555 1840 881 1894 Glossarium
912 1839 1011 1892 Ms.
1043 1837 1497 1891 Catnlteronense.
1531 1835 1828 1889 Videndum
1862 1807 1908 1865 Β
1934 1836 1989 1880 et
2016 1827 2186 1878 nudos
2209 1836 2262 1878 et
2292 1841 2396 1878 non
2443 1826 2615 1879 nudos
2645 1827 2770 1880 olim
2819 1826 3236 1880 catechumenos
3264 1829 3511 1882 inunctos

243 1943 430 1987 tamen
464 1948 587 1986 num
619 1945 715 2000 pro
761 1931 909 1982 ruina
941 1928 1220 1998 legendum
1269 1927 1338 1980 sit
1383 1927 1613 1979 ceruina.
1662 1924 1820 1978 Certe

244 2029 441 2093 ιρῑιιιηι
471 2022 667 2076 dicitur
692 2036 830 2073 veru.
861 2018 1188 2074 Glossarium
1214 2017 1531 2071 Camberon.
1559 2033 1573 2071 :
1602 2017 1828 2080 Assium,

243 2131 404 2176 ocra;
439 2113 492 2164 id
509 2123 580 2166 est
606 2113 817 2178 spitum.

328 2208 620 2270 Assuesco,
655 2203 708 2258 id
737 2215 837 2269 est,
869 2202 1189 2271 assuefacio.
1221 2200 1472 2263 Hieron..
1520 2200 1571 2253 in
1613 2200 1832 2268 prologo

245 2297 391 2351 Vita:
425 2297 652 2351 Malchi:
684 2315 703 2347 ι
735 2296 1163 2364 ῡίςροείιυιιιιιιιθ
1194 2309 1285 2359 per
1316 2293 1548 2347 tabulata
1571 2292 1830 2355 militem,

249 2388 511 2459 pendenti
560 2387 746 2456 gradu,
796 2397 850 2440 et
898 2386 1108 2438 labente
1154 2384 1378 2453 veStigio
1423 2383 1646 2438 ﬁrmiter
1688 2393 1832 2438 stare

244 2487 586 2535 assuescunt.
620 2498 638 2529 ι
695 2479 766 2530 lta
800 2477 948 2543 Mss.,
977 2476 1114 2545 quod
1145 2476 1304 2545 vulgo
1345 2485 1614 2528 mutarunt
1647 2476 1696 2528 in
1729 2475 1825 2527 ad-

245 2570 567 2635 suefaciunt.
604 2568 884 2639 Dionysius
920 2567 1179 2632 Exiguus,
1235 2565 1345 2618 Vita
1390 2563 1686 2629 Pachomii,
1734 2579 1824 2617 ca-

246 2663 365 2729 pite
413 2658 519 2710 ‘25:
553 2676 570 2708 ι
607 2656 711 2712 Sed
771 2657 1017 2722 paulatim
1085 2656 1345 2708 assuescit
1393 2670 1494 2719 ea,
1547 2654 1836 2708 levioribus

246 2765 525 2806 exercens
555 2758 678 2804 ante
720 2747 1066 2817 ponderibus.
1103 2765 1120 2799 ι
1159 2747 1231 2800 lta
1277 2745 1404 2800 Mss.
1455 2757 1508 2800 et
1539 2755 1689 2799 vetus
1718 2746 1836 2800 edi-

248 2842 354 2905 tio,
377 2842 466 2895 ubi
491 2838 823 2894 Coloniensis
847 2838 1142 2901 substituit,
1172 2837 1465 2906 assuefacit.
1501 2834 1830 2900 Priscianus,

247 2934 352 2986 lib.
384 2947 518 2994 vttt,
569 2945 687 2998 cap.
729 2929 795 2982 de
842 2929 1028 2982 Verbis
1064 2928 1468 2982 communibus:
1499 2944 1517 2977 ι
1552 2927 1832 2992 Assuesco,

249 3027 559 3080 absolutum
589 3034 689 3089 est,
712 3024 974 3076 invenitur
1002 3031 1177 3075 tamen
1201 3035 1297 3088 pro
1327 3019 1632 3086 asauefacio.
1666 3019 1836 3073 Luca-

249 3133 380 3178 nus,
399 3117 448 3168 in
463 3131 520 3167 v:
544 3134 562 3166 ι
576 3114 722 3168 Adde
739 3115 874 3182 quod
909 3113 1168 3167 assuescis
1186 3113 1333 3177 satis,
1359 3130 1376 3163 ι
1399 3125 1493 3182 pro
1519 3109 1832 3166 assuefacis.

334 3208 509 3260 mea.
552 3205 677 3258 Vide
705 3205 886 3258 VAWE.

332 3298 488 3350 Bm.
524 3298 768 3350 Occurrit
800 3312 902 3349 vox
947 3299 1060 3350 haec
1087 3296 1137 3350 in
1171 3296 1356 3350 Grmco
1385 3293 1644 3358 Palladio,
1679 3297 1750 3349 uti
1787 3297 1838 3349 in

254 3387 537 3442 Glossario
563 3402 659 3440 suo
691 3386 1109 3441 Graecobarbaro
1135 3388 1263 3441 citat
1291 3388 1524 3443 Joannes
1554 3387 1835 3455 Meursius,

255 3478 359 3532 sed
412 3494 514 3532 non
549 3489 694 3532 recte
739 3494 854 3530 eam
897 3480 1152 3546 percepit.
1197 3478 1351 3544 Quod
1388 3480 1531 3535 enim
1575 3479 1828 3545 Palladii,

256 3585 311 3623 c.
333 3569 420 3632 61,
439 3579 540 3632 est,
558 3570 678 3624 Βαΐα
693 3571 830 3641 ὀλίγα
842 3571 978 3646 παρά
995 3575 1084 3626 τοῦ
1099 3572 1450 3646 πρεσϐυτέρου
1472 3573 1832 3643 αἰτησάμενος,

256 3669 370 3719 τοῖς
395 3666 535 3724 ζώοις
565 3664 724 3734 ζώνας
763 3663 1036 3734 εἰργάσατο
1056 3701 1070 3725 ,
1106 3671 1250 3716 recte
1279 3663 1346 3714 ita
1378 3661 1670 3716 Gentiamts
1703 3663 1832 3717 Iler-

257 3762 420 3804 vetus
452 3752 607 3803 vertit
636 3768 648 3802 :
683 3769 700 3801 ι
733 3752 861 3804 Cum
893 3765 1088 3818 paucos
1118 3752 1306 3817 palma:
1337 3768 1513 3806 ramos
1545 3754 1763 3822 petisset
1805 3769 1834 3808 a

259 3825 598 3910 presbytero,
629 3841 895 3895 efﬁciebat
940 3841 1145 3910 cingula
1178 3842 1514 3897 animalibus.
1547 3863 1564 3894 ι
1611 3845 1676 3897 Et
1705 3843 1830 3897 sub-

259 3934 411 3986 ditur
442 3934 753 3986 mirat;ulum
802 3949 896 4001 per
938 3948 1100 3986 ιιιιιιιη
1141 3948 1170 3985 e
1213 3934 1438 4002 cingulis
1463 3933 1686 3987 editum.
1720 3933 1844 3987 Fie-

258 4024 400 4078 lJant
425 4035 597 4076 autent
627 4040 686 4078 ea
717 4039 782 4077 ex
812 4025 997 4092 palma:
1028 4025 1190 4078 ramis
1225 4041 1314 4078 seu
1344 4024 1514 4089 foliis,
1547 4042 1665 4094 quae.
1719 4028 1845 4098 βάία

261 4116 428 4166 dicta.
457 4115 749 4182 Hesychius
782 4117 832 4168 itt
877 4117 1070 4170 Lexico
1099 4137 1109 4168 :
1144 4120 1277 4178 Βάῐς.
1303 4115 1490 4193 ῥάϐδος
1525 4121 1735 4188 φοίνικος
1760 4122 1842 4172 καὶ

263 4206 427 4276 ﬁnitum
454 4222 466 4258 :
497 4225 513 4256 ι
542 4205 661 4258 Bais
690 4222 866 4260 ramus
894 4207 1102 4275 palmae,
1137 4217 1190 4261 et
1220 4209 1478 4261 baiarum.
1512 4227 1529 4258 ›
1585 4209 1845 4279 llierony-

259 4310 409 4362 mus,
445 4295 575 4348 libro
604 4312 638 4349 ιι
669 4308 851 4350 contra
894 4297 1230 4352 Jovinianum
1251 4339 1265 4362 ,
1316 4315 1436 4363 cap.
1469 4297 1500 4349 9
1532 4315 1594 4351 ex
1623 4297 1843 4353 Chaere-

260 4403 428 4441 Inone
458 4388 670 4454 Stoico,
706 4389 773 4444 de
805 4389 916 4442 Vita
945 4391 1285 4458 antiquorum
1327 4388 1544 4460 [Egypti
1592 4392 1846 4446 sacerdo-

263 4501 380 4544 tum
400 4490 527 4543 citat
554 4506 568 4542 :
599 4509 616 4540 ι
639 4490 825 4543 Cubile
847 4491 926 4543 eis
941 4488 1006 4542 de
1030 4487 1167 4542 foliis
1190 4486 1508 4554 palmarum,
1540 4501 1672 4555 quas
1696 4487 1840 4540 baias

261 4591 496 4645 vocant,
545 4589 848 4634 contextum
879 4589 1012 4633 erat.
1050 4597 1068 4630 ι
1107 4579 1245 4631 ldem
1270 4622 1283 4645 ,
1337 4578 1388 4630 in
1419 4593 1537 4643 cap.
1591 4591 1682 4628 vm
1713 4577 1845 4630 Eze-

259 4673 476 4735 chielis,
506 4673 780 4741 expllcans
805 4672 931 4725 illud
955 4712 969 4736 ,
1011 4670 1074 4723 Et
1102 4687 1216 4724 ecce
1242 4673 1500 4740 applicant
1531 4686 1727 4722 ramum
1775 4669 1844 4721 ad

260 4781 415 4816 nares
446 4780 584 4827 suas,
618 4763 785 4830 inquit
813 4782 826 4818 :
856 4782 873 4813 ι
905 4762 1052 4816 Haud
1085 4762 1300 4814 dubium
1328 4764 1452 4830 quin
1493 4762 1789 4826 palmarum
1815 4797 1829 4822 ,

260 4869 397 4921 quas
427 4853 614 4907 Grmco
635 4867 883 4906 sermone
909 4855 975 4907 τὰ
1001 4854 1126 4926 ﬁnita:
1166 4860 1376 4917 vocant,
1408 4861 1464 4904 ut
1495 4865 1586 4918 per
1621 4851 1720 4902 hoc
1745 4863 1840 4901 eos

258 4945 408 4999 idola
444 4946 666 4999 adorare
693 4945 976 5014 signiﬁcet.
1013 4963 1031 4996 ι
1068 4944 1182 4998 Non
1226 4952 1370 4997 recte
1395 4942 1656 4996 Meursius
1683 4954 1843 5007 supra

258 5037 617 5103 existimavit,
647 5038 763 5091 loco
789 5038 878 5091 illo
907 5038 1122 5090 Palladii
1155 5053 1249 5104 per
1276 5039 1398 5106 βάζα
1426 5035 1645 5102 intelligi
1678 5033 1848 5101 quod-

257 5145 482 5197 cunque
509 5130 708 5183 donum
737 5130 1052 5198 generaliter
1076 5130 1144 5183 ita
1175 5129 1394 5181 dictum.
1429 5129 1598 5194 Quem
1631 5125 1842 5178 Mcursii

259 5221 475 5286 lapsum
505 5221 658 5273 video
680 5222 839 5273 etiam
869 5230 1105 5272 notatum
1140 5220 1395 5274 Gretzero
1424 5227 1642 5281 nostro,
1675 5216 1770 5270 lib.
1799 5231 1835 5268 ιι

258 5312 330 5363 de
363 5309 850 5374 Benedictionibus,
880 5325 997 5379 cap.
1021 5311 1110 5364 41.

347 5401 645 5456 ΒΑρτιειιυε
696 5417 962 5456 κυυοιιωι.
1025 5403 1282 5456 Solebant
1326 5402 1454 5456 olim
1516 5401 1687 5455 nudos
1742 5408 1847 5452 tant

261 5491 414 5545 viros
444 5506 602 5559 quam
633 5492 858 5546 feminas
886 5494 1004 5547 oleo
1049 5494 1554 5546 catcchmnenorum
1589 5493 1848 5559 inungere

264 5595 324 5640 et
360 5583 650 5650 baptizare.
681 5585 892 5639 Pratum
923 5587 1193 5654 spirituale
1220 5586 1438 5640 Joannis
1469 5585 1694 5647 Moschi,
1727 5598 1836 5651 cap.

263 5675 299 5727 5
328 5694 342 5728 :
375 5694 395 5726 ι
429 5676 585 5731 Venit
614 5678 779 5744 puella
812 5693 875 5732 ex
926 5679 1174 5746 Perside,
1209 5685 1266 5732 ut
1309 5679 1694 5745 baptizaretur;
1728 5689 1847 5744 qua:

262 5773 340 5828 ita
369 5769 614 5834 sveeiosa
668 5777 785 5826 erat
831 5783 893 5824 ac
940 5778 1096 5824 tanta:
1143 5767 1584 5838 pulchritudinis,
1637 5779 1690 5822 ut
1743 5781 1846 5822 non

1931 1927 1984 1972 et
2015 1916 2277 1985 baptismo
2308 1915 2500 1969 tinctos
2532 1916 2691 1970 fuisse
2731 1926 2952 1971 asseret.

2003 2008 2180 2062 Nudos
2206 2008 2441 2076 quidem,
2479 2020 2736 2077 quantum
2780 2008 2843 2060 ad
2885 2009 3194 2078 mysterium
3243 2009 3506 2074 pertinet,

1931 2114 2037 2168 quo
2066 2099 2170 2150 vita
2196 2098 2346 2152 nobis
2370 2106 2609 2152 anteacta
2633 2097 2962 2152 emendanda
2989 2108 3040 2150 et
3066 2100 3117 2150 in
3142 2098 3329 2151 melius
3362 2112 3506 2150 corn-

1933 2191 2185 2245 mutanda
2207 2190 2578 2245 denotabatur.
2604 2189 2734 2244 Nam
2762 2191 2888 2242 nudi
2910 2190 3289 2253 censebantur,
3314 2188 3508 2255 quibus

1935 2289 2177 2357 Superior
2221 2287 2414 2349 vestis,
2461 2302 2560 2355 qua
2615 2286 2667 2338 in
2716 2286 2982 2351 publicum
3028 2286 3317 2354 procedere
3358 2281 3502 2336 Solibi

1935 2389 2126 2445 erant,
2203 2378 2602 2434 detrahebatur.
2669 2379 2877 2445 integre
2928 2377 3013 2430 illa
3077 2379 3319 2446 ponitur,
3383 2377 3509 2446 quia

1938 2471 2068 2524 nihil
2103 2469 2299 2523 veteris
2322 2469 2552 2523 hominis
2581 2483 2862 2537 superesse
2885 2477 3077 2538 potest.

2009 2563 2122 2618 Non
2154 2563 2346 2629 nudos,
2378 2563 2498 2632 quia
2523 2561 2606 2616 vel
2657 2562 2936 2615 interulam
2970 2564 3051 2616 vel
3085 2563 3511 2629 praecinctorium

1937 2655 2152 2719 aliquod
2184 2656 2401 2710 linteum
2429 2654 2729 2721 baptizandi
2753 2655 2817 2708 ad
2848 2656 3178 2709 honestatem
3203 2657 3511 2723 servabant,

1937 2763 2040 2816 qua
2062 2763 2119 2802 re
2142 2758 2346 2801 servata
2371 2763 2475 2802 non
2500 2748 2716 2800 omnino
2738 2748 2861 2801 nudi
2878 2758 3048 2814 erant,
3067 2749 3158 2802 sed
3177 2749 3326 2816 quasi
3351 2751 3514 2804 nudi:

1943 2838 2176 2903 nudique
2193 2838 2295 2892 dici
2317 2846 2584 2906 poterant,
2606 2837 2748 2906 quod
2781 2843 2867 2905 qui
2892 2838 2959 2891 ita
2981 2838 3031 2891 in
3066 2840 3276 2906 publico
3295 2855 3516 2909 appare-

1947 2943 2050 2997 ret,
2079 2935 2252 2988 nudus
2295 2937 2509 3002 prodire
2551 2947 2878 2990 censeretur.
2912 2937 2998 2992 Sic
3029 2937 3213 3003 Saul,l
3235 2939 3365 3006 Reg.
3389 2955 3476 2992 xu
3499 2977 3514 2998 .

1942 3023 2116 3076 nudus
2138 3024 2399 3077 cecinisse
2425 3024 2616 3077 dicitur
2639 3033 2745 3077 tota
2772 3025 2858 3078 die
2878 3039 2940 3079 ac
2966 3036 3119 3080 nocte
3147 3043 3264 3080 cum
3289 3027 3518 3094 prophe-

1944 3117 2031 3179 tis.
2061 3117 2304 3186 deposito
2329 3119 2533 3172 scilicet
2559 3119 2754 3172 amictu
2796 3120 2959 3184 regio,
2986 3135 3084 3174 nec
3123 3120 3265 3174 enim
3292 3121 3520 3190 prophe-

1947 3218 2012 3264 tte
2045 3211 2168 3263 nudi
2197 3218 2369 3264 erant.
2402 3209 2491 3264 Sic
2521 3210 2708 3274 David,
2738 3211 2776 3264 ll
2809 3211 2937 3281 Reg.
2970 3227 3052 3276 vr,
3080 3213 3250 3265 nullus
3277 3222 3400 3266 ante
3429 3227 3522 3266 ar-

1945 3317 2061 3356 cam
2111 3303 2334 3356 saltasse
2365 3303 2582 3366 dicitur,
2637 3313 2688 3357 et
2719 3313 2892 3358 tamen
2925 3319 2989 3359 eo
3021 3314 3260 3372 tempore
3307 3303 3523 3358 indutus

1946 3404 2059 3450 erat
2085 3395 2270 3464 Ephod
2302 3395 2464 3460 lineo,
2492 3405 2547 3449 ut
2570 3395 2764 3450 ibidem
2793 3397 3034 3450 habetur.
3059 3398 3146 3452 Sic
3167 3397 3388 3451 Joannis
3411 3412 3522 3459 χιι,

1944 3487 2135 3542 Petrus
2166 3488 2337 3542 nudus
2381 3487 2593 3552 dicitur,
2625 3488 2762 3557 quod
2796 3487 3024 3542 breviori
3059 3499 3204 3543 veste
3243 3487 3519 3554 piscationi

1944 3591 2082 3652 aptae
2129 3581 2344 3635 indutus
2373 3592 2543 3646 esset;
2589 3596 2754 3649 quare
2800 3595 2865 3635 ne
2898 3580 2967 3633 ita
3002 3582 3174 3634 nudus
3224 3581 3437 3634 Christo
3468 3596 3526 3636 se

1946 3680 2175 3738 sisteret,
2210 3678 2380 3729 tunica
2409 3694 2461 3729 se
2484 3677 2765 3740 succinxit,
2793 3674 3072 3749 ἐπενδύτῃ,
3124 3675 3174 3728 id
3220 3684 3322 3742 est,
3377 3686 3525 3730 veste

1947 3784 2064 3838 quae
2095 3768 2245 3822 alteri
2275 3768 2523 3834 injicitur.
2558 3767 2665 3822 Nec
2692 3767 2885 3820 desunt
2915 3783 3100 3835 graves
3129 3777 3374 3821 auctores
3402 3767 3525 3835 (in-

1946 3868 2028 3913 ter
2073 3874 2166 3913 eos
2221 3859 2428 3925 Gaspar
2483 3857 2731 3910 Sanctius
2786 3857 3006 3924 noster)
3051 3858 3138 3923 qui
3190 3858 3260 3908 ita
3311 3871 3522 3924 quoque

1947 3949 2135 4002 Isaiam
2171 3949 2366 3999 nudum
2397 3957 2446 3999 et
2475 3947 2848 4000 discalceatum
2880 3945 3053 4018 (Isaia:
3086 3948 3174 4010 xx)
3203 3947 3524 4016 intelligunt.

1947 4040 2026 4093 Ad
2053 4039 2187 4092 hanc
2209 4039 2456 4105 loquendi
2505 4038 2879 4106 scribendique
2927 4038 3367 4092 consuetudinem
3402 4040 3525 4092 fac-it

1956 4131 2180 4197 Seneca,
2233 4131 2323 4184 lib.
2357 4147 2388 4184 v
2445 4131 2510 4184 de
2566 4129 2847 4183 Beneﬁciis
2900 4145 3017 4194 cap.
3051 4129 3156 4184 13:
3193 4149 3210 4182 ι
3271 4131 3526 4197 Quaedam

1949 4223 2156 4276 etiamsi
2173 4237 2295 4276 vera
2314 4236 2415 4275 n0n
2432 4223 2555 4284 sint,
2574 4233 2790 4290 propter
2803 4221 3205 4274 similitudinem
3223 4222 3408 4277 eodem
3430 4239 3525 4274 va-

1948 4314 2136 4367 cahuln
2162 4315 2545 4379 comprehensa
2578 4320 2719 4365 sunt.
2747 4312 2834 4366 Sic
2857 4312 3185 4365 illitteratum
3213 4326 3315 4363 non
3345 4327 3408 4365 ex
3443 4322 3524 4365 to-

1950 4413 2004 4457 to
2030 4402 2212 4456 rudem
2240 4445 2254 4470 ,
2294 4401 2386 4456 sed
2431 4402 2728 4467 atlilitteras
2779 4403 2993 4454 altiores
3021 4417 3124 4454 non
3174 4399 3522 4468 perductum;

1952 4494 2029 4546 sic
2051 4495 2140 4560 qui
2164 4494 2300 4546 male
2323 4493 2572 4547 vestitum
2603 4502 2654 4546 et
2682 4507 2974 4560 pannosum
3025 4491 3192 4557 vidit,
3242 4493 3439 4546 nudum
3468 4507 3527 4545 se

1954 4584 2150 4637 vidisse
2181 4584 2326 4636 dicit.
2362 4602 2380 4635 ι

2022 4675 2329 4726 ΒλετειιΝΑ.
2362 4673 2479 4726 Vita
2526 4673 2806 4741 Eugeniae,
2837 4688 2954 4740 cap.
2987 4674 3020 4726 5
3052 4687 3068 4725 :
3096 4690 3114 4723 ι
3146 4671 3295 4725 vobis
3346 4673 3526 4738 itaque

1957 4764 2164 4818 duobus
2191 4766 2340 4832 juxta
2371 4766 2674 4818 basternam
2721 4764 3133 4817 ambulantibus.
3169 4781 3187 4814 ι
3245 4761 3339 4816 Est
3383 4765 3533 4817 vehi-

1955 4857 2064 4910 culi
2108 4872 2278 4926 genus
2308 4857 2522 4910 mollius
2545 4866 2792 4921 stratum,
2823 4856 3077 4909 matronis
3101 4856 3372 4909 usitatum.
3409 4859 3534 4908 Am-

1955 4947 2182 5012 mianus,
2213 4947 2306 5000 lib.
2334 4962 2460 5001 xxv:
2492 4965 2510 4997 ι
2541 4947 2752 5015 Opertis
2775 4946 3041 5013 capitibus
3069 4955 3120 4998 et
3146 4945 3407 4999 basternis
3440 4962 3534 5016 per

1954 5039 2117 5093 latera
2145 5039 2375 5093 civitatis
2421 5048 2610 5093 cuncta
2641 5039 2964 5092 discurrunt.
2997 5055 3014 5087 ι
3053 5037 3409 5107 Hieronymus
3430 5081 3444 5102 ,
3480 5039 3530 5092 in

1954 5144 2074 5197 cap.
2108 5146 2231 5183 LXVI
2257 5129 2405 5183 Isaiae
2432 5147 2442 5182 :
2473 5147 2491 5181 ι
2522 5130 2616 5183 Ubi
2642 5142 2870 5197 posuere
2903 5126 3043 5180 LXX
3074 5144 3190 5180 cum
3226 5130 3537 5184 umbraculis

1955 5223 2099 5290 (qua:
2142 5237 2240 5276 nos
2289 5223 2590 5274 dormitoria
2635 5221 2969 5287 interpretari
3002 5234 3283 5288 possumus
3327 5223 3406 5276 vel
3445 5223 3538 5275 ba-

1959 5314 2203 5381 sternas),
2236 5314 2324 5366 alii
2356 5328 2483 5366 voce
2512 5327 2742 5366 consona
2769 5312 3152 5366 transtulerunt
3180 5323 3374 5386 φορεῖα,
3410 5329 3530 5382 quas

1954 5421 2050 5458 nos
2067 5406 2195 5459 varii
2219 5405 2430 5474 generis
2453 5404 2862 5471 interpretamur
2881 5403 3142 5458 vehicula.
3174 5423 3192 5455 ι
3232 5405 3533 5468 Ennodins,

1951 5494 2206 5559 epigram.
2265 5493 2384 5558 12f),
2437 5493 2829 5560 inscriptionem
2881 5492 3086 5547 habet:
3126 5511 3144 5544 ι
3181 5493 3235 5547 in
3287 5495 3538 5546 basterna

1954 5598 2142 5635 uxorm
2173 5584 2316 5636 Bassi
2367 5581 2552 5636 Violae.
2588 5601 2606 5634 ι
2663 5583 2991 5638 Glossarium
3020 5582 3335 5638 Nomicum:
3364 5588 3538 5638 Λεκτέ-

1958 5691 2089 5735 κιον,
2141 5674 2442 5749 βάστηρνα,
2497 5677 2798 5750 κράϐατονε
2839 5693 2856 5726 ι
2919 5676 3214 5741 Lecticula,
3268 5676 3536 5736 basterna.

1957 5761 2259 5832 grabatum.
2291 5784 2310 5820 ι
2374 5766 2706 5823 Glossarium
2772 5767 3204 5824 Camberonense
3252 5769 3538 5820 manuscri-
