4014 6368
482 328 584 388 ιιι

1180 322 1654 381 ΟιςοιιλδτιιξοΝ
1699 320 1939 376 ιιιειιιιιι
1980 316 2066 373 ΕΤ
2119 313 2496 371 ιἐῐιιιοιιωι
2537 313 3061 371 DlFFlClLlOHUM.

3653 312 3753 369 ιιξ

487 449 634 510 ptum
663 454 675 489 :
707 440 733 488 ι
758 436 1030 491 Basternae
1056 444 1183 489 sunt
1208 435 1447 504 qttmdum
1482 432 1827 488 ferocissima:
1856 442 2064 502 gentes,
2098 431 2146 491 Δ
2171 428 2414 497 quzcdam
2443 428 2690 482 anin'talia
2717 444 2917 483 marem
2937 428 3139 483 vicibus
3166 426 3387 483 alternis
3419 428 3476 483 in
3505 427 3757 483 feminam

496 549 607 587 non
660 530 843 602 procul
887 545 915 581 a
963 528 1290 584 Macedonia.
1343 528 1552 599 1016
1594 528 1864 581 Basternae
1910 527 2069 581 etiam

488 625 744 678 dicuntur
770 621 1013 690 quaedam
1062 629 1423 673 matronarum
1457 620 1509 672 in
1555 617 1749 673 itinere
1797 616 2071 682 vehicula,

490 732 610 787 qu;e
632 716 860 782 desuper
872 723 1144 779 cooperta.
1166 721 1220 765 et
1240 710 1575 764 mollioribus
1588 710 1897 763 stramentis
1923 722 2073 762 com-

426 808 437 819 ‘
495 807 690 870 posita,
717 822 743 858 a
767 806 975 859 duobus
996 804 1146 870 equis
1170 803 1474 857 trahuntur.
1498 822 1515 854 ι
1550 801 1742 871 Papias
1768 820 1779 855 :
1813 819 1833 853 ι
1863 802 2074 854 Baster-

502 912 568 950 na
597 896 899 950 vehiculum
917 905 999 947 est
1033 894 1265 959 itineris,
1298 893 1547 947 mollibus
1574 894 1887 947 stramentis
1922 900 2070 947 cotu-

497 989 692 1056 posita,
726 987 874 1057 quasi
908 994 1173 1040 vesterna.
1207 1004 1225 1036 ι
1256 984 1461 1038 Glossze
1507 983 1734 1038 lsidori:
1775 1002 1793 1034 ι
1818 983 2071 1037 Bastarna

500 1090 638 1137 tecta
662 1081 941 1134 manualis.
977 1097 997 1131 ι
1054 1077 1634 1151 ΙιιιεΙΙὶςΞιυῑηορὶιιοΓ,
1678 1076 1865 1131 lectica
1898 1085 2034 1131 tecta
2056 1114 2073 1138 ,

493 1186 614 1241 quae
638 1187 796 1225 manu
821 1172 1004 1224 fertur.
1030 1169 1136 1222 Msi
1168 1169 1289 1238 quis
1335 1169 1506 1237 legat,
1556 1169 1883 1235 mannualis,
1932 1168 2073 1237 quod

494 1279 523 1316 a
555 1264 759 1316 mannis
777 1269 1033 1331 raptetur.
1060 1258 1299 1327 Ovidius,
1326 1258 1418 1313 lib.
1447 1273 1480 1312 ιι
1507 1261 1785 1323 Amorum,
1809 1259 1945 1327 eleg.
1968 1258 2034 1313 l7
2059 1274 2073 1311 :

620 1377 870 1437 Parvaque
892 1388 1034 1434 quam
1059 1374 1266 1434 p"imnm
1294 1374 1605 1437 rapientibus,
1623 1373 1798 1421 esseda
1822 1376 2031 1435 mannis,

684 1435 800 1497 Ipsa
818 1450 906 1498 per
933 1438 1164 1485 admissas
1187 1445 1394 1483 concute
1419 1435 1518 1482 lora
1542 1435 1699 1496 iubas.

496 1543 598 1598 Per
642 1559 805 1610 parva
858 1542 1035 1595 esseda
1079 1540 1328 1593 videntur
1366 1539 1587 1608 intelligi
1631 1555 1750 1609 quae
1796 1540 2077 1609 posteriori

495 1636 693 1690 smeulo
720 1635 1034 1690 dicebantur
1062 1634 1344 1699 basternaz;
1374 1650 1493 1703 qua:
1518 1636 1639 1704 quia
1669 1650 1697 1689 a
1730 1639 1941 1692 mannis
1972 1647 2079 1690 tra-

500 1728 798 1792 hebantur,
833 1727 967 1781 forte
998 1727 1119 1780 ideo
1145 1726 1287 1781 dicta
1322 1738 1447 1780 sunt
1475 1728 1750 1781 mannaale
1770 1728 2077 1782 vehiculum.

490 1819 824 1873 Glossarium
858 1833 1069 1884 quoque
1107 1816 1541 1872 Camberonense
1579 1818 1675 1873 Ms.
1730 1819 1958 1872 essedum
1999 1818 2081 1873 in-

496 1917 824 1976 terpretatur
877 1898 1187 1961 basternam.
1239 1907 1613 1977 Hieronymus,
1666 1909 1826 1977 epist.
1868 1907 1974 1972 ει),
2013 1908 2080 1963 ad

501 1996 902 2052 Pammachium
937 1997 1004 2051 de
1033 1997 1179 2051 obitu
1226 1996 1461 2051 Paulina:
1490 2016 1501 2050 :
1536 2015 1558 2049 ι
1588 1996 1662 2052 lbi
1690 1995 1957 2053 ferventes
1986 1998 2081 2053 bu-

504 2089 647 2143 ricos
675 2103 922 2155 mannos,
954 2089 1252 2155 Comatulos
1285 2102 1497 2157 pueros.
1532 2108 1550 2140 ι
1586 2086 1791 2158 Nempe
1834 2092 2083 2150 ferventes

504 2181 699 2245 manui,
729 2180 1000 2249 rapientes
1026 2180 1353 2247 basternam',
1381 2191 1439 2235 et
1465 2182 1657 2249 raptim
1686 2191 1988 2237 currentes.
2025 2180 2081 2236 In

502 2271 689 2325 iisdem
720 2280 801 2326 est
830 2270 1083 2324 Bortanea
1112 2281 1242 2324 tecta
1271 2272 1545 2335 manualia,
1580 2287 1678 2340 pro
1705 2287 1811 2342 quo
1842 2272 1894 2325 in
1925 2272 2084 2327 Clos-

505 2364 647 2417 sario
673 2363 1093 2418 Catitberoncnsi
1125 2364 1507 2431 manuscripto.
1539 2363 1798 2429 Bortama,
1828 2374 1954 2418 testa
1981 2382 2085 2418 ma-

502 2455 695 2519 uualis,
730 2453 910 2507 nescio
932 2469 997 2506 an
1025 2468 1091 2507 ex
1121 2452 1381 2507 Basterna
1412 2464 1695 2523 utrumque
1732 2455 1801 2509 sit
1829 2454 2085 2525 deprava-

510 2556 643 2619 tum.
692 2546 860 2601 Cerda
895 2562 1099 2612 nosrcr,
1145 2562 1261 2615 cap.
1311 2546 1407 2601 Mt
1438 2548 1729 2604 Adversar.
1761 2563 2000 2615 sacror.,
2028 2566 2083 2605 ιι.

510 2638 635 2704 407,
664 2639 792 2706 legit
822 2655 835 2689 :
864 2636 1123 2691 Purtanea
1146 2647 1295 2705 testa,
1320 2639 1600 2702 manualis.
1624 2639 1763 2709 quod
1789 2655 1945 2695 manu
1966 2656 2087 2709 por-

504 2740 666 2785 tetur.
699 2730 825 2784 Mihi
856 2731 1027 2797 potius
1057 2739 1186 2783 tecta
1220 2730 1415 2785 dicitur
1439 2730 1708 2797 basterna,
1738 2731 1878 2801 quod
1927 2731 2087 2786 undi-

501 2839 611 2893 que
674 2824 1044 2889 clauderetur;
1084 2823 1501 2881 claudebantur
1564 2824 1707 2879 enim
1778 2825 2090 2896 plerumque

507 2916 771 2985 speculari
804 2915 1000 2984 lapide.
1056 2915 1206 2971 l‘nde
1249 2916 1553 2981 Iuvenalis,
1582 2924 1687 2971 sat.
1718 2914 1790 2971 4:

628 3007 748 3067 Qua:
775 3009 969 3058 vehitur
994 3006 1159 3056 clauso
1190 3007 1301 3057 latis
1324 3007 1661 3070 specularibus
1685 3014 1841 3057 antro.

507 3090 611 3147 Ubi
659 3091 863 3147 Clossze
907 3091 1408 3147 veteres:lecticam
1448 3090 1679 3145 clausam
1708 3090 1851 3145 dicit.
1904 3089 2088 3146 Enno-

509 3184 635 3238 dius
653 3198 811 3254 supra
834 3200 850 3239 :

542 3302 693 3360 Quam
713 3313 830 3362 vaga
855 3306 1157 3349 constantem
1186 3300 1401 3362 retinent
1427 3298 1529 3349 haec
1550 3304 1680 3350 tecta
1705 3298 1937 3349 decorem
1955 3336 1970 3361 ,

612 3363 713 3411 Mitt
725 3360 822 3435 itur
837 3361 1358 3435 λιιειιιιιιιειέιιιιιιψιιᾱ¹
1373 3360 1743 3435 habent_p_r_etii.

545 3423 665 3473 Nam
692 3423 856 3472 rutilat
877 3423 1059 3471 fulvum
1083 3421 1236 3471 Violie
1252 3421 1320 3471 de
1347 3423 1455 3472 luce
1480 3421 1727 3473 metallum
1751 3461 1765 3485 ,

613 3485 870 3534 l’ossessor
893 3485 1054 3534 radios
1076 3486 1260 3546 spargit
1284 3485 1465 3546 ubique
1486 3498 1617 3535 suos.

456 3572 465 3577 ﬂ
520 3585 723 3657 Nempe
750 3604 846 3656 per
876 3588 1103 3657 lapidem
1146 3589 1479 3655 Specularem
1513 3589 1810 3645 tralucebat
1854 3590 2018 3647 decor
2045 3602 2100 3647 et

514 3690 739 3735 ornatus
765 3680 948 3734 Violaz.
983 3682 1045 3735 Et
1074 3681 1213 3751 quod
1243 3682 1439 3737 clausa:
1467 3693 1643 3737 essent
1678 3682 1901 3748 lecticzc,
1926 3700 2102 3738 caveas

521 3774 879 3826 basternarum
905 3782 1058 3827 vocat
1094 3773 1453 3845 Hieronymus
1470 3775 1629 3845 epist.
1673 3774 1776 3842 9‘2,
1810 3777 1872 3830 ad
1912 3776 2101 3832 Eusto-

519 3865 731 3927 chinnt,
766 3864 842 3919 De
870 3865 1109 3918 custodia
1137 3866 1330 3933 Vil‘gltl.
1360 3882 1374 3919 :
1405 3883 1425 3917 ι
1456 3864 1720 3921 Praecedit
1764 3881 1959 3923 caveas
2013 3868 2097 3921 ba-
2162 3886 2173 3893 υ

521 3966 821 4010 sternarum
860 3956 991 4011 ordo
1032 3958 1431 4012 semivirorum.
1463 3976 1481 4009 ι
1530 3957 1685 4013 Unde
1734 3957 1885 4014 Isaia:
1934 3974 2057 4013 stt
2083 4000 2097 4022 .

519 4047 726 4104 σκιάδια
740 4059 946 4104 vertere
969 4049 1132 4117 LXX,
1156 4050 1206 4104 id
1224 4060 1324 4115 est,
1350 4069 1368 4101 t
1382 4052 1712 4121 umbracula,
1732 4068 1851 4123 quae
1867 4069 1966 4106 nos
1979 4054 2106 4107 dor-

530 4138 744 4193 ntitoria
771 4140 1106 4207 interpretari
1132 4155 1415 4209 possumus
1442 4142 1528 4197 vel
1552 4142 1851 4209 basternas,
1880 4163 1899 4197 ι
1934 4144 2107 4214 inquit

524 4230 597 4285 ibi
624 4231 998 4302 Hieronymus.
2056 4236 2061 4237 “

599 4322 873 4378 Basternae
943 4323 1349 4392 originationem
1425 4325 1561 4380 hanc
1634 4325 1786 4381 allert
1854 4325 2103 4391 Isidorus,

526 4413 665 4468 libro
696 4431 762 4468 xx
786 4415 957 4484 0rig.,
980 4431 1101 4484 cap.
1138 4415 1242 4471 1'2:
1276 4435 1294 4467 ι
1319 4417 1573 4474 Basterna
1604 4418 1908 4474 vehiculum
1939 4418 2095 4474 itine-

2125 3175 2173 3239 C

2177 528 2466 584 verterent,
2495 528 2550 574 ct
2569 536 2753 575 sexum
2780 537 2874 589 per
2892 534 3062 573 annos
3084 518 3319 589 singulos
3340 528 3753 585 commutarent,

2178 622 2234 665 ut
2268 614 2477 680 lepores
2499 622 2554 667 et
2577 616 2796 681 hyeme,
2828 627 2961 682 quas
2992 614 3198 668 belluas
3237 623 3452 668 vocant.
3486 632 3505 665 ι
3542 614 3755 667 Postre-

2180 717 2322 756 mum
2375 706 2508 762 hoc.
2557 720 2683 772 quas
2750 703 2945 758 belluas
3012 714 3233 769 vocant,
3303 706 3755 771 interpretamenti

2176 792 2344 846 vicem
2380 792 2584 846 addidit
2615 793 2857 850 Bullinus
2878 795 3171 849 Clementis
3193 794 3485 866 interpres.
3515 796 3755 850 Glossae:

2175 880 2369 949 Ὗαινα,
2394 888 2521 948 ζῶον
2537 924 2551 951 ,
2583 883 2768 937 bellua.

2248 994 2394 1048 Alias
2410 994 2583 1049 bellua
2602 994 2669 1050 de
2687 995 2984 1063 elephantis
2996 997 3223 1066 capitur,
3244 1005 3301 1051 ut
3317 997 3458 1067 apud
3480 997 3757 1064 Curtium;

2181 1084 2273 1139 lib.
2300 1101 2429 1149 vtt.;
2458 1087 2827 1153 Ammtanmn,
2862 1087 2955 1141 lib.
2986 1104 3119 1153 xxv;
3151 1088 3478 1150 Arnobiutn.
3510 1088 3652 1143 libro
3675 1106 3761 1143 vn.

2182 1177 2310 1231 Item
2343 1193 2437 1245 pro
2467 1179 2602 1232 cetis
2623 1187 2674 1232 et
2711 1178 3035 1243 pistricibus,
3077 1179 3216 1248 apud
3246 1180 3565 1234 Suetonium
3599 1181 3759 1236 Nero.

2180 1288 2270 1337 ne,
2293 1284 2343 1325 c.
2380 1271 2483 1348 i2;
2518 1281 2574 1328 et
2599 1272 2650 1325 in
2680 1272 2953 1327 Clossario
2986 1291 2999 1326 :
3032 1270 3220 1326 Bellua
3241 1313 3257 1339 ,
3301 1282 3477 1335 κῆτος.
3508 1274 3639 1328 Item
3684 1296 3766 1333 κη-

2183 1368 2278 1426 τὶς,
2307 1365 2513 1435 pistrix,
2538 1368 2599 1419 de
2639 1366 2824 1419 bellua.
2859 1367 3008 1432 Item,
3041 1366 3211 1421 bellua
3235 1369 3456 1434 marina,
3485 1377 3665 1430 κῆτος.

2255 1475 2401 1531 Beas
2432 1491 2526 1530 seu
2573 1477 2747 1531 Binis.
2799 1478 2912 1532 Vita
2945 1481 3114 1535 sancti
3150 1480 3349 1546 Basilii,
3397 1494 3523 1548 cap.
3561 1479 3658 1534 ll.
3707 1478 3769 1531 lu

2179 1578 2410 1622 sanctum
2440 1569 2697 1633 tribunal,
2727 1569 2943 1636 Graece,
2987 1574 3061 1633 εἰς
3112 1575 3171 1628 τὸ
3225 1572 3373 1646 ἅγιον
3408 1574 3583 1646 βῆμα.
3621 1572 3769 1639 Quod

2181 1668 2386 1713 certum
2413 1660 2464 1714 in
2488 1661 2700 1729 templis
2726 1662 3062 1730 antiquorum
3089 1663 3241 1733 juxta
3273 1664 3442 1719 altare
3487 1665 3669 1718 locum
3696 1664 3769 1718 si-

2183 1750 2418 1820 gniticat.
2450 1750 2601 1816 Quod
2632 1760 2689 1805 ut
2717 1752 2907 1806 melius
2936 1754 3284 1822 intelligatur,
3316 1753 3387 1808 ita
3418 1754 3487 1810 de
3532 1762 3769 1809 veterum

2110 1809 2158 1868 Β
2185 1809 2494 1897 linteorum
2521 1844 2745 1899 ecclesia
2775 1809 3154 1904 Genebrardtis
3199 1809 3284 1903 vel
3314 1850 3492 1917 potius
3518 1848 3771 1903 Claudius

2184 1935 2518 2000 Sanctesius,
2564 1936 2619 1991 in
2655 1937 2881 2008 Liturg.,
2917 1948 2974 1993 ut
3001 1940 3131 1994 citat
3158 1940 3450 1996 Gretserus
3481 1951 3669 1995 noster
3698 1950 3773 1996 to-

2187 2042 2273 2081 tno
2296 2026 2342 2081 ll
2366 2028 2433 2081 de
2459 2027 2651 2094 Cruee,
2688 2031 2739 2084 in
2764 2031 2903 2084 notis
2924 2032 2989 2085 ad
3012 2032 3321 2087 relationem
3350 2037 3476 2109 περὶ
3501 2042 3598 2095 τῆς
3621 2056 3773 2090 σταν-

2186 2123 2671 2193 ροπροσκυνήσεως,
2706 2122 2770 2175 de
2794 2121 3093 2178 adoratione
3124 2121 3323 2179 Crucis.

2258 2208 2499 2265 Ecclesia
2528 2211 2839 2268 Grtecorum
2876 2214 2928 2268 in
2958 2217 3194 2285 quinque
3241 2226 3420 2286 partes
3466 2217 3766 2273 dividitur:

2262 2299 2439 2355 Prima
2467 2316 2590 2371 pars
2616 2304 2813 2359 dicitur
2834 2305 2977 2380 ἅγιον
3007 2308 3149 2381 βῆμα
3170 2348 3186 2372 ,
3214 2319 3445 2362 sanctum
3477 2311 3773 2363 tabernacu-

2188 2392 2314 2461 lum,
2342 2395 2483 2465 quod
2515 2396 2768 2466 gradibus
2797 2399 2848 2452 in
2879 2414 2995 2453 eam
3027 2401 3349 2456 scandatur:
3377 2402 3468 2456 ubi
3496 2402 3614 2457 duo
3652 2413 3771 2456 sunt

2188 2486 2405 2553 altaria,
2436 2488 2608 2555 majus
2634 2489 2685 2542 in
2715 2490 2910 2555 medio,
2957 2490 3101 2559 quod
3139 2491 3334 2546 dicitur
3374 2495 3767 2567 θυσιαστήριον,

2187 2593 2336 2632 sacra
2383 2593 2579 2644 mensa,
2632 2590 2810 2634 sancta
2858 2590 3191 2647 sanctorum,
3235 2583 3377 2636 locus
3409 2582 3509 2636 Dei
3564 2584 3777 2651 requies.

2192 2669 2627 2739 propitiatorium,
2663 2673 2835 2741 magni
2864 2674 3109 2742 sacriﬁcii
3134 2674 3357 2743 ofﬁcina,
3381 2674 3581 2729 Christi
3605 2691 3777 2729 ηιοιιι-

2193 2771 2437 2827 mentum,
2463 2769 2508 2816 et
2531 2764 2642 2831 ejus
2662 2764 2840 2833 glorise
2865 2763 3273 2819 tabernaculum.
3291 2765 3466 2819 Minus
3499 2767 3702 2834 altare,
3731 2765 3776 2820 in

2193 2871 2299 2925 quo
2308 2855 2563 2911 sacerdos
2575 2871 2725 2911 sacra
2740 2866 3022 2928 praeparat,
3035 2857 3226 2912 dicitur
3237 2859 3500 2933 πρόθεσις.
3510 2859 3665 2928 quasi
3679 2874 3779 2929 pro

2198 2947 2404 3017 positio.
2417 2947 2557 3017 quod
2574 2947 2723 3017 panis
2734 2949 3130 3004 eonSeerandtts
3145 2950 3198 3003 in
3211 2965 3275 3004 eo
3291 2950 3523 3017 primum
3539 2958 3779 3016 ponatur.

2273 3038 2521 3094 Secunda
2567 3054 2695 3109 pars
2722 3041 2903 3107 templi
2924 3040 3119 3095 dicitur
3143 3042 3423 3113 ἱερατεῑον,
3462 3044 3684 3109 chorus,
3714 3041 3781 3096 lo-

2202 3143 2291 3183 cus
2312 3128 2833 3184 cleroetcautoribus
2877 3133 3174 3200 deputatus,
3222 3132 3312 3185 ubi
3342 3133 3644 3187 tabulatum
3686 3134 3784 3187 dua

2205 3220 2409 3276 habens
2437 3223 2595 3287 ostia,
2621 3232 2678 3278 et
2703 3225 2818 3277 vela
2850 3224 3059 3294 utrique
3083 3226 3222 3278 ostio
3247 3240 3509 3295 oppansa.

2280 3313 2453 3370 l‘ertia
2481 3331 2603 3385 pars
2623 3314 2823 3388 ἅμϐων,
2857 3318 3137 3387 pulpitum,
3169 3318 3257 3372 ubi
3285 3318 3585 3372 recitantur
3617 3317 3783 3371 Evan-

2202 3406 2342 3479 gelia
2374 3416 2430 3461 et
2454 3404 2725 3476 Epistolas,
2756 3416 2811 3462 et
2841 3409 3001 3462 verba
3045 3411 3179 3463 liunt
3204 3410 3269 3463 ad
3317 3397 3594 3479 populum.
3631 3408 3784 3463 Unde

2202 3498 2333 3569 εὐχή
2357 3496 2764 3568 ἑπισθάμϐωνος,
2783 3500 2945 3552 oratio
2962 3500 3363 3569 poneambonem
3378 3516 3463 3553 seu
3474 3508 3784 3569 suggestum.

2275 3590 2475 3656 Quarta
2506 3604 2627 3658 pars
2650 3593 2789 3654 ναὸς,
2814 3590 3056 3657 templum
3086 3605 3178 3645 seu
3211 3593 3356 3645 navis
3386 3589 3658 3653 Ecclesiae,
3704 3591 3785 3643 ubi

2205 3682 2432 3751 populus
2460 3689 2600 3747 orat,
2629 3680 2683 3735 in
2711 3696 2816 3749 qua
2840 3681 2939 3735 viri
2971 3697 3000 3736 a
3033 3682 3347 3737 mulieribus
3399 3682 3628 3751 sejuncti
3671 3691 3787 3735 sunt

2208 3787 2303 3841 per
2336 3772 2587 3826 tabulata.

2275 3864 2468 3931 Quinta
2497 3874 2581 3918 est
2610 3865 2999 3936 baptisterium,
3054 3879 3219 3935 prope
3248 3864 3482 3942 πρόνοιαν,
3513 3878 3685 3933 prope
3706 3879 3788 3916 ae-

2203 3957 2446 4010 stibulum
2488 3958 2684 4023 templi,
2742 3957 2831 4010 ubi
2884 3957 3087 4011 hmrent
3143 3957 3486 4025 pteniteutes.
3520 3955 3790 4009 Hactenus

2205 4047 2459 4103 Claudius
2483 4049 2811 4106 Sauctesius.
2849 4051 2976 4104 \ide
3002 4059 3057 4104 et
3086 4049 3223 4103 infra
3267 4048 3488 4102 dicenda
3515 4049 3570 4101 ia
3619 4048 3785 4102 verbo

2210 4138 2469 4193 ’l‘rurwu
2503 4137 2830 4204 Graecorum,
2860 4155 2925 4193 ex
2951 4140 3215 4194 Gentiano
3243 4138 3474 4193 Herveto

2283 4229 2630 4285 Bcutzmcrto.
2664 4229 2856 4296 Quanti
2892 4232 3006 4285 haec
3044 4230 3171 4285 olim
3201 4232 3461 4284 aestimata
3493 4229 3661 4283 fuerit
3705 4228 3790 4281 ha-

2210 4320 2302 4377 bes
2333 4323 2384 4375 in
2409 4322 2524 4375 Vita
2551 4323 2720 4377 sancti
2742 4324 2953 4376 Antonii
2982 4338 3103 4391 cap.
3144 4324 3177 4377 5
3197 4322 3253 4385 9,
3287 4324 3376 4391 qui
3421 4322 3792 4390 episcoporum

2219 4424 2274 4470 et
2302 4416 2734 4487 presbyterorum
2763 4416 3163 4471 benedictiones
3193 4417 3462 4471 submisso
3487 4417 3668 4483 capite
3707 4430 3793 4469 ex-

534 4505 628 4569 ris,
660 4506 808 4575 quasi
838 4510 934 4561 vite
957 4518 1135 4563 sterna
1160 4524 1176 4562 :
1202 4508 1451 4563 mollibus
1480 4510 1789 4564 stramentis
1809 4519 1892 4564 est
1912 4509 2107 4579 posita,
2141 4547 2192 4606 Ι)
2213 4509 2467 4579 eipiebat.
2494 4507 2611 4562 Vita
2641 4508 2816 4561 Maria:
2843 4507 3335 4579 Egyptiacm,cap.
3357 4507 3389 4561 9
3416 4525 3430 4561 ε
3459 4525 3479 4557 ι
3510 4506 3606 4561 llle
3636 4506 3792 4574 (Zosi-

533 4614 563 4650 a
592 4599 803 4654 duobus
832 4601 1154 4655 animalibus
1194 4601 1525 4671 deportatur.
1549 4623 1569 4655 ι
1618 4602 1770 4659 Unde
1787 4603 1996 4658 videtur
2014 4618 2110 4657 sua

537 4689 785 4744 hausisse
806 4691 1015 4760 Papias,
1031 4693 1128 4747 etsi
1154 4693 1291 4763 apud
1314 4709 1436 4749 eum
1450 4705 1679 4749 vesterna
1692 4711 1788 4765 pro
1804 4697 1897 4751 via:
1914 4706 2107 4753 sterno.

605 4780 680 4834 Ex
710 4782 868 4837 dictis
896 4792 1177 4839 auctorum
1211 4785 1343 4839 locis
1384 4797 1606 4856 apparet
1653 4802 1794 4841 nunc
1832 4801 2107 4842 servorum

535 4877 813 4939 manibus,
846 4893 987 4931 nunc
1016 4878 1082 4933 ab
1112 4878 1428 4935 animalibus
1476 4888 1734 4951 gestatam
1782 4881 2110 4935 basternam.

534 4965 667 5019 Nam
695 4970 834 5038 quod
864 4970 1126 5025 Meursius
1156 4975 1207 5025 in
1237 4970 1510 5028 Glossario
1532 4972 1953 5028 Graecobarbaro
1974 4972 2112 5040 apud

539 5055 798 5111 lsidorum
816 5061 1064 5114 animalia
1086 5062 1468 5133 interpretatur
1479 5080 1670 5130 servos,
1690 5079 1795 5119 non
1812 5063 2112 5134 persuadet.

610 5147 727 5202 Alia
761 5149 1023 5207 basternas
1052 5155 1373 5225 signiﬁcatio
1416 5156 1556 5224 apud
1597 5154 1818 5212 Graecos
1843 5156 2115 5225 juriseon-

539 5238 729 5304 sultos,
757 5240 952 5310 quibus
983 5260 1080 5313 pro
1122 5246 1425 5301 transennis
1448 5255 1504 5302 et
1532 5260 1627 5317 pro
1657 5248 1813 5303 tectis
1839 5247 2114 5316 accipitur.

544 5335 679 5392 Vide
702 5336 1009 5406 Cujacium,
1033 5341 1125 5397 lib.
1151 5357 1242 5405 χιιι
1266 5341 1582 5409 Observat.,
1613 5358 1663 5398 c.
1696 5342 1784 5397 50.

618 5430 871 5487 Bessum.
902 5432 1053 5499 Quod
1086 5433 1217 5487 Vitae
1257 5434 1470 5489 Antonii
1504 5436 1800 5503 interpres,
1850 5447 1971 5502 cap.
2015 5432 2120 5493 25.

545 5520 708 5575 habet
738 5524 953 5591 belluas,
984 5524 1052 5578 ibi
1079 5523 1295 5579 Graccus
1326 5532 1499 5579 textus
1524 5525 1684 5580 habet
1708 5525 1904 5584 ὐαὶνας.
1938 5522 2118 5577 Bellua

541 5616 771 5673 subinde
816 5632 911 5687 pro
940 5618 1128 5690 hyaena
1175 5619 1400 5687 capitur.
1440 5618 1573 5674 Vide
1600 5619 1736 5674 dicta
1775 5621 1984 5687 (συρτει,
2016 5617 2114 5670 col.

540 5708 666 5774 593,
698 5719 803 5763 not.
853 5709 910 5779 8)
958 5711 1023 5765 ad
1056 5726 1173 5778 cap.
1223 5709 1256 5763 6
1295 5710 1591 5766 Heraclidis
1626 5710 1731 5779 (qui
1780 5710 1981 5778 scripsit
2025 5724 2120 5763 BE-

542 5804 693 5869 ws).
730 5800 974 5858 Clemens
1018 5800 1458 5872 Recognitionum
1495 5798 1589 5853 lib.
1624 5812 1737 5865 Vlll,
1773 5811 1822 5852 c.
1852 5799 1881 5850 7
1910 5815 1923 5851 :
1960 5815 1979 5849 ι
2002 5797 2120 5852 Alia

2220 4600 2359 4670 mas)
2387 4609 2564 4655 autem
2594 4599 2645 4653 in
2672 4608 2810 4654 terra
2838 4608 3154 4667 prosnatns,
3185 4598 3438 4667 poscebat
3462 4597 3792 4653 benedictio-

2220 4709 2342 4749 nem
2372 4692 2662 4747 secundum
2711 4706 2916 4747 morem
2963 4692 3228 4759 accipere.
3276 4688 3581 4745 Prostravit
3628 4697 3795 4742 autent

2221 4800 2279 4840 se
2308 4793 2364 4839 et
2387 4785 2520 4853 ipsa,
2553 4794 2606 4839 et
2634 4784 2846 4853 utrique
2860 4782 3116 4854 iacebant
3154 4781 3210 4836 in
3241 4791 3409 4846 terra,
3438 4796 3581 4835 unus
3609 4796 3676 4835 ex
3702 4779 3797 4832 alio

2222 4875 2646 4933 benedictionem
2694 4890 2942 4945 poscens.
2976 4893 2995 4928 ι
3046 4875 3137 4932 Sic
3167 4875 3307 4944 apud
3330 4872 3650 4943 Gregorium
3681 4873 3797 4942 Nys-

2221 4984 2433 5033 senum,
2470 4969 2713 5024 oratione
2740 4968 2810 5023 de
2838 4966 2957 5022 Vita
2986 4975 3185 5023 sancta:
3208 4967 3457 5022 Macrine:
3482 4982 3497 5019 :
3525 4984 3544 5015 ‹
3570 4966 3705 5019 Cum
3729 4965 3797 5017 le.

2220 5061 2480 5116 cissemus
2540 5069 2596 5115 et
2625 5059 2875 5129 precandi
2921 5069 2975 5114 et
3004 5058 3355 5114 benedicendi
3405 5057 3597 5122 linem,
3645 5066 3796 5124 atque

2225 5152 2350 5216 illic,
2395 5150 2654 5206 inclinato
2677 5152 2827 5220 prius
2845 5149 3019 5217 capite
3057 5148 3442 5213 benedictioni,
3474 5147 3704 5202 honeste
3727 5146 3797 5199 di-

2223 5243 2505 5299 seedentes
2531 5244 2808 5298 abiissent.
2843 5262 2861 5296 ι
2892 5243 3029 5298 Beda
3055 5283 3071 5304 .
3102 5243 3195 5297 lib.
3224 5259 3281 5297 In
3310 5243 3444 5297 Hist.
3467 5240 3623 5297 Eccl.
3643 5280 3659 5306 ,
3686 5255 3795 5306 cap.

2224 5335 2335 5393 26:
2364 5354 2383 5387 ι
2420 5334 2806 5396 Accurrebant,
2844 5345 2897 5389 et
2933 5334 3069 5390 ﬂexa
3095 5335 3306 5389 cervice
3333 5333 3419 5388 vel
3442 5348 3607 5387 manu
3628 5333 3796 5402 signa-

2229 5427 2300 5495 ri,
2326 5426 2410 5482 vel
2439 5442 2535 5483 ore
2565 5425 2709 5482 illius
2758 5426 3038 5497 (monachi
3071 5426 3153 5481 vel
3195 5426 3401 5494 clerici)
3455 5440 3516 5479 se
3562 5421 3793 5479 benedici

2229 5519 2550 5591 gaudebant.
2582 5540 2602 5573 ι
2642 5520 2757 5575 Vita
2798 5519 2967 5573 sancti
3018 5518 3313 5588 Fulgentii,
3346 5518 3373 5571 ll
3415 5514 3672 5586 januarii,
3714 5514 3798 5567 hac

2230 5614 2323 5667 bet
2368 5627 2686 5668 concursum
2735 5612 2946 5681 populi,
2996 5612 3116 5680 quis
3158 5610 3227 5665 ab
3277 5610 3465 5675 exsilio
3514 5604 3798 5669 revertenti

2232 5706 2429 5773 primus
2471 5705 2716 5761 salutaret
2741 5706 3115 5775 agnoscendus,
3158 5707 3269 5772 quis
3300 5704 3618 5757 benedicenti
3655 5706 3797 5767 caput

2234 5806 2561 5868 supponeret.
2622 5795 2920 5862 Palladius,
2975 5796 3028 5851 in
3083 5796 3198 5849 Vita
3253 5793 3708 5863 Chrysostomizt
3742 5787 3794 5842 lii
