4014 6368
188 349 283 407 413

184 556 364 609 viduas
388 552 739 617 diaconissas,
763 562 823 606 ut
848 553 1007 607 futuri
1030 553 1291 621 episcopi,
1322 552 1755 607 benedictionem

187 646 354 715 capite
378 645 638 700 inclinato
670 645 970 714 accipiant,
1001 656 1183 699 monet
1210 642 1647 715 Chrysostomus.

252 738 462 793 Parvuli
476 752 686 809 quoque
702 737 1068 792 sacerdotibus
1087 738 1281 792 etviris
1301 739 1521 800 sanctis,
1538 746 1595 790 ut
1611 735 1762 789 bene-

185 831 464 885 dictionem
478 830 797 900 percipiant,
818 830 999 884 oﬂ‘erri
1021 830 1184 884 soliti.
1214 830 1612 894 Theodoretus,
1650 830 1757 896 hic,

187 921 356 990 capite
375 922 431 983 2.
447 923 499 975 in
520 922 730 977 Juliano
748 920 907 984 Saba,
921 935 1039 989 cap.
1056 923 1109 986 8,
1134 919 1186 974 in
1203 920 1492 990 Aphraate,
1518 921 1690 989 capite
1703 922 1756 988 9,

188 1014 234 1067 in
266 1013 426 1067 Petro
467 1023 688 1067 erem-ta
732 1012 943 1067 Galata.
992 1013 1110 1067 Vita
1162 1012 1442 1081 Epiphanii
1486 1013 1761 1082 episcopi:

192 1120 212 1155 ι
237 1102 425 1157 Omnis
471 1104 643 1157 aetatis
685 1113 740 1158 et
770 1118 929 1158 sexus
962 1104 1112 1158 turba
1145 1104 1479 1167 confluebat,
1531 1105 1763 1159 oll‘erens

187 1194 454 1263 parvulos.
485 1213 506 1247 ι
556 1196 759 1248 Auctor
823 1195 1013 1263 Operis
1084 1196 1421 1264 imperfecti,
1470 1197 1522 1251 in
1573 1197 1759 1251 Matth.

186 1300 310 1339 xix:
357 1303 377 1337 ι
408 1286 651 1340 Praesens
696 1286 845 1339 locus
894 1287 1107 1340 instruit
1165 1302 1352 1342 omnes
1397 1298 1670 1356 parentes,
1708 1297 1765 1342 ut

187 1375 325 1429 tilios
350 1390 475 1430 suos
501 1376 867 1432 indesinenter
895 1378 1263 1432 sacerdotibus
1310 1379 1559 1435 olferant.
1596 1398 1613 1429 ν
1652 1380 1759 1434 Ευ-

184 1470 341 1523 doxia
388 1486 599 1540 quoque
649 1472 955 1538 imperatrix
1002 1471 1113 1539 jam
1176 1480 1358 1526 natmn
1419 1473 1471 1527 in
1536 1489 1767 1542 purpura

187 1561 540 1618 Theodosium
560 1562 828 1633 iuniorem
847 1563 1091 1619 Patribus
1133 1564 1358 1633 obtulit,
1387 1575 1445 1620 ut
1467 1566 1691 1622 habetur
1714 1568 1766 1623 in

190 1651 303 1705 Vita
322 1654 488 1707 sancti
508 1653 808 1724 Porphyrii,
824 1654 894 1709 26
913 1654 1071 1709 Febr.
1096 1655 1305 1726 1017
1329 1655 1461 1711 Cum
1483 1658 1770 1714 Columba-

187 1758 306 1809 nus,
339 1744 392 1797 in
416 1743 666 1800 Vulciaco
687 1748 811 1802 villa
841 1749 1073 1819 hospitio
1101 1751 1462 1819 exciperetur,
1487 1770 1506 1804 ί
1535 1752 1770 1808 infantes

859 341 1342 399 ONOMASTICON
1385 340 1629 398 RERUM
1668 340 1758 396 ET
1798 340 2175 400 VERBORUM
2224 344 2756 401 DIP’FICILIORUM.

185 473 338 532 caput
366 471 603 516 vestrum
634 461 905 527 inclinate,
940 472 997 515 ut
1022 460 1236 525 Joanni,
1269 476 1363 527 per
1384 460 1582 514 omnia.
1619 477 1636 508 ι
1677 457 1752 509 Ita
1781 458 1834 515 Α

2801 224 2824 248 \

3338 343 3445 404 4H

1934 459 1987 512 In
2004 476 2110 527 quo
2140 461 2267 514 illud
2297 463 2558 529 imprimis
2586 460 3140 526 animadvertendum,
3176 476 3279 515 non
3310 462 3440 516 sitn-

1864 552 2069 622 pliciter
2096 551 2198 607 dici
2227 554 2451 616 birrutn,
2482 556 2574 608 sed
2606 555 2868 607 lacernam
2894 555 3119 617 birrum;
3159 556 3285 609 licet
3324 557 3445 611 Sul-

1866 644 2034 713 picius
2064 643 2317 707 Severus,
2342 645 2547 714 dialog.
2582 645 2634 711 1,
2662 660 2779 714 cap.
2815 644 2902 710 Μ,
2924 646 3124 699 birrum
3147 661 3177 699 a
3208 645 3445 712 laci-rna,

1865 746 2095 807 utroque
2129 747 2306 792 tamen
2340 740 2601 792 existente
2631 739 2809 793 habitu
2840 739 3099 803 clericali,
3133 738 3445 807 distinguat,

1866 846 1986 886 cum
2012 831 2283 886 invehitur
2305 832 2357 884 in
2380 831 2727 899 voluptuosos
2750 831 3197 895 clericos,dicens
3222 849 3235 885 :
3269 852 3285 881 ι
3324 831 3449 884 lla-e

1866 921 2046 977 charis
2068 921 2240 976 viduis
2271 936 2335 975 ac
2364 921 2712 975 familiaribus
2743 922 2961 976 mandat
2993 922 3188 976 tributa
3226 922 3448 990 virgini-

1866 1015 1994 1079 bus;
2027 1016 2176 1069 illum
2204 1026 2258 1068 ut
2284 1014 2483 1069 birrnm
2510 1018 2793 1085 rigentem,
2816 1015 2930 1069 hmc
2951 1024 3007 1068 ut
3030 1016 3281 1068 ﬂuentem
3309 1024 3450 1069 texat

1870 1108 2161 1161 lacernam.
2201 1125 2220 1159 ι
2253 1110 2321 1161 At
2351 1109 2576 1175 primutn
2608 1107 2746 1175 quod
2771 1108 2963 1162 attinet
2991 1106 3056 1160 ad
3090 1107 3382 1171 lacernam,
3409 1107 3452 1159 si

1867 1199 2111 1255 ethnicos
2139 1198 2419 1263 consulas,
2453 1200 2689 1267 reperies
2731 1214 2848 1253 eam
2892 1199 3057 1252 breve
3108 1197 3268 1252 fuisse
3300 1197 3453 1251 indui

1871 1298 2106 1346 mentum
2145 1288 2211 1342 ad
2244 1288 2528 1342 arcendam
2554 1290 2805 1355 pluviam,
2825 1298 2882 1342 ut
2903 1305 2967 1343 ex
2996 1288 3078 1342 his
3098 1304 3217 1355 qua:
3238 1288 3451 1351 Cicero,

1871 1382 2067 1451 Philip.
2119 1397 2179 1444 tt,
2211 1396 2273 1436 ac
2306 1380 2527 1445 Plinius,
2557 1381 2645 1434 lib.
2696 1396 2843 1444 xvtn,
2872 1382 3046 1447 capite
3087 1380 3157 1432 23
3200 1381 3416 1434 tradunt
3443 1424 3456 1439 .

1871 1476 2148 1531 evidenter
2179 1484 2417 1542 apparet.
2452 1474 2619 1527 Porro
2648 1474 2713 1527 ad
2746 1472 2999 1529 humeros
3024 1472 3344 1541 brachiaque
3377 1482 3455 1527 te-

1872 1568 2041 1639 genda
2072 1566 2235 1622 fuisse
2264 1566 2616 1635 compositmn
2639 1564 2902 1633 ejusmodi
2930 1565 3234 1618 vestimenti
3258 1579 3451 1633 genus,

1873 1661 2031 1715 docet
2079 1659 2269 1714 Festus
2310 1658 2615 1735 Pompeius,
2642 1657 2694 1709 itt
2739 1655 2903 1711 verbo
2932 1655 3196 1720 Lacerna;
3235 1656 3357 1707 dum
3392 1655 3459 1707 de

1876 1753 2086 1807 lacerna
2110 1765 2293 1819 agens,
2326 1751 2402 1804 ait
2428 1765 2545 1804 eam
2572 1750 2829 1804 minorem
2874 1747 3035 1803 fuisse
3063 1750 3288 1819 capitio;
3314 1749 3433 1817 capi
3458 1780 3463 1787 -

186 1844 362 1892 mater
386 1837 451 1891 ad
473 1839 894 1895 benedicendum
928 1844 1042 1897 viro
1075 1844 1165 1897 Dei
1201 1843 1413 1899 obtulit.
1451 1844 1597 1899 :Vita
1629 1846 1766 1914 ejus,
1803 1838 1845 1899 Β
1876 1846 2003 1899 tium
2031 1859 2159 1898 vero
2185 1843 2262 1896 ait
2304 1841 2496 1906 Varro,
2539 1841 2607 1897 de
2647 1842 2798 1910 Ling.
2832 1840 2951 1895 Lat.
2982 1841 3019 1894 Ι.
3054 1856 3125 1906 tv,
3157 1840 3319 1895 fuisse
3348 1858 3454 1893 mu-

183 1928 244 1985 21
277 1928 539 1986 Novemb.
568 1932 824 1986 Columba
857 1948 1072 2003 quoque
1114 1933 1280 1988 abbas
1314 1934 1598 1989 Dnmnallo
1623 1936 1771 2007 regio

186 2022 376 2077 infanti
413 2024 700 2079 benedixit.
742 2024 876 2080 Vita).
906 2026 1025 2095 ejus
1073 2041 1170 2098 per
1199 2026 1569 2082 Adamannum
1602 2028 1695 2083 lib.
1730 2044 1769 2082 t.

250 2119 396 2182 Quin
419 2125 473 2172 et
503 2118 732 2174 infantes
760 2120 935 2174 adhuc
964 2122 1017 2175 in
1049 2131 1203 2175 utero
1232 2120 1527 2175 existentes
1558 2120 1775 2175 benedi-

184 2212 353 2265 ctioni
395 2220 699 2265 sanctorum
730 2211 962 2268 virorum
1004 2208 1156 2267 fuere
1186 2210 1369 2266 obiati.
1414 2211 1490 2265 ita
1534 2211 1775 2268 Eudoxia

186 2302 501 2370 imperatrix
537 2302 814 2368 infantem,
849 2318 1005 2372 quem
1040 2313 1195 2357 utero
1242 2303 1525 2372 gestabat,
1558 2301 1774 2357 Patrum

185 2394 545 2449 benedictioni
572 2396 783 2461 obtulit,
812 2398 863 2451 in
901 2396 1018 2451 Vita
1043 2396 1324 2468 Porphyrii
1351 2398 1459 2465 jam
1476 2398 1663 2453 citata.
1687 2398 1777 2454 Sic

185 2487 497 2553 Stephanus
522 2487 713 2543 Junior
737 2490 1025 2543 etiamnum
1054 2490 1292 2544 exiStens
1327 2490 1377 2542 in
1406 2503 1578 2557 utero,
1611 2490 1778 2545 bene-

183 2576 287 2631 dict
304 2578 413 2632 iuni
430 2578 678 2633 Germani
702 2578 1020 2649 patriarcha:
1040 2580 1621 2652 Gonstantinopolitani
1636 2582 1780 2637 obla-

186 2674 268 2721 tus
307 2682 334 2719 a
368 2679 538 2723 matre
562 2679 664 2724 est.

254 2760 379 2826 Qua
412 2761 463 2813 in
491 2774 548 2815 re
573 2761 847 2816 cavendus
868 2770 952 2817 est
981 2776 1136 2817 error
1158 2761 1393 2832 Caietani
1412 2804 1427 2827 ,
1455 2764 1543 2833 qui
1574 2763 1775 2820 censuit

184 2850 345 2905 simili
380 2851 789 2920 benedictione,
820 2855 872 2909 in
901 2865 1028 2908 voto
1057 2864 1368 2923 parentum,
1399 2856 1594 2910 salvari
1625 2871 1781 2925 posse

189 2942 478 3011 infantem,
504 2946 665 2999 etiam
714 2961 820 3001 non
852 2947 1198 3014 baptizatum,
1232 2948 1281 3002 in
1315 2957 1487 3003 utero.
1536 2948 1608 3003 lia
1639 2949 1779 3004 enim

188 3035 276 3090 ille
305 3035 388 3089 ait
415 3035 468 3090 in
497 3050 553 3091 ιιι
577 3047 777 3105 partem
805 3038 911 3091 divi
943 3036 1189 3104 Thomzc,
1212 3054 1268 3108 q.
1300 3036 1392 3103 68,
1423 3039 1487 3091 ad
1518 3050 1621 3095 art.
1654 3040 1715 3094 H
1765 3057 1779 3093 :

192 3146 213 3179 ο
247 3129 303 3183 in
336 3128 567 3183 articulo
593 3129 876 3185 undecimo
913 3131 1146 3184 occurrit
1186 3130 1523 3185 scribendum
1554 3142 1607 3186 et
1646 3145 1779 3184 con-

1876 1937 2031 1993 liebre
2054 1936 2271 2007 pectoris
2314 1936 2693 1999 indumentum,
2727 1935 2796 1989 ita
2839 1934 3038 1989 dictum
3062 1975 3077 1998 ,
3108 1933 3247 2003 quod
3278 1944 3455 2002 pectus

1875 2029 2070 2095 capiat,
2102 2037 2154 2082 et
2178 2026 2601 2097 comprehendat
2629 2025 2876 2091 brachia;
2912 2041 3031 2095 qua:
3062 2026 3205 2081 enim
3230 2027 3346 2081 sine
3374 2026 3458 2081 eis

1876 2122 2214 2184 incedebant,
2244 2128 2463 2190 pectore
2486 2128 2543 2175 et
2579 2118 2811 2174 brachiis
2851 2128 3004 2174 erant
3034 2120 3252 2189 apertis.
3285 2118 3460 2188 Super

1879 2214 2113 2269 tunicam
2147 2228 2279 2268 vero
2301 2212 2586 2281 superduci
2615 2212 2883 2267 lacernam
2909 2252 2924 2276 ,
2953 2211 3174 2276 Gellius,
3204 2212 3298 2266 lib.
3334 2228 3428 2265 xm
3448 2252 3461 2275 ,

1878 2322 1998 2374 cap.
2020 2306 2093 2361 20
2123 2313 2367 2373 testatur,
2401 2320 2522 2360 cum
2550 2307 2624 2359 ait
2656 2323 2668 2358 :
2707 2323 2726 2356 ί
2757 2305 2890 2358 Cum
2919 2323 3002 2360 me
3026 2316 3291 2374 prazscnte
3306 2306 3462 2361 disci~

1883 2397 2037 2465 pulos
2059 2395 2319 2466 quosdam
2347 2411 2472 2450 suos
2495 2406 2773 2451 senatores
2795 2396 3015 2474 vidisset
3042 2398 3128 2452 die
3157 2396 3348 2453 feriato
3386 2407 3463 2453 ευ.

1881 2488 2013 2542 nicis
2033 2497 2088 2543 et
2115 2488 2342 2543 lacernis
2373 2488 2613 2550 indutos,
2643 2498 2696 2543 et
2718 2489 2924 2558 gallicis
2953 2489 3218 2544 calceatos
3252 2508 3265 2543 :
3300 2491 3463 2561 Equi-

1880 2582 2023 2642 dem,
2054 2581 2568 2652 inquit,maluissem
2596 2597 2690 2636 vos
2717 2592 2923 2652 togatos
2944 2598 3068 2639 esse
3099 2601 3112 2638 :
3138 2584 3362 2655 pigitum
3387 2594 3466 2643 est

1880 2672 2085 2726 cinctos
2110 2674 2299 2725 saltem
2330 2686 2453 2726 esse
2481 2682 2536 2725 et
2566 2673 2873 2740 penulatos.

1952 2760 2103 2827 Quod
2120 2775 2247 2816 vero
2264 2762 2464 2815 habent
2486 2765 2613 2815 Acta
2637 2761 2900 2816 lacernam
2922 2762 3139 2826 birrum,
3154 2777 3252 2817 vox
3277 2763 3469 2817 birrum

1884 2852 1949 2906 ad
1980 2852 2220 2907 colorem
2248 2852 2519 2921 pertinet;
2543 2865 2666 2906 nam
2695 2860 2845 2906 notat
2873 2851 3064 2907 Festus
3088 2853 3140 2906 in
3168 2853 3333 2907 verbo
3356 2851 3470 2907 Bir~

1883 2961 2020 3010 rum,
2046 2945 2185 3015 apud
2211 2944 2459 3014 antiquos
2483 2944 2656 2999 rufum
2703 2945 2937 2999 colorem
2966 2944 3166 2998 dictum
3209 2958 3329 2999 esse
3364 2944 3473 2999 bir-

1885 3053 2025 3091 rum.
2059 3040 2137 3091 Ac
2183 3036 2407 3104 proinde
2454 3037 2721 3092 lacernam
2762 3036 2862 3090 ruli
2891 3036 3052 3091 fuis.~c
3080 3036 3299 3092 coloris.
3344 3036 3469 3092 Sive

1887 3129 2064 3184 dicere
2102 3128 2326 3183 velimus
2371 3128 2637 3182 lacernam
2669 3128 2885 3194 birrum,
2923 3127 3023 3183 hoc
3070 3136 3153 3182 est
3202 3126 3468 3194 sericum;

187 3230 485 3290 sequenter
533 3220 837 3289 dicendum,
860 3221 960 3276 sub
988 3220 1323 3276 correctione
1354 3231 1552 3287 tamen,
1587 3238 1780 3293 parvu-
1808 3218 1853 3279 C
1888 3222 2078 3301 βήρους
2106 3222 2247 3276 enim
2295 3228 2505 3277 Veteres
2555 3220 2739 3276 dixere
2779 3224 2973 3289 serica.
3026 3230 3083 3275 ul
3136 3221 3373 3275 Zonaras
3419 3232 3472 3276 et.

188 3312 273 3366 los
307 3314 365 3366 in
400 3313 656 3368 maternis
680 3312 844 3369 uteris
870 3314 1252 3382 periclitantes,
1280 3328 1437 3382 posse
1460 3315 1681 3383 salvari,
1710 3315 1781 3369 si-

187 3412 275 3457 cut
301 3404 555 3473 superius
581 3404 709 3473 (art.
733 3404 790 3474 2)
839 3406 1070 3459 diximus
1098 3404 1164 3459 de
1208 3405 1502 3458 infantibus
1540 3406 1628 3474 qui
1679 3421 1782 3461 non

188 3504 421 3567 possunt
453 3496 732 3566 baptizari.
768 3497 937 3553 Posse
978 3506 1154 3551 autem
1185 3496 1378 3551 salvari
1406 3497 1529 3551 dico
1571 3512 1667 3565 per
1694 3512 1784 3552 sa-

186 3598 528 3643 cramentum
551 3589 796 3658 baptismi
826 3604 928 3644 non
962 3605 1014 3642 in
1045 3604 1123 3650 re,
1146 3589 1240 3643 sed
1265 3590 1317 3643 in
1341 3600 1464 3644 voto
1500 3601 1781 3660 parentum

188 3691 527 3748 susceptura,
554 3694 676 3734 cum
704 3681 877 3749 aliqua
926 3683 1297 3736 benedictione
1351 3681 1539 3751 prolis,
1567 3696 1661 3735 seu
1691 3681 1786 3735 ob-

189 3771 404 3824 latione
425 3768 595 3827 ipsius
624 3772 687 3824 ad
716 3771 882 3825 Deum
912 3787 1032 3825 cum
1065 3772 1401 3825 invocatiOue
1430 3771 1728 3825 Trinitatis.
1762 3790 1781 3822 ι

190 3864 368 3930 Quem
401 3862 690 3917 refutatum
738 3863 859 3918 vide
900 3869 1040 3933 apud
1082 3864 1413 3931 Alphousum
1454 3865 1521 3918 de
1562 3865 1786 3927 Castra,

186 3957 463 4011 adversus
490 3956 739 4023 haereses,
772 3957 908 4011 libro
939 3973 1016 4020 ut,
1035 3960 1201 4011 verbo
1226 3957 1540 4025 Baptismus,
1566 3957 1698 4011 hter.
1729 3956 1785 4011 9.

265 4050 431 4103 Plura
459 4050 527 4103 de
554 4049 720 4103 variis
749 4049 1210 4104 benedictionibus
1237 4050 1356 4103 vide
1396 4050 1447 4103 in
1490 4048 1667 4103 indice
1706 4064 1789 4101 re-

187 4158 339 4201 rum.
375 4150 430 4196 et
457 4143 675 4210 copiose
691 4144 827 4210 apud
848 4143 1184 4201 Gretzernm.
1218 4142 1353 4197 libro
1376 4158 1436 4195 ea
1451 4142 1518 4197 de
1544 4156 1601 4196 re
1619 4140 1787 4195 edito.

268 4236 503 4287 nuntias.
538 4233 669 4288 Vitas
712 4234 899 4289 Malchi
930 4250 1077 4288 nntn.
1107 4234 1139 4286 5
1169 4234 1210 4288 ί.
1245 4233 1415 4305 Syria:
1445 4244 1528 4287 est
1572 4235 1789 4297 civitas,

186 4329 342 4381 circa
393 4342 550 4395 quam
594 4341 807 4381 eremus
851 4326 1157 4381 Chalcidos.
1194 4326 1393 4394 Duplex
1430 4327 1615 4381 Beroea
1646 4324 1787 4394 apud

187 4419 533 4488 Stephanum
558 4419 623 4472 de
654 4419 898 4485 urbibus,
932 4435 1036 4472 una
1079 4420 1129 4473 in
1162 4419 1501 4484 Macedonia,
1533 4419 1698 4474 altera
1738 4418 1792 4472 in

186 4512 382 4580 Syria,
413 4525 532 4575 quae
562 4511 676 4564 haec
707 4520 910 4574 nostra,
938 4524 1098 4579 quam
1132 4519 1186 4564 et
1216 4510 1419 4563 Beroen
1466 4510 1663 4563 dictam
1698 4509 1792 4563 ait.

1890 3314 2204 3371 Theodorus
2225 3315 2639 3383 interpretantes
2658 3314 3031 3370 duodecimum
3050 3330 3310 3371 canonem
3335 3316 3477 3371 Gan—

1888 3412 2095 3479 gvcnsi‘s
2123 3409 2336 3464 concilii
2368 3409 2602 3463 tradunt.
2641 3407 2774 3463 Vide
2799 3408 3101 3479 Cujacinm,
3124 3410 3177 3462 in
3205 3408 3240 3463 l.
3270 3423 3321 3461 tv
3340 3408 3475 3461 Cod.

1895 3502 1969 3556 De
1998 3510 2133 3556 vest.
2168 3501 2428 3566 holoser.,
2458 3500 2551 3554 lih.
2585 3516 2673 3563 xi;
2720 3491 2835 3555 sive
2883 3501 3052 3570 magis
3081 3501 3288 3571 placeat
3317 3498 3480 3552 larer-
3574 3556 3585 3567 ,

1893 3610 2017 3647 num
2048 3593 2243 3646 birrum
2267 3592 2572 3662 significare
2602 3591 2802 3645 birrum
2853 3593 3027 3660 ipsum
3078 3594 3129 3645 in
3164 3590 3379 3645 modum
3410 3592 3481 3643 la«

1889 3702 2073 3742 cerua:
2102 3688 2486 3753 compositum.
2519 3684 2723 3754 (Porro
2752 3684 2917 3738 birrus
2942 3693 2999 3738 et
3029 3685 3223 3737 birrum
3268 3696 3484 3736 mascu-

1895 3779 2073 3832 linoet
2099 3784 2289 3831 neutro
2333 3790 2529 3844 genere
2576 3774 2774 3827 dictum
2823 3770 3154 3842 reperitur.)
3203 3770 3483 3841 Utcunque

1892 3869 1981 3937 sit,
2000 3877 2209 3921 constat
2231 3865 2446 3935 quidem
2474 3866 2781 3919 testimonio
2801 3864 2972 3918 sancti
2998 3862 3299 3933 Augustini,
3320 3864 3481 3917 ιιιὶηιιι

1892 3958 2119 4013 clericos
2146 3957 2200 4010 in
2230 3955 2406 4010 Africa
2438 3957 2515 4009 uti
2546 3955 2890 4009 consuevisse
2936 3956 3074 4009 linea
3116 3964 3275 4025 atque
3314 3957 3481 4017 hirro.

1894 4051 1989 4105 sed
2011 4050 2290 4118 episc0pos
2314 4048 2462 4104 birro
2480 4048 2811 4117 pretiosiore.
2833 4047 2966 4101 Nam
2990 4063 3055 4103 eo
3077 4064 3348 4115 sermone,
3375 4063 3480 4119 quo

1899 4142 2220 4196 clericorum
2273 4156 2489 4194 suorum
2530 4140 2867 4209 disciplinam
2907 4144 3217 4212 componit,
3255 4145 3369 4196 haec
3412 4144 3485 4195 ait

1897 4250 2064 4290 serm.
2095 4235 2375 4289 dedivers.
2401 4234 2468 4287 50
2500 4252 2513 4286 :
2551 4253 2569 4285 ί
2610 4234 2776 4289 Nemo
2802 4236 2894 4291 det
2921 4236 3147 4304 hirrum,
3176 4237 3256 4291 vel
3292 4237 3486 4290 lineam

1898 4327 2152 4393 tunicam,
2167 4341 2260 4380 seu
2277 4325 2602 4395 aliquid,nisi
2631 4327 2681 4379 in
2699 4342 2981 4382 commune
3000 4344 3013 4391 ;
3034 4328 3100 4381 de
3117 4327 3388 4381 conunnni
3404 4341 3486 4379 ac-

1899 4417 2094 4487 cipiam
2111 4417 2237 4470 mihi
2254 4417 2377 4485 ipsi.
2406 4434 2424 4467 ι
2452 4417 2514 4470 Ει
2534 4417 2692 4484 paulo
2711 4428 2829 4485 post
2855 4435 2867 4470 :
2894 4436 2910 4468 ι
2934 4417 3202 4471 Oﬂeratur
3222 4416 3350 4470 mihi
3371 4432 3489 4469 ver-

1906 4510 1957 4563 bi
1989 4510 2159 4579 gratia
2192 4508 2392 4564 birrum
2422 4510 2748 4577 pretiosum,
2793 4509 2926 4564 forte
2955 4510 3109 4562 decet
3152 4507 3491 4575 episc0puni,

190 4604 272 4657 De
297 4602 639 4656 Macedonica
671 4601 895 4669 Plinius,
922 4602 1013 4656 lib.
1046 4617 1119 4667 tv,
1139 4616 1259 4669 cap.
1288 4602 1387 4664 10;
1415 4601 1481 4655 de
1508 4600 1679 4670 Syria:
1704 4601 1797 4655 Bc-
1826 4603 1877 4663 D
1901 4602 2141 4671 quamvis
2172 4616 2277 4655 non
2308 4600 2498 4655 deceat
2523 4601 2901 4671 Augustinum,
2936 4619 2953 4652 ι
2990 4599 3039 4652 id
3070 4608 3182 4664 est,
3217 4599 3487 4652 hominem

188 4706 316 4747 rma
345 4691 512 4753 idem,
542 4692 635 4745 lib.
666 4708 720 4758 v,
751 4707 868 4760 cap.
899 4692 971 4747 26
1001 4709 1015 4745 :
1054 4710 1072 4743 ι
1110 4692 1246 4746 Infra
1278 4692 1523 4747 Palmiras
1549 4691 1797 4746 solitudi-

190 4798 299 4835 nes
329 4781 655 4837 Stelendena
688 4784 837 4853 regio
859 4793 962 4851 est,
990 4783 1379 4853 dictazquejam
1409 4784 1709 4853 llierapolis
1736 4798 1800 4838 ac

189 4872 425 4938 Bertea,
466 4882 519 4927 et
549 4874 783 4928 Chalcis.

270 4965 498 5043 Birinus.
525 4963 642 5018 Vita
666 4964 915 5035 Pelagim,
939 4979 1062 5033 cap.
1088 4966 1155 5019 η
1187 4983 1200 5016 :
1238 4986 1257 5018 ‹
1289 4964 1464 5020 lndnit
1484 4981 1543 5019 se
1569 4966 1797 5022 tunicam

189 5056 455 5110 tricinam
484 5064 537 5108 et
566 5056 765 5110 birrum
796 5058 964 5110 sancti
996 5057 1169 5111 Nonni
1198 5056 1459 5127 episcopi.
1503 5077 1521 5109 ι
1563 5058 1799 5112 Heracli-

186 5153 326 5212 des,
358 5165 478 5217 cap.
506 5150 609 5215 51,
656 5153 723 5206 de
758 5153 1047 5207 Athanasio
1088 5154 1343 5222 episcopo
1374 5168 1389 5206 :
1428 5171 1444 5205 ι
1482 5151 1683 5207 Tunica
1713 5154 1802 5208 ille

191 5251 418 5295 tantmu
444 5257 562 5309 sua,
586 5243 839 5311 birmque
862 5246 1104 5298 vestitus.
1137 5264 1156 5297 ι
1186 5244 1337 5300 Unde
1358 5254 1571 5299 coastat
1597 5246 1797 5300 bitrum

190 5331 381 5386 fuisse
408 5342 607 5387 vestem
632 5332 1010 5403 episcopalem,
1034 5335 1177 5404 quod
1199 5337 1360 5391 etiam
1382 5337 1585 5391 clarum
1609 5352 1675 5391 cx
1698 5337 1804 5393 Ac-

190 5424 277 5478 tis
326 5423 500 5478 sancti
549 5424 847 5494 Cypriani:
884 5446 902 5479 t
942 5427 1103 5481 Exuit
1148 5442 1207 5483 se
1256 5429 1527 5482 lacernam
1577 5428 1804 5498 birrum,

192 5529 379 5584 quem
406 5515 623 5571 indutus
650 5528 785 5573 erat.
819 5537 838 5571 ι
867 5503 1316 5587 Βετοιιὶυειιοέηο
1348 5518 1409 5580 ll.
1435 5534 1578 5574 anno
1608 5519 1807 5575 Christi

192 5606 348 5669 271,
379 5605 614 5675 Dionysii
647 5624 796 5677 papte
828 5610 877 5674 1,
912 5608 1181 5665 Valeriani
1214 5621 1269 5664 et
1299 5608 1524 5665 Gallieni
1553 5611 1719 5679 itnpp.
1753 5611 1807 5677 7,

198 5699 343 5753 hazc
370 5697 437 5752 de
461 5699 608 5754 birro
630 5700 697 5754 ad
721 5716 842 5755 eum
874 5701 1049 5755 locum
1081 5711 1231 5758 notat
1257 5721 1270 5757 :

1904 4708 2214 4764 pauperem,
2245 4692 2313 4748 de
2345 4693 2667 4761 pauperibus
2689 4703 2893 4747 natum.
2924 4691 3157 4747 Utuntur
3183 4706 3249 4745 ex
3279 4691 3493 4743 institu-

1905 4786 2049 4840 tione
2076 4786 2245 4840 sancti
2275 4785 2554 4854 Augustini
2603 4786 2873 4851 regulares
2921 4787 3093 4837 tunica
3125 4784 3287 4845 linea,
3332 4792 3496 4853 atquo

1906 4892 2028 4931 eum
2064 4876 2269 4940 volunt,
2296 4874 2486 4929 diebus
2530 4877 2827 4944 prccsertim
2868 4874 3218 4936 solemnibus,
3251 4874 3303 4929 in
3350 4874 3499 4930 Italia

1908 4971 2068 5025 etiam
2101 4967 2267 5032 birro,
2296 4983 2457 5037 quem
2490 4967 2542 5022 in
2575 4968 2826 5036 Hispania
2855 4981 3065 5034 semper
3084 4974 3309 5034 gestant.
3342 4965 3500 5020 Eam-

1910 5062 2031 5115 dem
2052 5074 2263 5129 quoque
2278 5058 2721 5114 consuetudinem
2743 5058 2973 5126 viguisse
2991 5057 3041 5110 in
3060 5056 3291 5111 Ecclesia
3314 5057 3501 5111 Orien-

1910 5155 2022 5217 tali,
2055 5163 2110 5205 ut
2136 5152 2375 5221 episcopi
2407 5165 2568 5219 Super
2600 5150 2831 5204 tunicam
2864 5148 3009 5202 birro
3040 5148 3411 5215 induerentur,
3438 5165 3502 5201 ev

1911 5242 1975 5297 iis
1996 5258 2115 5313 quae
2145 5243 2329 5296 scribit
2352 5241 2621 5296 Palladius
2647 5241 2699 5295 in
2730 5239 3002 5306 Lausiac.,
3026 5256 3144 5309 cap.
3175 5240 3263 5305 5i,
3287 5239 3353 5293 de
3379 5254 3502 5292 san-

1918 5345 2007 5391 cto
2035 5337 2328 5391 Athanasio
2355 5337 2608 5404 episcoiio
2638 5335 3000 5391 Alexandrino
3030 5349 3314 5403 possumus
3355 5334 3505 5387 intel-

1919 5428 2085 5499 ligere
2105 5426 2229 5481 dum
2253 5428 2346 5492 ait,
2360 5442 2477 5479 eum
2502 5426 2678 5479 tunica
2708 5427 2944 5495 birroque
2964 5426 3200 5478 vestitum
3220 5423 3505 5477 secessisse.

1919 5521 2161 5576 Meminit
2188 5531 2243 5575 et
2283 5521 2578 5589 Gregorius
2618 5520 2947 5575 Turonensis
2974 5517 3042 5571 dc
3080 5525 3267 5572 sancto
3308 5514 3502 5576 Britio,

1920 5611 2010 5680 qui
2035 5611 2282 5665 ardentes
2304 5625 2501 5679 prunas
2531 5610 2585 5664 in
2618 5610 2761 5665 birro
2783 5624 2881 5666 suo
2910 5607 3107 5681 posuit,
3140 5606 3205 5661 ad
3231 5604 3503 5661 declarare-

1923 5702 2047 5763 datn
2075 5702 2156 5757 sui
2179 5702 2338 5756 animi
2361 5703 2746 5756 innocentiam.

290 5811 313 5841 ¹
357 5808 486 5866 Vide
515 5810 637 5883 quid
665 5811 731 5869 de
751 5814 852 5870 hoc
875 5814 1092 5872 nomine
1117 5816 1449 5889 Rosweydus
1472 5831 1676 5888 nosque
1704 5818 2070 5877 notaverimus
2100 5832 2282 5889 supra,
2315 5819 2417 5874 col.
2450 5818 2575 5873 208.
2607 5818 2761 5874 Eutr.
