4014 6368
511 346 619 402 415

1204 342 1682 401 ONOHASTICON
1725 343 1957 400 REBUM
2004 342 2090 398 ET
2135 339 2505 398 νιςῐιιιοιιυιί
2546 335 3075 395 υιρισίειιιιοιιυδι.

3683 333 3793 389 ηε

578 458 846 513 Caeterum
878 467 1094 528 propter
1131 458 1248 528 ejus
1287 458 1582 513 indumenti
1622 459 1959 521 brevitatem,
1998 455 2096 509 Ve-
2126 461 2173 516 Α
2204 455 2463 525 scriptum
2491 472 2503 507 :
2537 472 2556 505 ι
2588 454 2771 508 Birrus
2803 453 3035 523 planeta,
3069 449 3284 521 pallium
3314 449 3598 517 villatum,
3629 467 3788 507 man-

510 550 723 604 nautius
753 549 1076 605 Fortunatus
1104 550 1339 604 nominat
1362 550 1565 607 birrum
1589 549 1760 618 ipsum
1794 551 2091 618 palliolum,

510 659 630 697 cum
662 643 767 711 agit
787 642 854 696 de
881 653 1066 696 sancto
1089 643 1353 697 Germano
1378 642 1703 696 Parisiorum
1727 640 1982 710 episcopo
2008 643 2094 696 vi-

511 733 707 787 sitante
734 732 1061 785 Clotharium
1116 747 1323 799 regem;
1358 740 1519 799 atque
1557 730 1626 786 de
1668 732 1784 800 ipso
1815 747 1942 802 rege
1969 733 2044 786 ait
2078 750 2091 786 :

512 826 741 880 allambit
770 825 934 879 sancti
964 826 1057 878 viri
1081 824 1370 888 palliolum.

583 918 734 985 Quod
759 933 885 972 vero
912 928 1151 970 sanctum
1176 917 1485 985 Gangrense
1506 931 1685 981 eone.,
1711 933 1831 986 cap.
1861 915 1947 981 12,
1982 934 2096 972 mo-

511 1009 711 1063 nachos
734 1010 1119 1064 Eustachianos
1141 1010 1448 1064 incedentes
1472 1010 1736 1079 palliatos,
1762 1020 1923 1081 atque
1948 1011 2094 1065 dam-

511 1110 699 1153 nautes
722 1102 878 1154 birris
900 1111 1107 1154 utentes
1128 1142 1143 1165 ,
1173 1100 1528 1156 anathematis
1556 1103 1820 1157 sententia
1852 1103 2095 1172 percule-

508 1193 597 1256 rit,
634 1208 736 1248 non
767 1194 935 1261 placet
964 1194 1101 1262 quod
1134 1210 1229 1258 per
1258 1194 1460 1249 birrnm
1484 1195 1578 1248 aILi
1613 1197 1946 1264 interpretati
1972 1206 2096 1251 sunt

509 1294 709 1338 vestem
756 1285 1042 1352 pretiosam
1090 1286 1424 1353 simpliciter,
1477 1287 1570 1341 sed
1622 1290 1797 1356 potius
1840 1290 1981 1359 quod
2018 1290 2093 1345 illi

507 1373 687 1429 andeti
719 1376 877 1440 pallio
908 1377 986 1429 sui
1013 1377 1344 1447 longitudine
1389 1388 1441 1433 et
1471 1378 1752 1434 latitudine
1796 1380 2093 1447 dilﬂuente,

506 1480 599 1519 eos
629 1468 964 1532 damnarent,
997 1469 1084 1536 qui
1119 1469 1264 1522 birro
1293 1484 1484 1538 nempe
1536 1471 1765 1545 brevioii
1818 1482 2096 1529 uterentur

506 1558 818 1613 indumento
866 1577 879 1613 :
926 1561 1070 1629 quod
1105 1562 1210 1616 vile
1244 1564 1325 1617 vel
1360 1564 1652 1632 pretiosum
1684 1565 1785 1633 (ex
1830 1569 2094 1623 sententia

505 1652 789 1719 Augustini
824 1654 1072 1722 superius
1098 1655 1356 1726 recitata)
1384 1658 1448 1709 ad
1470 1657 1676 1712 libitum
1699 1658 1956 1728 cujusque
1976 1674 2096 1717 esse

506 1744 779 1807 politisse,
821 1745 1182 1800 certissimum
1229 1758 1339 1811 est;
1372 1748 1718 1819 pretiosiores
1762 1766 1892 1805 vero
1932 1752 2095 1808 fuisse

500 1832 678 1911 rbirros
707 1837 1091 1893 Atrebatenses
1119 1848 1173 1894 et
1200 1839 1497 1896 Canusinos
1520 1883 1533 1905 ,
1569 1843 1788 1898 Flavius
1832 1843 2092 1913 Vopiscus

508 1926 560 1979 in
586 1926 779 1980 Carino
819 1936 1064 1984 testatur.
1095 1930 1229 1985 Cum
1264 1933 1440 2002 itaque
1464 1931 1649 1988 eadem
1679 1935 1807 1988 Acta
1838 1935 2092 2005 Cypriani

508 2016 769 2082 passionis
811 2017 1062 2086 habeant,
1097 2021 1268 2090 ipsum
1319 2023 1578 2077 [acernam
1628 2023 1827 2077 birrnm
1865 2026 2091 2093 compli-

506 2110 704 2173 cuisse,
734 2119 787 2164 et
814 2112 877 2163 ad
924 2128 1092 2178 genua
1127 2116 1387 2184 posuisse,
1419 2116 1546 2172 illud
1595 2115 1760 2173 fuisse
1809 2119 2090 2187 perbreve,

508 2216 571 2254 ac
602 2204 747 2271 parvi
787 2205 982 2273 negotii
1032 2220 1250 2277 operam
1300 2210 1474 2279 egisse
1516 2209 1917 2276 demonstrant;
1970 2228 2091 2266 nam

508 2307 614 2345 non
664 2296 740 2348 sic
780 2295 847 2350 de
897 2296 1070 2353 tunica
1093 2312 1213 2353 eum
1239 2298 1436 2357 fecisse
1453 2344 1467 2367 ,
1494 2301 1588 2383 sed
1610 2300 1853 2358 diaeonis
1878 2302 2092 2360 dedisse

508 2383 743 2437 tradunt.

583 2498 657 2553 Ex
690 2500 771 2555 his
798 2500 974 2570 itaque
1002 2502 1112 2574 jam
1142 2506 1478 2576 exploratum
1529 2508 1712 2564 haberi
1744 2509 1952 2565 videtur
1979 2512 2093 2579 epi-

507 2606 793 2658 scoporum
829 2594 993 2651 fuisse
1020 2597 1301 2667 antiquum
1337 2598 1574 2654 habitum
1600 2642 1614 2665 ,
1651 2610 1708 2654 ut
1736 2612 1858 2670 post
1888 2611 2089 2657 vestem

508 2685 954 2748 superindurren:
1011 2688 1226 2750 lineam.
1249 2699 1303 2745 et
1332 2691 1564 2759 desuper
1590 2706 1708 2746 eam
1737 2693 1967 2747 solutam
2005 2706 2088 2747 tu-

509 2790 771 2838 meam,ac
785 2787 852 2830 ue
876 2792 1013 2843 nque
1036 2794 1284 2834 numeros
1302 2789 1504 2835 tantum
1524 2794 1709 2852 tegens
1722 2793 1775 2838 et
1789 2783 2004 2839 brachia
2020 2785 2089 2840 la-

504 2882 722 2921 ceruum
749 2875 947 2921 birrnm
974 2885 1110 2934 :quo
1124 2872 1630 2940 genereindumenti
1663 2874 1821 2929 hodie
1850 2875 2092 2933 videmus

507 2957 581 3010 uti
612 2956 667 3009 S.
696 2958 757 3010 ιι.
797 2958 1208 3025 E..cardinales,
1236 2974 1397 3033 atque
1427 2966 1710 3034 episcopos
1736 2966 1874 3030 illos,
1900 2970 1989 3037 qui
2021 2985 2088 3024 ex

505 3047 842 3115 regularibus
866 3049 931 3103 ad
953 3066 1070 3104 eam
1098 3050 1411 3121 dignitatem
1446 3056 1680 3123 provecti
1710 3067 1857 3114 sunt.
1894 3058 2089 3114 Roma-

504 3154 629 3192 num
659 3155 783 3193 vero
804 3141 1106 3207 pontiﬁcem
1132 3143 1667 3214 birroabsquetunica
1683 3149 2051 3217 superlineam
2066 3192 2081 3217 ,

505 3229 597 3281 sel
650 3231 826 3285 serico
871 3239 1032 3298 atque
1077 3232 1223 3297 rufo,
1287 3236 1553 3291 interdum
1601 3253 1727 3292 vero
1776 3241 1931 3304 aibo,
1988 3258 2085 3311 pro

507 3321 764 3386 temporis
796 3322 1024 3377 ratione.
1052 3323 1218 3377 Porro
1241 3341 1309 3380 ex
1343 3327 1617 3396 dignitatis
1645 3332 1835 3386 ordine
1882 3333 2083 3388 hirrum

507 3412 788 3479 pretiosius
817 3412 1003 3475 fuisse,
1037 3429 1101 3469 ex
1137 3416 1415 3487 Augustini
1448 3423 1713 3476 sententia
1755 3422 1955 3478 dictum
1984 3433 2087 3482 est.

507 3503 777 3559 Hactenus
809 3504 1086 3561 Baronius.

582 3596 793 3666 1018
822 3594 877 3650 lu
912 3596 1150 3653 Palladio
1180 3608 1363 3655 nostro
1393 3602 1473 3655 bis
1503 3612 1653 3660 terve
1678 3606 1874 3660 birrnm
1902 3622 2091 3664 occur.

506 3686 604 3751 rit,
636 3688 706 3740 uti
732 3726 747 3751 ,
781 3703 898 3757 cap.
930 3689 1040 3744 83:
1073 3691 1291 3760 pallium
1330 3695 1589 3762 gestabant
1635 3707 1679 3750 et
1709 3697 1940 3769 byrrum.
1985 3700 2084 3757 Ubi

503 3778 690 3834 (haece
718 3790 820 3844 Bst,
850 3783 1207 3859 τριῆωκφὸρηι
1230 3790 1317 3841 καὶ
1339 3787 1664 3865 βυρίῖοφόροι.
1696 3791 1956 3847 llervetus
1990 3793 2093 3848 La-

508 3869 618 3921 tine
647 3871 930 3938 extulerat,
950 3872 1036 3942 qui
1063 3876 1280 3945 pallium
1301 3879 1562 3949 gestabant
1583 3892 1630 3935 et
1655 3882 1868 3949 pilenm.
1893 3883 1947 3939 In
1975 3886 2095 3941 Edi-

505 3962 648 4016 tione
682 3965 1019 4033 Lugdttnensi
1078 3970 1385 4039 legebatur,
1419 3978 1504 4030 καὶ
1554 3978 1863 4053 κιρροφὸροι.
1926 3977 1992 4033 Et
2037 3980 2090 4036 in

510 4052 647 4131 notis
680 4054 789 4105 suis
828 4054 1087 4109 Meursius
1115 4074 1179 4112 ex
1231 4060 1536 4127 conjectura
1569 4052 1786 4132 corrigit
1826 4069 2092 4141 σκιρῥοφό-

504 4161 578 4200 act
604 4158 616 4191 :
650 4140 898 4208 fortasse,
929 4145 1004 4199 ait
1030 4146 1227 4201 Fronto
1253 4161 1454 4215 noster,
1483 4150 1604 4221 quia
1628 4140 1953 4211 scholiastcs
1973 4160 2093 4213 Ari-

505 4230 783 4298 stophanis
814 4235 1037 4298 exponit
1067 4239 1272 4311 σκιρρὸν
1313 4242 1370 4295 τὸ
1408 4240 1641 4316 parade;
1667 4251 1766 4298 τῶν
1808 4256 2010 4319 reprim;
2041 4259 2095 4304 et

506 4321 642 4387 apud
687 4321 1038 4390 Eupolidem,
1064 4327 1261 4397 βαδίζει
1307 4333 1508 4407 σκιρρὸν
1550 4337 1878 4407 ἡμῖδιεσμένη,
1907 4346 1963 4391 ιιι
2007 4338 2094 4393 hic

504 4411 754 4466 dicuntur
785 4415 1128 4491 σκιρροφὸροι,
1152 4420 1240 4488 qui
1278 4421 1503 4474 sordidis
1535 4423 1752 4477 vestibus
1773 4426 1946 4479 amicti
1961 4443 1974 4490 ;
2000 4428 2093 4482 sed

504 4504 931 4559 emendationem
954 4522 983 4558 e
1016 4507 1182 4577 Regio
1209 4508 1305 4563 Ms.
1342 4520 1547 4566 erutam
1577 4514 1917 4591 βυρῥοφὸροι,
1958 4533 2091 4573 con-

510 4594 689 4649 tinuat
731 4596 1029 4652 lleraclidis
1061 4600 1326 4669 interpres
1357 4617 1371 4656 :
1410 4621 1428 4654 ι
1462 4602 1859 4662 ConCurrentes
1900 4623 2089 4665 omnes

504 4683 685 4749 simul,
713 4701 1057 4756 quoscunque
1084 4691 1279 4760 palliis,
1314 4707 1665 4764 quoscunque
1684 4697 1956 4753 cernimus
1983 4699 2064 4755 bir

504 4772 619 4827 rhis
648 4790 766 4830 esse
794 4777 1015 4831 vestitos
1040 4795 1054 4841 ;
1088 4798 1105 4830 ι
1143 4779 1339 4835 deinde
1364 4784 1505 4850 quod
1534 4784 1731 4841 dixerit
1769 4790 2089 4847 convenisse

505 4869 758 4935 primates
781 4869 918 4923 illius
937 4871 1151 4939 oppidi;
1189 4885 1481 4941 postremo,
1512 4888 1652 4946 quod
1676 4879 1934 4946 quosdam
1968 4883 2091 4951 phi-

508 4958 850 5024 Iosephorum
870 4960 1013 5014 dicat
1030 4978 1193 5016 unum
1208 4962 1255 5017 ei
1274 4964 1502 5019 solidum
1519 4966 1751 5033 dedisse,
1776 4985 1838 5025 ae
1868 4974 2091 5039 proinde

509 5055 611 5102 nou
634 5064 820 5105 omnes
837 5053 969 5107 viles
986 5053 1231 5110 homines
1261 5056 1332 5111 ibi
1354 5066 1406 5112 et
1424 5056 1839 5129 abjectosﬁluisse
1854 5074 2085 5121 constet.

578 5141 727 5209 ltem,
755 5159 874 5212 cap.
906 5144 1029 5213 136,
1059 5147 1127 5202 de
1177 5159 1364 5203 sancto
1395 5150 1685 5206 Athanasio
1719 5170 1732 5206 :
1764 5167 1972 5223 accepto
1997 5174 2092 5211 suo

504 5234 747 5286 stic/rario
770 5252 858 5288 seu
889 5240 1092 5302 tunica,
1118 5249 1166 5293 et
1194 5239 1349 5294 birro.
1404 5241 1666 5298 llervetus
1712 5256 1965 5315 verterat,
1998 5264 2089 5302 ac-

505 5335 649 5393 cepto
678 5344 771 5380 suo
800 5330 1041 5386 stichario
1077 5342 1125 5387 et
1155 5351 1318 5388 careo.
1352 5336 1536 5391 (innec
1562 5347 1664 5407 est,
1687 5338 1854 5393 iugari
1902 5342 2087 5397 ἑαυτοῦ

502 5421 562 5475 τὸ
591 5420 870 5495 στιχάριον
901 5427 986 5479 καὶ
1022 5426 1081 5481 τὸ
1110 5427 1326 5502 βίρῤιον.
1356 5428 1619 5486 llcrvclus
1666 5440 1815 5506 γῆρυν
1863 5431 2091 5490 fortasse

511 5510 734 5582 legerat.

582 5605 692 5659 Alia
724 5604 791 5659 de
822 5603 967 5660 birro
989 5605 1112 5661 addi
1131 5618 1367 5677 possent,
1385 5611 1476 5666 sed
1499 5612 1610 5666 b:ec
1636 5628 1775 5668 nunc
1796 5613 2089 5669 sulliciant.

504 5693 660 5760 Quod
680 5695 746 5750 ad
766 5695 969 5750 birrum
992 5697 1369 5754 canonicorum
1394 5705 1711 5773 regularium
1736 5706 1947 5771 attinet,
1966 5706 2086 5773 hoc,

503 5786 724 5854 opinor,
771 5786 1017 5858 intelligit
1067 5790 1394 5847 Giessariutn
1445 5793 1875 5853 Camberonensc
1908 5813 2092 5855 mauu-

2200 547 2385 601 tellum
2418 546 2760 600 liinbriatum.
2801 563 2820 597 ι
2871 544 3186 609 lloehabitu
3240 541 3293 596 in
3346 542 3534 613 Belgio
3563 553 3792 599 utuntur

2198 638 2438 692 canonici
2472 637 2869 706 regulares,qui
2895 635 2979 690 vel
3006 635 3154 689 solus
3173 650 3295 689 cum
3326 635 3465 689 linea
3495 635 3668 690 tunica
3694 652 3791 690 eos

2197 743 2263 782 ex
2295 729 2409 782 divi
2439 728 2718 798 Augustini
2746 727 2992 781 instituto
3021 740 3143 782 esse
3198 726 3455 793 declarat,
3513 741 3636 781 cum
3696 728 3793 782 ille

2198 834 2325 875 suos
2354 822 2582 876 clericos
2607 821 2745 874 linea
2774 828 2828 874 et
2850 820 2986 873 birro
3015 818 3240 883 ornarit,
3262 828 3320 873 ut
3344 827 3559 874 constat
3576 834 3643 874 ex
3668 820 3790 889 ejus

2198 913 2458 969 Sermone
2485 912 2554 966 50
2584 913 2651 967 de
2680 912 2926 967 diversis.

2272 1005 2585 1059 lltsaeurus.
2618 1004 2749 1058 Vide
2771 1004 2910 1057 dicta
2941 1004 3005 1057 ad
3045 1003 3219 1057 Vitam
3263 1002 3478 1057 Antonii
3526 1018 3647 1071 cap.
3676 1003 3793 1066 25.

2194 1106 2249 1149 et
2270 1096 2546 1151 Frontonii
2577 1111 2694 1165 cap.
2722 1098 2773 1150 l.
2805 1095 2919 1151 Vita
2952 1096 3168 1151 Antooii
3199 1102 3210 1147 :
3238 1114 3255 1147 ι
3283 1093 3353 1150 Ut
3386 1095 3658 1149 sarculum
3684 1097 3789 1149 sibi

2197 1189 2492 1244 bisacutum
2524 1204 2645 1245 cum
2680 1188 2950 1244 frumento
2988 1188 3243 1244 deferret.
3283 1207 3302 1240 ι
3336 1187 3413 1242 Ita
3452 1188 3791 1256 distinguet).

2194 1281 2321 1335 dum
2352 1296 2473 1335 eum
2518 1282 2692 1335 locum
2726 1282 2779 1335 in
2811 1281 3179 1335 notationibus
3223 1280 3425 1335 monui.
3458 1280 3550 1337 Sic
3578 1283 3632 1334 in
3668 1281 3791 1335 Vita

2199 1374 2497 1439 Frootonii,
2532 1389 2654 1443 cap.
2690 1374 2714 1428 l
2762 1391 2773 1426 :
2814 1392 2832 1425 ι
2868 1372 3285 1442 Deferentesque
3324 1372 3389 1426 ad
3429 1387 3672 1427 eremum
3699 1388 3793 1427 se-

2194 1480 2315 1521 cum
2355 1481 2510 1534 parva
2538 1465 2744 1520 olerum
2786 1464 3026 1530 semina,
3076 1475 3129 1519 et
3170 1465 3444 1519 bisacutos
3485 1480 3790 1533 parvosque

2195 1558 2452 1611 sarculos.
2491 1575 2510 1610 ι
2547 1557 2875 1611 Glossarium
2900 1556 3149 1611 Camber.
3178 1556 3275 1611 Ms.
3313 1573 3334 1608 ι
3370 1556 3644 1621 Bisacuta,
3676 1556 3789 1611 fer-

2196 1658 2496 1703 ramentum
2529 1650 2794 1718 quoddam
2821 1649 3073 1719 utrinque
3100 1648 3361 1705 incidens.
3401 1668 3421 1701 ι

2273 1740 2563 1795 Βιιυοιιιωι.
2599 1739 2713 1793 Vita
2746 1740 3054 1802 Hilarionis,
3084 1754 3235 1794 num.
3256 1738 3327 1791 55
3360 1757 3373 1792 :
3412 1758 3431 1791 ι
3467 1738 3701 1792 Divertit
3720 1739 3790 1791 ad

2130 1828 2171 1888 Β
2197 1832 2457 1902 quosdam
2490 1830 2686 1885 fratres
2733 1843 2887 1886 nctos
2930 1830 3032 1885 sibi
3066 1831 3116 1884 in
3147 1830 3399 1895 Bruchio,
3425 1828 3567 1884 haud
3602 1830 3791 1899 pr0rul

2199 1923 2267 1977 ab
2316 1922 2661 1978 Alexandria.
2701 1941 2722 1975 ι
2778 1922 2845 1976 Et
2872 1932 2991 1991 post
3023 1937 3187 1992 pauca
3216 1939 3231 1977 :
3263 1941 3282 1976 ι
3324 1922 3401 1977 De
3431 1922 3669 1976 Bruchio
3696 1937 3791 1991 per

2198 2016 2391 2070 inviam
2421 2015 2765 2071 solitudinem
2818 2015 3036 2069 intravit
3079 2015 3281 2070 Oasim.
3333 2034 3352 2067 ι
3407 2014 3700 2080 Eusebius,
3734 2016 3790 2069 in

2194 2104 2492 2169 Chronico,
2549 2119 2690 2158 anno
2762 2104 2783 2157 l
2853 2104 3095 2169 Claudii,
3146 2113 3271 2159 ante
3355 2104 3706 2159 Aurelianum
3773 2122 3790 2158 :

2201 2215 2220 2249 ι
2250 2195 2585 2251 Alexandria:
2605 2195 2910 2262 Bruchium,
2928 2195 3068 2265 quod
3097 2211 3191 2265 per
3211 2196 3408 2250 multos
3424 2211 3597 2250 annos
3610 2194 3790 2251 fuerat

2194 2290 2493 2353 obsessum,
2526 2286 2740 2342 tandem
2777 2287 3090 2343 destruitur.
3121 2306 3140 2339 ι
3173 2288 3524 2352 Ammianus,
3552 2289 3649 2343 lib.
3679 2306 3787 2345 xx:

2200 2397 2219 2431 ι
2245 2379 2590 2443 Alexandria,
2610 2389 2742 2446 etc.,
2762 2379 2937 2432 amisit
2960 2378 3235 2447 regionum
3263 2376 3549 2433 maximam
3578 2391 3789 2442 partem

2194 2489 2313 2544 qua:
2363 2473 2627 2529 Bruchion
2674 2473 3009 2542 appellatur.
3057 2473 3368 2529 diuturnum
3412 2474 3789 2543 praestantium

2194 2566 2472 2621 hominum
2503 2566 2857 2621 donncilium.
2885 2586 2905 2619 ι
2934 2566 3284 2636 Epiphanius,
3312 2567 3451 2623 libro
3478 2568 3553 2621 De
3582 2567 3795 2635 ponde-

2194 2659 2340 2715 ribus
2377 2669 2431 2715 et
2477 2660 2748 2714 mensuris
2780 2660 2952 2714 locum
2989 2661 3315 2715 Bibliotheca
3358 2675 3387 2714 a
3433 2660 3788 2728 Philadelpho

2191 2761 2388 2807 s'ructa
2432 2752 2691 2822 insignem
2734 2751 2900 2806 fuisse
2931 2751 3151 2806 indicat.
3186 2752 3313 2805 Erat
3350 2751 3492 2806 enim
3548 2752 3621 2805 ibi
3674 2751 3787 2805 Blu-

2189 2841 2350 2895 sium.
2369 2841 2684 2909 Spartianus
2712 2841 2766 2894 itt
2785 2840 3091 2895 lladriano:
3119 2860 3139 2893 ι
3164 2841 3314 2911 Apud
3335 2841 3713 2897 Alexandriam
3734 2844 3788 2897 in

2194 2932 2367 2989 Musio
2398 2932 2591 2987 multas
2624 2932 2951 3002 quaestiones
2982 2932 3374 3001 professoribus
3413 2934 3710 3002 pr0posuit.
3763 2952 3785 2985 ι

2265 3048 2420 3114 Quod
2459 3048 2697 3117 Scaliger
2726 3046 2793 3102 ad
2827 3046 3133 3115 Eusebium,
3176 3063 3367 3117 supra,
3393 3049 3466 3102 ait
3496 3057 3789 3123 Βρουχεῖον

2191 3147 2317 3194 ante
2378 3141 2592 3217 ῥακῶτιν
2639 3138 2874 3204 dictum,
2926 3138 3045 3194 sine
3114 3150 3333 3195 auctore
3385 3141 3598 3194 asserit.
3668 3141 3787 3209 Ipsa

2193 3231 2514 3286 Alexandria
2546 3232 2613 3285 ita
2643 3231 2782 3286 dicta
2810 3242 2912 3299 est,
2941 3240 3077 3287 teste
3102 3232 3395 3301 Stephano.

2268 3323 2687 3394 Originationem
2734 3324 2852 3394 ejus
2897 3335 3121 3380 venatur
3166 3325 3549 3392 Casaubonus,
3576 3326 3644 3379 ad
3680 3326 3788 3380 lla-

2192 3413 2434 3469 drianum
2476 3414 2767 3484 Spartiani,
2806 3416 2956 3485 quasi
2994 3416 3119 3471 olim
3157 3415 3357 3472 dictum
3392 3417 3547 3472 fuerit
3586 3430 3787 3496 Πυρου-

2194 3517 2360 3579 χεῐον,
2390 3523 2549 3578 quam
2584 3522 2771 3563 vocem
2800 3508 3059 3579 integram
3087 3520 3266 3565 servat
3290 3509 3572 3576 Eusebius,
3606 3510 3788 3566 [listo-

2194 3601 2391 3655 riarum
2421 3600 2516 3657 lib.
2547 3614 2639 3664 vn,
2664 3616 2784 3669 cap.
2816 3600 2907 3666 32,
2937 3601 3025 3657 ubi
3054 3602 3580 3671 ChristOphorsonus
3613 3606 3787 3659 inter-

2194 3708 2340 3763 pres,
2368 3694 2489 3765 quia
2541 3702 2795 3764 corrupte
2836 3694 3036 3763 legerat
3063 3702 3155 3751 τοῦ
3182 3703 3351 3771 πυροῦ
3386 3700 3575 3770 χρείας
3595 3696 3785 3763 οὔσης,

2196 3795 2451 3850 verterat,
2467 3801 2584 3839 cum
2611 3785 2679 3839 ibi
2708 3801 2892 3855 magna
2920 3795 3045 3840 esset
3068 3788 3314 3857 frumenti
3341 3785 3536 3855 inopia.
3566 3788 3620 3842 In
3651 3787 3779 3842 Vita

2195 3878 2464 3948 Apollmiii
2494 3876 2835 3933 Grammatiei
2865 3879 3211 3935 Alexandrini
3251 3879 3448 3935 dicitur
3473 3888 3787 3955 npouzriov.

2193 3971 2389 4026 Notum
2420 3971 2627 4025 litteras
2666 3972 2701 4042 β
2731 3980 2785 4024 et
2822 3994 2862 4027 π
2890 3970 3116 4025 invicem
3146 3972 3458 4041 permutari.
3487 3976 3663 4041 Atque
3717 3973 3791 4028 ita

2196 4062 2486 4118 Bruchium
2507 4062 2663 4116 fuerit
2683 4062 3078 4131 Alexandrinis,
3104 4064 3243 4132 quod
3265 4064 3592 4135 Prytaneum
3615 4063 3788 4117 Athe~

2195 4154 2489 4222 niensibus,
2526 4153 2770 4209 videlicet
2825 4160 2993 4232 πυροῦ
3017 4164 3251 4227 ταμιεῖον
3284 4172 3296 4208 :
3337 4155 3586 4225 frumenti
3612 4171 3790 4209 recon-

2194 4244 2461 4298 ditorium.

2270 4334 2580 4388 Bauuosuu.
2633 4333 2786 4387 \‘arie
2825 4332 2926 4388 hoc
2966 4334 3253 4404 scriptum,
3285 4351 3426 4391 nunc
3457 4338 3785 4405 bramosum.

2196 4438 2337 4478 nunc
2360 4424 2673 4491 bramosum,
2707 4440 2847 4480 nunc
2897 4426 3208 4482 bramosum.
3261 4428 3530 4503 ﬁnitiuus,
3565 4430 3661 4484 lib.
3690 4447 3749 4485 ιιι
3773 4474 3789 4497 ,

2197 4532 2255 4570 n.
2280 4516 2347 4571 59
2378 4532 2391 4569 :
2421 4534 2440 4568 ι
2482 4517 2548 4569 [ut
2576 4532 2697 4571 cum
2720 4517 2934 4585 .feteret
2966 4519 3212 4575 brumosa
3258 4535 3394 4590 aqua
3446 4522 3636 4588 odore,
3683 4539 3793 4579 non

2120 4579 2171 4640 D
2198 4605 2543 4676 permittebat
2599 4616 2657 4661 ut
2706 4580 2867 4663 aliam
2923 4624 3113 4680 aquam
3160 4579 3451 4665 mutarent.
3490 4630 3510 4665 ι
3564 4579 3793 4671 Palladii

2197 4697 2476 4764 Lausiaca,
2505 4698 2557 4751 in
2586 4699 2901 4768 appendice,
2931 4716 2996 4756 ex
3050 4703 3243 4760 veteri,
3272 4705 3567 4771 interprete
3617 4721 3630 4757 :
3689 4706 3793 4760 Per

2212 4788 2487 4845 biennium
2516 4791 2658 4845 enim
2692 4807 2883 4847 manus
2912 4794 3225 4857 mete,unde
3251 4795 3494 4864 percussi
3523 4796 3681 4866 quasi
3716 4797 3793 4851 ιιι-

2198 4884 2333 4937 cient
2350 4883 2485 4953 ejus,
2506 4882 2729 4939 fetorem
2752 4893 2806 4939 et
2829 4886 3072 4940 brutnum
3091 4886 3317 4943 sullerre
3339 4903 3442 4942 non
3470 4901 3737 4959 poteram.
3767 4909 3787 4940 ι

2198 4973 2399 5029 Glossze
2432 4974 2616 5028 lsidori
2643 4992 2656 5028 :
2689 4974 2993 5043 Brumosus,
3019 4992 3247 5031 annosus
3265 5018 3279 5044 ,
3309 4980 3587 5033 resinosus.
3615 4979 3748 5034 Item
3777 4997 3790 5032 :

2199 5063 2470 5118 Brumnlia
2489 5106 2505 5132 ,
2530 5066 2758 5120 resinosa
2789 5066 2985 5136 pluvia.
3010 5067 3138 5122 ltem
3172 5085 3186 5122 :
3215 5067 3463 5123 Bromosa
3493 5071 3788 5127 immunda.

2195 5155 2494 5229 Turnebus,
2531 5156 2622 5210 lib.
2670 5172 2834 5211 xxvnt
2884 5157 3197 5223 Adversar.,
3247 5174 3366 5228 cap.
3417 5160 3471 5223 5,
3530 5163 3665 5216 citat
3719 5178 3785 5216 es

2197 5246 2541 5301 Onomastico
2566 5251 2880 5319 perantiquo
2905 5250 3044 5305 Petri
3072 5251 3307 5306 Danielis
3338 5269 3350 5305 :
3383 5251 3660 5320 Bmmosa,
3691 5257 3788 5307 im-

2197 5342 2391 5393 munda
2412 5340 2624 5394 additur
2655 5356 2670 5394 :
2702 5344 2837 5411 quod
2869 5344 3074 5395 verbum
3102 5341 3298 5397 (lucra:
3325 5344 3516 5415 lingua!
3545 5356 3640 5400 est.
3686 5346 3793 5401 Ze-

2200 5447 2291 5499 no,
2341 5432 2664 5491 Veronensis
2714 5436 3018 5506 episcopus,
3053 5437 3105 5491 in
3161 5438 3424 5504 Exortum,
3456 5453 3623 5493 serui.
3683 5438 3717 5493 8
3773 5457 3791 5496 :

2204 5542 2224 5572 ι
2258 5524 2389 5591 Quis
2418 5540 2523 5579 non
2555 5526 2819 5597 intelligit,
2848 5528 3063 5591 fratres,
3098 5527 3225 5583 illud
3258 5528 3459 5583 Pascha
3506 5545 3609 5585 non
3638 5546 3791 5598 esse,

2199 5618 2294 5672 sed
2337 5619 2639 5673 bramosum
2698 5618 2920 5674 latronis
2974 5620 3180 5674 cruenti
3231 5621 3572 5677 convivium?
3617 5623 3788 5689 Idem,

2202 5724 2371 5765 scrm.
2399 5711 2449 5765 in
2482 5710 2621 5766 Psal.
2656 5726 2780 5766 xu:
2814 5728 2827 5763 :
2874 5728 2891 5763 ι
2927 5711 2983 5766 Si
3017 5712 3119 5766 diis
3139 5714 3507 5782 corporalibus
3531 5717 3795 5773 convenit

2195 5802 2514 5860 sacriﬁcium
2546 5802 2844 5874 corporale,
2881 5804 3060 5875 utique
3091 5814 3143 5859 et
3173 5804 3410 5875 spiritale
3444 5806 3538 5863 Dei
3588 5807 3795 5864 sacriﬁ-
