4014 6368
232 338 340 392 “7

953 339 1437 398 οΝοιιιετιοοΝ
1481 339 1724 397 REHUM
1767 342 1807 396 E

1917 340 2271 398 lEHBORUM
2311 342 2845 403 DlFFlClLlOHUM.

3061 218 3075 247 \

3403 354 3513 425 tis

225 450 376 504 cium
402 459 486 504 cst
513 452 870 506 necessarium
904 468 920 507 :
948 454 1210 522 Spiritale,
1241 453 1381 522 quod
1406 467 1509 507 non
1533 468 1596 507 ex
1622 468 1808 506 saccn-
1844 461 1888 510 Δ
1922 452 2074 505 ιιμιιςὶ
2102 452 2374 507 Glossario
2403 454 2561 508 etiam
2594 464 2695 512 est.
2745 454 2903 521 Buta,
2937 456 3151 511 historia
3177 499 3191 524 ,
3227 468 3356 526 puto
3384 475 3508 517 cor-

226 543 310 605 ln,
343 541 436 596 sed
466 556 530 597 ex
561 542 724 598 corde
751 544 1038 612 profertur,
1067 546 1209 615 quod
1241 561 1345 599 non
1371 544 1636 600 bramosis
1656 559 1819 615 pecu-

222 631 411 695 dibus,
437 633 531 687 sed
561 635 892 690 suavissimis
922 637 1160 690 moribus
1186 646 1548 705 comparatur.
1579 654 1599 688 ι

300 720 722 782 Boccnuruu.
772 727 930 781 Panis
980 727 1273 793 biscoctus.
1307 744 1401 783 seu
1447 731 1597 805 ξυρὸς
1634 726 1813 801 ἄρτος,

218 823 396 875 siccus
436 822 608 891 panis,
655 818 748 889 qui
794 817 1033 874 eremitis
1065 829 1119 873 et
1161 818 1412 874 militibus
1438 820 1490 875 in
1538 834 1635 874 usu
1665 830 1815 883 erat,

219 913 351 977 quia
381 911 582 966 diutius
629 912 807 964 durat.
861 908 1166 965 Heraclides
1188 950 1203 977 ,
1236 924 1355 979 cap.
1405 910 1472 966 6:
1511 928 1530 962 ι
1560 909 1815 966 Confrac-

220 1016 343 1059 tum
373 1014 532 1072 atque
562 1003 615 1058 in
644 1012 821 1072 partes
853 1004 1129 1058 redactum
1180 1003 1421 1059 modicas
1459 1003 1814 1059 bnccellatum

221 1095 283 1149 in
314 1097 531 1166 lagenas
559 1093 727 1150 misit.
751 1112 771 1146 ι
798 1093 1134 1161 Ammianus,
1160 1095 1197 1148 Ι.
1223 1109 1360 1148 xvn:
1396 1113 1415 1147 ι
1446 1080 1813 1159 Frumentum,

219 1201 291 1240 cx
324 1202 391 1241 eo
423 1186 566 1255 quod
594 1196 709 1241 erat
736 1184 789 1239 in
835 1186 1054 1240 sedibus
1082 1185 1502 1240 consumendum
1524 1226 1539 1251 ,
1593 1185 1661 1241 ad
1690 1200 1815 1241 usus

212 1277 631 1333 diuturnitatem
662 1287 962 1346 excoctum,
995 1278 1345 1334 buccellatum
1369 1288 1425 1333 ut
1445 1280 1601 1350 vulgo
1629 1281 1813 1350 appel-

210 1369 362 1435 lant,
408 1368 645 1424 humeris
688 1370 939 1441 imposuit
997 1369 1272 1425 libentium
1305 1370 1550 1426 militum.
1603 1390 1623 1424 ι
1658 1372 1719 1426 L.
1762 1387 1815 1427 Vl

215 1460 442 1515 Codicis
466 1460 823 1515 Tliendosiani
844 1501 859 1524 ,
907 1460 984 1515 De
1012 1476 1160 1530 erog.
1214 1462 1368 1516 milit.
1400 1476 1619 1516 annon.:
1656 1481 1676 1515 ι
1709 1463 1810 1518 Ex-

215 1550 510 1619 peditionis
535 1560 777 1620 tempore
827 1551 1218 1618 buccellatum,
1271 1568 1336 1608 ac
1386 1569 1601 1624 panem,
1633 1555 1811 1610 vinum

215 1660 442 1715 quoque
471 1654 632 1712 atque
658 1655 892 1709 acetum,
940 1647 1036 1702 sed
1066 1657 1122 1702 et
1156 1648 1403 1714 laridum,
1450 1666 1666 1706 carnem
1696 1668 1815 1707 vcr-

218 1737 475 1819 vecinam
503 1738 663 1792 etiam
693 1739 891 1793 milites
918 1748 1132 1794 nostros
1159 1741 1232 1795 ita
1261 1731 1435 1797 solere
1466 1743 1761 1813 percipere.
1788 1763 1807 1797 ι

1925 544 2222 613 rigendutn,
2255 545 2424 609 Buda,
2453 554 2637 598 storea.
2674 546 2933 611 Donatus,
2958 549 3007 601 in
3037 548 3072 602 Ι.
3109 565 3142 603 ιι
3168 549 3408 609 ΑΞιιείά..
3441 551 3509 607 ad

1927 649 2162 701 versum,
2214 634 2458 690 obscurus
2505 636 2559 688 in
2601 637 2744 701 ulva,
2797 647 2981 692 nutat:
3033 638 3220 694 Ulvam
3267 642 3510 712 plerique

1920 739 2039 779 eam
2068 725 2251 780 dicunt
2288 741 2428 791 esse,
2454 741 2613 795 quam
2639 728 2796 796 vulgo
2825 729 3018 785 budam
3044 732 3333 800 appellant.
3369 752 3388 785 ι
3416 735 3506 787 Sic

1921 819 1975 873 in
2016 819 2216 888 Papia:
2249 818 2421 886 Buda,
2447 820 2630 874 storia.
2659 820 2821 876 Forte
2868 823 2970 877 ltoc
3016 835 3342 891 postremum
3373 824 3510 879 Buta

1919 918 2096 964 ortum
2144 925 2208 965 ex
2243 910 2374 964 Buta
2408 910 2685 974 historico,
2740 911 2894 982 cujus
2936 917 3183 968 meminit
3234 916 3505 971 Arnobius

1920 1000 2097 1055 lib.v:
2136 1019 2154 1052 ι
2193 1000 2342 1056 Sicut
2397 1000 2511 1054 suis
2560 1000 2748 1058 scribit
2801 1002 2853 1057 in
2906 1004 3219 1061 Causalibus
3273 1007 3457 1061 Htttas.
3486 1026 3506 1060 ι

1918 1091 2082 1149 Forte
2111 1093 2438 1149 Teutonibus
2468 1094 2616 1165 ὢτδ
2645 1095 2695 1150 id
2744 1103 2847 1164 est,
2881 1094 3072 1163 lectus,
3122 1113 3151 1152 a
3184 1099 3340 1164 buda,
3369 1101 3509 1169 quod

1923 1188 2052 1243 olim
2083 1188 2277 1244 storeis
2304 1189 2637 1245 incubarent.

1990 1281 2168 1335 BULLA
2186 1289 2513 1336 etnotune.
2533 1282 2664 1336 Vita:
2690 1281 2862 1337 Basilii
2884 1296 3005 1350 cap.
3030 1280 3130 1337 10:
3158 1300 3176 1334 t
3201 1281 3270 1336 Et
3292 1283 3508 1352 plumbo

1919 1372 2397 1429 bullavitchartam
2427 1375 2591 1431 illam.
2622 1394 2641 1426 ι
2674 1375 2804 1429 Vita:
2826 1377 3046 1431 .loannis
3074 1377 3494 1445 Eleemosynarii

1917 1479 2034 1532 cap.
2068 1464 2129 1519 5|
2163 1482 2175 1517 :
2212 1482 2231 1515 ι
2264 1464 2378 1520 Νοιι
2410 1473 2562 1534 potes
2586 1464 2843 1529 scribere,
2874 1477 2929 1520 et
2958 1466 3196 1529 bullare,
3229 1475 3285 1521 et
3313 1465 3505 1520 afferre

1916 1556 2084 1611 mihi?
2113 1576 2132 1610 ι
2169 1557 2232 1612 Et
2262 1566 2379 1627 post
2411 1575 2423 1610 :
2459 1575 2477 1609 ι
2512 1558 2609 1613 Dat
2638 1558 2687 1613 ei
2717 1559 2985 1627 pr0prium
3016 1559 3298 1628 pictacium
3330 1559 3505 1615 bulla-

1917 1657 2049 1702 tum.
2080 1666 2098 1699 ι
2128 1646 2454 1703 Glossarium
2477 1646 2910 1704 Camberonense
2933 1665 3035 1704 ms.
3063 1668 3076 1704 :
3101 1669 3121 1703 ι
3153 1651 3339 1716 Bullae,
3364 1665 3505 1705 certe

1915 1739 2178 1809 sigillata.
2204 1757 2223 1791 ι
2260 1738 2443 1795 Idem:
2478 1757 2498 1790 t
2536 1739 2762 1806 Bullare,
2790 1740 3041 1811 sigillare.
3074 1740 3094 1793 ι
3128 1741 3217 1797 Sic
3244 1752 3298 1797 et
3324 1751 3503 1811 poste-

214 1831 566 1900 Spartianus,
590 1831 641 1886 in
660 1830 953 1888 Pescennio
968 1833 1160 1903 Nigro:
1187 1853 1206 1887 ι
1236 1835 1378 1891 Idem
1405 1837 1638 1907 pistores
1657 1840 1807 1909 sequi

1920 1832 2151 1887 rinribus
2174 1830 2373 1887 Gr.rcis
2394 1832 2585 1904 βούλλα
2607 1838 2662 1888 et
2681 1833 2989 1905 βουλλεύειν.
3015 1832 3147 1889 Vide
3172 1832 3504 1890 Glossarium

214 1921 622 1989 expeditionem
649 1924 954 1992 prohibuit,
985 1925 1281 1983 buccellato
1314 1928 1507 1997 jubens
1535 1931 1732 1987 milites
1759 1942 1815 1987 et

212 2028 419 2068 (mines
444 2023 726 2070 contentos
755 2030 898 2072 esse.
923 2036 942 2069 ι
977 2014 1263 2085 Vulcatius,
1291 2021 1341 2075 in
1371 2022 1561 2077 Avitlio
1590 2024 1807 2079 Cassio:

219 2122 239 2155 ι
268 2103 345 2158 Et
364 2118 556 2175 praeter
578 2107 786 2162 lardum
811 2122 875 2163 ac
891 2108 1241 2166 buccellatum
1263 2122 1424 2183 atque
1450 2123 1681 2181 acetum,
1714 2118 1811 2171 mi-

213 2195 377 2253 litem
423 2197 476 2253 in
506 2200 845 2268 expeditione
873 2210 1091 2270 portare
1123 2204 1410 2272 prohibuit.
1445 2225 1464 2258 ι
1498 2206 1809 2263 Constanti-

210 2302 352 2348 nus,
382 2292 503 2363 περὶ
536 2290 797 2360 θεμάτωνε
821 2291 1084 2354 meum;
1115 2295 1189 2362 τὸζ
1212 2295 1567 2368 πραελλοειδὶς
1613 2298 1811 2371 ψωμίον

212 2380 484 2437 miserat:
518 2398 538 2433 ι
559 2381 837 2437 Buccellus
864 2383 1214 2439 orbiculatum
1240 2384 1497 2443 frustrum
1511 2401 1749 2447 vocatur.
1785 2412 1806 2447 ι

211 2469 524 2539 Hauritius,
560 2473 613 2526 in
644 2472 874 2529 Tacticis
898 2492 912 2526 :
940 2482 1047 2552 Χρή
1076 2478 1125 2531 ἓν
1155 2481 1321 2554 ἡμέρᾳ
1348 2482 1594 2553 πολέμου,
1627 2484 1812 2546 iacui:

208 2563 428 2625 σᾶλὶαις
443 2566 761 2641 ἐπιφέρεσθαι
776 2567 991 2623 ἕκαστον
1014 2574 1336 2645 στρατιώτην
1354 2571 1493 2647 ὕδωρ
1514 2578 1601 2629 καὶ
1621 2583 1809 2631 Βουκε-

209 2657 355 2714 λάτα
380 2674 395 2712 :
420 2677 439 2711 t
467 2658 562 2714 Die
588 2659 712 2715 belli
739 2659 899 2716 debet
928 2661 1162 2731 quisque
1190 2664 1344 2719 miles
1377 2679 1569 2735 aquam
1597 2675 1654 2721 et
1679 2666 1811 2722 buc-

208 2750 471 2803 cellatum
500 2750 553 2805 in
582 2750 731 2807 sellis
757 2766 937 2807 secum
969 2752 1131 2808 ferre.
1164 2772 1184 2806 ι

287 2840 376 2895 Ab
417 2842 518 2896 ltoc
561 2856 696 2912 pane
718 2843 1100 2912 expeditionali
1128 2861 1222 2901 seu
1254 2845 1553 2903 buccellato
1595 2847 1809 2919 elegan-

210 2940 298 2984 ter
333 2944 549 3000 panem,
585 2948 743 3001 quem
774 2934 1167 2990 benedictionis
1198 2936 1319 2992 loco
1351 2938 1804 3004 transmittebant,

210 3033 483 3079 vocarunt
504 3023 756 3079 Paulinus
784 3036 840 3080 et
866 3027 908 3080 Τ
915 3027 1124 3081 lterasia
1150 3028 1215 3082 ad
1246 3029 1633 3085 Romanianum
1694 3031 1809 3100 epi-

209 3115 361 3169 stola
391 3113 483 3183 56,
515 3116 654 3184 apud
702 3118 1091 3186 Augustinum:
1132 3137 1149 3170 t
1178 3118 1256 3175 Ne
1282 3135 1506 3175 vacuum
1560 3124 1808 3178 fraternae

1917 1925 2391 1981 Graccobarbarum
2419 1925 2654 1981 Meursii.

1985 2015 2430 2071 Ctnsuucutuu.
2461 2016 2580 2072 Vita
2603 2018 2782 2073 Mariae
2806 2019 2982 2089 neptis
3012 2018 3263 2086 Abrahae,
3294 2037 3394 2095 cap
3421 2024 3454 2079 5
3489 2041 3501 2076 :

1921 2126 1938 2159 ι
1978 2108 2405 2164 Camelanchium
2434 2125 2645 2180 quoque
2672 2111 2886 2180 longum
2912 2113 3070 2182 capiti
3099 2129 3215 2180 suo,
3250 2124 3305 2169 ut
3337 2115 3502 2172 facies

1914 2203 2030 2272 ejus
2075 2202 2340 2258 velaretur
2364 2245 2380 2269 ,
2433 2204 2704 2272 imposuit.
2744 2224 2763 2257 ι
2802 2206 2867 2259 Et
2909 2221 3028 2275 cap.
3062 2207 3094 2261 9
3127 2224 3142 2262 :
3180 2225 3201 2260 ι
3239 2208 3503 2265 Auferen:

1912 2309 2123 2363 quoque
2169 2294 2593 2351 camelauchium
2623 2312 2654 2351 a
2683 2297 2859 2367 capite
2899 2311 3019 2353 suo.
3058 2315 3079 2350 ι
3115 2297 3348 2354 Verbum
3401 2300 3504 2356 hoc

1914 2400 2058 2455 sa-pe
2085 2386 2135 2439 in
2167 2385 2541 2455 Manuscriptis
2570 2398 2625 2442 et
2655 2387 2839 2453 primis
2869 2387 3207 2443 Editionibus
3235 2389 3505 2459 deprava-

1913 2484 2047 2542 tum,
2094 2477 2147 2530 in
2191 2476 2387 2545 quibus
2431 2477 2542 2531 fere
2589 2477 2972 2544 calemauchns,
3022 2479 3107 2533 vel
3151 2480 3502 2534 calamancus.

1915 2568 2067 2625 Unde
2115 2569 2168 2621 in
2217 2568 2423 2623 Glossis
2462 2567 2648 2622 lsidori
2682 2583 2696 2619 :
2734 2585 2752 2617 t
2788 2567 3033 2632 Galeros,
3079 2569 3436 2625 calamancos.
3480 2589 3500 2624 ι

1912 2658 2075 2729 Lege,
2107 2657 2503 2713 camelaucltios.
2528 2656 2787 2713 Similiter
2804 2659 2942 2727 apud
2968 2658 3187 2721 Bedam,
3211 2667 3277 2712 ue
3301 2660 3502 2713 Taber-

1912 2762 2059 2813 nac.,
2090 2747 2226 2802 libro
2269 2762 2349 2812 nt,
2378 2761 2499 2817 cap.
2528 2747 2563 2802 8
2592 2765 2605 2800 :
2636 2766 2655 2799 ι
2689 2747 2863 2818 Super
2903 2757 3063 2818 caput
3101 2756 3279 2802 autem
3330 2758 3503 2815 gestat

1913 2839 2111 2909 pileum
2153 2842 2205 2893 in
2257 2839 2472 2893 modum
2516 2840 2722 2907 parvuli
2771 2839 3049 2903 calamaci,
3102 2839 3217 2891 sive
3255 2839 3497 2900 cassidis,

1911 2929 2053 2998 quod
2085 2929 2389 2985 extenditur
2436 2943 2597 2997 supra
2641 2930 2998 2984 summitatem
3038 2928 3247 2998 capitis.
3281 2947 3301 2979 ι
3338 2928 3499 2997 Lege,

1910 3020 2284 3076 camelaucltii.
2323 3018 2655 3087 Frequenter
2684 3019 2966 3089 posteriori
2999 3033 3113 3072 :cvo
3140 3029 3499 3073 consonantes

1915 3112 2000 3166 vel
2026 3114 2167 3166 inter
2191 3126 2250 3167 se
2276 3110 2679 3166 commutabant
2705 3112 2788 3166 vel
2822 3111 3227 3180 postponebant.
3262 3111 3353 3166 Sic
3384 3110 3499 3166 fere

209 3205 566 3260 humanitatis
592 3205 827 3261 officiunt
865 3207 1136 3264 videretur
1165 3250 1179 3276 ,
1210 3210 1278 3266 de
1305 3210 1603 3266 buccellato
1651 3213 1805 3268 Clll'i-
1835 3210 1881 3275 ο
1911 3218 2128 3275 semper,
2150 3203 2204 3259 in
2243 3203 2616 3272 Manuscriptis
2644 3202 3007 3267 corcodrillus.
3053 3217 3148 3271 pro
3194 3202 3499 3257 crocodilus.

208 3298 410 3353 stiante
438 3299 819 3368 expeditionis,
866 3302 919 3356 in
965 3302 1120 3372 cujus
1165 3304 1439 3373 procinctu
1485 3305 1721 3375 quotidie
1741 3306 1807 3361 ad

208 3392 541 3464 frugalitatis
587 3408 854 3450 annonam
903 3395 1213 3463 militamus,
1246 3412 1410 3467 panes
1451 3399 1685 3469 quinque
1713 3398 1807 3455 tibi

206 3487 444 3557 pariter,
476 3495 531 3542 et
561 3487 669 3542 ﬁlio
694 3497 879 3543 nostro
906 3490 1148 3545 Licentio
1178 3490 1437 3545 misimus.
1468 3509 1489 3544 ι

284 3583 552 3639 ΒυοοιιΑ.
586 3583 703 3638 Vita
728 3583 965 3649 Antonii,
992 3600 1112 3653 cap.
1139 3583 1234 3646 24.
1259 3586 1345 3640 ubi
1376 3585 1561 3641 Latine
1588 3596 1670 3642 est
1688 3602 1807 3657 pas-

217 3675 439 3739 toralia,
493 3672 681 3730 Graace
726 3684 809 3729 est
856 3676 1115 3731 Βουκολὶα.
1157 3676 1548 3747 Hieronymus,
1602 3678 1656 3733 in
1692 3678 1805 3733 Vita

210 3766 388 3820 sancti
420 3765 734 3832 Hilarionis,
763 3780 883 3835 cap.
919 3767 1009 3832 56,
1040 3768 1271 3821 servavit
1301 3767 1543 3822 Grmcum
1575 3770 1808 3823 vocabu-

208 3856 361 3910 lum:
416 3874 434 3907 ι
464 3856 531 3910 ad
557 3872 620 3911 ea
652 3858 766 3910 loca
797 3870 916 3925 qua:
943 3866 1202 3912 vocantur
1233 3858 1467 3913 Bucolia.
1501 3877 1519 3910 ι
1557 3859 1806 3914 Heliodo-

211 3964 338 4003 rus:
370 3949 611 4004 Βουκολέα
632 3950 841 4021 σύμπας
860 3948 1091 4008 κέκληται
1110 3950 1237 4021 πρὸς
1255 3952 1544 4022 Αἰγυπτίων
1565 3950 1591 4005 ὁ
1613 3951 1802 4013 τόπος-ε

216 4058 238 4092 ι
266 4040 487 4095 Bucolia
518 4040 657 4106 apud
708 4039 990 4110 Egyptios
1035 4039 1213 4095 dictus
1257 4048 1340 4095 est
1371 4048 1515 4093 totus
1573 4041 1744 4106 locus,
1774 4059 1794 4094 ι

213 4134 482 4198 videlicet,
512 4134 581 4187 ad
629 4117 820 4199 lacum,
851 4133 990 4199 quod
1040 4134 1335 4202 praecessit.
1368 4132 1542 4188 Locus
1574 4134 1660 4188 hic
1689 4143 1806 4189 erat

219 4224 369 4292 apud
397 4222 781 4278 Alexandriam
805 4222 954 4293 juxta
983 4238 1132 4279 mare
1155 4224 1255 4279 sub
1278 4225 1519 4293 rupibus.
1546 4223 1660 4279 Vita
1683 4238 1805 4279 san-

213 4313 284 4366 cti
319 4313 481 4368 Marci
511 4323 628 4381 post
670 4312 926 4380 Abdiatn,
955 4326 1227 4383 anonymo
1248 4324 1500 4369 auctore:
1540 4332 1558 4366 t
1596 4313 1805 4369 Marcus

211 4403 412 4459 iterum
445 4402 822 4458 Alexandriam
861 4404 1027 4467 venit,
1057 4411 1113 4458 et
1153 4405 1353 4473 reperit
1397 4402 1595 4459 fratres
1625 4405 1804 4459 multi-

214 4496 444 4564 plicatos
484 4495 535 4550 in
561 4497 728 4565 gratia
752 4505 806 4550 et
831 4496 937 4551 llde
963 4496 1195 4561 Domini,
1229 4497 1622 4569 ecclesiamque
1647 4512 1805 4554 cons-

1910 3294 2017 3351 Sed
2044 3296 2419 3368 καμελαύχιον,
2444 3294 2530 3351 vel
2555 3295 2892 3369 καμα).αύκιον
2923 3305 3125 3349 rectum
3166 3309 3285 3350 esse
3312 3295 3500 3351 suadet

1911 3389 2194 3456 nriginatio
2243 3385 2382 3457 apud
2425 3386 2844 3457 Etymologicum
2878 3400 2893 3440 :
2927 3387 3123 3440 ιίαυσία
3169 3384 3367 3461 εἴρηται
3409 3387 3500 3456 μέν

1910 3479 2268 3550 καμιλαύκιον,
2289 3479 2435 3554 ποιρά
2457 3478 2516 3536 τὸ
2544 3478 2762 3532 ἐλαύνειν
2789 3478 2846 3532 τὸ
2874 3484 3066 3551 καῦμα.
3097 3494 3115 3527 t
3154 3478 3342 3532 Causia
3371 3478 3499 3532 dici-

1914 3580 2000 3624 tur
2024 3569 2435 3635 camelaucium,
2466 3568 2610 3640 quod
2638 3578 2822 3623 arceat
2850 3569 3106 3623 calorem.
3147 3586 3165 3620 ι
3199 3568 3255 3622 ln
3287 3568 3500 3623 Glossa-

1909 3665 1992 3720 rio
2035 3664 2453 3719 Camberonensi
2501 3660 2867 3729 manuscripto
2914 3674 3039 3716 est:
3077 3680 3097 3714 ι
3132 3661 3500 3727 Camelaucns,

1908 3756 2282 3811 vestimentum
2334 3769 2481 3825 papae
2510 3771 2524 3820 ;
2562 3771 2583 3806 ι
2617 3763 2671 3808 et
2696 3752 3077 3819 Calamaucus,
3111 3752 3281 3820 pileus
3309 3752 3500 3806 similis

1910 3850 2079 3903 tiarae.
2110 3867 2128 3900 ι
2154 3849 2402 3901 Occurrit
2426 3846 2706 3915 aliquoties
2731 3843 2867 3913 apud
2888 3843 3101 3899 Suidam
3127 3844 3491 3914 χαμελαύχιον,

1909 3939 1998 3994 vel
2010 3939 2393 4011 καμμελαύκιον.
2421 3938 2475 3991 ln
2497 3936 2763 4007 Hesychia
2780 3934 2947 3989 verbo
2970 3936 3132 4010 Τιάρα
3152 3934 3312 3989 babes
3334 3932 3495 3988 etiam

1908 4032 2287 4103 καμελαύχιον,
2320 4032 2392 4085 uti
2418 4039 2472 4085 et
2501 4029 2642 4100 apud
2671 4029 2993 4084 scltoliastcn
3020 4028 3388 4098 Aristophanis
3434 4028 3500 4085 ad

1910 4121 2308 4177 Aeliamenses.

1979 4213 2217 4269 CAIHSIA.
2247 4213 2532 4283 Palladius,
2563 4226 2681 4283 cap.
2714 4213 2816 4267 M9
2842 4229 2854 4265 :
2893 4230 2912 4263 ι
2948 4212 3081 4267 Cum
3111 4225 3230 4268 eam
3260 4213 3370 4267 suis
3402 4226 3497 4266 ve-

1906 4307 2079 4361 SIibus
2106 4306 2383 4371 induisset,
2410 4305 2606 4371 tunica,
2629 4305 2868 4368 camisia,
2898 4315 2949 4358 et
2972 4305 3274 4375 chlamyde,
3304 4313 3358 4358 et
3381 4320 3496 4358 nm-

1906 4399 2063 4453 nibus
2087 4398 2347 4453 virilibus.
2380 4416 2399 4449 ι
2435 4399 2621 4451 Graece
2653 4396 2722 4451 ibi
2751 4399 3029 4468 καμισὶοις.
3060 4397 3266 4450 Gloss-.1:
3313 4396 3498 4450 Basili-

1906 4505 2093 4544 corum
2124 4508 2136 4542 :
2169 4496 2427 4561 καμίσιον,
2461 4489 2486 4544 ὁ
2512 4490 2595 4544 ἐπὶ
2631 4488 2872 4562 καμάτων
2900 4491 3085 4559 χιτὼν.
3116 4487 3373 4551 Isidorus,
3405 4486 3499 4541 lib.

212 4596 448 4643 tructam
492 4589 561 4643 ab
605 4590 685 4645 eis
713 4588 766 4643 in
798 4589 916 4644 loco
943 4589 1034 4658 qui
1062 4600 1285 4644 vocatur
1314 4590 1545 4646 Baculus
1569 4632 1586 4656 ,
1619 4592 1669 4646 id
1700 4600 1801 4654 est.

1917 4597 2003 4636 nx
2039 4582 2211 4651 0rig.,
2240 4596 2358 4653 cap.
2390 4581 2461 4634 22
2493 4600 2504 4633 :
2533 4581 2792 4636 Camisias
2819 4595 3094 4647 vocamus,
3126 4580 3266 4649 quod
3319 4581 3370 4633 in
3417 4580 3500 4634 bis

214 4677 481 4740 Bubulci,
532 4678 682 4747 juxta
730 4693 880 4733 mare
915 4679 1016 4734 sub
1063 4678 1303 4746 rupibus.
1338 4698 1357 4732 ι
1415 4680 1549 4735 Hinc
1578 4679 1809 4736 Bucolici

214 4771 421 4825 milites
450 4770 772 4839 Capitolino,
796 4772 849 4826 in
882 4772 1060 4826 Marco
1084 4773 1386 4827 Antonino:
1420 4791 1442 4826 ι
1478 4774 1579 4828 Per
1601 4774 1802 4846 [Egyp-

215 4869 329 4916 tum
363 4861 595 4916 bucolici
627 4861 823 4917 milites
846 4863 1031 4932 gravia
1057 4863 1221 4918 multa
1253 4864 1527 4919 fecissent.
1560 4884 1579 4918 ι

290 4950 457 5003 Βυιιι.
494 4949 759 5020 Pelagius,
802 4950 981 5005 libello
1023 4967 1078 5020 x,
1112 4967 1259 5006 num.
1287 4952 1380 5007 76.
1428 4970 1448 5004 ι
1479 4952 1675 5008 Videns
1704 4969 1802 5008 au-

216 5047 328 5094 te-n
356 5040 575 5110 1019
618 5040 902 5110 Egyptius
945 5041 1194 5097 vestitum
1239 5042 1492 5123 mollibus
1538 5045 1716 5111 rebus,
1749 5053 1805 5100 et

216 5132 415 5186 budatn
470 5132 534 5187 de
589 5143 911 5204 papyro,et
938 5137 1129 5204 pellem
1179 5146 1403 5191 stratam
1458 5138 1557 5192 sub
1612 5139 1745 5210 ipso.
1778 5160 1797 5193 ι

218 5221 427 5277 Glossa:
457 5223 681 5281 lsidori:
713 5222 889 5293 Bnda,
920 5225 1154 5281 historia.
1184 5228 1297 5283 Non
1341 5228 1648 5301 legendum.
1694 5242 1803 5287 sto-

216 5329 305 5367 rea
326 5315 352 5368 ?
378 5312 468 5368 Sic
512 5329 578 5369 ex
610 5315 776 5369 veteri
806 5314 1024 5386 Spania,
1056 5316 1237 5372 addito
1266 5332 1362 5374 seu
1395 5321 1614 5388 praelixo
1645 5320 1699 5374 Ιθὶ
1728 5321 1805 5377 fe-

218 5419 345 5459 cere
412 5403 690 5475 Hispania.
757 5404 1088 5463 Glossarium
1154 5408 1587 5469 Camberonense
1655 5428 1801 5470 tns.:

224 5513 244 5545 ι
278 5496 441 5558 Hnda,
474 5507 826 5553 stramentum
855 5501 974 5554 lecti
1002 5501 1071 5555 de
1099 5501 1263 5570 biblo,
1296 5503 1346 5557 id
1379 5513 1484 5571 cst,
1516 5521 1738 5578 papyro.
1777 5525 1797 5560 ι

224 5584 281 5639 In
314 5588 525 5643 Glossis
555 5590 747 5645 lsidori
777 5591 939 5646 etiam
966 5592 1218 5649 invenio:
1268 5614 1285 5646 ι
1322 5596 1486 5664 Buda,
1519 5614 1803 5655 ornamen-

222 5685 274 5729 ta
306 5679 502 5747 regalia
534 5681 617 5736 vel
647 5689 993 5739 camelorum.
1034 5704 1053 5737 ο
1099 5684 1251 5753 ltem,
1287 5705 1306 5737 ι
1337 5687 1507 5755 Bulla,
1542 5701 1805 5745 stramen—

225 5778 278 5822 ta
310 5770 527 5841 regalia.
561 5791 580 5824 ι
639 5773 791 5839 Quod
838 5790 966 5831 vero
995 5776 1047 5832 in
1103 5779 1464 5848 manuscripto
1517 5780 1806 5838 Cambero-

1910 4664 2209 4729 dormimus
2235 4674 2286 4728 in
2313 4674 2497 4741 camis,
2524 4672 2577 4728 id
2599 4683 2700 4737 est,
2727 4672 2779 4727 in
2807 4673 2991 4727 stratis
3016 4673 3235 4725 nostris.
3268 4689 3286 4722 ι
3316 4671 3368 4726 Id
3396 4682 3499 4737 est,

1910 4767 2179 4822 indusium
2229 4766 2313 4821 vel
2357 4766 2517 4820 lintea
2566 4766 2779 4820 sindon.
2826 4764 3000 4829 Idem,
3034 4764 3262 4833 ibidem,
3295 4780 3347 4819 c.
3379 4766 3442 4818 21
3485 4782 3497 4816 :

1919 4877 1938 4910 ι
1974 4859 2195 4914 Poderis
2221 4869 2303 4914 est
2330 4860 2507 4913 tunica
2529 4858 2824 4912 sacerdotis
2850 4857 3010 4921 linea,
3044 4857 3253 4925 corpori
3281 4858 3498 4912 astricta

1912 4967 2079 5022 usque
2106 4951 2172 5006 ad
2208 4951 2370 5021 pedes
2399 4950 2750 5005 descendens.
2785 4950 2910 5005 Harc
2938 4950 3096 5018 vulgo
3140 4949 3358 5004 camisia
3402 4966 3501 5005 vo-

1910 5058 2081 5098 catur.
2105 5042 2279 5097 ——Ad
2309 5041 2527 5096 Palladii
2573 5042 2746 5096 locum
2795 5042 2862 5096 de
2908 5042 3077 5097 milite
3129 5043 3342 5111 pr0prie
3375 5043 3501 5097 facit

1910 5136 2267 5205 Hieronymus
2316 5135 2471 5202 epist.
2518 5133 2621 5189 128
2651 5152 2662 5186 :
2695 5152 2712 5185 t
2745 5134 2931 5190 Solent
2970 5133 3257 5189 militantes
3301 5135 3501 5190 habere

1912 5226 2105 5288 lineas,
2134 5238 2268 5294 quas
2305 5222 2553 5279 camisias
2597 5234 2807 5289 vocant,
2852 5223 2929 5277 sic
2954 5234 3104 5292 aptas
3148 5226 3403 5281 membris
3447 5235 3500 5281 et

1906 5306 2158 5373 rastrictas
2200 5317 2533 5387 corporibus,
2567 5327 2624 5370 ut
2652 5316 2884 5385 expediti
2914 5317 3020 5372 sint
3058 5318 3138 5373 vel
3169 5319 3234 5371 ad
3281 5333 3497 5373 cursum

1915 5409 2000 5463 vel
2023 5411 2088 5462 ad
2116 5410 2317 5479 praelia,
2347 5408 2573 5476 dirigere
2587 5407 2782 5479 jacula,
2813 5417 2995 5464 tenere
3022 5411 3288 5479 clypeum,
3313 5426 3497 5467 ensem

1912 5501 2138 5567 librare,
2188 5510 2243 5556 et
2287 5514 2613 5571 quaecunque
2662 5500 2952 5556 necessitas
3004 5503 3247 5557 traxerit.
3303 5521 3323 5555 ι
3367 5503 3495 5557 item

1912 5594 2072 5659 Beda,
2107 5592 2183 5648 De
2210 5593 2552 5647 tabernacuo
2584 5609 2596 5644 :
2633 5610 2652 5644 t
2688 5593 2820 5659 Quia
2852 5596 3027 5648 solent
3071 5586 3271 5647 milites
3300 5592 3499 5647 habere

1911 5684 2099 5749 lineas,
2126 5700 2257 5752 quas
2282 5683 2529 5739 camisias
2554 5696 2765 5742 vocant.
2795 5704 2815 5737 ι
2844 5687 3040 5740 Eadem
3064 5701 3163 5739 vox
3187 5685 3380 5752 szepius
3404 5697 3498 5736 oc-

1916 5777 2084 5832 currit
2113 5786 2217 5833 tam
2266 5793 2363 5847 pro
2391 5780 2608 5836 camisia
2635 5780 2859 5852 vulgari,
2886 5795 3046 5849 quam
3080 5793 3175 5847 pro
3203 5777 3343 5832 linea
3382 5775 3499 5830 exi-
