4014 6368
523 341 629 400 “9

1216 337 1697 394 ONOMASTICON
1739 336 1978 393 RERUM
2019 335 2106 391 ET
2150 333 2523 390 VERBORUM
2566 334 3098 392 DIFFICILIORUN.

3700 339 3814 395 420

519 459 625 514 mie
647 463 856 513 ornata.
886 456 1082 518 Victor,
1110 455 1182 509 Ile
1204 456 1582 524 persecutione
1598 454 1929 517 Wandalica,
1950 453 2041 507 lib.
2061 467 2106 505 ιε
2140 456 2188 513 Α
2215 458 2424 504 statera.
2454 449 2605 506 Unde.
2633 456 2981 525 καμπανῑζειν,
3008 451 3291 521 ponderare
3326 450 3465 518 apud
3488 449 3728 509 Nicetam
3754 456 3812 509 in

525 572 548 606 α
571 555 747 622 Atque
774 550 843 607 de
871 550 1022 620 pallis
1049 551 1251 615 altaris,
1287 549 1417 616 proh
1447 547 1595 602 nefas
1623 549 1634 601 ι
1664 547 1911 602 camisias
1932 547 2033 601 sibi
2058 555 2111 601 et

518 644 798 699 femoralia
828 643 1108 698 faciebant.
1152 660 1170 693 ι
1206 641 1346 695 Beda
1371 642 1420 694 in
1454 640 1830 710 Martyrologio
1855 657 1869 692 :
1898 654 1919 689 ι
1956 639 2028 692 Ita
2053 648 2112 693 ut

521 735 666 801 impii
699 734 881 788 Ariani
909 734 977 787 de
1006 732 1132 801 ipsis
1158 730 1328 801 palliis
1350 731 1533 786 altaris
1553 732 1805 786 camisias
1832 730 1933 786 sibi
1956 740 2009 787 et
2036 732 2112 785 fe-

520 823 740 877 nioralia
769 821 1031 877 facerent.
1070 839 1089 872 ι
1120 819 1420 875 Bonifacius
1470 834 1625 888 papa,
1678 819 1773 874 lib.
1822 835 1860 874 ιι
1908 820 2107 875 Histor.

523 918 756 985 Auglic.,
782 916 922 984 apud
947 914 1161 979 Bedam,
1182 928 1301 982 cap.
1325 913 1422 968 10:
1455 932 1474 964 ι
1496 913 1761 969 Praeterea
1784 914 2111 969 benedictio-

520 1024 641 1062 nem
676 1007 994 1076 protectoris
1043 1006 1203 1059 vestri
1239 1006 1375 1059 beati
1409 1004 1550 1060 Petri
1571 1005 1931 1075 apostolorum
1957 1005 2103 1074 prin-

516 1102 671 1166 cipis,
704 1098 856 1152 vobis
883 1096 1198 1163 direximus,
1232 1096 1284 1151 id
1312 1106 1392 1150 est
1412 1096 1687 1151 camisiam
1711 1110 1833 1151 cum
1854 1104 2106 1151 ornatura

518 1193 570 1245 iu
603 1207 734 1245 auro
763 1208 941 1245 uuam.
977 1209 995 1241 ι
1034 1190 1149 1245 Vita
1178 1189 1429 1246 Ottbonis
1471 1191 1707 1260 episcopi
1741 1208 1753 1243 :
1792 1208 1812 1243 ι
1847 1189 2108 1245 Camisias

518 1284 788 1353 aurifrigio
811 1285 862 1337 in
886 1299 979 1338 ora
1001 1283 1208 1354 capitii,
1235 1291 1291 1338 et
1312 1292 1495 1338 sutura
1524 1284 1780 1339 hnmerali
1806 1292 1963 1354 atque
1986 1283 2108 1339 bra-

515 1375 669 1430 chiali
698 1374 870 1429 curari
898 1374 961 1429 iis
985 1373 1127 1429 fecit.
1161 1392 1181 1426 ι

582 1467 858 1530 Campam,
893 1466 1303 1521 tintinnabulum
1332 1476 1697 1521 armentorum
1723 1466 1978 1536 gregibus
2003 1480 2105 1533 ap-

514 1560 672 1627 pendi
699 1559 931 1612 solitum.
968 1557 1087 1611 Vita
1121 1556 1422 1619 Frontouii,
1454 1572 1573 1625 cap.
1597 1556 1630 1608 8
1663 1574 1674 1609 :
1708 1574 1725 1607 ι
1761 1556 1867 1611 Sed
1889 1570 2107 1624 campa—

513 1666 596 1703 me
645 1650 879 1704 sonitum
925 1648 1110 1703 audire
1157 1664 1262 1702 non
1318 1649 1492 1715 potuit
1545 1659 1887 1718 perstrepens
1939 1661 2105 1701 sonus

516 1742 859 1811 hymnorum.
898 1758 918 1792 ι
970 1738 1135 1808 Cujus
1191 1740 1266 1795 rei
1315 1740 1446 1794 varii
1492 1750 1737 1796 auctores
1790 1738 2101 1796 meminere.

514 1833 799 1899 Pltmdrus,
836 1834 929 1888 lib.
957 1848 991 1886 ll
1021 1850 1034 1885 :

637 1926 931 1985 Clarumque
957 1922 1081 1971 collo
1104 1923 1293 1984 jactans
1318 1924 1712 1973 tintinnabulum.

515 2008 789 2072 Paulinus,
817 2004 990 2060 Natali
1017 2005 1052 2061 6
1079 2006 1245 2059 sancti
1273 2005 1467 2059 Felicis
1494 2022 1506 2057 :

1018 2140 1021 2143 .
1190 2104 1246 2145 ut
1272 2100 1510 2158 praesepia
1537 2098 1653 2146 vidit

632 2161 769 2210 Nuda
794 2162 963 2219 boum,
988 2167 1039 2209 et
1064 2159 1222 2209 nullos
1245 2160 1364 2208 dare
1390 2158 1715 2222 tintinnabula
1743 2159 1908 2218 pulsus
1942 2177 1956 2222 ;

637 2224 850 2271 Excussa
881 2230 935 2271 ut
963 2225 1160 2271 eervice
1185 2223 1328 2270 boum
1352 2224 1596 2277 crepitare
1616 2220 1855 2283 solebant,

638 2286 863 2335 Mollibus
886 2293 970 2333 aut
995 2283 1144 2335 lentis
1166 2297 1285 2332 cava
1310 2283 1492 2344 linguis
1517 2295 1615 2330 aera
1634 2283 1806 2333 ferire.

514 2365 868 2423 Endeleichus
899 2365 1121 2434 Rhetor,
1159 2366 1235 2420 De
1262 2364 1524 2419 mortibus
1556 2365 1745 2419 boum:

635 2458 875 2509 Plaustris
897 2458 1209 2507 subdideram
1235 2456 1378 2506 fortia
1402 2468 1607 2518 corpora

638 2521 918 2582 Lertorum,
940 2521 1101 2569 studio
1126 2532 1222 2582 quo
1248 2521 1402 2580 potui,
1430 2520 1596 2577 boum,

636 2584 789 2640 Queis
812 2578 991 2630 mentis
1021 2578 1230 2642 geminae
1249 2578 1468 2629 consaua
1493 2578 1683 2630 tinnulo

763 2642 1013 2694 (lnocetttu
1037 2643 1351 2706 crepitacula.

514 2724 783 2791 Sidonius,
810 2727 905 2782 lib.
933 2741 993 2792 tt,
1022 2727 1181 2796 epist.
1213 2724 1249 2778 2
1281 2742 1296 2780 :
1334 2744 1353 2778 ι
1387 2725 1529 2781 Inter
1556 2740 1745 2798 greges
1777 2726 2102 2784 tintinnabu-

427 2844 435 2851 -
511 2820 654 2876 latos
685 2836 778 2890 per
799 2820 1019 2890 depasta
1046 2820 1233 2875 buceta
1267 2819 1572 2875 reboantes.
1613 2838 1632 2872 ι

584 2910 925 2976 Fortunatus,
957 2913 1048 2966 lib.
1074 2927 1132 2976 tt,
1174 2911 1240 2965 de
1266 2920 1454 2966 sancto
1480 2910 1733 2967 llledardo
1762 2932 1778 2968 :

639 3003 914 3053 l'lntinnum
940 3004 1067 3065 rapit
1091 3002 1218 3051 alter
1243 3004 1397 3066 inops,
1424 3005 1583 3065 magis
1608 2985 1857 3066 improbus
1881 3002 1986 3066 ille,

760 3067 849 3124 Qui
873 3064 1205 3127 iumentorum
1231 3064 1354 3112 colla
1380 3073 1558 3113 tenere
1584 3065 1728 3116 solet.

512 3148 668 3220 Legis
698 3150 991 3204 Gothorum
1020 3150 1111 3204 lib.
1147 3165 1239 3214 vn,
1263 3149 1344 3203 tit.
1379 3147 1436 3213 2,
1469 3149 1556 3213 11,
1586 3150 1767 3220 Antiq.
1796 3166 1810 3203 :
1845 3168 1862 3201 ι
1893 3149 1949 3205 Si
1979 3150 2099 3221 quis

2216 543 2413 597 Alexio
2439 541 2660 612 Angelo,
2689 543 2780 595 lib.
2802 558 2876 603 tu,
2901 553 2955 597 et
2979 544 3305 613 Myrepsuni,
3333 543 3427 597 lib.
3442 544 3512 597 de
3534 543 3810 615 Malagm.,

2213 647 2266 686 c.
2294 632 2357 686 2t
2381 650 2395 698 ;
2423 643 2472 686 et
2501 637 2928 705 καμπανιστικόν,
2955 632 3097 704 quod
3130 634 3412 703 lihripendi
3458 635 3671 702 publico
3697 639 3812 691 sol-

2213 726 2459 795 vehatur,
2487 726 2625 796 apud
2652 726 2968 788 Phranzem,
2997 724 3249 779 Cbronici
3291 725 3384 781 lib.
3434 741 3516 795 ιιι,
3548 742 3671 796 cap.
3712 728 3808 784 26.

2218 818 2349 873 Item
2372 817 2853 894 παρακαμπάνισμα
2877 859 2893 883 ,
2940 818 3132 888 injusla
3162 819 3459 886 pandentia
3487 857 3505 884 ,
3537 819 3681 888 apud
3711 821 3812 875 Ni-

2211 923 2405 973 cetain,
2433 908 2567 964 libro
2594 925 2650 973 u,
2676 909 2728 962 in
2760 909 3087 962 Andronico.
3116 906 3249 963 Vide
3279 909 3808 981 Meursium,supra.

2281 1000 2706 1056 Οικοειιλιιιυε.
2722 1000 2838 1055 Vita
2858 1000 3084 1055 Joannis
3110 999 3554 1073 Eleemosynarii,
3583 1017 3708 1073 cap.
3728 1006 3767 1061 3
3790 1021 3807 1058 :

2217 1107 2236 1141 ι
2272 1091 2484 1147 Mittens
2509 1106 2828 1146 meonomos
2854 1102 2910 1144 et
2934 1091 3306 1155 cancellarios,
3337 1101 3393 1147 et
3421 1093 3661 1163 reliquos
3685 1098 3812 1167 qui-

2212 1182 2314 1237 bus
2359 1194 2475 1239 erat
2516 1184 2808 1254 dispositio
2843 1183 3079 1237 civitatis
3107 1182 3333 1238 credita.
3367 1201 3388 1235 ι
3443 1185 3508 1238 Et
3535 1200 3658 1255 cap.
3686 1186 3763 1241 23
3788 1204 3807 1241 :

2217 1297 2236 1330 ι
2261 1277 2534 1334 Convocat
2556 1292 2653 1348 per
2672 1277 3048 1332 cancellarium
3078 1291 3231 1331 suum
3256 1276 3637 1332 monachum.»
3669 1278 3808 1335 Hine

2209 1381 2570 1440 apparet_nou
2611 1371 2878 1440 palatinos
2906 1380 3134 1435 tantum,
3166 1371 3306 1440 quod
3337 1371 3496 1426 nimis
3518 1387 3682 1442 quam
3708 1389 3809 1428 uo-

2212 1471 2347 1526 tum,
2379 1463 2473 1518 sed
2517 1472 2570 1517 et
2609 1463 3006 1517 ecclesiasticos
3038 1461 3202 1516 fuisse
3230 1462 3603 1517 cancellarios.
3650 1463 3807 1518 [linc-

2212 1569 2415 1621 marus,
2447 1554 2607 1624 epist.
2629 1556 2687 1621 5,
2714 1570 2763 1609 c.
2798 1553 2900 1610 16:
2934 1573 2952 1606 ι
2988 1554 3380 1623 Apocrisiarins
3404 1564 3606 1622 autem,
3641 1572 3804 1624 quem

2211 1655 2478 1701 nostrates
2505 1647 2842 1715 capellanum
2875 1647 2954 1700 vel
2987 1645 3166 1714 palatii
3194 1645 3476 1700 custodem
3507 1647 3802 1715 appellant,

2209 1754 2425 1793 omnem
2476 1740 2677 1793 clerum
2711 1738 2890 1806 palatii
2920 1736 3021 1792 sub
3047 1752 3174 1790 cura
3220 1745 3277 1790 et
3312 1736 3670 1805 dispositione
3706 1752 3805 1792 sua

2136 1841 2184 1901 Β
2212 1831 2451 1897 regebat.
2482 1828 2579 1884 Cui
2609 1829 2912 1883 sociabatur
2940 1841 3179 1882 summus
3223 1827 3596 1895 cancellarius,
3644 1831 3737 1899 qni
3771 1845 3804 1884 a

2209 1923 2432 1978 secretis
2455 1921 2584 1975 olim
2611 1920 2998 1990 appellabatur.
3039 1936 3058 1969 ι

2276 2012 2635 2067 Cumanus.
2670 2011 2802 2066 Vita:
2835 2010 3143 2075 llilarionis,
3172 2026 3316 2064 num.
3346 2011 3452 2066 εἰς
3485 2031 3505 2064 ι
3535 2012 3805 2068 Candida-

2208 2113 2291 2159 tus
2333 2103 2630 2160 Coustantii
2669 2103 3028 2171 imperatoris.
3070 2123 3089 2154 ι
3131 2103 3347 2157 Certum
3390 2104 3599 2159 militia:
3625 2121 3804 2175 genus

2205 2197 2499 2280 candidati,
2555 2196 2773 2251 scutarii
2833 2196 2945 2251 fere
2989 2204 3425 2265 protectoresque
3473 2198 3802 2267 principum.

2205 2290 2540 2353 Ammianus,
2569 2290 2663 2344 lib.
2701 2305 2847 2344 xxv:
2883 2306 2903 2336 ι
2937 2288 3071 2343 Cum
3101 2287 3344 2343 Julianus
3374 2290 3518 2343 inter
3564 2289 3693 2344 belli
3718 2289 3803 2343 di-

2204 2382 2458 2438 scrimina
2491 2391 2820 2444 versaretur,
2851 2380 3155 2435 clamabant
3184 2379 3310 2434 hinc
3346 2380 3473 2435 inde
3503 2381 3801 2448 candidati,

2205 2488 2341 2542 quos
2367 2472 2657 2543 disjecerat
2686 2485 2881 2538 terror,
2905 2482 2961 2526 ut
2989 2472 3282 2542 fugientum
3315 2472 3509 2527 molem
3547 2482 3803 2542 tanquam

2205 2567 2414 2620 ruinam
2458 2569 2595 2622 male
2623 2566 2906 2636 compositi
2933 2566 3184 2629 culminis
3209 2566 3529 2623 declinaret.
3564 2588 3582 2619 ι
3621 2570 3805 2624 Victor

2205 2655 2608 2721 Tunnunensis,
2640 2660 2693 2711 in
2722 2660 2994 2713 Chronico
3025 2676 3040 2715 :
3076 2677 3095 2709 ι
3133 2659 3232 2713 Cui
3257 2673 3424 2727 nepos
3457 2660 3675 2731 1020
3709 2662 3803 2715 Ju-

2204 2750 2468 2805 stinianus
2497 2753 2761 2807 vocabulo
2793 2754 2909 2819 fuit,
2942 2752 3209 2807 candidati
3260 2751 3448 2807 militia
3498 2756 3734 2809 functus.
3777 2772 3798 2805 ι

2206 2841 2413 2911 Duplex
2464 2845 2653 2899 horum
2702 2845 2911 2909 schola,
2962 2846 3220 2899 seniorum
3255 2856 3310 2900 et
3332 2847 3626 2917 juniorum.
3664 2848 3800 2904 Vide

2205 2935 2399 2991 Fastos
2429 2937 2638 2992 Siculos
2666 2948 2722 2993 et
2748 2939 3071 2995 Cedrenuin.

2275 3039 2647 3094 Camurunu.
2688 3040 2924 3095 Joannes
2978 3039 3250 3105 Moschus,
3307 3039 3446 3095 Prati
3504 3042 3804 3112 spiritualis

2205 3143 2326 3200 cap.
2356 3129 2456 3185 107
2493 3147 2505 3182 :
2551 3148 2570 3183 ι
2610 3130 2863 3185 Portabat
2889 3130 3212 3185 cantbelium
3242 3126 3544 3200 capientem
3577 3134 3803 3201 ampho-

512 3241 923 3295 tiutinuabulum
950 3240 1263 3294 ittvolavetit
1288 3240 1355 3293 de
1375 3239 1617 3308 jumento
1644 3242 1725 3293 vel
1755 3241 1912 3296 bove.
1945 3241 2101 3312 Legis

2217 3238 2293 3279 ras
2336 3232 2586 3294 quatuor,
2631 3224 2940 3293 ferebatque
2979 3238 3171 3292 aquam
3227 3223 3278 3277 in
3334 3225 3744 3278 monasterium.
3774 3243 3796 3278 ι

512 3332 946 3399 Burgundionum
995 3331 1077 3384 tit.
1109 3331 1163 3393 4,
1192 3330 1219 3401 §
1247 3330 1280 3383 5
1314 3348 1326 3383 :
1369 3350 1387 3382 ι
1427 3332 1524 3398 Qui
1576 3332 1862 3386 tintinnum
1906 3334 2101 3389 caballi

513 3425 592 3477 vel
647 3424 797 3477 bovis
838 3424 979 3477 furto
1022 3424 1320 3478 abstulerit.
1358 3443 1376 3475 ι
1414 3423 1557 3479 Idem
1593 3426 1748 3496 Legis
1773 3427 2099 3484 Boiariorum

514 3531 631 3580 cap.
661 3515 715 3580 8,
741 3516 821 3569 lit.
857 3515 941 3579 ll,
971 3515 997 3586 §
1029 3517 1079 3569 ι.

585 3607 692 3661 Cur
723 3608 1007 3676 pecoribus
1038 3607 1390 3661 tintinnabula
1432 3607 1627 3663 fuerint
1664 3611 1929 3678 apposita,
1956 3612 2103 3665 varia

456 3702 467 3709 ’
512 3710 590 3753 est
620 3699 819 3767 opinio,
844 3698 1160 3769 quibusdam
1186 3700 1532 3754 censentibus
1564 3701 1613 3754 id
1646 3701 1839 3757 factum
1864 3703 1928 3757 ad
1959 3702 2101 3760 feras

511 3790 696 3844 nmias
726 3791 1014 3856 arcendas;
1066 3790 1207 3856 aliis,
1255 3791 1320 3843 ad
1371 3790 1881 3858 deprehendendum
1909 3794 2104 3863 quibus

511 3884 642 3937 locis
672 3899 948 3937 nemorum
977 3894 1228 3953 pascant;
1255 3885 1397 3949 aliis,
1428 3896 1481 3939 ut
1504 3887 1852 3955 pinguescant
1870 3886 2101 3956 facilius,

511 3977 651 4043 quod
701 3977 1007 4031 existiment
1055 3992 1243 4046 pecora
1294 3978 1568 4031 harmonia
1615 3979 1911 4045 obloctari;
1955 3981 2098 4048 aliis,

512 4079 734 4122 ornatus
759 4069 943 4139 gratia.
978 4070 1053 4123 Ex
1083 4069 1182 4124 hac
1215 4069 1329 4122 Vita
1358 4070 1565 4124 videtur
1594 4069 1768 4140 colligi
1801 4071 1852 4124 id
1876 4068 2099 4139 factum,

513 4172 569 4216 ut
591 4163 802 4217 eminus
830 4162 1143 4216 audirentur
1164 4162 1216 4215 in
1239 4162 1455 4215 deserto
1477 4163 1543 4215 ab
1566 4161 1866 4230 h05pitibus
1883 4166 2099 4232 cameli,

512 4257 600 4323 qui
634 4257 934 4310 necessaria
965 4255 1301 4317 deferebant,
1352 4264 1408 4309 ut
1446 4265 1498 4308 et
1541 4256 1778 4324 hospites
1824 4256 1890 4311 iis
1931 4267 2102 4311 strata

513 4358 777 4417 aptarent.
823 4347 954 4403 Vide
999 4348 1378 4418 IIieronytnum
1406 4347 1652 4419 Magium,
1684 4348 1864 4403 libello
1894 4348 1969 4405 De
1996 4350 2102 4404 tiu-

514 4443 816 4507 tiuuabulis,
844 4458 961 4511 cap.
994 4443 1027 4497 8

594 4534 719 4587 Vide
775 4549 985 4603 quoque
1044 4532 1303 4587 Joannem
1379 4532 1704 4599 Stephanum
1782 4532 2099 4598 Durantum,

2208 3315 2396 3370 Grmce
2414 3326 2517 3384 est,
2548 3317 2800 3376 κανθήλιοι.
2841 3316 2963 3370 Erat
2983 3330 3152 3385 genus
3172 3315 3495 3370 clitellarum
3516 3316 3586 3369 ad
3607 3331 3801 3386 aquam

2207 3407 2500 3473 ferendam,
2532 3411 2674 3477 quod
2707 3410 2952 3478 utrinque
2974 3408 3105 3462 asini
3137 3416 3368 3477 gestant.
3398 3406 3528 3461 Nam
3566 3409 3803 3468 κανθιῦιια

2206 3502 2409 3556 ειίιειιω
2433 3511 2577 3556 sunt.

2276 3595 2545 3651 Caunus.
2588 3595 2811 3651 Joannis
2840 3595 3040 3650 Moschi
3074 3595 3287 3650 Pratum
3331 3594 3628 3665 spirituale,
3680 3611 3801 3661 cap.

2206 3684 2276 3740 76
2336 3702 2350 3741 :
2405 3704 2424 3736 ‹
2460 3687 2595 3743 Ecce
2651 3703 2752 3756 ego
2799 3686 3031 3741 ascendo
3078 3687 3128 3740 in
3171 3687 3441 3740 carahum.
3479 3706 3497 3738 ι
3543 3687 3799 3753 Isidorus,

2206 3777 2408 3847 Origiu.
2435 3779 2527 3832 lib.
2560 3795 2712 3843 xvut,
2744 3795 2865 3847 cap.
2893 3782 2914 3833 l
2954 3796 2967 3833 :
3004 3798 3021 3830 ι
3050 3779 3288 3834 Carahus
3312 3795 3470 3847 parva
3493 3781 3717 3849 scapha,
3736 3797 3803 3835 ex

2205 3872 2406 3926 vimine
2437 3870 2597 3935 facta,
2638 3886 2758 3941 qua:
2789 3881 3036 3927 contexta
3070 3871 3238 3925 crudo
3269 3872 3436 3934 corio,
3489 3887 3660 3942 genus
3708 3887 3809 3924 nr.

2206 3964 2329 4033 vigii
2363 3965 2588 4033 prmbet.
2626 3981 2646 4015 ι
2680 3962 2872 4032 Papias
2899 3964 3225 4018 vocabulista
3255 3980 3269 4017 :
3305 3982 3324 4014 ι
3360 3964 3617 4031 Carabns,
3651 3969 3805 4018 navi-

2205 4054 2323 4108 cula
2355 4053 2663 4109 discurrens
2688 4057 2739 4108 in
2774 4055 2939 4121 I’ado,
2980 4056 3160 4119 idest,
3197 4055 3372 4109 linter.
3410 4057 3502 4111 Est
3531 4072 3712 4113 autem
3737 4075 3804 4113 cx

2207 4147 2403 4201 vimine
2430 4155 2485 4202 et
2516 4148 2686 4201 corio.
2724 4166 2741 4198 ι
2777 4148 3104 4202 Glossarium
3128 4145 3582 4203 Camberoncnse.

2274 4236 2684 4302 Canosaacuos,
2708 4235 2761 4290 id
2789 4246 2893 4302 est,
2916 4236 3193 4303 praefectus
3210 4237 3463 4302 Camillis,
3492 4238 3581 4307 qui
3601 4239 3803 4308 lignum

2205 4331 2420 4400 pulsare
2447 4330 2678 4393 solebat,
2727 4340 2784 4385 ut
2820 4338 3141 4383 convocaret
3181 4329 3374 4385 fratres
3400 4331 3466 4384 ad
3494 4332 3801 4389 collectam.

2210 4424 2441 4479 Ioannes
2472 4422 2743 4487 Moschus,
2804 4422 2895 4475 lib.
2930 4438 2963 4476 ι
2997 4422 3230 4476 Vitarum
3267 4423 3506 4487 Patrum,
3539 4438 3661 4491 cap.
3690 4424 3759 4477 50
3787 4440 3802 4477 :

2212 4535 2230 4567 ι
2253 4518 2383 4570 Cum
2407 4516 2634 4587 quadam
2656 4524 2813 4570 nocte
2836 4513 3213 4584 Sttriesi'ssem,
3235 4527 3290 4571 ut
3306 4520 3574 4587 pulsarem
3593 4534 3803 4588 Stgnnm

511 4627 646 4681 lih.t
680 4628 751 4679 De
781 4624 971 4678 ritibus
1001 4626 1265 4688 ecclesiae,
1298 4638 1415 4691 cap.
1441 4623 1533 4686 ‘22,
1573 4625 1639 4677 de
1688 4625 1960 4692 campanis
2001 4639 2097 4677 seu

2217 4612 2294 4679 :ea
2317 4612 2513 4680 quippe
2546 4625 2677 4665 cura
2709 4610 2836 4664 mihi
2869 4621 2924 4663 ut
2963 4611 3315 4665 canonarchm
3346 4612 3582 4680 injuneta
3608 4613 3802 4679 fuerat,

512 4714 882 4773 tintinnabulis
911 4721 1074 4769 sacris
1103 4726 1367 4784 agentem.

582 4808 836 4864 Cannam
874 4824 1140 4863 sursus.
1184 4806 1300 4861 Vita
1372 4807 1597 4863 Jomnis
1678 4802 2102 4879 Elermosynartt

507 4914 627 4969 cap.
662 4899 733 4951 ὅτ
766 4918 784 4949 ι
819 4898 871 4951 In
904 4912 1009 4952 una
1039 4912 1293 4967 campana
1328 4906 1545 4951 statera.
1585 4916 1603 4948 ι
1644 4902 1677 4949 Α
1714 4897 2001 4964 Campania
2027 4913 2109 4952 re-

511 4994 674 5061 gione
705 4990 870 5044 Italim
898 4990 970 5043 ita
1002 4989 1197 5043 dietam
1229 4988 1340 5041 vult
1382 4987 1633 5050 Isidorus,
1679 4988 1771 5041 lib.
1816 5004 1903 5041 xvr
1932 4990 2104 5061 Orig,

511 5096 634 5150 cap.
662 5079 755 5135 Ἡ.
785 5080 860 5134 Ex
884 5096 988 5149 quo
1011 5079 1223 5134 videtur
1253 5095 1345 5133 sua
1382 5081 1621 5141 hausisse
1653 5080 1842 5149 Papias
1871 5082 2104 5136 vocabu-

510 5173 628 5226 lista
659 5190 670 5223 :
707 5190 726 5222 ι
764 5178 1029 5242 t'ampana
1059 5173 1393 5241 ponderatio.
1426 5173 1550 5225 Ilaec
1570 5180 1747 5225 tamen
1771 5172 1902 5226 duas
1925 5174 2104 5229 lances

511 5279 617 5316 non
650 5264 831 5327 habet,
862 5264 954 5317 sed
986 5272 1067 5316 est
1089 5266 1240 5333 nigra
1270 5265 1474 5333 signata
1501 5264 1650 5316 libris
1679 5273 1731 5317 et
1762 5266 1951 5318 unciis.
1978 5266 2107 5320 L’ni-

513 5358 708 5423 cuique
765 5365 939 5410 autem
990 5358 1210 5425 ponderi
1256 5368 1435 5411 certus
1491 5367 1573 5411 est
1638 5357 1827 5410 modus
1878 5360 2105 5428 propriis

513 5445 819 5501 nominibus
846 5446 1177 5515 designatus.
1213 5449 1380 5512 Dicta,
1412 5451 1530 5519 quia
1564 5451 1706 5518 prius
1738 5449 1789 5503 iu
1815 5447 2102 5519 Campania

512 5548 721 5609 reperta
756 5548 857 5593 est.
897 5559 915 5591 ι
969 5539 1067 5595 Ubi
1126 5557 1221 5609 pro
1264 5542 1413 5611 nigra
1462 5543 1576 5612 lege
1611 5545 1754 5615 virga
1782 5561 1844 5599 ex
1878 5546 2099 5600 Isidoro.

515 5634 645 5690 lliuc
665 5635 800 5701 apud
826 5636 1152 5703 posteriores
1174 5636 1465 5706 scriptores
1483 5638 1748 5707 Campana
1763 5651 1817 5696 et.
1838 5641 2105 5712 Καμπανὸς

512 5730 755 5783 absolute
796 5745 893 5797 pro
918 5738 1114 5784 statera
1146 5740 1421 5799 usurpata.
1468 5728 1671 5785 Glossae
1713 5730 2103 5794 Grrecolatiute,

517 5824 810 5895 Καμπανὸς,
864 5830 1034 5875 atuler.
1081 5821 1288 5875 Glossm
1332 5821 1763 5887 ΔιίιΙιίίτυιειιὶιιςιι,
1819 5824 2100 5891 Campana,

2207 4713 2262 4756 ut
2284 4705 2571 4758 excitarem
2598 4704 2791 4758 fratres
2821 4703 2887 4758 ad
2918 4705 3246 4774 collectam}.
3306 4703 3495 4760 Graece
3525 4717 3609 4785 est
3648 4726 3661 4759 :
3690 4706 3802 4765 Ὀτι

2207 4794 2255 4851 ἐν
2283 4802 2376 4869 μιᾷ
2404 4802 2547 4853 νυκτὶ
2567 4801 2799 4875 ἠγέρθην,
2829 4797 2901 4872 ἐφ’
2931 4796 2970 4870 ᾧ
2990 4805 3205 4874 κροῦσαι
3232 4820 3290 4854 το
3336 4799 3478 4863 ξύλον
3513 4801 3669 4869 μην
3707 4804 3805 4877 γάρ

2210 4892 2579 4965 Κανόναρχος).
2608 4893 2773 4955 Idem,
2797 4906 2915 4959 cap.
2954 4893 3013 4945 Η
3051 4908 3064 4941 :
3098 4895 3185 4945 καὶ
3208 4893 3529 4965 κρούσαντος
3561 4897 3805 4967 ιίανονὰρ·

2210 5006 2311 5055 χον
2361 4986 2419 5038 τὸ
2455 4984 2621 5045 ξύλον.
2684 4984 2754 5057 ἐφ’
2882 4986 3081 5043 πάντας
3123 4985 3243 5043 τοὺς
3290 4983 3539 5054 ἀδελφούς
3598 5008 3805 5056 annulo

2209 5079 2373 5136 θῆναι.
2413 5095 2429 5128 ι
2465 5076 2593 5129 Cum
2629 5078 2860 5142 pulsaret
2888 5076 3168 5144 priefectus
3195 5075 3416 5129 canonis
3444 5075 3669 5145 lignum,
3703 5095 3805 5145 quo

2210 5172 2397 5224 fratres
2427 5185 2613 5224 omnes
2644 5172 3015 5224 eouvettirout.

2284 5264 2621 5318 CABACALLA.
2642 5263 2818 5318 Vestis
2834 5277 3020 5333 genus.
3039 5262 3330 5328 Palladius,
3350 5278 3468 5333 cap.
3488 5265 3510 5318 l
3529 5264 3589 5317 l7
3610 5284 3623 5317 :
3646 5282 3664 5315 ι
3681 5263 3807 5317 For-

2212 5356 2277 5409 tis
2308 5357 2497 5410 mulier
2524 5355 2707 5409 induta
2737 5355 2917 5410 servili
2936 5355 3216 5410 caracalla.
3245 5376 3265 5407 ι
3292 5355 3500 5421 Graece,
3526 5354 3802 5429 παιδαρίου

2208 5445 2530 5522 καρακάλιον.
2594 5447 2926 5511 Eucherius,
2982 5447 3058 5502 De
3100 5461 3234 5500 VCSl.
3284 5464 3299 5501 :
3358 5446 3591 5514 «Ephod
3646 5458 3810 5500 vcsts

2211 5543 2578 5606 sacerdotalis,
2629 5558 2749 5611 quae
2802 5542 3337 5609 superindumcntum
3383 5540 3467 5594 vel
3531 5542 3809 5593 humera'e

2213 5637 2529 5704 appellatur.
2561 5636 2654 5691 ESt
2680 5646 2856 5689 autem
2882 5638 3024 5690 velut
3057 5636 3109 5688 in
3132 5634 3409 5688 caracalla:
3439 5634 3681 5698 modum,
3714 5634 3809 5687 sed

2214 5728 2330 5783 sine
2353 5729 2582 5783 cucullo.
2624 5747 2641 5778 ι
2687 5726 3018 5782 Glossarium
3065 5726 3475 5782 Grmcolatiuutn
3510 5728 3809 5801 :Eaparxa'l‘

2214 5824 2336 5887 λιον,
2388 5824 2677 5877 (.‘nmcallu.
2736 5824 3096 5891 Spartianus,
3175 5822 3226 5877 in
3290 5819 3565 5877 Caracalla
3617 5823 3750 5893 imp.
3787 5838 3809 5877 ε
