4014 6368
248 293 348 352 S2!

958 298 1435 356 ONOMASTICON
1477 298 1718 354 REHUM
1760 298 1843 352 ET
1890 298 2264 354 \‘EHBORUM
2306 298 2834 358 DiFFlClLlORUM.

3412 305 3518 360 422

252 427 271 460 s
304 407 422 476 Ipse
464 407 725 461 Caracalli
758 423 948 463 nomen
991 410 1201 477 accepit
1240 425 1269 462 a
1302 410 1640 474 vesdmento,
1691 408 1832 477 quod
1860 415 1906 468 Α
1940 408 2239 463 heroncnse
2268 411 2685 479 manuscriptum
2720 430 2732 463 :
2771 430 2791 463 t
2822 412 3066 468 Renones
3108 424 3229 468 sunt
3259 415 3521 473 velamina

249 503 448 569 populo
478 502 722 565 dederat,
748 502 985 557 demisso
1011 520 1177 571 usque
1197 504 1260 558 ad
1289 506 1476 558 talos.»
1508 505 1832 573 Xiphilinus,
1893 492 1899 496 ’

247 596 301 649 in
332 595 606 651 Caraealla
631 613 647 652 :
676 614 696 649 t
727 598 1003 661 Proprium
1025 612 1193 665 genus
1218 600 1518 652 vestimenti
1542 600 1594 652 in
1621 599 1836 651 modum

246 687 458 754 penula:
491 686 762 758 (μανδύης)
792 687 1134 757 excogitavit.
1167 707 1185 740 ι
1222 688 1386 750 Beda,
1422 688 1496 742 De
1522 690 1690 758 gestis
1721 690 1836 743 An-

245 781 451 847 glorum
482 778 620 832 libro
649 792 688 843 ι,
719 793 839 847 cap.
863 779 892 830 7
923 796 936 830 :
970 798 989 830 ο
1025 780 1141 833 Mox
1166 793 1226 834 se
1247 788 1460 833 sanctus
1484 780 1721 834 Albanus
1743 795 1839 848 pro

245 869 459 939 hospite
490 870 601 942 (qui
642 870 868 925 clericus
893 870 1030 939 erat)
1059 886 1122 925 ac
1143 871 1398 941 magistro
1420 887 1538 935 suo,
1563 872 1728 939 ipsius
1745 871 1840 925 ha-

246 961 385 1029 bitu,
421 962 471 1016 id
503 973 606 1029 est,
634 964 918 1028 caracalla,
941 980 1043 1034 qua
1066 965 1416 1031 vestiebatur,
1440 964 1679 1029 indutus,
1701 965 1838 1020 mili-

253 1052 849 1110 tibusexhibuituﬂsu
874 1074 892 1107 t
917 1054 1495 1125 Carabusestqutedam
1519 1055 1833 1110 navicella.»

323 1144 557 1202 CARlCl.
602 1146 985 1218 Hieronymus,
1030 1149 1081 1201 in
1116 1150 1227 1202 \‘ita
1266 1150 1435 1202 Sancti
1481 1148 1630 1202 Pauli
1683 1149 1837 1217 primi

249 1239 519 1303 eremitze,
570 1254 721 1295 num.
754 1239 834 1294 6:
876 1257 895 1290 ι
931 1239 1178 1307 Quinque
1227 1240 1417 1293 caricis
1465 1254 1559 1301 per
1602 1241 1838 1309 singulos

243 1329 368 1384 dies
397 1329 822 1385 sustentabatur.
863 1350 882 1383 ι
916 1330 1075 1395 Item,
1108 1333 1159 1384 in
1179 1331 1296 1385 Vita
1323 1331 1492 1385 sancti
1526 1331 1835 1397 Hilarionis,

242 1438 398 1477 num.
426 1422 503 1480 5:
542 1440 561 1472 ι
597 1422 891 1476 Herbarum
932 1437 1060 1491 ergo
1099 1436 1281 1489 succo,
1313 1430 1369 1476 et
1399 1423 1581 1488 paucis
1623 1422 1837 1487 caricis,

247 1523 378 1580 post
432 1513 662 1568 triduum
697 1514 777 1568 vel
827 1513 1168 1583 quatriduum
1217 1513 1557 1568 deiicientem
1606 1514 1836 1567 animam

251 1604 615 1659 sustentabat.
652 1622 672 1657 ι
733 1604 1156 1673 interpretantur
1190 1603 1397 1659 caricas
1428 1620 1548 1659 esse
1576 1607 1704 1658 licus
1730 1605 1837 1658 sic-

242 1707 365 1748 cas.
385 1692 544 1748 Certe
559 1709 625 1748 ex
646 1694 836 1749 licuum
858 1711 1056 1763 genere
1073 1695 1277 1749 caricas
1293 1682 1414 1750 esse
1433 1695 1586 1750 docet
1611 1695 1833 1756 Plinius.

1942 498 2305 564 humerorum,
2339 501 2549 556 intortis
2571 501 2713 555 villis
2736 502 2967 571 hispida,
2990 517 3125 572 quos
3151 506 3310 575 vulgo
3341 518 3522 576 reptos

1938 601 2152 650 vocant.
2203 605 2269 646 eo
2316 592 2457 659 quod
2506 592 2777 662 longitudo
2803 594 3049 649 villorum
3090 597 3241 665 quasi
3272 606 3465 667 reptat.
3498 620 3516 649 ο

1940 685 2186 739 Occurrit
2233 694 2288 739 et
2333 686 2470 753 apud
2503 686 2829 740 Bonitacium
2857 687 3014 753 epist.
3047 688 3116 741 77
3169 705 3182 741 :
3232 706 3251 739 ι
3283 689 3523 746 Misimus
3556 688 3567 695 ’

1943 772 2094 828 vobis
2124 789 2285 841 parva
2315 776 2494 842 xenia,
2518 777 2566 830 id
2597 786 2700 841 est,
2731 786 2935 845 reptent
2962 779 3208 847 roptilem
3232 793 3445 833 unam.»

2008 865 2363 933 Caucasia,
2398 867 2447 921 id
2483 878 2586 934 est,
2613 869 3090 934 lmmicubationes,
3119 872 3305 929 GI‘IBCO
3325 896 3525 945 χαμαι-

1938 961 2099 1013 ευνέαι
2127 972 2218 1012 seu
2244 963 2545 1031 χαμιννὶαι.
2594 963 2667 1015 lia
2692 978 2791 1017 vox
2820 962 3020 1019 Latinis
3048 967 3352 1022 auctoribus
3381 982 3525 1038 saepe

1941 1063 2213 1119 usurpata.
2249 1051 2369 1105 Vita
2401 1054 2648 1121 Abrahae,
2680 1069 2799 1125 cap.
2836 1057 2940 1110 l8:
2970 1075 2989 1108 ι
3016 1057 3360 1113 Chameuniis
3384 1074 3523 1129 quo-

1942 1155 2046 1209 que
2069 1149 2123 1195 et
2146 1143 2471 1198 contritione
2492 1147 2733 1215 corporis
2764 1162 3027 1215 nunquam
3051 1149 3270 1203 omnino
3293 1149 3522 1205 lassatus

1939 1244 2039 1288 est.
2084 1254 2103 1285 ι
2138 1234 2253 1288 Vita
2308 1235 2487 1289 Mariae
2516 1238 2691 1305 neptis
2720 1237 2964 1303 Abrahae,
2993 1253 3111 1307 cap.
3141 1239 3173 1293 9
3204 1255 3217 1291 :
3256 1257 3274 1290 ι
3314 1239 3411 1294 Ubi
3439 1240 3523 1293 vi-

1939 1328 2101 1398 gilite,
2128 1328 2215 1381 ubi
2232 1328 2603 1383 chameuniae?
2626 1349 2646 1381 ι
2683 1330 2872 1399 Papias
2897 1348 2909 1382 :
2942 1348 2961 1381 ι
2987 1329 3315 1394 Cameunia,
3342 1330 3525 1384 storite

1940 1418 2084 1473 lecti.
2124 1437 2144 1471 ›
2200 1418 2352 1483 Item,
2401 1418 2767 1481 «Cameuuiaa,
2798 1420 2990 1489 vigilite
3018 1420 3071 1473 in
3108 1419 3300 1474 hieme.
3338 1439 3356 1472 ι
3408 1420 3523 1474 Νοη

1938 1509 2179 1579 percepit
2203 1510 2309 1563 vim
2328 1510 2501 1565 verbi.
2528 1512 2905 1583 Hieronymus,
2930 1514 2982 1565 in
3009 1526 3130 1581 cap.
3154 1527 3241 1566 xu
3274 1512 3529 1566 Ezechie-

1940 1598 2007 1652 lis
2039 1616 2053 1652 :
2091 1618 2109 1650 ι
2142 1600 2276 1654 Puto
2306 1603 2648 1671 perspicuum
2702 1618 2825 1658 esse
2874 1604 3059 1657 lectori
3103 1594 3314 1673 semper
3361 1620 3527 1674 angu-

1924 1690 2102 1745 ~SIiora
2125 1706 2247 1747 esse
2263 1707 2380 1760 qua:
2397 1692 2651 1747 deorsum
2673 1702 2795 1747 sunt
2814 1695 2865 1746 in
2884 1694 3121 1762 jejuniis,
3138 1700 3525 1765 χαμαιευνίαις,

241 1789 390 1844 libro
408 1805 525 1857 xm,
551 1806 673 1859 cap.
702 1790 736 1843 5
760 1809 774 1844 :
810 1811 828 1843 ι
860 1792 1014 1862 Syria
1043 1801 1236 1859 praeter
1258 1792 1394 1845 hanc
1418 1792 1713 1859 peculiares
1737 1792 1834 1845 ha-
1871 1774 1911 1830 Β
1940 1791 1994 1835 et
2020 1781 2194 1835 victus
2221 1785 2603 1836 continentia.)
2640 1784 2804 1849 ldcm,
2838 1783 2891 1837 in
2920 1798 3038 1852 cap.
3072 1799 3131 1837 Ill
3159 1789 3323 1839 Amos
3355 1800 3369 1839 :
3409 1803 3427 1835 ι
3457 1785 3526 1840 Et

241 1878 344 1935 bet
371 1881 612 1937 arbores.
638 1882 693 1936 In
722 1899 916 1937 nucum
944 1898 1142 1955 genere
1162 1883 1380 1952 pistacia
1405 1895 1548 1939 n0ta.
1573 1884 1835 1939 Prodesse

237 1976 505 2031 adversus
546 1979 873 2047 serpentium
924 1978 1205 2033 traduntur
1250 1993 1480 2039 morsus.
1523 1988 1581 2033 et
1621 1989 1747 2047 potu
1779 1986 1837 2033 et

236 2066 390 2121 cibo.
426 2068 479 2122 ln
509 2069 727 2123 licorum
755 2079 958 2134 autem,
983 2071 1208 2139 caricas,
1240 2078 1295 2124 et
1334 2069 1508 2124 minor
1535 2069 1649 2139 ejus
1670 2082 1834 2139 gene-

237 2165 349 2225 ris,
379 2175 499 2228 quae
529 2170 743 2214 cottana
775 2171 993 2215 vocant.
1034 2180 1055 2213 ι

317 2252 580 2307 (ιλιι-ιω.
626 2252 893 2323 Pelagius,
929 2252 1020 2308 lib.
1062 2267 1121 2318 v,
1165 2252 1344 2307 libello
1372 2269 1427 2318 x,
1461 2244 1612 2307 n.'76
1644 2271 1658 2305 :
1693 2269 1712 2303 ι
1743 2251 1836 2305 Vi-

241 2342 389 2397 dens
429 2352 606 2397 autem
639 2342 922 2415 Egyptius
954 2343 1201 2398 vestitum
1257 2345 1508 2398 mollibus
1546 2344 1731 2408 rebus,
1782 2352 1838 2398 et

238 2436 446 2491 budam
476 2438 543 2490 de
566 2452 789 2508 papyro,
815 2446 872 2492 et
894 2438 1088 2505 pellem
1116 2445 1337 2491 stratam
1365 2438 1463 2491 sub
1486 2437 1618 2506 ipso,
1649 2446 1705 2493 et
1725 2453 1840 2493 mo-

238 2526 427 2581 dicum
456 2528 682 2596 capitale
710 2528 777 2582 de
805 2529 1001 2583 cartica
1032 2528 1130 2582 sub
1156 2538 1313 2598 caput
1333 2528 1501 2596 ejus.»
1530 2533 1609 2582 An
1636 2530 1837 2585 cartica

232 2628 333 2674 est
357 2620 563 2674 linum?
592 2620 725 2675 Nam
756 2620 895 2689 quod
950 2624 1003 2674 in
1037 2620 1153 2674 Vita
1174 2622 1433 2691 Onuplirii
1464 2621 1603 2690 apud
1630 2637 1717 2676 me
1738 2622 1834 2676 Ms.

232 2722 333 2768 est
364 2730 380 2765 ;
418 2713 677 2783 Operabar
703 2730 824 2767 cum
869 2714 1113 2782 fratribus
1143 2713 1527 2780 charsicariam,
1558 2712 1625 2769 de
1652 2717 1836 2768 eadem

237 2819 308 2860 re
338 2804 450 2870 hic,
488 2806 582 2862 lib.
610 2821 682 2873 Vl,
715 2804 855 2874 apud
882 2804 1167 2871 Joannem,
1210 2805 1388 2859 libello
1416 2820 1495 2871 Ill,
1534 2821 1588 2865 n.
1619 2805 1676 2868 2,
1706 2814 1789 2861 est
1820 2822 1835 2860 :

234 2906 288 2951 et
313 2914 450 2965 opus
475 2913 643 2951 meum
670 2908 780 2951 erat
808 2896 899 2951 lini
933 2905 1155 2951 textura.
1205 2896 1347 2951 Sane
1390 2897 1554 2952 linum
1588 2896 1839 2952 cervicali

238 2990 518 3046 convenit.
552 2991 727 3056 Quare
762 2990 815 3043 in
848 2989 965 3044 Vita
995 2988 1249 3058 Onuphrii
1282 2988 1369 3044 vel
1410 2988 1732 3043 carticariam
1764 2987 1835 3041 le-

232 3082 501 3150 gendum,
538 3080 623 3134 vel
667 3079 805 3149 apud
848 3079 1110 3134 Joannem
1158 3079 1415 3134 charsira.
1464 3078 1518 3132 In
1571 3079 1837 3147 excerptis

240 3174 509 3230 Glossnii
542 3172 902 3239 Grtecolatiui,
933 3175 1039 3231 col.
1068 3175 1197 3242 508,
1223 3172 1504 3237 Carticula,
1541 3173 1765 3229 δεῖπνον.

314 3265 551 3321 Caecus.
593 3265 772 3321 Poculi
796 3282 967 3336 genus
992 3281 1115 3321 esse
1145 3267 1411 3337 colligitur
1427 3282 1491 3320 ex
1506 3267 1666 3321 variis
1687 3266 1837 3320 locis.

243 3355 369 3410 Vita
401 3356 650 3419 Abrahae,
676 3371 796 3425 cap.
818 3356 852 3408 5
880 3374 894 3408 :
923 3374 943 3408 t
966 3355 1195 3411 Caucum
1218 3372 1429 3425 quoque
1452 3356 1835 3424 permodicum,

240 3450 297 3502 in
326 3463 435 3518 quo
462 3448 623 3502 edere
649 3463 741 3501 seu
774 3448 955 3508 bibere
988 3450 1176 3502 solitus
1206 3458 1341 3512 erat,
1375 3450 1617 3503 habebat.
1636 3469 1652 3498 ι
1686 3448 1841 3503 Glos-

241 3544 449 3596 sarium
480 3541 914 3598 Camberoneuse
941 3542 1039 3596 Ms.
1074 3559 1088 3595 :
1127 3560 1146 3593 ι
1183 3541 1439 3606 Caueum,
1472 3557 1566 3595 vas
1606 3541 1837 3611 ligneum

240 3633 310 3687 ad
344 3633 656 3687 bibendum.
698 3652 717 3684 ›
751 3633 1085 3703 Spartianus,
1138 3634 1191 3686 in
1224 3632 1516 3687 Pescennio
1547 3650 1559 3685 :
1600 3652 1618 3685 t
1652 3632 1839 3687 Tantae

240 3724 349 3778 fuit
377 3724 703 3788 severitatis,
736 3738 793 3779 ut
830 3739 950 3778 cum
980 3725 1173 3779 milites
1198 3725 1453 3793 quosdam
1485 3726 1537 3779 in
1561 3740 1727 3781 cauca
1755 3741 1842 3780 ar-

238 3825 440 3886 genteo
468 3815 822 3884 expeditionis
849 3827 1087 3883 tempore
1116 3816 1296 3870 bibere
1331 3815 1573 3885 vidisset,
1617 3816 1842 3886 jusserit

238 3923 411 3964 omne
439 3917 712 3978 argentum
741 3910 1045 3963 submoveri
1088 3908 1157 3963 de
1180 3924 1276 3961 usu
1315 3909 1717 3976 expeditionali,
1746 3907 1843 3961 ad-

236 4000 363 4054 dito
387 4014 474 4067 eo,
507 4010 564 4054 ut
586 4001 773 4070 ligneis
799 4000 943 4054 vasis
974 4008 1307 4054 uterentur.»
1332 3999 1630 4054 Trebellius
1648 3997 1837 4062 Pollio,

241 4092 300 4145 in
332 4090 581 4156 Claudio,
614 4106 679 4146 ex
715 4086 941 4160 epistola
975 4090 1237 4144 Valeriani
1273 4106 1285 4142 :
1324 4107 1343 4140 ι
1377 4090 1504 4144 Item
1537 4084 1591 4143 in
1619 4103 1838 4153 caucos,

236 4191 300 4238 et
344 4183 601 4254 scyphos,
646 4192 699 4237 et
753 4197 932 4238 zemas
976 4181 1153 4251 pondo
1182 4179 1450 4234 undecim.
1493 4199 1510 4231 ι
1562 4180 1840 4233 Marcellus

240 4274 573 4342 Empiricos,
605 4276 671 4328 de
700 4274 1128 4337 medicamentis,
1152 4288 1272 4341 cap.
1298 4270 1370 4326 25
1398 4289 1410 4325 :
1447 4288 1465 4321 ι
1498 4270 1705 4326 Vermis
1734 4282 1843 4326 ter-

238 4380 414 4421 renus
440 4364 708 4430 ell‘oditur,
740 4373 796 4419 et
822 4366 875 4418 in
909 4365 1082 4433 ligneo
1110 4379 1276 4418 cauco
1309 4365 1542 4431 ponitur.
1577 4380 1596 4413 ι
1653 4362 1843 4417 Hiero-

242 4475 470 4529 nymus,
497 4459 634 4513 libro
663 4475 698 4513 Il
720 4458 771 4512 in
798 4458 1160 4524 Jovinianum,
1183 4458 1250 4512 de
1272 4457 1503 4527 Diogene
1529 4473 1541 4509 :
1571 4456 1839 4523 «Quodam

1943 1875 2205 1940 percutiet
2234 1875 2453 1928 domum
2486 1874 2791 1939 hiemalem,
2823 1890 2917 1930 eos
2945 1874 3228 1930 haereticos
3256 1876 3344 1945 qui
3375 1877 3525 1930 labo-

1939 1977 2057 2019 rant
2084 1966 2430 2031 continentia,
2467 1978 2521 2021 et
2552 1966 2788 2036 jejuniis,
2830 1968 3189 2039 xerOpbagiis,
3232 1969 3523 2024 chaumeu-

1939 2055 2072 2122 niis;
2095 2072 2127 2111 e
2152 2057 2343 2125 quibus
2364 2057 2620 2113 Tatianus
2648 2068 2731 2112 est
2752 2066 2808 2113 et
2833 2059 3196 2114 Manichacus?
3228 2077 3247 2111 ι

2010 2148 2307 2203 (Ζυειιεω.
2352 2146 2470 2202 Vita
2488 2149 2656 2203 sancti
2674 2149 2914 2210 Antonii,
2931 2163 2981 2203 c.
3007 2148 3077 2203 54
3103 2166 3118 2205 :
3144 2166 3170 2201 1
3200 2148 3279 2207 Ad
3303 2149 3528 2219 primam

1941 2242 2276 2293 mansionem
2306 2239 2664 2306 Alexandriae,
2689 2256 2810 2310 qua:
2839 2240 3136 2310 appellatur
3158 2241 3458 2296 Chaeream.
3498 2260 3523 2294 ι

1941 2331 2117 2386 Locus
2149 2330 2261 2386 l'ors
2288 2333 2358 2386 ab
2389 2334 2607 2404 Egypti
2646 2334 2862 2389 civitate
2913 2335 2985 2390 ita
3023 2334 3217 2401 dictus,
3267 2335 3369 2390 nisi
3411 2335 3529 2390 haec

1944 2422 2156 2478 mansio
2205 2428 2320 2492 ipsa
2368 2425 2438 2479 sit
2489 2425 2698 2481 civitas.
2745 2423 3080 2497 Stephanus,
3132 2427 3209 2483 De
3256 2427 3523 2482 urbibus:

1936 2518 2189 2589 Χαιρέου,
2229 2517 2375 2577 πόλις
2412 2520 2710 2591 Αἰγυπτίου,
2749 2519 2853 2575 κατ’
2882 2517 3107 2590 ἔλλειψιν
3143 2526 3237 2575 τοῦ
3275 2520 3438 2580 πόλις
3468 2522 3529 2576 τὸ

1941 2611 2124 2665 ἰθνικὸν
2162 2612 2477 2685 Χαιριὼτης,
2507 2614 2577 2673 ὡς
2604 2614 2873 2673 Nomium.
2913 2611 3080 2681 Hujus
3106 2611 3244 2666 idem
3282 2612 3526 2666 meminit

1941 2701 1995 2754 in
2024 2700 2256 2775 Ἀργαίου
2285 2709 2459 2762 νῆσος.
2490 2701 2776 2770 Procopio,
2808 2703 2903 2757 lib.
2936 2718 2988 2756 τι
3019 2703 3093 2757 De
3129 2701 3389 2756 tediliciis.
3435 2702 3527 2754 .Itt-

1939 2790 2064 2844 stin.
2088 2795 2318 2867 xipatoc,
2356 2790 2578 2862 Egypti
2610 2793 2779 2860 locus,
2809 2793 2950 2863 quod
2979 2792 3214 2849 Ortelius
3237 2806 3354 2847 esse
3380 2801 3529 2861 putat

1939 2882 2148 2938 Chercu
2178 2884 2473 2950 Antonino,
2498 2886 2640 2941 circa
2667 2885 2963 2940 Canobum.

2010 2990 2310 3047 CHALCIDOS
2350 3008 2581 3046 saeuus.
2614 2992 2921 3065 Hieronymi
2944 2993 3221 3050 habitatio.
3244 2994 3379 3049 Vita:
3400 2994 3527 3049 Mal-

1941 3083 2051 3147 chi,
2075 3101 2215 3138 nam.
2238 3085 2271 3138 ὅ
2299 3100 2313 3135 :
2344 3101 2362 3135 ι
2392 3085 2612 3139 Perveni
2638 3085 2848 3138 tandem
2871 3084 2936 3139 ad
2959 3100 3199 3140 eremum
3225 3082 3528 3151 Chalcidos,

1861 3154 1910 3217 ο
1941 3192 2061 3245 quae
2089 3178 2223 3230 inter
2253 3175 2446 3231 lmmas
2469 3185 2523 3231 et
2550 3176 2829 3232 Berhteam
2861 3176 3029 3247 magis
3061 3176 3125 3230 ad
3152 3176 3402 3231 Austrum
3428 3175 3529 3232 sita

1944 3283 2046 3325 ρει.
2083 3286 2101 3320 ι
2144 3268 2238 3322 Est
2266 3269 2317 3323 in
2346 3268 2521 3339 Syria.
2554 3269 2934 3339 Hieronymus,
2964 3269 3122 3338 epist.
3155 3268 3245 3333 45,
3270 3270 3335 3322 ad
3361 3267 3531 3322 ωηο.
3580 3320 3589 3329 ,

1944 3361 2190 3428 matium,
2230 3358 2479 3415 Jovinuui
2528 3368 2585 3414 et
2627 3359 2918 3415 Eusebium
2950 3377 2963 3415 :
2996 3360 3168 3415 «Nam
3227 3370 3530 3429 postquam,

1945 3452 2169 3522 Evagrio
2199 3452 2615 3517 transmittente,
2647 3450 2699 3504 in
2733 3467 2794 3505 ea
2824 3452 2890 3506 ad
2922 3467 3006 3506 me
3032 3452 3199 3506 eremi
3250 3460 3398 3519 parte
3436 3449 3529 3505 de-

1943 3545 2062 3598 lata:
2092 3554 2239 3611 sunt,
2259 3560 2378 3615 quae
2402 3545 2541 3600 inter
2561 3544 2727 3615 Syros
2746 3558 2809 3599 ac
2836 3544 3134 3599 Saracenos
3157 3551 3362 3596 vastum
3390 3540 3529 3596 limi-

1944 3649 2048 3691 tem
2080 3638 2246 3691 ducit.
2276 3654 2307 3689 τ»
2365 3637 2528 3701 Idem,
2563 3638 2720 3706 epist.
2754 3634 2843 3701 41,
2875 3636 2941 3689 ad
2972 3636 3287 3705 Bullinum:
3326 3653 3345 3687 ι
3375 3634 3529 3705 Syria

1947 3731 2231 3785 niihivelut
2252 3729 2545 3785 ﬁdissimus
2568 3730 2821 3798 naufrago
2843 3737 3026 3797 portus
3044 3727 3297 3782 occurrit.
3313 3746 3330 3778 ι
3359 3727 3527 3793 Idem,

1948 3822 2258 3887 uastatione
2297 3822 2350 3873 iu
2377 3821 2600 3875 Abdiam
2627 3836 2640 3872 :
2671 3838 2690 3871 ι
2720 3820 2942 3884 Quando
2976 3834 3076 3888 ego
3119 3828 3172 3873 et
3212 3817 3529 3872 Heliodorus

1944 3913 2293 3969 cliarissimus
2324 3916 2521 3982 pariter
2550 3912 2794 3968 habitare
2814 3912 3154 3968 solitudinem
3178 3911 3350 3983 Syria:
3370 3912 3529 3967 Chal-

1942 4006 2078 4061 cidis
2106 4005 2432 4059 nitebamur.

2018 4099 2223 4169 1021
2252 4098 2661 4151 Cumaeosctuu.
2706 4094 2838 4150 Viue
2866 4095 3137 4150 Pachomii
3183 4110 3302 4163 cap.
3337 4094 3389 4159 5,
3424 4095 3527 4162 40,

1942 4188 2031 4242 55.
2065 4189 2281 4243 Rectius
2307 4190 2513 4243 scribas
2546 4188 2729 4242 Latine
2756 4188 3183 4251 Clienoboscium,
3227 4187 3365 4254 quod
3394 4186 3532 4241 forte

1942 4283 2012 4339 ibi
2045 4297 2260 4338 anseres
2288 4291 2669 4352 pascerentur:
2703 4299 3007 4352 quanquam
3040 4296 3138 4334 nec
3169 4281 3290 4334 inde
3336 4295 3531 4334 nomen

1945 4391 2101 4429 suum
2158 4374 2384 4429 traxisse
2433 4374 2702 4428 existimat
2751 4374 3076 4442 Stephanus,
3134 4372 3207 4424 De
3257 4371 3526 4424 urbibus:

1942 4468 2276 4532 Χηνοϐοσκία,
2294 4464 2299 4469 ’
2317 4467 2457 4526 πόλις
2487 4469 2766 4535 Αἰγύπτου.
2809 4462 3126 4537 Ἀλέξανδρος
3155 4461 3204 4515 ἐν
3230 4462 3419 4537 πρώτῳ
3449 4463 3531 4515 Αἱ.

246 4562 499 4618 tempore
528 4550 728 4605 habens
758 4553 823 4603 ad
852 4551 1140 4619 potandum
1161 4563 1382 4603 caucum
1425 4548 1680 4616 ligneum,
1711 4547 1837 4601 vidit

1948 4566 2261 4629 νθυπίἰοωεῶν.
2291 4556 2519 4631 Ἀντικρυ
2570 4556 2623 4611 δέ
2671 4565 2765 4611 τοῦ
2806 4555 3098 4610 Διοπο).ἇτου
3154 4553 3485 4609 Χηνοϐοσκίον
3514 4592 3528 4613 ,

240 4655 478 4711 puerum
511 4656 668 4694 manu
712 4655 946 4695 concava
995 4640 1195 4705 bibere,
1227 4649 1280 4693 et
1310 4639 1518 4694 elisis~e
1561 4638 1725 4692 l'ertnr
1770 4638 1838 4691 ad

240 4743 471 4796 terram,
500 4732 685 4787 dicens
712 4750 727 4787 :
757 4732 1069 4789 Nesciebam
1100 4731 1243 4801 quod
1274 4740 1461 4785 natura
1493 4732 1721 4784 haberet
1754 4746 1841 4798 po-

237 4825 446 4879 culum.
480 4844 497 4876 »
548 4826 698 4891 Apud
731 4824 1053 4887 Ennodium,
1107 4824 1490 4895 epigrammate
1517 4823 1608 4890 ‘25,
1644 4823 1840 4877 inscri-

238 4919 360 4984 ptio
388 4926 470 4972 est
504 4933 517 4969 :
566 4914 645 4969 De
683 4933 839 4970 cauca
888 4915 1162 4987 cujusdam
1209 4915 1424 4967 habente
1456 4912 1748 4980 Pasiphaen
1789 4921 1837 4968 et

241 5008 504 5062 Taurum.
539 5007 738 5061 Eadem
768 5007 1042 5074 inscriptio
1070 5006 1384 5074 epigranun.
1437 5003 1527 5057 29.
1564 5003 1836 5072 Plerisque

239 5100 382 5153 locis
413 5114 517 5153 non
550 5108 695 5154 recte
719 5114 923 5151 caveam
949 5098 1028 5152 vel
1058 5113 1238 5150 cavum
1276 5097 1357 5148 vel
1405 5098 1619 5165 glaucus
1651 5094 1837 5149 hacte-

237 5206 350 5243 nus
397 5191 716 5259 impressum
765 5203 867 5244 est.
920 5188 1131 5258 Papias,
1161 5187 1358 5242 Causas
1389 5189 1522 5240 uasis
1558 5203 1736 5257 genus,
1768 5202 1835 5241 ex

237 5282 569 5351 incorruptis
599 5293 655 5336 ut
684 5293 903 5353 apparet
952 5283 1348 5351 exemplaribus
1376 5282 1502 5335 olim
1535 5280 1683 5333 citat.
1733 5280 1837 5335 Oc-

236 5376 416 5430 currit
439 5376 598 5430 etiam
629 5375 854 5445 epistola
876 5376 968 5442 ιθ,
1001 5376 1139 5431 inter
1165 5374 1538 5429 Bonifacianas
1568 5390 1583 5427 :
1618 5392 1637 5426 ι
1668 5373 1840 5428 Reve-

237 5469 434 5523 rentite
463 5478 654 5523 vestra:
684 5469 879 5523 direxit
898 5469 1110 5523 devotio
1134 5482 1250 5522 mea
1278 5482 1502 5522 caucum
1524 5476 1834 5535 argenteum

236 5559 392 5615 intus
438 5558 774 5625 deauratum,
822 5571 876 5615 et
928 5562 1036 5613 duo
1083 5569 1253 5629 repta.
1296 5578 1314 5610 ι
1350 5559 1484 5624 Quid
1514 5568 1715 5625 raptum
1745 5558 1831 5622 sit,

235 5651 455 5708 dubitat
507 5655 578 5708 ibi
634 5654 876 5710 Serarius
928 5664 1110 5708 noster
1137 5662 1191 5711 et
1226 5653 1533 5715 Gretzerus,
1579 5653 1670 5706 lib.
1703 5667 1741 5705 ll
1770 5650 1837 5706 de

238 5745 547 5812 Benedict.,
579 5760 697 5815 cap.
722 5744 810 5801 28.
837 5744 1047 5815 Aliquid
1072 5746 1303 5815 suggerit
1328 5744 1653 5800 GloSsariutu
1673 5744 1835 5797 Cam-

1944 4647 2099 4719 μηδὲν
2129 4651 2201 4708 εἰς
2226 4653 2316 4706 τήν
2342 4652 2691 4722 προσηγορέαν
2719 4648 3026 4720 ὶμφέρουσα,
3057 4646 3213 4715 νομὰς
3237 4645 3335 4716 ’γὰρ
3360 4649 3534 4711 χηνῶν

1944 4742 2030 4795 οὐκ
2057 4735 2116 4794 ἂν
2139 4738 2220 4799 ἴδη
2251 4762 2330 4800 τις
2354 4741 2534 4800 οὔσας.
2572 4757 2591 4791 t
2625 4737 3015 4800 Chenohoscia,
3054 4736 3243 4789 civitas
3288 4733 3529 4805 IEgypti.

1946 4832 2245 4885 Alexander
2272 4833 2323 4884 in
2356 4832 2491 4885 libro
2523 4830 2694 4899 primo
2745 4829 3208 4899 zEgyptiacorum.
3264 4826 3357 4879 Est
3384 4842 3414 4878 e
3441 4840 3532 4879 re-

1940 4923 2097 4990 gione
2129 4921 2405 4989 Diopnlilis
2432 4919 2600 4984 nomi,
2632 4919 2831 4973 nullam
2853 4916 3236 4970 nominationis
3261 4916 3378 4983 ejus
3405 4929 3532 4968 cau-

1942 5027 2055 5065 sam
2104 5026 2282 5065 secum
2339 5013 2536 5067 lerens.
2579 5010 2689 5065 Nec
2733 5010 2875 5063 enim
2908 5021 3157 5076 umquam
3192 5005 3261 5059 ibi
3309 5021 3535 5060 anseres

1945 5101 2088 5169 pasci
2111 5101 2230 5170 quis
2250 5100 2408 5154 vidit.
2432 5108 2437 5113 ’

2012 5192 2461 5247 Cuonsptscoeus.
2505 5190 2834 5255 Heraclides,
2883 5203 3002 5257 cap.
3054 5189 3123 5243 37
3158 5206 3172 5241 :
3209 5206 3227 5238 t
3267 5186 3395 5241 Erat
3439 5202 3533 5239 au-

1940 5292 2049 5338 tem
2077 5283 2145 5338 de
2180 5286 2506 5338 monasterio
2550 5280 2816 5336 'l'imothei
2870 5280 3199 5349 Cappadocis
3247 5279 3531 5349 cujusdam

1940 5375 2331 5445 chorepiscopi.
2374 5395 2392 5426 ι
2439 5376 2492 5428 in
2547 5374 2802 5436 Palladio,
2855 5388 2974 5439 cap.
3031 5371 3149 5425 lllli.
3199 5369 3535 5426 Glossarium

1940 5467 2371 5523 Camberonense
2397 5467 2494 5520 Ms.
2524 5484 2539 5519 :
2575 5485 2593 5517 t
2631 5464 3013 5534 Cltorepiscopi
3046 5466 3293 5517 dicuntur
3322 5464 3509 5531 episco

1944 5577 2130 5627 porum
2153 5561 2361 5624 vicarii,
2408 5560 2495 5627 qui
2544 5568 2764 5628 propter
2794 5573 3083 5627 pauperum
3114 5556 3532 5610 sollicitudinem

1941 5652 1994 5705 iu
2024 5652 2165 5705 villis
2190 5661 2245 5704 et
2272 5650 2406 5704 vicis
2434 5648 2711 5703 Constituti
2755 5649 3053 5717 gubernant
3091 5645 3412 5699 commissas
3443 5659 3535 5695 cca

1938 5742 2155 5807 clcsias,
2188 5742 2444 5798 habentes
2472 5741 2738 5797 licentiam
2770 5740 3093 5795 constituere
3120 5749 3287 5804 usque
3313 5733 3377 5784 ad
3403 5734 3526 5787 sub—
