4014 6368
476 296 584 353 425

1197 302 1674 362 ONOMASTICON
1714 302 1956 363 BERUM
1998 306 2088 364 ΕΤ
2126 305 2506 366 VERBORUM
2546 307 3074 369 DIFFICILIORUM.

3651 313 3768 374 ιρι

475 411 748 467 diaconos.
791 429 808 462 ι
843 409 919 466 Ite
941 426 1164 469 munere
1192 429 1378 471 eorum
1416 416 1537 473 vide
1567 419 1878 486 Barouium,
1918 430 2064 476 torno
2093 431 2137 485 Α
2169 425 2535 492 appenderunt
2559 426 2610 481 in
2636 428 2834 481 collum
2861 441 3037 482 meum
3055 424 3367 483 caccabatas
3394 427 3555 496 ollas,
3579 441 3637 488 et
3657 448 3769 491 an-

476 501 566 567 llI,
599 516 739 556 anno
765 502 965 556 Christi
1006 504 1129 559 557.

548 595 821 649 Cuvosun
861 610 1043 651 VINUM.
1088 596 1144 649 In
1202 595 1417 652 Palladii
1458 597 1733 665 Lausiaca,
1788 616 1855 656 ex
1897 602 2065 656 veleri

476 686 933 755 interpretatione,
970 687 1021 740 in
1050 688 1362 755 appendiee,
1394 703 1512 758 cap.
1543 689 1637 757 20,
1668 708 1721 745 ιι.
1755 691 1789 743 5
1820 710 1833 745 :
1863 710 1882 744 ι
1911 693 2066 748 Acci-

476 793 544 846 pe
571 786 743 831 tecum
774 793 936 831 unum
967 778 1243 834 vasculum
1290 778 1509 849 bedaai
1551 781 1676 835 viui.
1718 801 1737 835 ι
1782 783 1856 837 Ita
1890 783 1958 838 ibi
1991 783 2062 838 Ie-

474 870 708 939 gendum
758 869 1010 924 existimo
1046 885 1142 939 pro
1189 869 1415 936 Cln'ndii,
1451 883 1508 926 ut
1547 873 1599 927 in
1646 875 1921 931 notatione
1952 892 2064 931 mo-

477 962 596 1016 uui.
627 960 849 1027 Plinius,
903 962 1042 1015 libro
1095 976 1209 1026 xut,
1264 965 1436 1030 capite
1491 976 1703 1033 quarto,
1760 966 1828 1021 de
1877 968 2065 1035 palmis

473 1066 637 1122 agens
667 1062 721 1108 et
745 1068 927 1107 earum
958 1053 1185 1122 dactylis
1212 1069 1225 1106 :
1261 1070 1280 1105 ι
1316 1054 1446 1107 Nam
1492 1070 1627 1123 quos
1660 1072 1722 1110 ex
1757 1057 1839 1111 his
1872 1057 2061 1115 honori

473 1145 697 1198 deorum
745 1145 1003 1211 dicamus,
1045 1143 1311 1217 bedmos
1358 1147 1647 1214 appellavit
1689 1147 1897 1216 Iudaea,
1930 1165 2064 1220 gens

472 1237 794 1291 contumelia
826 1239 1098 1292 numinum
1142 1240 1387 1309 insignis.
1427 1259 1445 1291 ι
1479 1240 1621 1296 Idem
1670 1242 1760 1297 lib.
1806 1260 1909 1311 xiv,
1942 1260 2060 1316 cap.

473 1328 561 1395 I6,
592 1343 754 1399 agens
781 1328 849 1383 de
885 1329 1019 1383 vinis
1047 1329 1265 1385 laetitiis
1295 1347 1310 1386 :
1348 1350 1367 1383 ι
1410 1331 1754 1402 Primumque
1780 1351 1809 1389 e
1842 1337 2054 1404 palmis,

472 1435 576 1489 quo
590 1420 773 1474 Parthi
791 1429 844 1474 et
860 1419 971 1474 Indi
994 1430 1231 1485 utuntur,
1261 1422 1521 1478 etOi-iens
1545 1433 1709 1490 totus,
1737 1436 2062 1481 maturarqu

472 1524 602 1579 quas
633 1518 825 1563 vocant
864 1510 1115 1581 cbydteas
1159 1512 1338 1567 modio
1382 1514 1434 1567 in
1463 1529 1614 1583 aqua!
1663 1516 1867 1585 congiis
1897 1519 2065 1574 tribus

470 1609 756 1667 macerato,
785 1616 1165 1672 expressoque.
1204 1622 1224 1654 ι
1269 1604 1487 1675 Chydazi
1528 1605 1901 1674 signiﬁcationi
1951 1611 2060 1664 Iors

470 1693 642 1748 lucem
696 1693 845 1747 dabit
876 1694 1025 1747 locus
1073 1695 1246 1749 Exod.
1306 1712 1352 1759 ι,
1394 1697 1422 1747 7
1460 1713 1475 1751 :
1522 1696 1653 1752 Filii
1694 1698 1862 1753 Israel
1898 1718 2063 1756 creve-

2169 527 2260 568 sas
2288 528 2559 568 vasorum.
2600 535 2618 568 ι
2652 515 2930 582 Paulinus,
2969 518 3196 588 epistola
3231 519 3294 573 12
3323 537 3337 574 :
3372 538 3393 573 ι
3433 519 3567 575 Cum
3592 524 3771 581 aedili-

2167 603 2270 669 cia,
2300 618 2418 673 qua:
2448 607 2784 664 immaculata
2815 610 2989 664 adhuc
3018 610 3199 679 operis
3246 611 3319 665 tui
3359 621 3531 683 grata
3581 618 3769 684 sp'eu-

2166 698 2295 753 dent
2319 699 2600 754 obscurata
2631 701 2819 756 nreuiis
2849 703 3167 771 insipientia:
3198 719 3353 769 meat,
3403 715 3457 758 et
3487 706 3506 765 (
3517 714 3573 759 ut
3602 707 3769 777 digno

2168 790 2305 845 meis
2331 791 2573 846 versibus
2594 794 2757 849 verbo
2773 796 2912 865 utar)
2933 797 3237 866 caecabata,
3262 797 3562 856 ridentibus
3579 802 3769 855 multis

2168 882 2251 937 vel
2282 884 2666 938 nauseantibus
2694 886 2949 941 confusus
2974 887 3224 956 aspicies.
3258 906 3278 940 ι
3311 888 3392 942 Ad
3420 904 3580 959 quem
3612 894 3767 959 plura

2166 974 2235 1029 de
2265 975 2364 1028 hac
2394 989 2526 1029 voce
2547 976 2804 1030 diximus.

2235 1069 2503 1124 Cuntcus.
2548 1070 2660 1125 Vita
2692 1070 2944 1135 Fabiolae,
2985 1071 3162 1140 capite
3187 1072 3220 1124 5
3242 1081 3296 1126 et
3338 1071 3541 1139 Paulae,
3575 1075 3762 1143 capite

2164 1159 2221 1215 4.
2252 1159 2471 1228 Capitur
2505 1161 2591 1214 hic
2618 1176 2713 1230 pro
2736 1176 2901 1230 aegro,
2930 1161 3020 1230 qui
3065 1161 3204 1216 lecto
3250 1161 3544 1227 decumbit,
3574 1179 3673 1217 nec
3702 1180 3768 1219 se

2166 1267 2384 1308 movere
2415 1264 2608 1321 potest.
2644 1254 2865 1319 Plinius,
2895 1254 2989 1308 lib.
3024 1270 3145 1319 xxv,
3190 1269 3314 1325 cap.
3346 1254 3380 1308 5
3413 1271 3427 1307 :
3462 1273 3482 1306 ι
3520 1256 3769 1311 Medetur

2168 1343 2239 1398 ita
2285 1345 2487 1398 morbis
2520 1344 2904 1411 comitialibus,
2952 1354 3013 1398 ut
3038 1344 3296 1410 diximus,
3329 1345 3595 1415 vertigini,
3644 1362 3767 1401 me-

2168 1435 2495 1500 Iancbolicis,
2563 1435 2945 1500 stomarhicis,
2997 1436 3266 1505 spasticis,
3336 1436 3571 1492 eIinicis.
3614 1457 3635 1491 ι
3667 1438 3766 1497 Sic

2168 1528 2509 1599 paralyticum
2534 1526 2753 1583 Joannis
2773 1543 2804 1580 v
2828 1526 3124 1599 Cyprianus
3144 1528 3388 1582 clinicum
3409 1539 3566 1584 vocat
3589 1531 3763 1601 epist.

2167 1618 2271 1674 76:
2300 1637 2319 1670 ι
2348 1620 2457 1689 Ego
2486 1620 2652 1685 enim,
2683 1619 2773 1690 qui
2803 1620 3050 1676 clinicum
3076 1620 3144 1676 de
3174 1621 3466 1690 Evangelio
3490 1624 3640 1678 novi.
3662 1642 3682 1676 ι

2239 1710 2400 1764 Erant
2427 1720 2483 1765 et
2522 1710 2702 1765 clinici
2732 1711 2926 1765 medici
2955 1712 3046 1781 qui
3078 1711 3292 1768 lectulis
3320 1728 3587 1783 aegrorum
3622 1728 3765 1768 85$!-

470 1794 611 1850 rnnt,
635 1795 681 1839 et
699 1785 845 1854 quasi
864 1787 1205 1855 germinanles
1228 1788 1560 1857 multiplicati
1578 1801 1717 1844 sunt.
1747 1792 1900 1860 Apud
1925 1794 2062 1847 LXX
2094 1796 2140 1856 B
2168 1801 2386 1866 debant,
2429 1817 2534 1871 quo
2577 1801 2762 1856 alludit
2807 1801 3081 1868 Martialis,
3112 1803 3205 1857 lib.
3249 1819 3300 1871 ι,
3342 1804 3520 1874 epigr.
3548 1802 3640 1867 3|,
3670 1801 3766 1858 ubi

471 1889 552 1931 est
580 1894 593 1929 :
621 1878 680 1930 Οἱ
717 1877 771 1931 δέ
799 1878 901 1931 υἱοὶ
927 1877 1128 1954 Ἰσραήλ
1177 1882 1480 1947 ηὐξήθησαν,
1535 1887 1621 1937 καὶ
1672 1885 2064 1951 έπληθύνθησαν,

472 1971 550 2021 καὶ
605 1966 821 2037 χυδαῖοι
848 1969 1090 2038 εγὲνοντο.
1124 1970 1279 2024 Arias
1325 1972 1610 2029 Montanus
1651 1977 1848 2031 vertit:
1880 1979 1945 2030 At
1969 1980 2066 2046 ﬁlii

474 2056 645 2110 Israel
684 2068 951 2110 creverunt
1000 2068 1047 2111 et
1096 2060 1421 2131 multiplicati
1467 2076 1606 2130 sunt,
1656 2075 1707 2119 et
1749 2068 2066 2124 abundantes

472 2149 700 2219 fuerunt.
743 2149 843 2205 Ubi
898 2151 1135 2206 Romana
1192 2154 1370 2210 Editio
1418 2158 1616 2212 habet:
1667 2169 1715 2213 et
1750 2161 1898 2229 e/fusi
1940 2164 2066 2233 facti

473 2256 611 2310 sunt,
647 2243 858 2315 χυδαῑοι
884 2248 1128 2317 ἐγένοντο.
1159 2247 1429 2318 Interpres
1458 2250 1739 2320 Urigenis:
1771 2264 1818 2305 et
1843 2254 1896 2307 in
1929 2256 2063 2309 inul-

472 2336 690 2389 titudine
734 2354 922 2408 magna
956 2338 1133 2407 ili/[nsi
1178 2350 1319 2395 sunt.
1356 2341 1579 2398 Χνδαῑον
1628 2358 1771 2413 saepe
1799 2346 2063 2416 signiﬁcat

471 2429 702 2498 uulgare,
735 2439 784 2483 et
812 2446 876 2484 ea:
902 2432 1050 2498 copia
1098 2433 1216 2486 uile.
1266 2433 1443 2500 Quare
1472 2434 1726 2491 admonet
1755 2438 2063 2496 Theodore-

470 2529 579 2587 tus,
608 2538 662 2590 q.
698 2524 752 2589 I,
800 2538 905 2578 non
937 2540 1056 2580 esse
1088 2525 1190 2581 hoc
1218 2526 1335 2581 loco
1370 2529 1736 2598 accipiendum
1769 2532 1921 2602 quasi
1964 2548 2060 2603 per

469 2617 846 2672 contumeliam
878 2618 1103 2686 dictum,
1138 2621 1590 2690 quemadmodum
1621 2626 1865 2680 nonnulli
1894 2642 2057 2682 acce-

470 2704 675 2771 perint;
717 2707 809 2760 sed
843 2716 1044 2763 tantum
1082 2726 1424 2765 nunierosam
1457 2715 1854 2771 multitudinem
1892 2717 2056 2788 signi-

470 2797 651 2853 lieare.
677 2798 751 2853 Ita
772 2801 913 2855 enim
939 2813 1245 2871 creverunt,
1280 2805 1471 2875 inquit,
1502 2817 1560 2861 ut
1609 2823 1704 2877 per
1747 2813 2053 2867 universam

470 2885 608 2943 ltlam
640 2900 834 2945 terram
865 2892 1309 2949 dill'undereutur.
1351 2898 1542 2967 Aquila
1573 2901 1872 2976 ἐξήρπασαν,
1900 2902 2057 2975 Sym-

466 2984 685 3038 machus
709 2982 956 3060 ἐξῆρῷαν,
1008 3002 1325 3056 erepserunt.
1380 2988 1712 3058 Eustathius,
1762 2993 1818 3048 in
1858 2993 2056 3051 IIorne-

466 3085 582 3130 t'ultt
616 3091 628 3126 :
659 3074 884 3143 Χνδαῖοι,
912 3078 1073 3133 ’καλαὶ
1119 3080 1337 3152 ἐλέγοντο
1366 3082 1410 3135 οἱ
1435 3083 1864 3158 πιπληθυσμὲνοι,
1891 3093 1978 3140 νῦν
1999 3086 2053 3143 δὲ

2114 1946 2125 1957 ,
2172 1891 2440 1948 Raderum
2465 1903 2704 1947 nostrum
2731 1893 2799 1947 de
2829 1893 2930 1947 hoc
2955 1894 3281 1948 medicorum
3310 1909 3513 1963 genere
3544 1895 3684 1949 vide.

2239 1983 2424 2038 Clinici
2464 1998 2676 2053 quoque
2716 1994 2955 2050 tempore
2998 1982 3251 2054 Cypriani
3290 1984 3636 2051 dicebantur,
3670 1986 3765 2053 qui

2170 2075 2329 2129 morti
2380 2076 2604 2142 proximi
2674 2074 2727 2128 in
2775 2076 2912 2129 lecto
2962 2076 3390 2144 baptizabantur.
3433 2072 3763 2145 Cyprianus,

2167 2166 2387 2236 epistola
2420 2166 2521 2220 76:
2563 2184 2579 2216 ι
2609 2166 2776 2221 Porrn
2800 2179 2975 2221 autem
2998 2169 3140 2237 quod
3168 2167 3383 2236 quidam
3411 2182 3508 2223 eos
3534 2169 3765 2224 salutari

2165 2271 2300 2327 aqua
2342 2267 2395 2309 et
2451 2255 2553 2309 lide
2608 2256 2841 2325 legitima
2888 2255 3089 2310 tlhriSti
3134 2258 3362 2325 gratiam
3417 2266 3764 2325 consecutos,

2168 2365 2274 2404 non
2303 2348 2660 2413 Christianos,
2693 2351 2784 2402 sed
2816 2348 3039 2403 clinicos
3061 2361 3272 2403 vocant.
3310 2367 3330 2401 ι

2233 2442 2527 2497 (ἐοιυιιιυιι.
2575 2440 2691 2496 Vita
2732 2442 3027 2509 Pachomii,
3059 2455 3178 2510 cap.
3204 2442 3266 2496 14
3291 2458 3306 2495 :
3336 2460 3357 2494 ι
3392 2442 3616 2500 Lebiton
3656 2462 3758 2499 au-

2162 2541 2268 2588 tem
2295 2532 2433 2588 linea
2465 2533 2630 2588 vestis
2651 2542 2786 2597 erat,
2812 2533 2981 2587 instar
3009 2533 3227 2587 colobii.
3269 2552 3287 2585 ι
3335 2533 3600 2603 Bullinus,
3637 2538 3753 2603 hic,

2163 2624 2302 2680 libro
2333 2640 2406 2691 tt,
2432 2640 2483 2679 c.
2507 2626 2576 2679 ὃς
2613 2643 2632 2677 ι
2661 2623 2864 2691 Quibus
2892 2639 3020 2679 usus
3043 2634 3125 2680 est
3157 2623 3301 2678 indui
3331 2626 3577 2694 colobiis,
3601 2630 3762 2697 quasi

2163 2716 2337 2773 saccis
2394 2716 2572 2772 lineis.
2633 2734 2652 2767 ι
2707 2715 3037 2769 Glossarium
3087 2715 3521 2772 Camberouense
3571 2735 3764 2773 manu-

2157 2807 2448 2875 scriptum:
2488 2824 2505 2856 ι
2546 2805 2848 2870 (ὶοΙοιιίιιιιι,
2898 2807 3061 2859 vestis
3107 2806 3331 2859 cucullce
3384 2806 3596 2871 similis,
3654 2810 3762 2882 nisi

2157 2898 2301 2969 quod
2330 2898 2537 2952 cucullo
2583 2907 2749 2951 caret.
2792 2914 2811 2948 ι
2866 2895 3057 2965 Papias
3101 2895 3487 2951 Vocabulista:
3536 2917 3554 2949 ι
3590 2897 3764 2952 Colo-

2157 2989 2300 3043 bium
2330 3003 2499 3058 genus
2526 2986 2687 3041 vestis
2725 2987 2949 3050 dictum,
2988 2987 3110 3057 quia
3142 2989 3356 3054 longum
3398 2997 3504 3054 est,
3542 2996 3599 3043 et
3638 2989 3762 3043 sine

2157 3082 2404 3137 manicis.
2438 3080 2550 3134 lloe
2578 3078 2779 3148 antiqui
2840 3080 3149 3133 utebantur.
3194 3077 3300 3135 Sed
3361 3080 3481 3149 quia
3541 3080 3761 3135 nuditas

467 3166 513 3220 οἱ
559 3164 838 3236 οὐδαμένοι.
891 3186 910 3220 ι
946 3167 1167 3240 bedzei
1207 3172 1336 3225 olim
1366 3171 1494 3228 dicti
1523 3174 1879 3245 multiplicati,
1914 3192 2056 3234 nune
2083 3175 2128 3239 C
2161 3171 2496 3228 brachiorum
2523 3171 2857 3239 culpabatur,
2888 3185 3014 3225 usus
3057 3170 3389 3225 colobiorum
3418 3172 3470 3225 in
3498 3172 3760 3227 dalmati-

472 3270 654 3314 autem
677 3263 874 3316 nullius
904 3264 1079 3330 pretii.
1118 3283 1136 3317 ι

535 3355 834 3410 Ctuccusts
856 3372 1124 3412 AMPIIORA.
1150 3357 1437 3425 Palladius,
1460 3376 1582 3430 cap.
1612 3361 1697 3429 I9,
1723 3362 1793 3416 20
1823 3380 1875 3417 τι
1903 3363 2059 3421 Post-

473 3459 635 3512 quam
682 3447 955 3513 amphora:
1005 3449 1160 3503 unius
1213 3447 1489 3505 Cilicensis
1530 3467 1720 3521 aquam
1752 3452 1997 3510 bibisset.
2033 3474 2052 3508 ι

470 3536 608 3590 Μιτά
628 3536 687 3591 τὸ
708 3546 865 3591 πινεῖν
895 3539 1122 3615 ἀμφορέα
1144 3540 1405 3596 Κιλικίσιον
1430 3541 1638 3613 ὗδᾳτος.
1667 3544 1919 3611 Suspicor
1947 3562 2061 3600 ma-

473 3627 672 3682 ximam
694 3630 1006 3697 amphoram
1032 3630 1211 3698 fuisse,
1245 3647 1366 3687 nam
1386 3634 1672 3703 praecedit:
1703 3635 1915 3690 «Trium
1945 3653 2060 3692 mo-

470 3721 678 3776 diorum
728 3738 917 3792 panem
979 3735 1258 3794 postquam
1316 3727 1659 3797 comedisset,
1728 3738 1783 3784 et
1831 3730 2056 3801 ampho-

469 3828 566 3882 rae,
597 3833 617 3866 ι
649 3825 780 3879 etc.,
806 3824 863 3868 ut
889 3816 958 3870 sit
998 3818 1275 3888 proportio
1321 3819 1498 3889 aliqua
1536 3821 1675 3875 inter
1711 3830 1819 3877 tres
1849 3821 2059 3878 modios

468 3913 523 3959 et
564 3904 879 3975 amphoram
941 3923 1099 3961 uuam
1163 3908 1506 3964 Cilicensem.
1562 3911 1729 3981 Idem,
1783 3929 1902 3982 cap.
1949 3913 2054 3967 ὅδε

479 4014 498 4048 ι
538 3996 668 4051 Cum
693 4013 823 4068 ergo
852 4000 1012 4053 multa
1054 4015 1176 4055 vasa
1208 4001 1390 4056 ﬁctilia
1441 4012 1725 4075 portasset,
1765 4025 1784 4059 ι
1840 4006 2059 4065 Graecus

469 4089 637 4155 addit,
665 4088 957 4146 Cilicensia.
1000 4099 1276 4157 Βαστάσας
1302 4091 1388 4151 οὖν
1417 4098 1603 4161 ἐκεῖνος
1630 4103 1847 4175 κεράμια
1871 4102 2061 4155 minxi-

472 4205 583 4238 σια.
630 4183 957 4251 lleraclides,
982 4201 1101 4256 cap.
1149 4186 1181 4240 6
1214 4205 1226 4240 :
1276 4207 1293 4238 ι
1329 4189 1486 4245 unius
1513 4191 1790 4260 amphorae
1818 4194 2057 4262 lagenam

472 4272 659 4330 bibere
703 4277 989 4345 coegisset.
1026 4296 1045 4330 ι
1083 4277 1181 4333 Ubi
1221 4279 1433 4347 quidam
1491 4280 1609 4347 ΜΒ..
1663 4281 1923 4338 Cilicensis
1974 4284 2059 4337 la-

470 4364 613 4437 9m
643 4384 852 4437 aquam.
882 4370 1035 4438 Apud
1062 4371 1401 4438 Athenaeum,
1443 4374 1536 4429 lib.
1564 4390 1643 4440 ιιι,
1677 4376 1847 4431 Cilicii
1871 4393 2057 4447 panes,

456 4464 595 4514 sunt
619 4474 782 4529 panes
813 4463 1013 4530 magni,
1066 4476 1294 4533 quorum
1351 4463 1514 4519 etiam
1572 4467 1815 4520 meminit
1869 4467 2059 4521 Eusta-

2162 3283 2253 3323 cas
2306 3278 2391 3322 est
2437 3278 2694 3322 mutatus.
2742 3283 2761 3317 ι
2814 3265 3080 3319 Existimo
3128 3264 3407 3319 Colobium
3461 3263 3670 3320 dictum
3724 3281 3759 3319 a

2162 3360 2388 3423 κολοϐὸς,
2417 3358 2557 3426 quod
2590 3356 2833 3411 mutilum
2856 3366 3001 3410 esset
3032 3354 3278 3410 videlicet
3317 3355 3565 3414 manicis.
3595 3355 3761 3411 Nice-

2163 3462 2266 3516 tas,
2318 3451 2581 3506 Thesauri
2632 3451 2914 3506 orthodoxi
2969 3451 3063 3505 lib.
3111 3466 3165 3517 ι,
3196 3464 3316 3521 cap.
3359 3449 3449 3516 59,
3492 3464 3660 3519 agens
3688 3454 3762 3505 de

2162 3543 2361 3600 Scribis
2392 3542 2699 3597 Iudamrum
2735 3560 2748 3595 :
2783 3560 2802 3594 ι
2841 3541 3154 3608 Dalmatica,
3189 3557 3306 3613 quas
3350 3555 3491 3596 nunc
3537 3541 3755 3595 colobia

2160 3636 2428 3697 dicuntur.
2462 3650 2804 3705 purpuraque
2832 3644 3217 3702 praetexuntur,
3256 3634 3446 3698 induti,
3477 3633 3759 3703 pbylacte-

2161 3732 2240 3783 ria
2271 3742 2366 3781 sua
2393 3727 2761 3790 ostentabant,
2793 3726 2981 3779 breves
3014 3725 3261 3779 nimirum
3303 3724 3596 3787 chartulas,
3630 3725 3760 3793 qui-

2163 3818 2261 3873 bus
2287 3818 2539 3887 inscripta
2568 3818 2649 3871 lex
2676 3824 2813 3882 erat,
2840 3831 2973 3885 quas
3003 3817 3075 3870 illi
3112 3817 3355 3884 pretiosis
3388 3816 3563 3869 fasciis
3593 3831 3761 3868 orna-

2162 3919 2262 3975 tas,
2294 3925 2530 3979 auroque
2549 3908 2844 3972 distinctas,
2878 3916 3129 3977 tauquam
3149 3906 3454 3962 Judmorum
3476 3908 3760 3976 magistri,

2161 4003 2500 4058 deferebant.
2536 4019 2554 4053 ι
2610 4001 2780 4054 Etiam
2830 3999 3054 4054 colobiis
3099 4000 3480 4054 monachorum
3540 3997 3758 4070 signum

2161 4104 2276 4150 erat
2318 4096 2658 4150 intertextum
2701 4109 2732 4148 e
2771 4109 3024 4163 purpura.
3060 4094 3191 4149 Vide
3252 4097 3614 4163 Dorotbeum,
3652 4094 3761 4148 Do-

2161 4188 2405 4243 ctrinal.
2455 4187 2627 4241 Habes
2678 4187 2838 4241 etiam
2894 4187 3143 4241 colobinm
3195 4196 3561 4258 purpuratum,
3612 4187 3760 4256 apud

2163 4280 2526 4344 Anastasium,
2561 4279 2614 4333 in
2648 4278 3002 4344 Eutychiano.

2233 4370 2632 4425 CONTERNATIO.
2655 4369 2771 4424 Vita
2792 4380 2990 4424 sancta:
3015 4369 3214 4434 Paulae,
3244 4385 3369 4423 num
3402 4368 3463 4424 Il
3500 4371 3518 4400 ¹
3555 4388 3570 4423 :
3603 4387 3624 4420 ι
3661 4369 3761 4424 Se-

2162 4479 2259 4534 gor
2288 4464 2508 4517 vitulam
2538 4471 2964 4526 conternauteat,
3005 4480 3024 4514 ι
3072 4463 3122 4516 id
3171 4471 3255 4518 est
3309 4463 3545 4527 trimam,
3604 4461 3761 4517 Isaia

469 4554 614 4608 tbins
643 4554 711 4608 ad
740 4554 1051 4611 Homerum.
1105 4557 1358 4625 Isidorus,
1395 4559 1490 4613 lib.
1544 4575 1615 4614 xx
1644 4561 1817 4631 Orig.,
1843 4577 1962 4633 cap.
1997 4564 2051 4629 6,
2087 4552 2135 4612 Ι)
2160 4571 2246 4610 xv.
2280 4554 2471 4624 Papias
2504 4572 2516 4608 :
2556 4572 2574 4606 ι
2620 4555 2977 4620 Conteruans,
3010 4554 3169 4608 vitula
3204 4554 3416 4609 tertium
3465 4568 3633 4624 agens
3659 4568 3762 4606 au-

462 4646 713 4700 meminit
736 4645 933 4701 Sicula:
955 4651 1117 4704 vasis.
1143 4649 1351 4720 Lagena
1366 4659 1420 4706 et
1445 4652 1602 4705 situla
1632 4651 1815 4708 Grzcca
1839 4658 2058 4711 nomina

460 4747 613 4802 sunt,
644 4736 840 4793 inﬂexa
880 4753 950 4793 ex
998 4749 1148 4809 parte
1193 4751 1251 4796 ut
1298 4742 1490 4798 ﬁerent
1543 4743 1755 4801 Latina.
1789 4746 1868 4801 Illi
1914 4748 2056 4801 enim

461 4831 706 4903 λάγηνος,
749 4845 848 4885 nos
878 4831 1154 4901 Iagenam;
1190 4832 1266 4886 illi
1306 4834 1479 4899 sicile,
1527 4849 1628 4889 nos
1654 4846 1660 4897 ζ
1674 4836 1887 4891 situlam
1918 4839 2052 4894 dici-

466 4936 604 4976 tnus.
651 4941 670 4975 ι
717 4921 911 4993 Papias
945 4922 1331 4979 Vocabulista:
1375 4944 1393 4976 ι
1442 4925 1616 4980 Sicula
1643 4942 1737 4981 vas
1779 4937 1959 4997 aptum
1990 4930 2058 4985 ad

463 5014 651 5066 vinum
678 5014 759 5067 vel
781 5028 997 5082 aquam,
1020 5028 1049 5068 a
1075 5013 1264 5069 Graeco
1295 5023 1545 5082 tractum,
1570 5018 1620 5071 id
1642 5029 1723 5073 est
1751 5021 1901 5074 sicia.
1942 5039 1960 5072 ι
1996 5020 2061 5076 Ει

470 5119 536 5157 ne
560 5102 748 5157 vitium
765 5102 852 5158 hic
868 5105 921 5157 in
944 5103 1321 5175 orthographia
1347 5106 1652 5176 suspiceris,
1671 5108 2060 5181 legendumque

465 5196 646 5261 situla,
677 5196 728 5249 in
782 5197 887 5253 alio
926 5209 1048 5267 post
1095 5198 1393 5253 litterarum
1424 5200 1613 5255 ordine
1642 5201 1857 5256 situlam
1888 5204 2055 5274 ponit.

540 5283 853 5342 Ctssucurs
901 5304 970 5342 ur
996 5303 1326 5345 excessus.
1367 5290 1635 5361 Pelagius,
1681 5293 1847 5349 libell.
1880 5312 1967 5359 xv,
2002 5314 2057 5351 n.

464 5375 536 5430 21)
572 5393 587 5431 :
623 5396 643 5429 ι
681 5379 825 5435 Bene
866 5379 960 5435 tibi
1002 5380 1245 5436 fecerunt
1277 5381 1551 5437 einerente
1596 5395 1650 5439 et
1690 5386 1994 5442 eaccabate.
2033 5405 2053 5439 ι

470 5468 739 5524 Describit
765 5472 999 5541 seipsunt
1024 5472 1254 5528 luridum
1286 5483 1341 5528 et
1369 5473 1602 5543 nigrum.
1638 5474 1859 5541 Ibidem,
1906 5492 2053 5531 unm.

469 5558 564 5630 25,
611 5562 681 5617 de
726 5562 957 5617 Macario
1007 5561 1377 5619 fornicationis
1429 5564 1562 5620 [also
1604 5574 1893 5623 accusato:
1933 5586 1950 5618 ι
1991 5567 2058 5624 Et

2166 4663 2314 4702 num.
2349 4665 2368 4699 ι
2398 4646 2807 4702 Vocabularium
2855 4647 3101 4711 Gerardi,
3150 4649 3217 4701 de
3259 4648 3535 4702 Sebeuren
3573 4664 3588 4699 :
3623 4648 3760 4703 Com

2166 4753 2428 4803 manus,
2465 4738 2549 4792 die
2577 4738 2630 4791 in
2662 4754 2823 4808 synen
2867 4738 3058 4791 derdsn
3088 4738 3194 4791 iaer
3235 4738 3299 4792 is.
3332 4737 3462 4793 Vide
3496 4738 3636 4792 bane
3684 4740 3763 4792 ιε.

2166 4831 2396 4886 ctionetu
2429 4840 2679 4885 accurate
2703 4829 3021 4899 explicatam
3054 4830 3195 4899 apud
3243 4839 3485 4884 nostrum
3526 4828 3759 4883 Gabrieo

2163 4925 2268 4981 lem
2296 4926 2525 4981 Alvarez
2551 4924 2603 4977 in
2634 4924 2847 4977 Isaiam.
2880 4922 3071 4977 Rarius
3110 4922 3428 4977 vocabulum
3456 4937 3525 4978 eo
3552 4923 3761 4992 signiﬁ-

2163 5027 2308 5070 catu.
2341 5015 2438 5069 Diu
2462 5015 2529 5068 ibi
2550 5014 2743 5068 lectum
2769 5020 3195 5066 conslcruanlem.
3224 5011 3462 5081 Utraque
3486 5012 3649 5067 lectio
3671 5021 3761 5065 est

2163 5110 2215 5163 in
2246 5101 2521 5163 Glossario
2578 5107 2678 5160 Ms.
2733 5103 3153 5159 Cambcronensi
3184 5144 3199 5168 ,
3238 5122 3256 5155 ι
3319 5103 3634 5157 Conternare
3674 5104 3761 5156 vel

2162 5208 2456 5253 contrenarc
2479 5207 2562 5253 est
2587 5205 2837 5251 tremere.
2872 5193 3022 5250 Unde
3063 5205 3119 5248 et
3144 5193 3316 5263 Segor
3346 5194 3509 5249 vitula
3543 5203 3762 5248 conter-

2162 5304 2296 5345 naus
2323 5305 2351 5343 a
2386 5290 2649 5357 Propheta
2679 5287 2872 5343 dicitur
2904 5302 2921 5338 :
2960 5285 3157 5353 Vitula,
3182 5287 3302 5355 quia
3327 5300 3525 5356 parva;
3558 5296 3761 5338 conter-

2162 5400 2316 5450 nans,
2345 5384 2469 5475 quia
2500 5390 2908 5451 per‘tremorem
2957 5388 3114 5434 terra:
3143 5394 3287 5445 saepe
3324 5380 3569 5438 subruta.
3620 5376 3758 5432 Con-

2162 5468 2415 5543 sternani,
2456 5473 2746 5542 repellens,
2787 5474 2868 5525 vel
2910 5470 3130 5531 cadens.
3171 5468 3532 5524 Consternatio
3557 5468 3761 5523 dicitur

2163 5563 2336 5620 subita
2363 5562 2648 5619 concitatio
2668 5577 2732 5618 ex
2754 5562 2931 5631 aliquo
2958 5568 3126 5625 metu,
3159 5574 3188 5613 a
3218 5559 3569 5615 stcruutaudo
3589 5558 3761 5614 dicta.

544 5738 569 5774 ⁸
612 5739 746 5799 Vide
790 5740 994 5798 Patrol.
1028 5752 1068 5799 t.
1115 5741 1282 5812 XXII,
1326 5742 1434 5799 col.
1466 5742 1567 5798 887
1606 5743 1746 5813 init.,
1780 5744 1870 5802 ubi
1924 5746 2075 5815 lapsu
2108 5744 2491 5818 typograpbico
2518 5744 2775 5814 scriptum
2818 5751 2936 5800 est:
2983 5739 3421 5799 Consternantem.
3453 5741 3607 5797 Enrr.
