4014 6368
296 364 407 423 4⁵23

291 582 706 627 consternantem
763 571 967 634 dicunt,
999 572 1151 641 quasi
1197 574 1262 626 ad
1313 574 1555 629 hostilem
1588 576 1872 631 adventum

291 664 580 732 repentino
606 664 796 717 timore
821 664 1158 717 turbandam.
1208 684 1226 715 ι
1260 666 1412 728 Aliud
1442 676 1521 720 est
1549 667 1876 722 Conlernntio

292 756 527 826 Hygino,
560 757 631 808 De
656 756 817 808 limit.
857 759 1097 819 constit.,
1129 756 1376 810 videlicet
1408 767 1676 813 ternormn
1721 776 1870 814 com-

286 849 503 916 paratio
536 866 547 898 ;
585 864 605 896 ι
635 847 785 913 Quod
817 847 859 899 si
904 847 1006 900 illis
1056 850 1372 916 pennissum
1427 851 1586 903 fuerit
1637 863 1692 905 ut
1739 853 1878 906 inter

288 941 673 992 convenientes
714 948 1097 992 conternentur
1117 979 1131 999 .
1180 941 1476 993 conternali
1507 943 1683 995 sortiri
1715 944 1881 998 debe-

192 1020 201 1027 ’
290 1029 448 1093 bunt,
481 1032 567 1097 qni
602 1041 707 1082 tres
739 1031 961 1096 primam
1002 1031 1255 1083 centurio
1291 1045 1488 1085 sortem
1518 1035 1758 1101 accipere
1786 1035 1878 1090 de-

289 1122 475 1174 beant.
546 1120 1018 1174 Conternationnm
1085 1122 1339 1175 factarum
1390 1125 1593 1193 singula
1646 1128 1877 1180 sortibus

289 1214 511 1266 nomina
546 1212 919 1267 inscribemus.
958 1232 979 1259 δ

368 1305 730 1359 (ἐοιετιιιειιτιλ
766 1320 820 1359 ts
862 1316 1208 1356 IIATBIMONU.
1256 1302 1524 1367 Frequens
1561 1320 1622 1358 ea
1656 1305 1877 1361 meliore

288 1411 439 1449 arvo.
472 1396 533 1449 Et
560 1396 773 1461 quidem
821 1407 1091 1463 perpetute
1121 1398 1461 1449 c0utiuenti:e
1506 1400 1746 1464 exempla
1780 1399 1875 1450 ha-

289 1486 388 1539 bes
437 1487 522 1541 hic
562 1489 613 1540 in
648 1472 845 1552 in::iee,
898 1488 1171 1541 Ammonis
1201 1503 1318 1539 cum
1372 1504 1557 1549 uxore,
1610 1489 1876 1542 Anastasii

290 1581 507 1650 1022
540 1591 592 1632 et
618 1580 928 1647 Theogniae,
975 1578 1291 1632 Eucharistii
1336 1588 1391 1632 et
1430 1579 1605 1632 Mariae
1629 1623 1643 1645 ,
1675 1580 1875 1649 Magna:

285 1685 414 1723 cum
436 1661 649 1735 'marito,
683 1671 939 1739 Uiyrnpite
970 1684 1087 1722 cum
1123 1668 1392 1732 Nebridio,
1436 1670 1710 1737 cujusdam
1743 1687 1867 1725 auo-

282 1762 462 1831 nymi,
493 1763 578 1829 qui
613 1773 791 1827 postea
816 1762 1091 1830 presbyter
1131 1770 1345 1814 creatus
1393 1773 1491 1823 est,
1527 1778 1646 1815 cum
1680 1778 1868 1818 nitore.

284 1853 494 1917 Quibus
514 1852 669 1917 adde,
700 1852 915 1919 Pelagii,
952 1861 1072 1917 post
1094 1852 1435 1907 Laodicensis
1457 1855 1714 1922 episcopi,
1750 1872 1868 1909 cum
1907 1856 1950 1913 Β

280 1945 635 2012 uxore,apud
667 1944 1068 2005 Tlteudoret.,l.
1091 1960 1138 1996 tv
1161 1946 1293 1997 llist.
1320 1944 1552 2014 Eceles.,
1572 1961 1622 1999 c.
1658 1948 1752 2010 1‘2;
1777 1947 1873 2001 Ju-

285 2034 417 2087 liani
442 2045 496 2089 et
529 2035 795 2089 Basilissa:
823 2034 964 2101 apud
997 2035 1407 2101 Metapln'asten,
1442 2039 1473 2089 9
1497 2035 1615 2090 Jan.
1639 2055 1654 2103 ;
1679 2037 1872 2091 Zacha-

284 2124 384 2177 ria:
412 2125 655 2179 ealcearii
682 2140 801 2178 cum
851 2124 1010 2178 Maria
1044 2140 1230 2189 uxore,
1275 2135 1333 2178 ut
1364 2126 1525 2180 habes
1574 2128 1625 2180 in
1658 2127 1872 2183 ϐιωσο-

277 2230 406 2272 tum
430 2216 665 2278 Menzeis,
700 2217 760 2269 i7
792 2217 1140 2283 Novembris;
1173 2219 1273 2271 Cm.
1297 2218 1399 2271 ilia:
1434 2235 1554 2272 cum
1589 2219 1872 2275 Valeriano

281 2306 453 2360 nobili
480 2307 740 2373 Romano,
772 2308 842 2360 2:2
867 2308 1179 2363 Novembris
1206 2307 1343 2377 apud
1373 2307 1615 2374 Surium;
1644 2310 1868 2364 duorum

281 2398 594 2452 Amantium
625 2398 764 2467 apud
810 2398 1124 2467 Gregorium
1159 2400 1550 2463 'l‘uronensein,
1596 2402 1666 2456 lle
1717 2401 1864 2457 Glor.

276 2489 554 2556 Conless.,
585 2504 703 2559 cap.
735 2489 834 2557 35;
876 2490 1110 2544 Cononis
1141 2489 1353 2544 lsaurici
1378 2507 1498 2546 cum
1547 2493 1709 2547 Maria
1741 2509 1869 2548 cou-

280 2580 411 2650 iuge
435 2582 485 2634 in
512 2582 747 2645 Menaeis,
783 2592 837 2634 ιιι
860 2582 1061 2648 Martii;
1095 2582 1322 2636 Eduardi
1358 2584 1559 2651 Anglia:
1588 2586 1725 2655 regis
1748 2600 1867 2640 cum

277 2671 516 2739 conjuge
546 2670 770 2734 Editlta;
807 2671 1013 2725 llenrici
1062 2673 1189 2739 imp.
1245 2675 1464 2741 Augusti
1516 2688 1635 2728 cum
1694 2676 1871 2731 (June-

279 2761 465 2829 gunde
486 2777 674 2824 uxore,
716 2774 771 2815 ιιι
799 2760 957 2815 habet
979 2762 1185 2825 Snrius,
1216 2765 1249 2829 5
1280 2763 1750 2828 ΜειιιίἰςἘΙῑθιιτίἱ
1773 2780 1869 2820 co-

194 2896 197 2899 .
278 2855 434 2909 mitis
458 2854 658 2919 Ariani,
686 2864 739 2908 et
774 2854 1061 2922 Delphin»,
1080 2854 1143 2907 27
1173 2854 1468 2923 Βεριριιιιι.,
1489 2857 1627 2924 apud
1653 2857 1867 2913 Surium

276 2960 409 3014 Cap.
440 2944 538 3009 32;
572 2945 853 2998 Edelirida:
874 2960 991 2999 eum
1022 2945 1227 3000 duobus
1250 2949 1458 3015 regibus
1480 2949 1703 3017 Atzglite,
1728 2951 1866 3017 apud

281 3037 618 3102 Bedam,lib.
642 3052 691 3091 tv
721 3037 854 3090 Hist.
888 3039 1118 3107 Anglic.,
1148 3053 1267 3104 cap.
1299 3040 1398 3104 25;
1425 3040 1653 3093 Bulestai
1687 3042 1867 3096 Pndici

258 3126 523 3182 Polonia:
545 3130 684 3198 regis
712 3144 831 3182 cum
864 3128 1207 3196 Cuncgunde.
1242 3129 1477 3183 Aliorum
1499 3132 1701 3199 ιιΙίιιυιαι
1728 3132 1871 3186 simi-

279 3220 354 3274 lia
386 3221 628 3288 exempla
658 3220 777 3274 vide
805 3220 943 3287 apud
985 3220 1253 3274 Canisium
1288 3218 1545 3285 nostrum,
1592 3221 1679 3275 lib.
1715 3238 1749 3274 ιι
1795 3223 1941 3297 Dec

280 3310 449 3365 Maria
481 3310 700 3379 virgine,
727 3325 843 3379 cap.
877 3308 962 3364 ii.

356 3420 713 3488 Temporarize
738 3420 1076 3475 continentia:
1098 3420 1462 3473 castimoniam
1489 3427 1607 3485 post
1650 3434 1872 3492 suscep-

278 3522 368 3566 tos
390 3511 585 3566 liberos
614 3512 826 3567 coluere
859 3512 1153 3580 Antigoiius
1181 3522 1234 3566 et
1256 3510 1586 3578 Euphraxia,
1618 3515 1870 3571 Protoco-

279 3620 402 3658 mes
446 3620 563 3657 cum
609 3619 778 3658 uxore
828 3605 983 3658 annis
1013 3621 1154 3669 xxx;
1211 3605 1462 3658 Pinianus
1492 3623 1612 3659 cum
1646 3607 1870 3662 Melania

280 3698 514 3767 iuniore,
541 3712 657 3765 qua:
688 3698 739 3751 in
772 3697 945 3752 indice
976 3696 1210 3752 Vitarmn
1243 3698 1453 3752 Patrum
1483 3700 1601 3753 vide
1622 3739 1636 3762 ,
1677 3702 1869 3767 quibus

278 3789 408 3843 addi
441 3797 669 3856 possunt
698 3788 986 3842 Andronici
1038 3799 1085 3842 et
1119 3789 1415 3848 Drusiauze.
1446 3790 1581 3857 apud
1617 3790 1860 3855 Abdiau,

278 3883 421 3936 libro
451 3898 502 3943 v,
532 3883 581 3935 in
611 3882 755 3935 Actis
784 3882 949 3935 sancti
990 3880 1211 3935 Joannis
1248 3882 1623 3949 evangelistae;
1657 3882 1867 3936 Andro-

272 3974 386 4028 nici
416 3984 469 4027 et
515 3976 815 4028 Athanasite
846 3973 1126 4043 coniugum
1157 3973 1628 4035 anachoretarum,
1662 3984 1721 4027 ut
1768 3975 1856 4026 ba-

277 4066 410 4121 bent
432 4065 646 4130 Menzea,
678 4068 710 4119 υ
739 4066 1002 4127 Octobris.
1028 4080 1145 4119 cum
1177 4065 1555 4134 Martyrologio
1591 4065 1858 4131 Romano,

272 4168 336 4212 et
364 4157 769 4223 Metaphrastes,
791 4156 856 4209 27
884 4156 1179 4210 Februarii.

359 4247 487 4303 Vide
542 4249 698 4301 etiam
755 4249 956 4317 aliquot
1007 4248 1349 4301 continentia:
1402 4249 1451 4300 in
1520 4249 1859 4309 matrimonio

274 4339 521 4409 exempla
549 4339 961 4407 apudJoannem
985 4338 1181 4409 Nyder,
1215 4337 1525 4393 Formicarii
1549 4341 1639 4393 lib.
1671 4354 1711 4406 ι,
1739 4354 1855 4409 cap.

272 4432 336 4498 5,
368 4439 424 4485 et
452 4431 521 4484 ibi
553 4432 872 4486 scholiastcn
899 4430 1183 4501 Georgium
1211 4429 1602 4487 Colvenerium.

352 4522 447 4576 His
476 4521 855 4575 annttmcrandi
885 4535 987 4573 non
1019 4522 1262 4575 videntur
1294 4522 1552 4576 Macarius
1585 4522 1856 4577 Romanus

991 368 1260 423 ()NO‘dAS
1274 366 1463 424 ΠΕΟΝ
1505 370 1743 425 RERUM
1788 373 1866 427 ET

1978 375 2294 434 ERBORUM
2341 380 2866 437 Dl’FFlClLiORUli.

292 480 448 537 Unde
477 464 531 535 et
570 479 658 533 a'li'i
702 478 1008 548 praedictam
1041 481 1207 545 Segor
1237 498 1339 535 non
1370 494 1746 538 conternantem
1779 487 1871 541 sed
1902 492 1948 549 Α
1986 529 2004 561 ε
2045 511 2211 567 Sim“,

3454 386 3485 435 ιι
3501 387 3562 434 Σὺ

2257 528 2375 570 cum
2422 515 2582 570 Petro
2615 516 2989 572 Alexandriam
3028 518 3257 573 civitatis
3290 522 3560 591 episcopo,

1984 613 2272 671 perpetuas
2335 622 2562 659 coronas
2626 617 2679 662 et
2752 609 3069 664 immortalia
3145 614 3365 679 praemia
3438 626 3565 668 sunt

1979 695 2180 762 adepti.
2245 716 2262 748 ι
2314 696 2747 771 Martyrologium
2804 702 3125 767 liornanum,
3182 703 3215 781 1η
3267 704 3502 760 Januarii
3548 725 3561 760 :

1986 806 2002 837 ι
2045 789 2241 843 lhidem
2286 791 2369 845 via
2401 794 2566 862 Appia
2617 809 2827 847 corona.-
2860 807 3163 850 sanctorum
3212 799 3434 851 militum
3470 802 3565 853 tri-

1978 876 2123 945 ginta
2184 894 2479 950 martyrum
2529 887 2628 936 sub
2680 884 3010 939 Diocletiano
3064 889 3191 957 imp.
3252 890 3315 944 Et
3364 893 3561 960 passim

1971 971 2119 1036 ‘apud
2153 970 2549 1028 ecclesiasticos
2574 991 2649 1029 sci
2666 976 2883 1045 iptorea.

2050 1059 2265 1116 CultONA
2294 1079 2556 1119 ιιειτιιιιιιι.
2595 1068 2720 1121 Erat
2740 1070 2981 1124 solemne
3011 1071 3277 1125 olimitatn
3307 1088 3561 1142 sponsum
3602 1060 3605 1063 1

1979 1167 2138 1220 quam
2171 1169 2422 1220 Sponsam
2470 1173 2669 1211 corona
2717 1162 2974 1216 reduniri.
3009 1163 3296 1230 Palladius,
3328 1181 3377 1219 c.
3406 1167 3458 1231 8,
3493 1170 3562 1223 de

1980 1247 2242 1299 Ammone
2272 1261 2511 1315 sponso:
2545 1268 2567 1299 ι
2608 1250 2793 1304 Vsum
2818 1263 2901 1306 est
2926 1254 2974 1306 ei
2999 1265 3051 1308 et
3075 1271 3273 1310 corona
3298 1258 3561 1325 redimiri,

1978 1342 2027 1386 et
2049 1334 2237 1388 Sedere
2263 1336 2313 1388 itt
2339 1337 2593 1405 thalamo,
2611 1359 2627 1389 ι
2646 1340 2812 1406 ἔδοξεν
2838 1346 3327 1417 καίστεφανοῦσθαι.
3350 1349 3561 1403 Tertul-

1970 1422 2172 1487 iianns,
2211 1426 2282 1480 De
2323 1443 2517 1482 Corona
2574 1432 2775 1495 militis,
2828 1448 2945 1501 cap.
2987 1434 3048 1485 l5
3090 1454 3103 1491 :
3145 1454 3164 1487 ι
3196 1439 3468 1493 Coronant
3509 1452 3562 1496 et

1977 1517 2176 1585 nuptiae
2236 1535 2501 1588 sponsos;
2563 1534 2616 1576 et
2666 1526 2785 1577 ideo
2838 1541 2943 1579 non
3005 1530 3249 1585 nubimus
3298 1535 3557 1599 ethnicis,

1977 1624 2044 1663 ne
2076 1625 2170 1663 nos
2200 1611 2266 1664 ad
2301 1613 2654 1668 idololatrian:
2687 1617 2901 1683 ducant,
2936 1634 2963 1671 a
2995 1636 3095 1688 qua
3131 1623 3269 1689 apud
3307 1625 3428 1679 illos
3458 1643 3560 1680 nu-

1978 1702 2101 1768 ptiae
2148 1703 2428 1771 incipiunt.
2462 1725 2479 1757 ι
2522 1706 2592 1759 lta
2618 1707 2833 1775 quidem
2866 1710 3201 1765 observatum
3234 1714 3333 1767 fuit
3372 1716 3424 1769 in
3455 1717 3563 1784 pri-

1976 1794 2164 1847 mitiva
2220 1795 2484 1863 Ecilesia,
2536 1813 2656 1852 cum
2707 1802 3002 1870 periculum
3034 1816 3176 1860 esset
3222 1807 3559 1876 idololatria},

1978 1885 2118 1952 quod
2151 1900 2365 1941 coronae
2397 1890 2554 1943 alicui
2586 1891 2694 1945 Deo
2721 1894 2937 1960 profano
2974 1911 3142 1950 sacra:
3171 1908 3311 1953 sunt.
3344 1901 3559 1969 Postea,

1978 1987 2187 2029 semoto
2212 1980 2469 2046 periculo,
2498 1984 2657 2036 etiam
2690 2000 2804 2037 mos
2840 1985 2923 2040 hic
2951 1989 3091 2056 apud
3122 1990 3454 2049 Christianos
3479 1996 3559 2050 in-

1980 2067 2169 2135 valuit,
2205 2081 2258 2124 ut
2285 2071 2368 2127 hic
2401 2075 2571 2130 vides.
2600 2076 2949 2145 Claudianus,
2972 2082 3039 2135 de
3063 2085 3259 2153 nuptiis
3295 2087 3515 2144 Honorii
3542 2106 3559 2144 :

2100 2183 2172 2252 In
2198 2183 2349 2235 festas
2371 2186 2641 2251 Hymenaee
2667 2190 2817 2252 faces,
2848 2201 2897 2243 tu
2926 2195 3089 2246 Gratia
3117 2200 3265 2250 ﬂores

2103 2243 2265 2309 Elige,
2294 2257 2342 2295 tu
2372 2243 2593 2311 geminas
2617 2243 2880 2304 Concordia
2906 2243 3289 2314 necie'éd’rbiia}.

1976 2325 2120 2381 Idem
2148 2329 2437 2385 exhortans
2467 2334 2777 2391 Stiliconem
2809 2345 2874 2393 ad
2905 2343 3119 2410 nuptias
3148 2345 3263 2397 ait:

2095 2416 2272 2486 §olitas
2294 2422 2433 2486 galea
2458 2421 2649 2486 fulgere
2674 2439 2834 2479 ouinas

2098 2480 2271 2530 Stilico
2293 2480 2423 2533 molli
2448 2480 2596 2535 nei'te
2622 2501 2814 2541 corona.

1978 2563 2107 2619 Vide
2138 2566 2290 2636 plura
2322 2571 2460 2639 apud
2490 2572 2738 2628 Caroluin
2767 2578 3125 2648 Paschalium,
3165 2582 3240 2637 De
3270 2588 3499 2646 coronis.

2047 2659 2193 2713 Caux
2250 2677 2280 2715 ε
2335 2677 2504 2717 corno
2533 2681 2793 2724 casn“.
2825 2670 3096 2738 Leoatins,
3133 2675 3183 2727 in
3243 2676 3356 2730 Vita
3388 2679 3558 2737 sancti

1971 2748 2194 2804 Joannis
2246 2752 2687 2825 Eleemosy‘narii,
2725 2764 2789 2812 de
2834 2757 3092 2816 Zacharia
3125 2764 3241 2834 ejus
3269 2765 3557 2837 discipulo,

1972 2857 2021 2894 c.
2061 2844 2083 2896 1
2121 2860 2133 2895 :
2173 2860 2193 2895 ι
2231 2843 2465 2899 Abstulit
2494 2862 2523 2899 a
2574 2862 2822 2918 sequam
2876 2853 3077 2906 ferebat
3108 2870 3321 2910 crucem
3366 2873 3557 2928 argeth

1974 2943 2132 2995 team,
2164 2945 2219 2987 et
2244 2936 2333 2989 dat
2362 2938 2429 2990 ei.
2465 2957 2483 2989 ι
2520 2939 2744 2994 Crucem
2771 2958 2800 2996 e
2824 2945 2969 2997 collo
2996 2949 3223 3013 gestavit
3259 2950 3556 3019 Procopius

1974 3038 2067 3076 seu
2098 3023 2328 3079 Ncanias
2362 3040 2564 3097 martyr
2595 3039 2833 3097 tempore
2868 3034 3199 3101 Diocletiani,
3247 3048 3298 3091 ut
3332 3048 3556 3095 testatur

1972 3114 2328 3183 Niccpliorus,
2360 3117 2449 3172 lib.
2474 3134 2567 3182 vn,
2588 3135 2705 3189 cap.
2746 3122 2832 3187 15,
2862 3135 2914 3177 et
2943 3126 3223 3181 concilium
3256 3128 3552 3195 Nzcamutn,

1976 3208 2095 3261 Aet.
2122 3207 2256 3277 ἀέρι
2285 3210 2670 3277 Melapltt'astes
2702 3216 2838 3283 apud
2869 3215 3106 3283 Sittium,
3146 3219 3353 3275 8.Julii.
3386 3223 3458 3276 Ita
3503 3236 3555 3279 et

1980 3299 2210 3353 Urcsdes
2238 3300 2391 3354 utiles
2418 3300 2772 3367 Christianus,
2805 3317 2863 3359 ut
2886 3306 3107 3363 habetur
3136 3309 3188 3365 in
3223 3312 3339 3366 Vita
3381 3317 3555 3370 sancti

1976 3388 2230 3444 Eustratii
2264 3393 2513 3464 martyris
2556 3404 2608 3448 et
2634 3395 2902 3450 ευρίοιιιιιι
2936 3398 3003 3454 15
3031 3399 3364 3468 Decembris,
3414 3408 3554 3477 apud

1975 3483 2221 3537 eumdem
2270 3484 2506 3540 Surium.
2544 3487 2674 3543 Vide
2706 3491 2853 3556 plura
2875 3495 3117 3563 exempla
3145 3494 3285 3559 apud
3332 3497 3553 3553 Gretzc-

1974 3590 2090 3629 rum
2143 3585 2405 3643 nostrum,
2436 3579 2504 3633 de
2548 3580 2739 3648 Cruce,
2780 3584 2870 3637 lib.
2899 3599 2937 3649 t,
2969 3600 3088 3654 cap.
3141 3585 3228 3650 78,
3263 3597 3315 3642 et
3348 3588 3437 3643 lib.
3479 3606 3548 3653 tt,

1972 3679 2088 3732 cap.
2122 3665 2212 3719 27.
2248 3669 2378 3722 Item
2410 3668 2501 3721 lib.
2543 3686 2601 3735 ιι,
2642 3687 2691 3726 c.
2729 3674 2817 3739 54,
2861 3674 2929 3728 de
2959 3675 3216 3746 Encolpio
3264 3678 3541 3752 episcopo-

1971 3771 2110 3820 rum,
2139 3760 2226 3826 qui
2259 3760 2577 3814 cruciculam
2604 3778 2819 3817 auream
2846 3780 2875 3817 e
2905 3765 3044 3819 collo
3070 3778 3298 3835 gestant.

2038 3851 2202 3904 Cum.
2241 3851 2355 3905 Vita
2391 3853 2538 3908 Pauli
2570 3857 2728 3924 primi
2757 3858 3024 3923 eremitte,
3054 3875 3200 3914 num.
3230 3861 3295 3913 61
3325 3864 3376 3916 in
3399 3874 3549 3919 nota-

1969 3944 2112 3997 tione
2152 3945 2271 3998 vide
2294 3957 2347 4000 et
2376 3947 2559 3999 cubam
2578 3957 2636 4001 et
2663 3949 2850 4019 gubam
2880 3949 2984 4005 dici
3030 3968 3186 4021 posse
3226 3956 3421 4025 (supra,
3447 3960 3547 4013 col.

1969 4032 2218 4101 “2).Sic
2232 4036 2373 4104 apud
2392 4039 2416 4089 'l
2435 4038 2779 4094 heodoretum
2801 4041 3083 4110 Pliilothei,
3113 4046 3204 4100 lib.
3226 4062 3300 4111 ts.
3320 4064 3440 4119 cap.
3460 4050 3545 4105 15.

1966 4125 2311 4181 Macedonius
2332 4125 2512 4183 Gabba
2535 4131 2730 4199 dictus,
2752 4137 2893 4202 quod
2920 4148 3088 4192 staret
3104 4140 3151 4192 in
3170 4140 3307 4195 fossa
3327 4142 3547 4211 profun-

1963 4219 2050 4272 da.
2090 4237 2107 4270 ι
2146 4220 2197 4273 ld
2227 4235 2404 4278 autem
2436 4239 2652 4287 nomen,
2681 4226 2870 4297 inquit,
2894 4229 2938 4283 si
2961 4245 3025 4285 ex
3050 4232 3225 4302 lingua
3249 4234 3466 4306 Syriaca
3493 4235 3545 4290 in

1961 4307 2198 4365 Gratcam
2216 4314 2582 4382 transferatur,
2611 4318 2873 4387 signiﬁcat
2893 4321 3096 4386 λάκκον,
3118 4325 3165 4375 id
3184 4334 3285 4392 est,
3307 4325 3504 4382 lacum.
3519 4345 3537 4377 ι

2034 4406 2187 4460 Aliud
2220 4405 2363 4461 Cuba
2394 4410 2477 4462 vel
2498 4409 2690 4465 Cumba
2721 4414 2879 4467 Festo
2910 4433 2923 4469 :
2962 4434 2981 4467 ι
3011 4417 3211 4470 Cubam
3244 4419 3423 4474 Sabini
3451 4437 3544 4475 vo-

1960 4504 2088 4549 cant
2116 4514 2233 4552 eam
2265 4515 2423 4569 quam
2456 4502 2717 4558 militares
2747 4505 3012 4569 lecticam,
3042 4509 3179 4561 unde
3208 4508 3418 4564 videtur
3448 4511 3543 4566 de-

197 4606 204 4613 ’
274 4631 400 4671 cum
426 4631 517 4669 sua
543 4630 733 4683 sponsa
766 4616 816 4667 in
843 4614 976 4667 Vitis
999 4614 1229 4677 Patrum,
1253 4628 1468 4670 sanctus
1490 4615 1708 4670 Alexius
1732 4632 1852 4670 cum

1978 4594 2192 4641 'ivatum
2245 4606 2366 4646 esse
2414 4594 2738 4651 cubiculum.
2778 4615 2797 4649 ι
2855 4598 2910 4651 in
2955 4598 3159 4652 Glossis
3205 4599 3392 4654 lsidori
3436 4614 3538 4669 est,

278 4706 453 4773 puclla
499 4707 623 4775 regii
669 4704 962 4775 sanguinis,
994 4705 1131 4772 apud
1161 4704 1396 4770 Surium,
1444 4708 1505 4761 l7
1535 4706 1683 4773 Julii,
1718 4708 1852 4763 Plia-

273 4796 462 4852 raildis
490 4813 610 4851 cum
640 4796 880 4853 Guidone
910 4799 1023 4853 viro
1063 4798 1414 4867 nobilissimo,
1458 4800 1599 4868 quod
1628 4815 1853 4857 consen-

275 4902 370 4942 sus
397 4900 609 4942 mutuus
636 4888 884 4946 defuerit.

345 4980 644 5034 (Σοριιυιυιι.
686 4981 949 5049 Pelagius,
982 4980 1077 5034 lib.
1112 4997 1161 5049 v,
1205 4982 1386 5036 libello
1434 4999 1507 5048 tv,
1550 5000 1699 5039 num.
1738 4984 1850 5040 63:

279 5092 298 5124 ι
331 5073 397 5126 Ει
427 5073 694 5139 accipiens
723 5072 1160 5141 archiepiscopus
1195 5088 1352 5125 nnmn
1378 5074 1683 5141 copadium,
1707 5074 1855 5129 dedit

274 5148 418 5234 inata
445 5176 506 5216 se
535 5161 882 5215 recumbenti.
918 5181 934 5212 ι
966 5162 1185 5230 Papias:
1217 5181 1235 5212 ι
1274 5163 1566 5231 Copadinm
1594 5165 1849 5234 particula

272 5254 471 5319 carnis,
512 5254 651 5323 quod
686 5254 855 5308 Graeci
896 5255 1111 5322 ecpinm
1143 5255 1343 5309 dicunt.
1384 5275 1402 5308 l

344 5342 557 5397 CORONA
584 5358 894 5399 uan‘rrnuu.
940 5346 1210 5415 Frequens
1235 5363 1422 5400 corona
1446 5356 1500 5402 et
1525 5350 1761 5403 coronari
1782 5349 1851 5405 de

273 5420 551 5503 martyiio.
588 5434 704 5489 Vita
735 5436 972 5499 Antonii,
1020 5452 1138 5506 cap.
1169 5437 1238 5490 25
1270 5456 1285 5493 :
1326 5458 1343 5491 ι
1378 5439 1642 5510 Episcopo
1692 5440 1853 5497 Petro

270 5522 379 5597 iam
402 5525 472 5580 ob
502 5526 739 5598 martyrii
769 5528 991 5597 gloriam
1018 5541 1291 5589 coronato,
1330 5549 1347 5581 ι
1385 5530 1502 5585 Vita
1535 5531 1749 5597 Malcbi,
1794 5532 1847 5588 in

273 5614 539 5686 prologo:
577 5633 596 5666 ι
637 5616 739 5698 Per
796 5628 929 5686 quos
977 5618 1174 5672 Christi
1224 5619 1460 5674 Ecclesia
1511 5630 1632 5675 nata
1685 5621 1752 5676 sit
1795 5632 1849 5678 et

272 5704 473 5773 adulta,
517 5707 976 5776 persecutionihus
1003 5710 1254 5771 creverit,
1286 5712 1554 5780 martyriis
1595 5723 1845 5769 coronata

269 5792 360 5851 sit.
393 5813 415 5848 ι
442 5795 560 5852 Vita
591 5797 787 5864 Paulae.
820 5814 941 5868 cap.
970 5799 1038 5852 ‘27
1077 5817 1088 5850 :
1128 5818 1147 5851 ι
1200 5801 1364 5855 Mater
1395 5811 1478 5855 tua
1521 5803 1675 5875 longo
1708 5820 1848 5861 mar-

269 5884 411 5946 mlo
452 5897 706 5947 coronata
742 5897 846 5945 est.
893 5907 914 5942 ι
958 5889 1076 5945 Vita
1136 5890 1424 5960 Pachumii,
1474 5894 1524 5948 in
1576 5898 1839 5966 prologo:

551 5980 827 6047 ΡΑι-ιιθι..
873 5978 1164 6045 LXXIV.

1964 4678 2179 4741 Cumba,
2213 4697 2424 4750 cuneus,
2456 4686 2589 4754 ripa.
2617 4686 2943 4742 Glossarium
2972 4689 3404 4747 Catnberonense
3430 4710 3541 4747 ma-

1963 4772 2296 4839 nuscriptutn
2330 4790 2345 4829 :
2383 4792 2403 4825 ι
2454 4773 2622 4843 Cuba,
2664 4788 2903 4833 extrema
2946 4794 3066 4848 pars
3095 4781 3265 4848 navis,
3304 4782 3443 4838 dicta
3474 4800 3540 4840 eo

1959 4863 2100 4930 quod
2151 4864 2367 4919 incubet
2412 4869 2584 4936 aquis.
2631 4866 2833 4924 Cttmba
2886 4886 3012 4925 vero
3059 4872 3251 4927 dicitur
3286 4874 3473 4930 lectica
3508 4893 3538 4931 a

1957 4956 2219 5011 cubando.
2255 4976 2274 5008 ι
2305 4958 2360 5013 1η
2388 4961 2597 5026 iisdem,
2629 4961 2848 5026 Gumba,
2881 4980 3088 5018 cuneus.

2028 5048 2384 5107 invenituret
2411 5051 2623 5108 Cubella
2666 5056 2803 5124 apud
2833 5057 3281 5125 postremissimos
3304 5060 3536 5129 scripto-

1955 5154 2064 5203 res,
2101 5157 2196 5208 pro
2238 5142 2419 5209 lintre,
2451 5146 2504 5197 in
2536 5160 2640 5215 quo
2665 5155 2815 5216 pasta
2859 5146 3080 5202 formari
3112 5148 3270 5205 Sulci.
3306 5149 3536 5207 Niderus

1952 5226 2005 5283 in
2033 5228 2375 5287 Formicario.

2025 5324 2270 5391 Cumae,
2302 5325 2355 5381 id
2384 5336 2485 5393 est,
2519 5328 2846 5399 ἐνταφιάσειν,
2888 5342 3075 5383 curare
3108 5329 3286 5399 funus,
3332 5332 3531 5402 lavare,

1954 5433 2175 5488 ungere,
2202 5419 2422 5474 condire
2444 5419 2787 5485 aromatibns,
2813 5428 2869 5475 et
2892 5430 3085 5476 cratera
3112 5434 3386 5491 priestare,
3411 5440 3533 5495 quia

1953 5512 2297 5579 requiruntur
2341 5520 2465 5566 ante
2516 5511 2862 5580 sepulturam.
2922 5513 3209 5583 Palladius,
3251 5531 3373 5586 cap.
3423 5517 3527 5570 10:

1961 5620 1980 5656 ι
2027 5605 2194 5670 Quem
2220 5605 2343 5661 dum
2372 5620 2471 5677 ego
2509 5620 2804 5672 curassem,
2849 5618 2903 5663 et
2930 5608 3108 5664 linteis
3136 5611 3305 5665 sancti
3334 5624 3531 5678 corpus

1952 5696 2336 5765 involvissem,
2391 5708 2445 5754 et
2502 5699 2889 5769 deposuissem.
2948 5721 2965 5752 ι
3027 5701 3117 5757 Ὃν
3183 5703 3527 5772 ἐνταφιάσασα

1946 5793 2064 5863 ἑγὼ,
2094 5795 2177 5846 καὶ
2203 5791 2392 5853 ὀθόναις
2417 5793 2474 5849 τὸ
2514 5800 2665 5865 σῶμα
2694 5800 2785 5848 τοῦ
2811 5794 2956 5866 ἁγίου
2998 5795 3227 5858 ἔλίξασα,
3279 5795 3362 5846 καὶ
3401 5794 3527 5847 ἀπο·

1945 5889 2138 5960 θεμένη.
2175 5886 2432 5942 Iiervetns
2454 5895 2683 5943 verterat
2710 5902 2727 5941 :
2754 5888 2911 5953 Quem
2939 5903 3054 5939 cum
3092 5902 3182 5957 rgo
3213 5885 3519 5952 sepelissem,

2938 5976 3006 6035 1?»
