4014 6368
562 324 648 381 ίῖῚ
978 334 981 341 ’
1200 314 1205 317 ’
1251 322 1721 380 ONOMASTICON
1762 322 1999 381 RERUM
2034 321 2122 379 ΕΤ

2169 321 2541 379 VERBORUM
2580 324 3105 382 DIFFICILIOIIUM.
3372 346 3373 349 ‘
3678 333 3754 389 I28

528 455 592 499 νιι
617 444 809 512 linteis,
835 450 942 497 etc.
978 440 1179 509 Nempe
1207 442 1535 514 ἓνταφιάζιιν,
1571 454 1752 492 curare
1798 440 1972 508 funus,
2016 453 2127 493 cre-
2155 438 2207 497 A
2235 437 2607 492 Occultissitnaa
2628 439 2849 508 justitize
2870 437 3169 493 sinceritati
3199 438 3484 497 distribuit.
3509 441 3755 513 Aliquando

555 536 688 591 ilidit
714 535 855 590 idem
887 548 1008 588 esse
1039 532 1177 601 quod
1225 533 1454 595 ϐάπτειν,
1504 530 1739 598 sepefire.
1801 529 1956 598 Atqui
2018 543 2123 583 non

2233 540 2408 584 autem
2440 530 2597 584 iidem
2630 532 2836 584 nefandi
2868 529 3083 599 Spiritus
3112 530 3297 594 etiam,
3328 546 3442 600 quae
3486 534 3575 601 ipsi
3602 532 3752 591 facturi

555 636 765 697 poterat
804 624 1019 694 sepeliri
1065 636 1256 691 corpus
1281 630 1566 690 antequam
1600 619 1979 674 inVnIveretur.
2028 620 2129 674 Ile-
2233 635 2377 685 sunt,
2410 625 2555 678 velut
2598 624 2886 678 divinando
2932 622 3251 690 pra-dicunt.
3304 622 3618 693 Quapropter
3644 628 3755 684 bono

553 726 671 773 ctus
701 717 836 772 ordo
861 731 1061 781 curare,
1098 715 1272 768 lavare
1300 723 1351 767 et
1377 728 1573 782 ungere
1602 727 1819 779 corpus,
1852 712 2019 764 linteis
2048 711 2129 763 in-
2232 715 2538 769 Christiano
2560 716 2673 770 sive
2697 715 3079 782 mathematici,
3104 714 3218 769 sive
3241 714 3459 785 quilibet
3480 716 3622 786 impie
3645 719 3753 781 diri-

553 813 766 875 uolvere,
802 818 857 864 et
884 810 1151 877 deponere,
1194 820 1286 859 seu
1319 803 1562 873 sepelire.
1599 803 1875 871 Proprium
1909 800 2126 855 verbum
2233 807 2469 860 nantium
2496 851 2511 875 ,
2542 809 2771 862 maxime
2815 806 3050 860 dicentes
3100 820 3226 860 vera
3274 807 3493 861 cavendi
3538 821 3663 875 sunt,
3703 828 3754 867 ne

553 904 678 959 huic
703 904 780 958 rei
804 900 1010 957 funebri
1038 914 1218 952 curare
1242 897 1461 960 Latinis,
1478 898 1553 950 uti
1577 895 1774 949 Graecis
1795 894 2122 966 ἐνταφὶαζειν.
2230 900 2500 952 consortio
2521 899 2901 952 dzemoniorum
2930 896 3161 951 animam
3188 896 3459 963 deceptam
3484 910 3624 969 pacto
3649 917 3753 970 quo-

622 996 774 1063 Quod
804 994 939 1048 Gen.
987 1008 1027 1055 ι,
1057 992 1113 1056 ‘2,
1165 1001 1249 1044 est
1298 987 1649 1058 Prwcepiique
1687 986 1932 1055 (Ioseph)
1972 986 2127 1038 servis
2231 987 2351 1042 dam
2382 990 2653 1043 societatis
2678 989 2936 1043 irretiant.
2964 1006 2981 1039 ι

554 1089 661 1144 suis
706 1086 931 1149 medicis,
960 1094 1014 1136 ut
1062 1081 1373 1135 aromatibus
1412 1080 1675 1133 condirent
1726 1087 1949 1143 patrem;
1986 1074 2122 1129 LXX
2304 1101 2466 1163 Idem.
2500 1108 2645 1156 [omo
2677 1101 2771 1167 ιη’
2805 1101 2900 1155 ιη).
2930 1116 3003 1155 xu
3035 1101 3108 1155 De
3139 1100 3330 1155 Genesi
3361 1101 3424 1155 ad
3452 1102 3570 1167 “un,
3598 1118 3638 1158 ε.
3670 1103 3750 1158 ηε

554 1179 750 1234 habent
778 1195 790 1230 :
822 1180 912 1232 Καὶ
938 1175 1241 1250 προσέταξεν
1278 1173 1466 1242 Ἰωσήφ
1491 1179 1603 1230 τοῖς
1631 1172 1808 1225 παισὶν
1834 1170 1989 1224 αὐτοῦ
2015 1176 2126 1227 τοῖς

2235 1209 2253 1242 ι
2292 1191 2556 1246 Cteterum
2606 1192 2798 1245 alicubi
2844 1192 2999 1261 longe
3043 1193 3150 1259 jam
3186 1191 3321 1246 facta
3351 1193 3486 1261 quod
3531 1193 3750 1259 nuntiant,

550 1273 922 1347 ἕνταφιαστοιῖς,
957 1268 1247 1341 ἔνταφιάσυςι
1266 1267 1352 1320 τὸν
1374 1265 1569 1337 πατέρα
1595 1264 1770 1316 αὐτοῦ.
1796 1258 1861 1312 Et
1891 1258 2127 1328 pra'cepit

2227 1300 2345 1354 qua:
2380 1295 2495 1347 post
2539 1284 2741 1353 aliquot
2771 1286 2885 1339 dies
2935 1300 3056 1338 vera
3102 1300 3221 1340 esse
3267 1284 3554 1349 ﬁrmentur,
3585 1297 3753 1342 nonest

549 1360 740 1431 Ioseph
799 1360 951 1414 servis
1014 1360 1120 1411 suis
1187 1353 1581 1425 funcratoribiis,
1641 1352 1880 1419 [onerare
1930 1360 2125 1419 patrem

2228 1376 2548 1430 mirandum.
2605 1377 2829 1430 Possunt
2872 1378 3019 1431 enim
3070 1377 3170 1429 hoc
3218 1377 3448 1443 efﬁcere,
3481 1394 3575 1432 non
3616 1380 3751 1433 solum

546 1467 731 1517 suum;
760 1450 829 1505 ibi
869 1449 996 1503 olim
1027 1456 1143 1502 erat
1169 1444 1527 1517 sepultoribus.
1564 1440 1910 1510 Augustinus,
1939 1440 1987 1491 in
2021 1436 2124 1490 Lo-

2226 1470 2516 1522 acrimonia
2546 1469 2795 1523 cernendi
2829 1470 2988 1523 etiam
3017 1470 3282 1539 corporali
3318 1470 3750 1539 incomparabiliter

548 1551 707 1596 ουιοε
752 1539 1112 1611 δερυιιονὶθυδ
1142 1553 1195 1632 ευ
1230 1555 1247 1587 ¹
1282 1535 1395 1632 NQ"
1446 1532 1646 1632 ίηνθηίξ
1691 1531 1864 1632 "23""
1913 1529 2123 1631 ίζθδξηθξ
2227 1559 2601 1628 praestantiore
2652 1576 2808 1627 quam
2869 1570 3050 1615 nostra
3097 1529 3198 1626 est,
3233 1562 3328 1617 sed
3377 1529 3530 1617 etiam
3560 1565 3751 1632 ipsorum

547 1632 997 1705 quemadmodum
1026 1629 1318 1698 appellaret
1344 1624 1695 1697 ἐνταφιαστάς.
1728 1622 1843 1676 Non
1871 1619 2124 1687 enimipsi

2224 1665 2508 1717 corporum
2556 1653 2710 1721 longe.
2739 1651 2919 1719 utique
2949 1652 3287 1706 subtiliorum
3332 1654 3459 1706 mira
3501 1653 3750 1709 velocitate.

549 1724 838 1795 sepeliant,
873 1723 924 1776 id
947 1730 1049 1785 est,
1070 1731 1226 1775 terra:
1248 1717 1501 1770 mandant
1520 1728 1741 1783 corpora
1767 1722 2120 1775 mortuorum,

2223 1741 2595 1810 Comperimus
2640 1741 2797 1796 etiam
2833 1742 2884 1795 in
2917 1742 3076 1797 domo
3119 1744 3463 1798 constitutum
3514 1746 3750 1813 paticutent

547 1815 688 1885 quod
714 1830 819 1870 non
842 1821 925 1868 est
950 1812 1137 1906 Graece
1157 1810 1508 1906 ἐννετοιςςιὶιιιει-οιειιἶ
1524 1805 1615 1859 sed
1647 1801 1970 1906 {enica-"ﬂ"
1994 1815 2121 1906 εξεο
2152 1819 2200 1880 Β
2227 1833 2472 1900 spiritum
2504 1834 2830 1886 immundum
2859 1878 2874 1901 ,
2908 1834 3088 1889 dicere
3118 1835 3319 1896 solere,
3350 1801 3553 1904 quando
3579 1836 3636 1889 ad
3658 1851 3751 1889 eum

546 1910 874 1980 ἕνταφιασταὶ
914 1905 963 1958 id
992 1910 1174 1973 agunt,
1197 1901 1336 1971 quod
1367 1897 1649 1954 exhibetur
1677 1894 1991 1961 corporibus
2024 1894 2122 1947 hu-

2224 1910 2411 1978 veinire
2436 1926 2687 1990 cmpisset
2717 1941 2780 1979 ex
2831 1925 3111 1979 duodecim
3160 1926 3399 1981 millibus
3429 1927 3691 1997 presbyter,
3714 1935 3752 1981 et

546 2001 778 2063 mandisv
806 1996 889 2052 vel
915 1994 1236 2091 φηδίθηάθν
1264 1990 1345 2046 νει
1370 1986 1756 2091 δίθθέθδθζνθι
1779 1984 2117 2091 Ψνθινθηάίλ
2224 2031 2319 2086 per
2349 2019 2525 2071 omnia
2552 2018 2664 2071 loca
2690 2019 2896 2073 itineris
2925 2018 3011 2070 tibi
3036 2028 3197 2083 esset,
3223 2028 3278 2073 et
3303 1984 3460 2087 quam
3484 1984 3753 2087 propinqua-

545 2102 601 2150 et
624 2091 924 2161 alligando;
949 2089 1002 2142 in
1027 2102 1132 2156 quo
1163 2100 1324 2154 Opere
1350 2081 1580 2135 maxime
1597 2080 1964 2150 .IEgyptiorum
1994 2092 2120 2132 cura

2225 2120 2327 2173 ret,
2359 2120 2412 2164 et
2443 2111 2653 2179 quando
2684 2110 3078 2179 ingrederetur,
3108 2118 3162 2164 et
3186 2080 3455 2177 fundum,
3484 2080 3534 2165 et
3558 2080 3750 2176 domum,

544 2182 825 2282 praeui"
848 2178 999 2282 (ξοδ
1039 2191 1168 2282 θτβίξ
1195 2172 1343 2239 diem
1388 2172 1552 2228 etiam
1579 2172 1931 2240 sepelierunt’
1963 2182 2119 2224 cura.
2222 2210 2277 2257 et
2304 2172 2602 2257 cubiculum
2631 2247 2645 2268 ,
2679 2172 2848 2256 donec
2882 2202 2932 2255 in
2965 2172 3256 2269 conspectu
3287 2202 3402 2271 ejus
3431 2172 3629 2258 astaret.
3653 2172 3753 2269 Qua

532 2283 733 2331 verum
763 2272 1057 2340 meum"
1086 2267 1365 2323 debemus‘
1405 2282 1426 2317 ’
2222 2295 2399 2349 omnia
2443 2294 2542 2347 etsi
2584 2267 2687 2347 non
2717 2293 2886 2346 oculis
2929 2267 3133 2363 patiens
3174 2294 3267 2349 ille
3309 2267 3582 2359 cernebat;
3612 2267 3750 2349 tamen

618 2385 765 2440 Idem
814 2390 1038 2436 tractatu
1091 2378 1270 2447 priore
1316 2376 1393 2431 De
1430 2373 1823 2431 resurrectione
1872 2380 2118 2427 mortuo-

2222 2386 2322 2440 nisi
2370 2383 2653 2454 aliquando
2701 2384 2860 2437 modo
2908 2394 3199 2451 cerneret,
3234 2400 3342 2438 non
3391 2393 3494 2440 tam
3538 2384 3752 2438 veraciter

540 2492 682 2543 rum,
716 2491 767 2530 c.
800 2472 905 2528 42:
939 2491 958 2524 ι
1011 2469 1247 2540 Egyptii
1303 2468 1585 2539 diligenter
1627 2472 1818 2519 curant
1860 2463 2116 2517 cadavera

2219 2480 2543 2534 enuntiaret.
2576 2476 2703 2531 Erat
2728 2485 2907 2530 autem
2953 2476 3052 2531 iste
3081 2476 3322 2532 febriens
3347 2517 3361 2541 ,
3391 2484 3444 2531 et
3472 2485 3689 2546 tauquam
3710 2474 3749 2528 in

540 2577 893 2623 mortuorum.
924 2580 942 2614 ι
986 2561 1111 2615 Pius
1137 2561 1415 2627 episcopus
1445 2557 1717 2611 Romanus
1746 2558 1826 2623 (ut
1854 2550 2121 2623 creditur)
2221 2568 2472 2641 ριηεηεει
2500 2569 2600 2623 isla
2626 2566 2857 2623 dicebat.
2879 2585 2898 2619 ,

540 2657 604 2711 ad
626 2655 833 2711 Justutn
858 2652 1164 2721 episcopum
1188 2647 1567 2707 Viennensem,
1592 2644 1817 2713 epistola
1839 2643 1907 2696 2:
1934 2660 1954 2694 ι
1978 2641 2116 2697 Cura
2290 2664 2432 2718 Idem
2452 2706 2467 2730 ν
2499 2669 2646 2716 mmo
2688 2660 2751 2714 ιιι
2778 2702 2793 2727 ,
2827 2658 2925 2713 ιιι),
2961 2659 3031 2712 De
3060 2657 3227 2712 (ιῖνιη,
3258 2659 3573 2726 ἀωιηοηυιῃ,
3602 2672 3699 2728 ων,
3723 2657 3749 2710 ι

539 2759 719 2804 autem
762 2755 1067 2801 sanctorum
1116 2743 1403 2812 Martyrum
1433 2752 1679 2808 corpora,
1710 2736 1848 2791 sicut
1879 2734 2115 2789 membra
2219 2766 2275 2812 et
2302 2756 2356 2821 5’
2382 2756 2639 2826 pmdam
2664 2768 2725 2807 ea
2750 2753 2903 2808 deTe
2934 2751 3167 2820 inquirit.

538 2838 656 2906 Dei,
676 2835 1121 2909 quemadmodum
1140 2827 1700 2898 curaveruntapostoli
1720 2825 2108 2894 Stephanum.)
2289 2825 2430 2902 me,“
2455 2888 2472 2914 ν
2506 2846 2597 2900 lib.
2629 2845 2669 2900 ιι
2705 2846 2775 2899 De
2803 2845 2908 2901 civ.
2940 2842 3065 2910 Dei,
3094 2859 3214 2913 eam
3243 2845 3345 2909 ρι’
3377 2844 3442 2900 de
3469 2859 3610 2900 sem)
3634 2842 3750 2897 Ludi

537 2930 848 2997 Suetonius,
880 2928 1115 2991 Nerone,
1139 2940 1258 2992 cap.
1304 2921 1373 2976 49
1403 2937 1418 2976 :
1457 2938 1476 2972 ι
1516 2918 1800 2988 Imperavit
1823 2931 2014 2987 aquam
2041 2915 2115 2970 si-

2216 2940 2391 2996 Pontii
2421 2955 2513 3007 per
2535 2939 2830 2993 daemonem
2861 2936 3245 2994 vaticinantis:
3276 2956 3296 2990 ι
3322 2938 3525 3008 Adjecit
3551 2950 3747 2992 arsurum

536 3023 887 3096 mu11023
917 3032 971 3076 et
1019 3021 1159 3091 ligna
1206 3018 1448 3074 conferri
1501 3015 1739 3071 curando
1786 3028 1911 3069 mox
1951 3013 2111 3067 cada-

2216 3047 2336 3087 esse
2377 3030 2715 3101 Capitolium.
2762 3030 2872 3083 Hoc
2912 3044 3032 3081 cum
3063 3027 3311 3096 dixisset,
3341 3030 3582 3083 continuo
3604 3041 3748 3097 egres-

535 3118 670 3172 νθτί·
705 3134 723 3167 ’
761 3114 1095 3181 δν³¹⁸¹ί³¹¹υδν
1139 3114 1191 3164 in
1231 3110 1496 3164 Hadriano
1527 3124 1541 3163 ³
1577 3126 1597 3161 ί
1643 3105 1870 3161 curasse
1913 3104 2110 3159 deum“
2217 3139 2308 3178 sus
2341 3138 2371 3176 e
2406 3121 2619 3186 castris,
2648 3130 2856 3190 postera
2886 3117 2973 3172 die
3002 3119 3321 3174 concitatior
3352 3134 3587 3175 reversus
3609 3122 3749 3180 est,ct

533 3216 636 3271 tos,
679 3205 1003 3273 eosdemque
1030 3202 1303 3272 sepelisse.
1347 3219 1365 3252 ι
1402 3200 1510 3255 Nisi
1560 3199 1648 3254 ille
1694 3196 1987 3267 capiendus
2042 3198 2111 3251 sit

2159 3202 2531 3283 3Capitolium
2571 3216 2765 3265 arsisse
2811 3212 3078 3266 clamavit.
3128 3211 3356 3267 Arserat
3386 3221 3554 3266 autem
3596 3221 3744 3263 revera

537 3298 605 3351 de
635 3312 764 3351 cura
810 3296 1126 3365 depilatoria
1174 3294 1565 3355 catamitorum,
1602 3290 1934 3361 Iegaturque,
1979 3303 2112 3359 stupe

2216 3304 2557 3374 Capitolium.
2581 3303 2733 3370 Quod
2758 3303 2971 3371 quidem
3000 3303 3230 3359 daemoni
3253 3313 3307 3358 et
3334 3303 3611 3372 praividere
3626 3299 3746 3352 facile

537 3391 676 3444 lisse.
719 3388 1064 3459 Eginhartus,
1117 3386 1173 3441 in
1220 3384 1340 3440 Vita
1380 3384 1555 3439 Caroli
1588 3383 1810 3455 Magni:
1847 3400 1866 3433 ι
1905 3382 2111 3453 Corpus

2214 3394 2314 3448 fuit
2338 3438 2352 3461 ,
2382 3403 2435 3447 ct
2463 3394 2741 3448 celerrime
2772 3393 3040 3447 mmtiare.
3079 3411 3098 3446 ι
3142 3392 3232 3448 Sic
3263 3392 3359 3447 lib.
3393 3406 3479 3445 vut
3502 3432 3516 3455 ,
3546 3404 3650 3456 cap.
3676 3388 3745 3454 25,

518 3496 684 3535 more
710 3480 937 3535 εοιειῐηὶί
968 3482 1131 3533 Ιοιυιη
1167 3488 1220 3533 ει
1248 3487 1509 3532 cum-‘3'“-
1545 3494 1565 3527 θ
2215 3487 2369 3541 docet
2414 3487 2552 3540 unde
2600 3485 2820 3539 Ilcrmes
2862 3484 3246 3553 Trismegistus
3275 3484 3417 3539 scire
3448 3481 3654 3550 potuerit
3675 3493 3746 3531 ss-

600 3570 867 3626 Cuutaus.
924 3570 1267 3634 Ileraclides,
1316 3582 1431 3638 cap.
1465 3567 1495 3619 7
1524 3584 1539 3620 :
1572 3585 1591 3618 ι
1636 3565 1884 3637 Moyseus
1926 3581 2111 3620 servus

2221 3581 2563 3648 perstitiones
2597 3577 2940 3648 [Egyptiacas
2978 3574 3315 3630 auterendas.
3352 3575 3415 3629 Et
3444 3575 3478 3627 l.
3510 3589 3587 3635 ix,
3612 3567 3743 3632 (λεὶ,

532 3661 756 3732 “huius
782 3662 999 3717 οητίδιίε
1032 3670 1166 3716 ετίηο
1206 3679 1225 3713 ³
1264 3661 1318 3714 In
1347 3658 1610 3723 Palladio:
1641 3674 1760 3729 caP-
1791 3656 1862 3711 9'2
1883 3698 1897 3723 ι
1930 3668 2010 3712 εει
2038 3661 2112 3712 οἱ·
2215 3669 2493 3738 distinguit
2537 3669 2673 3722 inter
2711 3668 2987 3721 scientiam
3035 3665 3341 3721 daimonum
3370 3676 3423 3721 et
3451 3664 3745 3734 angelorum,

531 3754 677 3815 διέτης
728 3754 971 3827 ὑπῆρχεν
1017 3753 1399 3823 πολιτευομένου
1453 3749 1606 3810 τινός.
1670 3749 1835 3804 Vetus
1894 3750 2111 3804 I‘alladii

2214 3755 2375 3829 quod'
2411 3761 2583 3829 angeli
2616 3778 2634 3811 ι
2669 3761 2866 3813 certius
2915 3760 3227 3828 temporalia
3281 3767 3338 3813 et
3382 3755 3632 3811 mutabilia
3671 3752 3746 3803 ista

528 3844 787 3901 LauSiaca
813 3885 829 3909 ν
859 3862 976 3914 cap.
1025 3844 1179 3899 14::
1209 3845 1419 3914 Moyses
1464 3856 1653 3897 servus
1696 3842 1973 3913 cujusdam
2014 3843 2112 3897 fuit
2213 3861 2499 3913 noverunt,
2531 3851 2653 3919 quia
2699 3858 2885 3904 eorum
2932 3850 3253 3917 principales
3302 3861 3489 3901 causas
3518 3844 3568 3899 iu
3610 3838 3747 3895 Verbo

530 3938 767 3992 curialis.
790 3955 809 3989 ι
846 3938 1179 3991 Innocentius
1204 3935 1246 3999 Ι,
1278 3936 1437 4004 epist.
1466 3935 1520 3999 ἓ,
1548 3935 1614 3989 ad
1660 3936 1965 3991 Victricium
2001 3937 2109 3991 ΙΙο·
2217 3942 2307 3996 Dei
2340 3942 2697 4009 conspiciunt,
2718 3956 2810 4008 per
2828 3940 2967 4007 quod
3002 3940 3170 3993 facins
3200 3948 3284 3991 est
3312 3938 3536 3992 mundus
3558 3953 3571 3988 ε
3593 3930 3748 4000 quibus

531 4029 770 4097 tlmmag.
810 4032 1139 4099 episc0pum,
1184 4043 1303 4098 cap.
1339 4029 1400 4082 ΙΙ
1432 4044 1486 4080 ει
1518 4027 1849 4098 Frequenter
1891 4031 2107 4099 quidam
2213 4034 2392 4087 causis
2436 4032 2677 4101 quaedam
2730 4030 3065 4099 probantur,
3116 4028 3362 4099 quwdam
3408 4024 3748 4095 reprobamut'.

531 4135 597 4174 ex
622 4118 873 4173 fratribus
903 4120 1122 4185 nostris,
1152 4119 1380 4172 curiales
1407 4120 1490 4173 vel
1519 4120 1843 4186 quibuslibet
1884 4122 2108 4188 publicis
2213 4135 2404 4178 cuncta
2458 4123 2795 4177 ordinantur.
2860 4120 3137 4173 DiBﬂIOttCS
3191 4126 3370 4171 autem
3413 4131 3515 4169 non
3562 4120 3746 4166 aaternas

530 4211 892 4267 [unctionibus
922 4220 1231 4279 occupatos,
1263 4211 1487 4264 clericos
1517 4210 1691 4265 facere
1718 4212 2101 4267 contendunt.)
2216 4222 2514 4282 temporum
2555 4227 2765 4274 causas,
2795 4220 2848 4265 et
2877 4207 3271 4279 quodammodo
3296 4205 3584 4262 cardinales
3604 4203 3650 4255 in
3678 4196 3747 4251 Dei

529 4302 666 4359 Sunt
690 4303 918 4357 curiales
949 4303 1037 4372 qui
1082 4302 1244 4356 curiis
1273 4303 1490 4371 ascripti
1519 4309 1692 4356 erant.
1726 4303 1931 4358 Glossae
1956 4320 1971 4359 :
1998 4303 2102 4358 Cu-
2210 4305 2470 4374 sapientia
2509 4303 2960 4373 contemplautur,
2994 4300 3086 4354 sed
3134 4298 3489 4368 quorumdam
3518 4296 3746 4363 signorum

527 4395 699 4460 ria/is,
731 4395 1025 4466 βουλευτὴς,
1049 4394 1397 4465 βουλευτικὸς.

2211 4398 2364 4452 nobis
2408 4397 2737 4450 occultorum
2800 4392 2990 4459 majori
3037 4392 3372 4459 experientia
3430 4388 3587 4443 multo
3628 4383 3745 4453 plura

600 4484 983 4541 Cvrnoatsuus.
1006 4486 1141 4539 Sunt
1162 4484 1249 4551 qui
1272 4483 1657 4553 cyphomsmum
1688 4484 1851 4537 velint
1873 4484 2105 4541 describi
2209 4503 2368 4559 quam
2399 4487 2643 4541 homines
2672 4487 2842 4540 futura
2876 4485 3226 4555 prospiciunt,
3251 4483 3616 4553 dispositicncs
3641 4487 3745 4544 ιιιιο-

527 4591 561 4632 a
586 4585 772 4633 sancto
814 4576 1135 4645 Hieronymo
1164 4575 1216 4629 in
1246 4573 1364 4628 Vita
1405 4576 1573 4628 sancti
1611 4573 1754 4627 Pauli
1790 4578 1945 4644 primi
1986 4593 2103 4632 ere-
2132 4584 2184 4645 1)
2207 4598 2309 4651 que
2338 4594 2463 4633 suas
2509 4579 2793 4648 aliquando
2825 4578 3198 4646 praenuntiant.
3247 4574 3486 4645 Denique
3506 4583 3637 4640 saepe
3659 4564 3744 4630 is“.

512 4671 673 4725 amitae
696 4708 713 4735 ,
742 4685 890 4723 num.
919 4668 954 4722 2
979 4683 993 4721 :
1027 4687 1044 4718 ι
1075 4667 1361 4740 Martyrem
1401 4668 1560 4736 jussit
1590 4667 1749 4722 melle
1778 4670 2019 4739 perungi,
2051 4678 2107 4724 et
2209 4689 2478 4740 nunquam
2512 4673 2585 4725 illi
2613 4674 2832 4725 omnino
2861 4672 3174 4723 falluntur.)

526 4763 626 4818 sub
652 4760 1027 4837 ardentissimo
1046 4761 1178 4826 sole,
1204 4760 1437 4829 religatis
1460 4770 1576 4828 post
1601 4772 1803 4830 tergum
1834 4764 2101 4829 manibus,
2277 4763 2552 4816 Dmuosuu
2594 4775 2975 4816 EXSUt-‘FLA'I‘IO.
3019 4759 3161 4813 Nihil
3207 4755 3533 4826 frequentius
3565 4751 3615 4807 in
3650 4746 3745 4800 sau-

529 4854 848 4923 resupiuari,
876 4854 1082 4908 scilicet
1129 4863 1185 4905 ut
1233 4866 1535 4907 muscarum
1569 4851 1770 4907 aculeis
1811 4854 2046 4911 cederet.
2077 4872 2097 4905 »
2206 4863 2413 4908 ctorum
2463 4852 2627 4921 gestis
2675 4853 2961 4904 diemonum
3007 4848 3390 4916 exsujlatiune,
3428 4840 3741 4912 insumatim,

530 4947 665 5003 Vide
691 4946 1019 5012 Gallonium,
1053 4947 1126 5001 De
1156 4946 1457 5010 tormentis,
1486 4961 1604 5015 cap.
1640 4946 1691 5000 1.

968 4963 1019 5012 n,
1053 4947 1126 5001 De
1156 4946 1457 5010 tormentis,
1486 4961 1604 5015 cap.
1640 4946 1691 5000 1.
2204 4945 2553 5012 insputations

603 5038 875 5092 ῡιιξιιοιιυιι
930 5052 1243 5092 ιιιιιευιετιο.
1295 5039 1460 5091 Recte
1517 5038 1587 5092 de
1637 5053 1701 5092 ea
1757 5037 2103 5093 ratiocinator

2280 5035 2357 5090 De
2389 5034 2763 5089 exsumatioue
2802 5031 2963 5087 habes
3005 5033 3059 5084 In
3108 5030 3224 5085 Vita
3271 5026 3577 5087 Pachumii,
3604 5018 3744 5109 capite

453 5169 456 5171 Α
531 5136 745 5183 sanctus
772 5127 1054 5191 Antonius,
1081 5135 1140 5181 ut
1167 5128 1391 5182 habetur
1429 5125 1560 5180 Vitae
1588 5125 1703 5195 ejus
1731 5140 1851 5195 cap.
1878 5126 1963 5181 17.
1995 5129 2104 5182 Au-
2209 5126 2421 5203 decimo
2471 5127 2732 5195 septimo:
2760 5143 2778 5175 ι
2807 5124 2903 5189 Qui
2948 5123 3102 5189 signo
3146 5121 3323 5175 crucis
3363 5122 3581 5174 frontem
3622 5121 3745 5165 suam

531 5216 771 5289 gustinus
798 5230 947 5281 vero,
989 5225 1133 5272 tomo
1161 5217 1248 5283 III,
1277 5217 1371 5270 lib.
1401 5232 1439 5270 ιι
1470 5217 1535 5270 de
1564 5216 1700 5272 Gen.
1734 5217 1797 5270 ad
1845 5216 2100 5283 litteram,
2210 5222 2456 5274 muniens
2495 5218 2792 5273 exsulllavit
2833 5216 2886 5269 in
2917 5231 3071 5281 eum,
3106 5229 3336 5283 moxque
3379 5216 3582 5283 fugatus
3621 5211 3740 5258 calo!

528 5324 579 5364 c.
612 5308 677 5361 I7
698 5348 714 5373 ,
740 5307 812 5363 ita
842 5324 903 5362 ea
930 5307 996 5362 de
1032 5323 1092 5363 re
1121 5308 1373 5362 disserit:
1405 5327 1421 5359 ι
1452 5308 1653 5374 Quibus
1690 5308 1933 5377 quaedam
1976 5324 2102 5362 vera
2210 5309 2278 5363 Et
2307 5312 2477 5380 capite
2502 5310 2599 5363 43:
2626 5327 2644 5358 ι
2667 5310 2733 5363 Ει
2759 5308 3045 5363 cxsnﬂlaus
3080 5308 3131 5360 in
3156 5322 3276 5361 eum
3305 5306 3459 5359 dixit.
3482 5322 3500 5355 ι
3528 5302 3741 5356 Ιτριιπυεν

531 5400 598 5454 de
625 5398 1007 5467 temporalibus
1031 5399 1189 5453 rebus
1212 5411 1370 5452 nosse
1394 5396 1734 5466 permittitur,
1761 5397 1951 5464 partim
1980 5397 2101 5466 quia
2211 5404 2349 5459 libro
2387 5403 2585 5474 primo,
2628 5402 2799 5471 capite
2838 5417 2979 5455 nono
3014 5418 3026 5454 :
3062 5420 3081 5451 ι
3116 5399 3233 5455 Jam
3266 5414 3395 5453 vero
3433 5392 3657 5466 quzellam
3691 5396 3744 5438 ex

527 5490 820 5547 subtilioris
859 5503 1049 5545 sensus
1080 5489 1343 5550 acumine.
1378 5491 1565 5557 partim
1615 5488 1737 5559 quia
1785 5488 2098 5557 corporibus
2204 5494 2525 5547 ﬁdelissimis
2553 5492 2881 5556 mulieribus,
2910 5506 3027 5555 quae
3062 5489 3260 5542 habent
3289 5488 3529 5540 timorem
3573 5475 3673 5533 Dei.
3701 5478 3743 5525 et

526 5582 895 5638 subtilioribus
939 5581 1160 5652 vigent,
1193 5581 1382 5649 partim
1429 5580 1753 5647 experientia
1802 5578 2098 5644 callidiore,
2204 5597 2309 5636 non
2338 5591 2461 5636 sunt
2487 5581 2841 5647 seducibiles,
2869 5592 3003 5647 quas
3030 5577 3276 5631 similiter
3314 5585 3372 5629 ut
3398 5573 3614 5643 reliquas
3638 5559 3743 5617 θαι·

528 5683 748 5743 propter
777 5681 880 5726 tam
906 5686 1149 5741 magnam
1180 5669 1560 5739 longitudinem
1585 5672 1729 5737 vitae,
1755 5671 1944 5738 partim
1976 5685 2099 5723 san—
2203 5672 2365 5726 ctavit
2403 5670 2679 5734 seducere,
2706 5670 2900 5740 jubens
2943 5684 3032 5722 cas
3065 5670 3404 5737 prophetare,
3435 5657 3741 5719 exsufﬂantes

530 5766 630 5821 ctis
675 5764 896 5833 angelis,
923 5763 1063 5832 quod
1097 5760 1195 5831 ipsi
1226 5761 1291 5815 ah
1319 5762 1684 5828 omnipotente
1728 5759 1837 5813 Deo
1865 5759 2097 5824 discunt,

2202 5774 2258 5822 et
2280 5767 2799 5822 anathematizantes
2815 5781 2934 5819 eum
2953 5772 3334 5832 separaverunt
3354 5776 3413 5818 se
3432 5761 3499 5816 ab
3512 5743 3737 5829 ejusmodi

528 5855 690 5912 etiam
711 5855 857 5945 jussu
880 5852 997 5925 ejus
1018 5853 1119 5912 sibi
1141 5842 1623 5921 revelantibus,qui
1653 5850 1839 5907 merita
1866 5850 2098 5907 humana
2200 5853 2406 5914 insano.
2428 5874 2449 5909 ι
2476 5855 2626 5923 Quod
2674 5855 2760 5912 hic
2788 5864 2871 5911 est
2896 5853 3242 5923 castimonia,
3271 5852 3455 5909 Greece
3479 5846 3608 5917 apud
3634 5843 3736 5898 Eaf-
