  <div class='ocr_page' id='page_1' title='image "/cluster/home/n/w/nwhite01/storage/ocr_20150623/74/hvd.32044015469372/224.png"; bbox 0 0 4014 6368; ppageno 0'>
   <div class='ocr_carea' id='block_1_1' title="bbox 330 368 438 424">
    <p class='ocr_par' dir='ltr' id='par_1_1' title="bbox 330 368 438 424">
     <span class='ocr_line' id='line_1_1' title="bbox 330 368 438 424; baseline -0.009 0"><span class='ocrx_word' id='word_1_1' title='bbox 330 368 438 424; x_wconf 66' lang='grc' dir='ltr'>ω</span> 
     </span>
    </p>
   </div>
   <div class='ocr_carea' id='block_1_2' title="bbox 1041 351 2911 426">
    <p class='ocr_par' dir='ltr' id='par_1_2' title="bbox 1041 351 2911 426">
     <span class='ocr_line' id='line_1_2' title="bbox 1041 351 2911 426; baseline -0.004 -10"><span class='ocrx_word' id='word_1_2' title='bbox 1041 354 1521 417; x_wconf 66' lang='lat' dir='ltr'><strong>ONOMAS&#39;HCON</strong></span> <span class='ocrx_word' id='word_1_3' title='bbox 1564 354 1807 412; x_wconf 74' lang='lat' dir='ltr'><strong>RERUM</strong></span> <span class='ocrx_word' id='word_1_4' title='bbox 1847 353 1931 409; x_wconf 79' lang='grc' dir='ltr'><strong>ΕΤ</strong></span> <span class='ocrx_word' id='word_1_5' title='bbox 1973 351 2348 426; x_wconf 75' lang='lat' dir='ltr'><strong>VERBORUM</strong></span> <span class='ocrx_word' id='word_1_6' title='bbox 2391 353 2911 411; x_wconf 75' lang='lat' dir='ltr'><strong>DIFFICILIORUM.</strong></span> 
     </span>
    </p>
   </div>
   <div class='ocr_carea' id='block_1_3' title="bbox 3500 358 3603 416">
    <p class='ocr_par' dir='ltr' id='par_1_3' title="bbox 3500 358 3603 416">
     <span class='ocr_line' id='line_1_3' title="bbox 3500 358 3603 416; baseline 0.019 -2"><span class='ocrx_word' id='word_1_7' title='bbox 3500 358 3603 416; x_wconf 67' lang='grc'><strong>1511</strong></span> 
     </span>
    </p>
   </div>
   <div class='ocr_carea' id='block_1_4' title="bbox 335 467 3607 550">
    <p class='ocr_par' dir='ltr' id='par_1_4' title="bbox 335 467 3607 550">
     <span class='ocr_line' id='line_1_4' title="bbox 335 467 3607 550; baseline -0.002 -16"><span class='ocrx_word' id='word_1_8' title='bbox 335 480 612 550; x_wconf 83' lang='lat' dir='ltr'><strong>phantum,</strong></span> <span class='ocrx_word' id='word_1_9' title='bbox 637 470 827 529; x_wconf 69' lang='lat' dir='ltr'><strong>haeresi</strong></span> <span class='ocrx_word' id='word_1_10' title='bbox 849 469 1034 536; x_wconf 51' lang='grc' dir='ltr'><strong>διάξει</strong></span> <span class='ocrx_word' id='word_1_11' title='bbox 1054 476 1504 543; x_wconf 66' lang='grc' dir='ltr'><strong>καταφυσήσασαι.</strong></span> <span class='ocrx_word' id='word_1_12' title='bbox 1528 468 1913 533; x_wconf 81' lang='lat' dir='ltr'><strong>Tertullianus,</strong></span> <span class='ocrx_word' id='word_1_13' title='bbox 1942 470 1993 531; x_wconf 78' lang='grc' dir='ltr'><strong>Δ</strong></span> <span class='ocrx_word' id='word_1_14' title='bbox 2090 469 2402 525; x_wconf 66' lang='lat' dir='ltr'><strong>Damasus.</strong></span> <span class='ocrx_word' id='word_1_15' title='bbox 2440 469 2631 524; x_wconf 82' lang='lat' dir='ltr'><strong>Rarius</strong></span> <span class='ocrx_word' id='word_1_16' title='bbox 2660 469 2903 534; x_wconf 79' lang='lat' dir='ltr'><strong>verbum,</strong></span> <span class='ocrx_word' id='word_1_17' title='bbox 2932 481 3032 523; x_wconf 92' lang='lat' dir='ltr'><strong>nec</strong></span> <span class='ocrx_word' id='word_1_18' title='bbox 3060 467 3216 525; x_wconf 81' lang='lat' dir='ltr'><strong>facile</strong></span> <span class='ocrx_word' id='word_1_19' title='bbox 3238 470 3472 527; x_wconf 88' lang='lat' dir='ltr'><strong>obvium.</strong></span> <span class='ocrx_word' id='word_1_20' title='bbox 3504 473 3607 529; x_wconf 82' lang='lat' dir='ltr'><strong>lla-</strong></span> 
     </span>
    </p>
   </div>
   <div class='ocr_carea' id='block_1_5' title="bbox 336 556 1917 631">
    <p class='ocr_par' dir='ltr' id='par_1_5' title="bbox 336 556 1917 631">
     <span class='ocr_line' id='line_1_5' title="bbox 336 556 1917 631; baseline -0.009 -7"><span class='ocrx_word' id='word_1_21' title='bbox 336 568 414 623; x_wconf 87' lang='lat' dir='ltr'><strong>De</strong></span> <span class='ocrx_word' id='word_1_22' title='bbox 441 563 759 628; x_wconf 77' lang='lat' dir='ltr'><strong>idololatria,</strong></span> <span class='ocrx_word' id='word_1_23' title='bbox 785 574 903 631; x_wconf 78' lang='lat' dir='ltr'><strong>Cap.</strong></span> <span class='ocrx_word' id='word_1_24' title='bbox 936 558 999 613; x_wconf 84' lang='grc'><strong>11</strong></span> <span class='ocrx_word' id='word_1_25' title='bbox 1020 575 1035 616; x_wconf 89' lang='lat'><strong>:</strong></span> <span class='ocrx_word' id='word_1_26' title='bbox 1060 578 1079 610; x_wconf 86' lang='grc'><strong>‹</strong></span> <span class='ocrx_word' id='word_1_27' title='bbox 1111 559 1227 627; x_wconf 88' lang='lat' dir='ltr'><strong>Quo</strong></span> <span class='ocrx_word' id='word_1_28' title='bbox 1250 573 1344 613; x_wconf 90' lang='lat' dir='ltr'><strong>ore</strong></span> <span class='ocrx_word' id='word_1_29' title='bbox 1371 556 1703 611; x_wconf 90' lang='lat' dir='ltr'><strong>Christianus</strong></span> <span class='ocrx_word' id='word_1_30' title='bbox 1734 557 1917 611; x_wconf 86' lang='lat' dir='ltr'><strong>thura-</strong></span> 
     </span>
    </p>
   </div>
   <div class='ocr_carea' id='block_1_6' title="bbox 320 648 1918 724">
    <p class='ocr_par' dir='ltr' id='par_1_6' title="bbox 320 648 1918 724">
     <span class='ocr_line' id='line_1_6' title="bbox 320 648 1918 724; baseline -0.006 -12"><span class='ocrx_word' id='word_1_31' title='bbox 320 659 447 713; x_wconf 78' lang='lat' dir='ltr'><strong>~.rius</strong></span> <span class='ocrx_word' id='word_1_32' title='bbox 488 656 532 710; x_wconf 87' lang='lat' dir='ltr'><strong>si</strong></span> <span class='ocrx_word' id='word_1_33' title='bbox 581 670 675 724; x_wconf 87' lang='lat' dir='ltr'><strong>per</strong></span> <span class='ocrx_word' id='word_1_34' title='bbox 698 652 895 721; x_wconf 82' lang='lat' dir='ltr'><strong>templa</strong></span> <span class='ocrx_word' id='word_1_35' title='bbox 941 649 1223 712; x_wconf 80' lang='lat' dir='ltr'><strong>transibit,</strong></span> <span class='ocrx_word' id='word_1_36' title='bbox 1245 662 1352 716; x_wconf 89' lang='lat' dir='ltr'><strong>quo</strong></span> <span class='ocrx_word' id='word_1_37' title='bbox 1379 662 1476 703; x_wconf 86' lang='lat' dir='ltr'><strong>ore</strong></span> <span class='ocrx_word' id='word_1_38' title='bbox 1506 648 1768 702; x_wconf 88' lang='lat' dir='ltr'><strong>fumantes</strong></span> <span class='ocrx_word' id='word_1_39' title='bbox 1797 662 1918 703; x_wconf 88' lang='lat' dir='ltr'><strong>aras</strong></span> 
     </span>
    </p>
   </div>
   <div class='ocr_carea' id='block_1_7' title="bbox 333 738 1921 815">
    <p class='ocr_par' dir='ltr' id='par_1_7' title="bbox 333 738 1921 815">
     <span class='ocr_line' id='line_1_7' title="bbox 333 738 1921 815; baseline -0.005 -13"><span class='ocrx_word' id='word_1_40' title='bbox 333 748 579 815; x_wconf 88' lang='lat' dir='ltr'><strong>despuet,</strong></span> <span class='ocrx_word' id='word_1_41' title='bbox 609 756 665 801; x_wconf 88' lang='lat' dir='ltr'><strong>et</strong></span> <span class='ocrx_word' id='word_1_42' title='bbox 707 741 1033 807; x_wconf 76' lang='lat' dir='ltr'><strong>exsufflabit,</strong></span> <span class='ocrx_word' id='word_1_43' title='bbox 1064 740 1255 808; x_wconf 88' lang='lat' dir='ltr'><strong>quibus</strong></span> <span class='ocrx_word' id='word_1_44' title='bbox 1298 740 1409 808; x_wconf 88' lang='lat' dir='ltr'><strong>ipse</strong></span> <span class='ocrx_word' id='word_1_45' title='bbox 1440 738 1751 807; x_wconf 79' lang='lat' dir='ltr'><strong>prospexit?</strong></span> <span class='ocrx_word' id='word_1_46' title='bbox 1778 756 1796 789; x_wconf 87' lang='grc'><strong>1</strong></span> <span class='ocrx_word' id='word_1_47' title='bbox 1824 738 1921 794; x_wconf 88' lang='lat' dir='ltr'><strong>Se-</strong></span> 
     </span>
    </p>
   </div>
   <div class='ocr_carea' id='block_1_8' title="bbox 334 828 1929 904">
    <p class='ocr_par' dir='ltr' id='par_1_8' title="bbox 334 828 1929 904">
     <span class='ocr_line' id='line_1_8' title="bbox 334 828 1929 904; baseline -0.009 -11"><span class='ocrx_word' id='word_1_48' title='bbox 334 854 496 893; x_wconf 79' lang='lat' dir='ltr'><strong>verus</strong></span> <span class='ocrx_word' id='word_1_49' title='bbox 522 835 811 904; x_wconf 82' lang='lat' dir='ltr'><strong>Sulpicius,</strong></span> <span class='ocrx_word' id='word_1_50' title='bbox 839 833 974 885; x_wconf 89' lang='lat' dir='ltr'><strong>libro</strong></span> <span class='ocrx_word' id='word_1_51' title='bbox 996 846 1050 884; x_wconf 78' lang='grc'><strong>111</strong></span> <span class='ocrx_word' id='word_1_52' title='bbox 1078 831 1150 884; x_wconf 86' lang='lat' dir='ltr'><strong>De</strong></span> <span class='ocrx_word' id='word_1_53' title='bbox 1172 829 1456 884; x_wconf 85' lang='lat' dir='ltr'><strong>virtutibus</strong></span> <span class='ocrx_word' id='word_1_54' title='bbox 1478 829 1645 882; x_wconf 87' lang='lat' dir='ltr'><strong>sancti</strong></span> <span class='ocrx_word' id='word_1_55' title='bbox 1676 828 1885 882; x_wconf 76' lang='lat' dir='ltr'><strong>Martini</strong></span> <span class='ocrx_word' id='word_1_56' title='bbox 1905 834 1929 879; x_wconf 67' lang='grc'><strong>;⁷</strong></span> 
     </span>
    </p>
   </div>
   <div class='ocr_carea' id='block_1_9' title="bbox 330 920 1924 998">
    <p class='ocr_par' dir='ltr' id='par_1_9' title="bbox 330 920 1924 998">
     <span class='ocr_line' id='line_1_9' title="bbox 330 920 1924 998; baseline -0.004 -17"><span class='ocrx_word' id='word_1_57' title='bbox 330 947 362 980; x_wconf 64' lang='grc' dir='ltr'><strong>ι(</strong></span> <span class='ocrx_word' id='word_1_58' title='bbox 392 928 528 981; x_wconf 82' lang='lat' dir='ltr'><strong>Vidit</strong></span> <span class='ocrx_word' id='word_1_59' title='bbox 559 935 681 998; x_wconf 86' lang='lat' dir='ltr'><strong>post</strong></span> <span class='ocrx_word' id='word_1_60' title='bbox 713 933 919 993; x_wconf 86' lang='lat' dir='ltr'><strong>tergum</strong></span> <span class='ocrx_word' id='word_1_61' title='bbox 955 922 1120 991; x_wconf 87' lang='lat' dir='ltr'><strong>ipsius</strong></span> <span class='ocrx_word' id='word_1_62' title='bbox 1150 921 1448 976; x_wconf 59' lang='lat' dir='ltr'><strong>dmmonem</strong></span> <span class='ocrx_word' id='word_1_63' title='bbox 1482 920 1629 975; x_wconf 67' lang='lat' dir='ltr'><strong>mirae</strong></span> <span class='ocrx_word' id='word_1_64' title='bbox 1660 920 1924 989; x_wconf 84' lang='lat' dir='ltr'><strong>magnitu-</strong></span> 
     </span>
    </p>
   </div>
   <div class='ocr_carea' id='block_1_10' title="bbox 336 1013 1921 1088">
    <p class='ocr_par' dir='ltr' id='par_1_10' title="bbox 336 1013 1921 1088">
     <span class='ocr_line' id='line_1_10' title="bbox 336 1013 1921 1088; baseline -0.005 -12"><span class='ocrx_word' id='word_1_65' title='bbox 336 1022 480 1076; x_wconf 90' lang='lat' dir='ltr'><strong>dinis</strong></span> <span class='ocrx_word' id='word_1_66' title='bbox 518 1019 838 1074; x_wconf 81' lang='lat' dir='ltr'><strong>assidentem</strong></span> <span class='ocrx_word' id='word_1_67' title='bbox 866 1057 881 1082; x_wconf 94' lang='lat'><strong>,</strong></span> <span class='ocrx_word' id='word_1_68' title='bbox 907 1032 1064 1086; x_wconf 86' lang='lat' dir='ltr'><strong>quem</strong></span> <span class='ocrx_word' id='word_1_69' title='bbox 1107 1019 1317 1071; x_wconf 83' lang='lat' dir='ltr'><strong>eminus</strong></span> <span class='ocrx_word' id='word_1_70' title='bbox 1343 1016 1425 1088; x_wconf 91' lang='lat' dir='ltr'><strong>(ut</strong></span> <span class='ocrx_word' id='word_1_71' title='bbox 1453 1015 1619 1070; x_wconf 88' lang='lat' dir='ltr'><strong>verbo</strong></span> <span class='ocrx_word' id='word_1_72' title='bbox 1640 1059 1655 1083; x_wconf 88' lang='lat'><strong>,</strong></span> <span class='ocrx_word' id='word_1_73' title='bbox 1683 1015 1805 1085; x_wconf 86' lang='lat' dir='ltr'><strong>quia</strong></span> <span class='ocrx_word' id='word_1_74' title='bbox 1846 1013 1921 1068; x_wconf 86' lang='lat' dir='ltr'><strong>ita</strong></span> 
     </span>
    </p>
   </div>
   <div class='ocr_carea' id='block_1_11' title="bbox 328 1105 1924 1179">
    <p class='ocr_par' dir='ltr' id='par_1_11' title="bbox 328 1105 1924 1179">
     <span class='ocr_line' id='line_1_11' title="bbox 328 1105 1924 1179; baseline -0.006 -12"><span class='ocrx_word' id='word_1_75' title='bbox 328 1127 567 1168; x_wconf 79' lang='lat' dir='ltr'><strong>necesse</strong></span> <span class='ocrx_word' id='word_1_76' title='bbox 597 1120 711 1179; x_wconf 90' lang='lat' dir='ltr'><strong>est,</strong></span> <span class='ocrx_word' id='word_1_77' title='bbox 744 1124 929 1178; x_wconf 87' lang='lat' dir='ltr'><strong>parum</strong></span> <span class='ocrx_word' id='word_1_78' title='bbox 962 1109 1150 1163; x_wconf 88' lang='lat' dir='ltr'><strong>Latino</strong></span> <span class='ocrx_word' id='word_1_79' title='bbox 1181 1108 1412 1179; x_wconf 85' lang='lat' dir='ltr'><strong>utamur)</strong></span> <span class='ocrx_word' id='word_1_80' title='bbox 1438 1108 1753 1172; x_wconf 77' lang='lat' dir='ltr'><strong>exsufflans,</strong></span> <span class='ocrx_word' id='word_1_81' title='bbox 1799 1105 1924 1161; x_wconf 82' lang='lat' dir='ltr'><strong>Avi-</strong></span> 
     </span>
    </p>
   </div>
   <div class='ocr_carea' id='block_1_12' title="bbox 340 1199 1924 1270">
    <p class='ocr_par' dir='ltr' id='par_1_12' title="bbox 340 1199 1924 1270">
     <span class='ocr_line' id='line_1_12' title="bbox 340 1199 1924 1270; baseline -0.003 -13"><span class='ocrx_word' id='word_1_82' title='bbox 340 1206 521 1259; x_wconf 80' lang='lat' dir='ltr'><strong>tianus</strong></span> <span class='ocrx_word' id='word_1_83' title='bbox 548 1218 607 1259; x_wconf 77' lang='lat' dir='ltr'><strong>se</strong></span> <span class='ocrx_word' id='word_1_84' title='bbox 628 1202 896 1257; x_wconf 80' lang='lat' dir='ltr'><strong>exsufﬂari</strong></span> <span class='ocrx_word' id='word_1_85' title='bbox 920 1202 1234 1255; x_wconf 81' lang='lat' dir='ltr'><strong>existimans</strong></span> <span class='ocrx_word' id='word_1_86' title='bbox 1259 1219 1270 1252; x_wconf 91' lang='lat'><strong>:</strong></span> <span class='ocrx_word' id='word_1_87' title='bbox 1291 1200 1428 1268; x_wconf 86' lang='lat' dir='ltr'><strong>Quid</strong></span> <span class='ocrx_word' id='word_1_88' title='bbox 1452 1216 1558 1266; x_wconf 90' lang='lat' dir='ltr'><strong>me,</strong></span> <span class='ocrx_word' id='word_1_89' title='bbox 1583 1199 1774 1270; x_wconf 85' lang='lat' dir='ltr'><strong>inquit,</strong></span> <span class='ocrx_word' id='word_1_90' title='bbox 1799 1213 1924 1254; x_wconf 87' lang='lat' dir='ltr'><strong>san-</strong></span> 
     </span>
    </p>
   </div>
   <div class='ocr_carea' id='block_1_13' title="bbox 336 1291 1926 1363">
    <p class='ocr_par' dir='ltr' id='par_1_13' title="bbox 336 1291 1926 1363">
     <span class='ocr_line' id='line_1_13' title="bbox 336 1291 1926 1363; baseline -0.001 -14"><span class='ocrx_word' id='word_1_91' title='bbox 336 1305 453 1360; x_wconf 78' lang='lat' dir='ltr'><strong>cte,</strong></span> <span class='ocrx_word' id='word_1_92' title='bbox 478 1297 557 1350; x_wconf 83' lang='lat' dir='ltr'><strong>sic</strong></span> <span class='ocrx_word' id='word_1_93' title='bbox 603 1294 831 1363; x_wconf 83' lang='lat' dir='ltr'><strong>aspicis?</strong></span> <span class='ocrx_word' id='word_1_94' title='bbox 859 1293 993 1347; x_wconf 86' lang='lat' dir='ltr'><strong>Tum</strong></span> <span class='ocrx_word' id='word_1_95' title='bbox 1039 1294 1292 1347; x_wconf 74' lang='lat' dir='ltr'><strong>Martinus</strong></span> <span class='ocrx_word' id='word_1_96' title='bbox 1321 1311 1334 1345; x_wconf 90' lang='lat'><strong>:</strong></span> <span class='ocrx_word' id='word_1_97' title='bbox 1360 1293 1473 1348; x_wconf 86' lang='lat' dir='ltr'><strong>Non</strong></span> <span class='ocrx_word' id='word_1_98' title='bbox 1506 1304 1587 1359; x_wconf 88' lang='lat' dir='ltr'><strong>te,</strong></span> <span class='ocrx_word' id='word_1_99' title='bbox 1616 1294 1801 1362; x_wconf 81' lang='lat' dir='ltr'><strong>inquit,</strong></span> <span class='ocrx_word' id='word_1_100' title='bbox 1832 1291 1926 1348; x_wconf 86' lang='lat' dir='ltr'><strong>sed</strong></span> 
     </span>
    </p>
   </div>
   <div class='ocr_carea' id='block_1_14' title="bbox 334 1385 1929 1456">
    <p class='ocr_par' dir='ltr' id='par_1_14' title="bbox 334 1385 1929 1456">
     <span class='ocr_line' id='line_1_14' title="bbox 334 1385 1929 1456; baseline -0.003 -14"><span class='ocrx_word' id='word_1_101' title='bbox 334 1403 494 1454; x_wconf 81' lang='lat' dir='ltr'><strong>eum,</strong></span> <span class='ocrx_word' id='word_1_102' title='bbox 532 1388 621 1456; x_wconf 86' lang='lat' dir='ltr'><strong>qui</strong></span> <span class='ocrx_word' id='word_1_103' title='bbox 651 1386 843 1440; x_wconf 87' lang='lat' dir='ltr'><strong>cervici</strong></span> <span class='ocrx_word' id='word_1_104' title='bbox 878 1394 981 1439; x_wconf 79' lang='lat' dir='ltr'><strong>tua:</strong></span> <span class='ocrx_word' id='word_1_105' title='bbox 1012 1391 1148 1438; x_wconf 84' lang='lat' dir='ltr'><strong>teter</strong></span> <span class='ocrx_word' id='word_1_106' title='bbox 1179 1386 1437 1439; x_wconf 87' lang='lat' dir='ltr'><strong>incubuit.</strong></span> <span class='ocrx_word' id='word_1_107' title='bbox 1462 1404 1485 1437; x_wconf 72' lang='grc'><strong>1</strong></span> <span class='ocrx_word' id='word_1_108' title='bbox 1520 1386 1609 1440; x_wconf 89' lang='lat' dir='ltr'><strong>Sic</strong></span> <span class='ocrx_word' id='word_1_109' title='bbox 1634 1385 1929 1439; x_wconf 65' lang='lat' dir='ltr'><strong>daemonio-</strong></span> 
     </span>
    </p>
   </div>
   <div class='ocr_carea' id='block_1_15' title="bbox 318 1477 1930 1548">
    <p class='ocr_par' dir='ltr' id='par_1_15' title="bbox 318 1477 1930 1548">
     <span class='ocr_line' id='line_1_15' title="bbox 318 1477 1930 1548; baseline -0.003 -14"><span class='ocrx_word' id='word_1_110' title='bbox 318 1493 459 1535; x_wconf 55' lang='lat' dir='ltr'><strong>«rum</strong></span> <span class='ocrx_word' id='word_1_111' title='bbox 490 1478 791 1534; x_wconf 78' lang='lat' dir='ltr'><strong>exsufflatio</strong></span> <span class='ocrx_word' id='word_1_112' title='bbox 816 1480 954 1533; x_wconf 86' lang='lat' dir='ltr'><strong>inter</strong></span> <span class='ocrx_word' id='word_1_113' title='bbox 979 1480 1323 1533; x_wconf 70' lang='lat' dir='ltr'><strong>caaremonias</strong></span> <span class='ocrx_word' id='word_1_114' title='bbox 1352 1478 1599 1548; x_wconf 81' lang='lat' dir='ltr'><strong>baptismi</strong></span> <span class='ocrx_word' id='word_1_115' title='bbox 1631 1477 1769 1544; x_wconf 69' lang='lat' dir='ltr'><strong>apud</strong></span> <span class='ocrx_word' id='word_1_116' title='bbox 1792 1477 1930 1530; x_wconf 81' lang='lat' dir='ltr'><strong>Dio-</strong></span> 
     </span>
    </p>
   </div>
   <div class='ocr_carea' id='block_1_16' title="bbox 326 1568 1932 1641">
    <p class='ocr_par' dir='ltr' id='par_1_16' title="bbox 326 1568 1932 1641">
     <span class='ocr_line' id='line_1_16' title="bbox 326 1568 1932 1641; baseline -0.002 -17"><span class='ocrx_word' id='word_1_117' title='bbox 326 1571 555 1641; x_wconf 83' lang='lat' dir='ltr'><strong>nysium</strong></span> <span class='ocrx_word' id='word_1_118' title='bbox 585 1572 993 1640; x_wconf 73' lang='lat' dir='ltr'><strong>Areopagitam,</strong></span> <span class='ocrx_word' id='word_1_119' title='bbox 1025 1569 1348 1626; x_wconf 68' lang='lat' dir='ltr'><strong>llierarchize</strong></span> <span class='ocrx_word' id='word_1_120' title='bbox 1396 1570 1603 1624; x_wconf 83' lang='lat' dir='ltr'><strong>Eccles:</strong></span> <span class='ocrx_word' id='word_1_121' title='bbox 1636 1582 1758 1638; x_wconf 84' lang='lat' dir='ltr'><strong>cap.</strong></span> <span class='ocrx_word' id='word_1_122' title='bbox 1790 1568 1847 1635; x_wconf 92' lang='lat'><strong>2,</strong></span> <span class='ocrx_word' id='word_1_123' title='bbox 1877 1576 1932 1622; x_wconf 89' lang='lat' dir='ltr'><strong>et</strong></span> 
     </span>
    </p>
   </div>
   <div class='ocr_carea' id='block_1_17' title="bbox 343 1662 1926 1732">
    <p class='ocr_par' dir='ltr' id='par_1_17' title="bbox 343 1662 1926 1732">
     <span class='ocr_line' id='line_1_17' title="bbox 343 1662 1926 1732; baseline -0.001 -15"><span class='ocrx_word' id='word_1_124' title='bbox 343 1662 541 1732; x_wconf 83' lang='lat' dir='ltr'><strong>passim</strong></span> <span class='ocrx_word' id='word_1_125' title='bbox 574 1663 712 1731; x_wconf 87' lang='lat' dir='ltr'><strong>apud</strong></span> <span class='ocrx_word' id='word_1_126' title='bbox 740 1663 871 1716; x_wconf 87' lang='lat' dir='ltr'><strong>alios</strong></span> <span class='ocrx_word' id='word_1_127' title='bbox 921 1662 1318 1718; x_wconf 87' lang='lat' dir='ltr'><strong>ecclesiasticos</strong></span> <span class='ocrx_word' id='word_1_128' title='bbox 1348 1664 1635 1732; x_wconf 90' lang='lat' dir='ltr'><strong>scriptores</strong></span> <span class='ocrx_word' id='word_1_129' title='bbox 1662 1680 1673 1714; x_wconf 92' lang='lat'>:</span> <span class='ocrx_word' id='word_1_130' title='bbox 1703 1676 1809 1731; x_wconf 90' lang='lat' dir='ltr'><strong>quo</strong></span> <span class='ocrx_word' id='word_1_131' title='bbox 1838 1676 1926 1716; x_wconf 90' lang='lat' dir='ltr'><strong>re-</strong></span> 
     </span>
    </p>
   </div>
   <div class='ocr_carea' id='block_1_18' title="bbox 336 1752 1930 1823">
    <p class='ocr_par' dir='ltr' id='par_1_18' title="bbox 336 1752 1930 1823">
     <span class='ocr_line' id='line_1_18' title="bbox 336 1752 1930 1823; baseline -0.002 -14"><span class='ocrx_word' id='word_1_132' title='bbox 336 1756 503 1823; x_wconf 73' lang='lat' dir='ltr'><strong>apicit</strong></span> <span class='ocrx_word' id='word_1_133' title='bbox 529 1754 685 1808; x_wconf 86' lang='lat' dir='ltr'><strong>divus</strong></span> <span class='ocrx_word' id='word_1_134' title='bbox 720 1754 1064 1823; x_wconf 79' lang='lat' dir='ltr'><strong>Augustinus,</strong></span> <span class='ocrx_word' id='word_1_135' title='bbox 1099 1762 1253 1809; x_wconf 85' lang='lat' dir='ltr'><strong>tract.</strong></span> <span class='ocrx_word' id='word_1_136' title='bbox 1296 1754 1349 1806; x_wconf 89' lang='grc'><strong>11</strong></span> <span class='ocrx_word' id='word_1_137' title='bbox 1388 1754 1440 1807; x_wconf 83' lang='grc'><strong>111</strong></span> <span class='ocrx_word' id='word_1_138' title='bbox 1472 1752 1730 1808; x_wconf 77' lang='lat' dir='ltr'><strong>Joannem</strong></span> <span class='ocrx_word' id='word_1_139' title='bbox 1768 1766 1930 1821; x_wconf 89' lang='lat' dir='ltr'><strong>agens</strong></span> 
     </span>
    </p>
   </div>
   <div class='ocr_carea' id='block_1_19' title="bbox 324 1829 2011 1914">
    <p class='ocr_par' dir='ltr' id='par_1_19' title="bbox 324 1829 2011 1914">
     <span class='ocr_line' id='line_1_19' title="bbox 324 1829 2011 1914; baseline -0.002 -13"><span class='ocrx_word' id='word_1_140' title='bbox 324 1847 602 1901; x_wconf 78' lang='lat' dir='ltr'><strong>adversus</strong></span> <span class='ocrx_word' id='word_1_141' title='bbox 656 1845 961 1900; x_wconf 86' lang='lat' dir='ltr'><strong>Douatistas</strong></span> <span class='ocrx_word' id='word_1_142' title='bbox 1008 1844 1425 1914; x_wconf 81' lang='lat' dir='ltr'><strong>rebaptizatores</strong></span> <span class='ocrx_word' id='word_1_143' title='bbox 1450 1884 1465 1909; x_wconf 93' lang='lat'><strong>,</strong></span> <span class='ocrx_word' id='word_1_144' title='bbox 1497 1845 1586 1914; x_wconf 91' lang='lat' dir='ltr'><strong>qui</strong></span> <span class='ocrx_word' id='word_1_145' title='bbox 1630 1844 1795 1897; x_wconf 87' lang='lat' dir='ltr'><strong>semel</strong></span> <span class='ocrx_word' id='word_1_146' title='bbox 1830 1842 1931 1898; x_wconf 91' lang='lat' dir='ltr'><strong>rite</strong></span> <span class='ocrx_word' id='word_1_147' title='bbox 1964 1829 2011 1889; x_wconf 78' lang='grc' dir='ltr'><strong>Β</strong></span> 
     </span>
    </p>
   </div>
   <div class='ocr_carea' id='block_1_20' title="bbox 337 1934 1930 2007">
    <p class='ocr_par' dir='ltr' id='par_1_20' title="bbox 337 1934 1930 2007">
     <span class='ocr_line' id='line_1_20' title="bbox 337 1934 1930 2007; baseline -0.002 -15"><span class='ocrx_word' id='word_1_148' title='bbox 337 1936 668 2007; x_wconf 70' lang='lat' dir='ltr'><strong>baptizatum</strong></span> <span class='ocrx_word' id='word_1_149' title='bbox 702 1936 1072 1992; x_wconf 9' lang='lat' dir='ltr'><strong>texsufllabant</strong></span> <span class='ocrx_word' id='word_1_150' title='bbox 1095 1977 1108 2001; x_wconf 94' lang='lat'><strong>,</strong></span> <span class='ocrx_word' id='word_1_151' title='bbox 1140 1947 1298 2005; x_wconf 89' lang='lat' dir='ltr'><strong>atque</strong></span> <span class='ocrx_word' id='word_1_152' title='bbox 1328 1937 1400 1991; x_wconf 89' lang='lat' dir='ltr'><strong>ita</strong></span> <span class='ocrx_word' id='word_1_153' title='bbox 1430 1936 1701 1991; x_wconf 84' lang='lat' dir='ltr'><strong>Christum</strong></span> <span class='ocrx_word' id='word_1_154' title='bbox 1752 1934 1930 2004; x_wconf 89' lang='lat' dir='ltr'><strong>potius</strong></span> 
     </span>
    </p>
   </div>
   <div class='ocr_carea' id='block_1_21' title="bbox 327 2025 1928 2099">
    <p class='ocr_par' dir='ltr' id='par_1_21' title="bbox 327 2025 1928 2099">
     <span class='ocr_line' id='line_1_21' title="bbox 327 2025 1928 2099; baseline -0.002 -18"><span class='ocrx_word' id='word_1_155' title='bbox 327 2044 506 2099; x_wconf 12' lang='lat' dir='ltr'><strong>equam</strong></span> <span class='ocrx_word' id='word_1_156' title='bbox 536 2029 835 2082; x_wconf 66' lang='lat' dir='ltr'><strong>daemonem</strong></span> <span class='ocrx_word' id='word_1_157' title='bbox 863 2027 1241 2081; x_wconf 82' lang='lat' dir='ltr'><strong>exsufﬁabant:</strong></span> <span class='ocrx_word' id='word_1_158' title='bbox 1265 2045 1285 2079; x_wconf 87' lang='grc'>‹</span> <span class='ocrx_word' id='word_1_159' title='bbox 1317 2027 1588 2082; x_wconf 86' lang='lat' dir='ltr'><strong>Adversus</strong></span> <span class='ocrx_word' id='word_1_160' title='bbox 1615 2025 1928 2081; x_wconf 79' lang='lat' dir='ltr'><strong>exsufﬂata-</strong></span> 
     </span>
    </p>
   </div>
   <div class='ocr_carea' id='block_1_22' title="bbox 345 2116 1930 2187">
    <p class='ocr_par' dir='ltr' id='par_1_22' title="bbox 345 2116 1930 2187">
     <span class='ocr_line' id='line_1_22' title="bbox 345 2116 1930 2187; baseline -0.001 -15"><span class='ocrx_word' id='word_1_161' title='bbox 345 2134 435 2175; x_wconf 77' lang='lat' dir='ltr'><strong>res</strong></span> <span class='ocrx_word' id='word_1_162' title='bbox 462 2119 678 2183; x_wconf 81' lang='lat' dir='ltr'><strong>Christi,</strong></span> <span class='ocrx_word' id='word_1_163' title='bbox 696 2117 950 2173; x_wconf 88' lang='lat' dir='ltr'><strong>adversus</strong></span> <span class='ocrx_word' id='word_1_164' title='bbox 975 2117 1432 2182; x_wconf 78' lang='lat' dir='ltr'><strong>blaSpliematores</strong></span> <span class='ocrx_word' id='word_1_165' title='bbox 1462 2116 1930 2187; x_wconf 64' lang='lat' dir='ltr'><strong>baptismialtem:</strong></span> 
     </span>
    </p>
   </div>
   <div class='ocr_carea' id='block_1_23' title="bbox 342 2208 1928 2277">
    <p class='ocr_par' dir='ltr' id='par_1_23' title="bbox 342 2208 1928 2277">
     <span class='ocr_line' id='line_1_23' title="bbox 342 2208 1928 2277; baseline 0 -14"><span class='ocrx_word' id='word_1_166' title='bbox 342 2228 371 2263; x_wconf 38' lang='grc' dir='ltr'><strong>γε</strong></span> <span class='ocrx_word' id='word_1_167' title='bbox 396 2210 624 2277; x_wconf 87' lang='lat' dir='ltr'><strong>Quando</strong></span> <span class='ocrx_word' id='word_1_168' title='bbox 644 2210 825 2265; x_wconf 85' lang='lat' dir='ltr'><strong>vident</strong></span> <span class='ocrx_word' id='word_1_169' title='bbox 851 2208 1118 2266; x_wconf 74' lang='lat' dir='ltr'><strong>Christum</strong></span> <span class='ocrx_word' id='word_1_170' title='bbox 1149 2226 1178 2264; x_wconf 90' lang='lat' dir='ltr'><strong>a</strong></span> <span class='ocrx_word' id='word_1_171' title='bbox 1209 2225 1314 2277; x_wconf 91' lang='lat' dir='ltr'><strong>quo</strong></span> <span class='ocrx_word' id='word_1_172' title='bbox 1344 2210 1548 2266; x_wconf 83' lang='lat' dir='ltr'><strong>liberati</strong></span> <span class='ocrx_word' id='word_1_173' title='bbox 1580 2218 1721 2274; x_wconf 89' lang='lat' dir='ltr'><strong>sunt,</strong></span> <span class='ocrx_word' id='word_1_174' title='bbox 1745 2208 1928 2264; x_wconf 81' lang='lat' dir='ltr'><strong>exsuf-</strong></span> 
     </span>
    </p>
   </div>
   <div class='ocr_carea' id='block_1_24' title="bbox 346 2300 1935 2371">
    <p class='ocr_par' dir='ltr' id='par_1_24' title="bbox 346 2300 1935 2371">
     <span class='ocr_line' id='line_1_24' title="bbox 346 2300 1935 2371; baseline -0.001 -14"><span class='ocrx_word' id='word_1_175' title='bbox 346 2303 469 2357; x_wconf 81' lang='lat' dir='ltr'><strong>ﬂari</strong></span> <span class='ocrx_word' id='word_1_176' title='bbox 495 2303 546 2355; x_wconf 90' lang='grc'><strong>111</strong></span> <span class='ocrx_word' id='word_1_177' title='bbox 576 2300 933 2357; x_wconf 73' lang='lat' dir='ltr'><strong>Christianis?</strong></span> <span class='ocrx_word' id='word_1_178' title='bbox 962 2302 1174 2368; x_wconf 20' lang='lat' dir='ltr'><strong>i-AQuent</strong></span> <span class='ocrx_word' id='word_1_179' title='bbox 1206 2303 1378 2357; x_wconf 91' lang='lat' dir='ltr'><strong>locum</strong></span> <span class='ocrx_word' id='word_1_180' title='bbox 1406 2318 1513 2357; x_wconf 86' lang='lat' dir='ltr'><strong>non</strong></span> <span class='ocrx_word' id='word_1_181' title='bbox 1530 2313 1677 2357; x_wconf 91' lang='lat' dir='ltr'><strong>recte</strong></span> <span class='ocrx_word' id='word_1_182' title='bbox 1698 2300 1935 2371; x_wconf 80' lang='lat' dir='ltr'><strong>percepit</strong></span> 
     </span>
    </p>
   </div>
   <div class='ocr_carea' id='block_1_25' title="bbox 334 2396 1862 2462">
    <p class='ocr_par' dir='ltr' id='par_1_25' title="bbox 334 2396 1862 2462">
     <span class='ocr_line' id='line_1_25' title="bbox 334 2396 1862 2462; baseline -0.002 -10"><span class='ocrx_word' id='word_1_183' title='bbox 334 2397 661 2452; x_wconf 70' lang='lat' dir='ltr'><strong>&#39;Desiderius</strong></span> <span class='ocrx_word' id='word_1_184' title='bbox 690 2397 985 2462; x_wconf 84' lang='lat' dir='ltr'><strong>Heraldus,</strong></span> <span class='ocrx_word' id='word_1_185' title='bbox 1021 2397 1171 2451; x_wconf 80' lang='lat' dir='ltr'><strong>Notis</strong></span> <span class='ocrx_word' id='word_1_186' title='bbox 1198 2397 1265 2451; x_wconf 90' lang='lat' dir='ltr'><strong>ad</strong></span> <span class='ocrx_word' id='word_1_187' title='bbox 1296 2397 1573 2452; x_wconf 73' lang='lat' dir='ltr'><strong>Minutium</strong></span> <span class='ocrx_word' id='word_1_188' title='bbox 1608 2396 1862 2451; x_wconf 83' lang='lat' dir='ltr'><strong>Felicem.</strong></span> 
     </span>
    </p>
   </div>
   <div class='ocr_carea' id='block_1_26' title="bbox 425 2485 1933 2558">
    <p class='ocr_par' dir='ltr' id='par_1_26' title="bbox 425 2485 1933 2558">
     <span class='ocr_line' id='line_1_26' title="bbox 425 2485 1933 2558; baseline 0 -18"><span class='ocrx_word' id='word_1_189' title='bbox 425 2488 504 2541; x_wconf 88' lang='lat' dir='ltr'><strong>De</strong></span> <span class='ocrx_word' id='word_1_190' title='bbox 551 2485 907 2542; x_wconf 83' lang='lat' dir='ltr'><strong>insufﬂatione</strong></span> <span class='ocrx_word' id='word_1_191' title='bbox 961 2487 1319 2554; x_wconf 83' lang='lat' dir='ltr'><strong>Prudentius,</strong></span> <span class='ocrx_word' id='word_1_192' title='bbox 1348 2488 1400 2543; x_wconf 92' lang='lat' dir='ltr'><strong>in</strong></span> <span class='ocrx_word' id='word_1_193' title='bbox 1455 2488 1640 2558; x_wconf 89' lang='lat' dir='ltr'><strong>Agone</strong></span> <span class='ocrx_word' id='word_1_194' title='bbox 1685 2485 1933 2555; x_wconf 78' lang='lat' dir='ltr'><strong>Romani,</strong></span> 
     </span>
    </p>
   </div>
   <div class='ocr_carea' id='block_1_27' title="bbox 346 2576 1011 2651">
    <p class='ocr_par' dir='ltr' id='par_1_27' title="bbox 346 2576 1011 2651">
     <span class='ocr_line' id='line_1_27' title="bbox 346 2576 1011 2651; baseline -0.006 -17"><span class='ocrx_word' id='word_1_195' title='bbox 346 2577 540 2651; x_wconf 82' lang='lat' dir='ltr'><strong>bymu.</strong></span> <span class='ocrx_word' id='word_1_196' title='bbox 574 2576 661 2642; x_wconf 74' lang='lat' dir='ltr'><strong>M,</strong></span> <span class='ocrx_word' id='word_1_197' title='bbox 694 2591 834 2632; x_wconf 89' lang='lat' dir='ltr'><strong>vers.</strong></span> <span class='ocrx_word' id='word_1_198' title='bbox 864 2576 969 2633; x_wconf 79' lang='lat'><strong>919</strong></span> <span class='ocrx_word' id='word_1_199' title='bbox 998 2595 1011 2630; x_wconf 88' lang='lat'>:</span> 
     </span>
    </p>
   </div>
   <div class='ocr_carea' id='block_1_28' title="bbox 509 2668 1579 2731">
    <p class='ocr_par' dir='ltr' id='par_1_28' title="bbox 509 2668 1579 2731">
     <span class='ocr_line' id='line_1_28' title="bbox 509 2668 1579 2731; baseline -0.001 -13"><span class='ocrx_word' id='word_1_200' title='bbox 509 2669 770 2730; x_wconf 82' lang='lat' dir='ltr'><strong>Ingressus</strong></span> <span class='ocrx_word' id='word_1_201' title='bbox 792 2668 894 2730; x_wconf 90' lang='lat' dir='ltr'><strong>ille,</strong></span> <span class='ocrx_word' id='word_1_202' title='bbox 920 2675 975 2719; x_wconf 87' lang='lat' dir='ltr'><strong>ut</strong></span> <span class='ocrx_word' id='word_1_203' title='bbox 995 2668 1086 2718; x_wconf 78' lang='lat' dir='ltr'><strong>bos</strong></span> <span class='ocrx_word' id='word_1_204' title='bbox 1110 2676 1306 2731; x_wconf 82' lang='lat' dir='ltr'><strong>paratus</strong></span> <span class='ocrx_word' id='word_1_205' title='bbox 1330 2669 1579 2731; x_wconf 84' lang='lat' dir='ltr'><strong>perspicit,</strong></span> 
     </span>
    </p>
   </div>
   <div class='ocr_carea' id='block_1_29' title="bbox 511 2730 1536 2794">
    <p class='ocr_par' dir='ltr' id='par_1_29' title="bbox 511 2730 1536 2794">
     <span class='ocr_line' id='line_1_29' title="bbox 511 2730 1536 2794; baseline 0 -15"><span class='ocrx_word' id='word_1_206' title='bbox 511 2731 751 2794; x_wconf 83' lang='lat' dir='ltr'><strong>lnsutﬂat,</strong></span> <span class='ocrx_word' id='word_1_207' title='bbox 780 2734 912 2793; x_wconf 88' lang='lat' dir='ltr'><strong>ipsos</strong></span> <span class='ocrx_word' id='word_1_208' title='bbox 932 2744 1028 2780; x_wconf 89' lang='lat' dir='ltr'><strong>ceu</strong></span> <span class='ocrx_word' id='word_1_209' title='bbox 1051 2730 1245 2780; x_wconf 87' lang='lat' dir='ltr'><strong>videret</strong></span> <span class='ocrx_word' id='word_1_210' title='bbox 1268 2730 1536 2779; x_wconf 68' lang='lat' dir='ltr'><strong>daemones.</strong></span> 
     </span>
    </p>
   </div>
   <div class='ocr_carea' id='block_1_30' title="bbox 344 2812 1941 2881">
    <p class='ocr_par' dir='ltr' id='par_1_30' title="bbox 344 2812 1941 2881">
     <span class='ocr_line' id='line_1_30' title="bbox 344 2812 1941 2881; baseline 0 -11"><span class='ocrx_word' id='word_1_211' title='bbox 344 2812 648 2877; x_wconf 70' lang='lat' dir='ltr'><strong>Palladius,</strong></span> <span class='ocrx_word' id='word_1_212' title='bbox 670 2814 723 2868; x_wconf 90' lang='lat' dir='ltr'><strong>in</strong></span> <span class='ocrx_word' id='word_1_213' title='bbox 748 2815 861 2868; x_wconf 88' lang='lat' dir='ltr'><strong>Vita</strong></span> <span class='ocrx_word' id='word_1_214' title='bbox 891 2814 1062 2869; x_wconf 84' lang='lat' dir='ltr'><strong>sancti</strong></span> <span class='ocrx_word' id='word_1_215' title='bbox 1086 2813 1307 2868; x_wconf 83' lang='lat' dir='ltr'><strong>Joannis</strong></span> <span class='ocrx_word' id='word_1_216' title='bbox 1333 2812 1705 2881; x_wconf 73' lang='lat' dir='ltr'><strong>Chrysostomi</strong></span> <span class='ocrx_word' id='word_1_217' title='bbox 1729 2829 1745 2867; x_wconf 89' lang='lat'><strong>:</strong></span> <span class='ocrx_word' id='word_1_218' title='bbox 1771 2832 1789 2866; x_wconf 76' lang='grc'><strong>1</strong></span> <span class='ocrx_word' id='word_1_219' title='bbox 1821 2814 1941 2870; x_wconf 65' lang='lat' dir='ltr'><strong>Dm-</strong></span> 
     </span>
    </p>
   </div>
   <div class='ocr_carea' id='block_1_31' title="bbox 342 2905 1758 2975">
    <p class='ocr_par' dir='ltr' id='par_1_31' title="bbox 342 2905 1758 2975">
     <span class='ocr_line' id='line_1_31' title="bbox 342 2905 1758 2975; baseline -0.003 -13"><span class='ocrx_word' id='word_1_220' title='bbox 342 2919 546 2962; x_wconf 74' lang='lat' dir='ltr'><strong>mones</strong></span> <span class='ocrx_word' id='word_1_221' title='bbox 575 2905 903 2961; x_wconf 85' lang='lat' dir='ltr'><strong>credentium</strong></span> <span class='ocrx_word' id='word_1_222' title='bbox 938 2920 1041 2959; x_wconf 91' lang='lat' dir='ltr'><strong>una</strong></span> <span class='ocrx_word' id='word_1_223' title='bbox 1071 2905 1429 2960; x_wconf 81' lang='lat' dir='ltr'><strong>insufﬂatione</strong></span> <span class='ocrx_word' id='word_1_224' title='bbox 1464 2905 1714 2975; x_wconf 76' lang='lat' dir='ltr'><strong>ligantur.</strong></span> <span class='ocrx_word' id='word_1_225' title='bbox 1740 2925 1758 2958; x_wconf 85' lang='grc'><strong>1</strong></span> 
     </span>
    </p>
   </div>
   <div class='ocr_carea' id='block_1_32' title="bbox 430 2995 1944 3065">
    <p class='ocr_par' dir='ltr' id='par_1_32' title="bbox 430 2995 1944 3065">
     <span class='ocr_line' id='line_1_32' title="bbox 430 2995 1944 3065; baseline 0.001 -15"><span class='ocrx_word' id='word_1_226' title='bbox 430 2995 749 3050; x_wconf 78' lang='lat' dir='ltr'><strong>Exsufllatio</strong></span> <span class='ocrx_word' id='word_1_227' title='bbox 774 2996 887 3051; x_wconf 65' lang='lat' dir='ltr'><strong>hac</strong></span> <span class='ocrx_word' id='word_1_228' title='bbox 906 2996 1211 3051; x_wconf 74' lang='lat' dir='ltr'><strong>dtemonum</strong></span> <span class='ocrx_word' id='word_1_229' title='bbox 1234 3005 1288 3051; x_wconf 90' lang='lat' dir='ltr'><strong>et</strong></span> <span class='ocrx_word' id='word_1_230' title='bbox 1310 2995 1600 3051; x_wconf 81' lang='lat' dir='ltr'><strong>insulﬂatio</strong></span> <span class='ocrx_word' id='word_1_231' title='bbox 1621 3011 1762 3065; x_wconf 61' lang='lat' dir='ltr'><strong>sirpe</strong></span> <span class='ocrx_word' id='word_1_232' title='bbox 1786 2996 1944 3053; x_wconf 86' lang='lat' dir='ltr'><strong>[lebat</strong></span> 
     </span>
    </p>
   </div>
   <div class='ocr_carea' id='block_1_33' title="bbox 348 3088 1942 3161">
    <p class='ocr_par' dir='ltr' id='par_1_33' title="bbox 348 3088 1942 3161">
     <span class='ocr_line' id='line_1_33' title="bbox 348 3088 1942 3161; baseline 0 -17"><span class='ocrx_word' id='word_1_233' title='bbox 348 3104 485 3144; x_wconf 78' lang='lat' dir='ltr'><strong>cum</strong></span> <span class='ocrx_word' id='word_1_234' title='bbox 531 3089 910 3158; x_wconf 87' lang='lat' dir='ltr'><strong>disputatione.</strong></span> <span class='ocrx_word' id='word_1_235' title='bbox 942 3089 1074 3144; x_wconf 69' lang='lat' dir='ltr'><strong>Vitae</strong></span> <span class='ocrx_word' id='word_1_236' title='bbox 1129 3089 1345 3145; x_wconf 80' lang='lat' dir='ltr'><strong>Antonii</strong></span> <span class='ocrx_word' id='word_1_237' title='bbox 1385 3103 1503 3157; x_wconf 90' lang='lat' dir='ltr'><strong>cap.</strong></span> <span class='ocrx_word' id='word_1_238' title='bbox 1539 3088 1611 3143; x_wconf 84' lang='lat'><strong>20</strong></span> <span class='ocrx_word' id='word_1_239' title='bbox 1647 3107 1661 3144; x_wconf 89' lang='lat'><strong>:</strong></span> <span class='ocrx_word' id='word_1_240' title='bbox 1698 3108 1718 3142; x_wconf 69' lang='grc' dir='ltr'><strong><em>ι</em></strong></span> <span class='ocrx_word' id='word_1_241' title='bbox 1746 3092 1817 3145; x_wconf 79' lang='lat' dir='ltr'><strong>At</strong></span> <span class='ocrx_word' id='word_1_242' title='bbox 1841 3106 1942 3161; x_wconf 83' lang='lat' dir='ltr'><strong>ego</strong></span> 
     </span>
    </p>
   </div>
   <div class='ocr_carea' id='block_1_34' title="bbox 2020 558 3645 631">
    <p class='ocr_par' dir='ltr' id='par_1_34' title="bbox 2020 558 3645 631">
     <span class='ocr_line' id='line_1_34' title="bbox 2020 558 3645 631; baseline 0.002 -15"><span class='ocrx_word' id='word_1_243' title='bbox 2020 560 2117 616; x_wconf 87' lang='lat' dir='ltr'><strong>bes</strong></span> <span class='ocrx_word' id='word_1_244' title='bbox 2145 561 2197 615; x_wconf 86' lang='lat' dir='ltr'><strong>in</strong></span> <span class='ocrx_word' id='word_1_245' title='bbox 2224 558 2538 631; x_wconf 89' lang='lat' dir='ltr'><strong>appendice,</strong></span> <span class='ocrx_word' id='word_1_246' title='bbox 2573 560 2627 614; x_wconf 91' lang='lat' dir='ltr'><strong>in</strong></span> <span class='ocrx_word' id='word_1_247' title='bbox 2659 560 2873 614; x_wconf 85' lang='lat' dir='ltr'><strong>Palladii</strong></span> <span class='ocrx_word' id='word_1_248' title='bbox 2907 559 3160 615; x_wconf 84' lang='lat' dir='ltr'><strong>Lausiaca</strong></span> <span class='ocrx_word' id='word_1_249' title='bbox 3186 603 3201 626; x_wconf 96' lang='lat'><strong>,</strong></span> <span class='ocrx_word' id='word_1_250' title='bbox 3236 577 3302 618; x_wconf 85' lang='lat' dir='ltr'><strong>ex</strong></span> <span class='ocrx_word' id='word_1_251' title='bbox 3331 565 3497 619; x_wconf 79' lang='lat' dir='ltr'><strong>veteri</strong></span> <span class='ocrx_word' id='word_1_252' title='bbox 3526 567 3607 620; x_wconf 89' lang='grc'><strong>111-</strong></span> <span class='ocrx_word' id='word_1_253' title='bbox 3642 594 3645 597; x_wconf 60' lang='grc' dir='ltr'><strong><em>ι</em></strong></span> 
     </span>
    </p>
   </div>
   <div class='ocr_carea' id='block_1_35' title="bbox 2025 651 3613 722">
    <p class='ocr_par' dir='ltr' id='par_1_35' title="bbox 2025 651 3613 722">
     <span class='ocr_line' id='line_1_35' title="bbox 2025 651 3613 722; baseline 0.004 -16"><span class='ocrx_word' id='word_1_254' title='bbox 2025 654 2444 722; x_wconf 85' lang='lat' dir='ltr'><strong>terpretatione,</strong></span> <span class='ocrx_word' id='word_1_255' title='bbox 2497 667 2617 722; x_wconf 88' lang='lat' dir='ltr'><strong>cap.</strong></span> <span class='ocrx_word' id='word_1_256' title='bbox 2666 651 2832 707; x_wconf 74' lang='grc'><strong>1511</strong></span> <span class='ocrx_word' id='word_1_257' title='bbox 2875 654 3096 709; x_wconf 72' lang='lat' dir='ltr'><strong>Maxime</strong></span> <span class='ocrx_word' id='word_1_258' title='bbox 3142 655 3187 709; x_wconf 91' lang='lat' dir='ltr'><strong>si</strong></span> <span class='ocrx_word' id='word_1_259' title='bbox 3239 655 3506 712; x_wconf 84' lang='lat' dir='ltr'><strong>dehabeat</strong></span> <span class='ocrx_word' id='word_1_260' title='bbox 3553 665 3613 715; x_wconf 90' lang='lat' dir='ltr'><strong>et</strong></span> 
     </span>
    </p>
   </div>
   <div class='ocr_carea' id='block_1_36' title="bbox 2026 730 3608 820">
    <p class='ocr_par' dir='ltr' id='par_1_36' title="bbox 2026 730 3608 820">
     <span class='ocr_line' id='line_1_36' title="bbox 2026 730 3608 820; baseline 0.005 -20"><span class='ocrx_word' id='word_1_261' title='bbox 2026 745 2323 814; x_wconf 85' lang='lat' dir='ltr'><strong>egentiores</strong></span> <span class='ocrx_word' id='word_1_262' title='bbox 2370 730 2512 799; x_wconf 58' lang='lat' dir='ltr'><strong>suni.</strong></span> <span class='ocrx_word' id='word_1_263' title='bbox 2545 765 2564 797; x_wconf 85' lang='grc'><strong>1</strong></span> <span class='ocrx_word' id='word_1_264' title='bbox 2598 745 2797 799; x_wconf 61' lang='lat' dir='ltr'><strong>Praeter</strong></span> <span class='ocrx_word' id='word_1_265' title='bbox 2827 747 3205 819; x_wconf 82' lang='lat' dir='ltr'><strong>Hieronymum</strong></span> <span class='ocrx_word' id='word_1_266' title='bbox 3254 750 3324 805; x_wconf 88' lang='lat' dir='ltr'><strong>ibi</strong></span> <span class='ocrx_word' id='word_1_267' title='bbox 3368 752 3608 820; x_wconf 88' lang='lat' dir='ltr'><strong>citatum,</strong></span> 
     </span>
    </p>
   </div>
   <div class='ocr_carea' id='block_1_37' title="bbox 2028 834 3611 904">
    <p class='ocr_par' dir='ltr' id='par_1_37' title="bbox 2028 834 3611 904">
     <span class='ocr_line' id='line_1_37' title="bbox 2028 834 3611 904; baseline 0.007 -17"><span class='ocrx_word' id='word_1_268' title='bbox 2028 844 2248 903; x_wconf 87' lang='lat' dir='ltr'><strong>usurpat</strong></span> <span class='ocrx_word' id='word_1_269' title='bbox 2273 842 2329 889; x_wconf 90' lang='lat' dir='ltr'><strong>et</strong></span> <span class='ocrx_word' id='word_1_270' title='bbox 2369 834 2634 904; x_wconf 64' lang='lat' dir='ltr'><strong>IEthicus,</strong></span> <span class='ocrx_word' id='word_1_271' title='bbox 2664 836 2731 890; x_wconf 85' lang='lat' dir='ltr'><strong>de</strong></span> <span class='ocrx_word' id='word_1_272' title='bbox 2760 837 2955 891; x_wconf 87' lang='lat' dir='ltr'><strong>Oceani</strong></span> <span class='ocrx_word' id='word_1_273' title='bbox 2990 840 3347 896; x_wconf 86' lang='lat' dir='ltr'><strong>Occidentalis</strong></span> <span class='ocrx_word' id='word_1_274' title='bbox 3376 843 3611 898; x_wconf 86' lang='lat' dir='ltr'><strong>flumini-</strong></span> 
     </span>
    </p>
   </div>
   <div class='ocr_carea' id='block_1_38' title="bbox 2028 925 3616 997">
    <p class='ocr_par' dir='ltr' id='par_1_38' title="bbox 2028 925 3616 997">
     <span class='ocr_line' id='line_1_38' title="bbox 2028 925 3616 997; baseline 0.006 -17"><span class='ocrx_word' id='word_1_275' title='bbox 2028 926 2149 990; x_wconf 90' lang='lat' dir='ltr'><strong>bus,</strong></span> <span class='ocrx_word' id='word_1_276' title='bbox 2175 926 2228 979; x_wconf 90' lang='lat' dir='ltr'><strong>in</strong></span> <span class='ocrx_word' id='word_1_277' title='bbox 2258 925 2434 979; x_wconf 85' lang='lat' dir='ltr'><strong>Tiberi</strong></span> <span class='ocrx_word' id='word_1_278' title='bbox 2462 943 2475 978; x_wconf 84' lang='grc'>;</span> <span class='ocrx_word' id='word_1_279' title='bbox 2506 945 2524 978; x_wconf 86' lang='grc'><strong>‹</strong></span> <span class='ocrx_word' id='word_1_280' title='bbox 2567 928 2741 980; x_wconf 90' lang='lat' dir='ltr'><strong>Insula</strong></span> <span class='ocrx_word' id='word_1_281' title='bbox 2768 942 2917 994; x_wconf 90' lang='lat' dir='ltr'><strong>vero,</strong></span> <span class='ocrx_word' id='word_1_282' title='bbox 2953 944 3109 997; x_wconf 85' lang='lat' dir='ltr'><strong>quam</strong></span> <span class='ocrx_word' id='word_1_283' title='bbox 3142 930 3265 983; x_wconf 80' lang='lat' dir='ltr'><strong>facit</strong></span> <span class='ocrx_word' id='word_1_284' title='bbox 3295 933 3431 985; x_wconf 83' lang='lat' dir='ltr'><strong>intra</strong></span> <span class='ocrx_word' id='word_1_285' title='bbox 3466 934 3616 989; x_wconf 88' lang='lat' dir='ltr'><strong>urbis</strong></span> 
     </span>
    </p>
   </div>
   <div class='ocr_carea' id='block_1_39' title="bbox 2030 1012 3618 1088">
    <p class='ocr_par' dir='ltr' id='par_1_39' title="bbox 2030 1012 3618 1088">
     <span class='ocr_line' id='line_1_39' title="bbox 2030 1012 3618 1088; baseline 0.004 -15"><span class='ocrx_word' id='word_1_286' title='bbox 2030 1027 2237 1088; x_wconf 89' lang='lat' dir='ltr'><strong>portum</strong></span> <span class='ocrx_word' id='word_1_287' title='bbox 2261 1026 2316 1072; x_wconf 90' lang='lat' dir='ltr'><strong>et</strong></span> <span class='ocrx_word' id='word_1_288' title='bbox 2336 1012 2540 1072; x_wconf 84' lang='lat' dir='ltr'><strong>Ostiam</strong></span> <span class='ocrx_word' id='word_1_289' title='bbox 2565 1019 2857 1083; x_wconf 86' lang='lat' dir='ltr'><strong>civitatem,</strong></span> <span class='ocrx_word' id='word_1_290' title='bbox 2888 1029 3048 1073; x_wconf 76' lang='lat' dir='ltr'><strong>tanta:</strong></span> <span class='ocrx_word' id='word_1_291' title='bbox 3073 1022 3358 1078; x_wconf 82' lang='lat' dir='ltr'><strong>viriditatis</strong></span> <span class='ocrx_word' id='word_1_292' title='bbox 3387 1028 3618 1081; x_wconf 70' lang='lat' dir='ltr'><strong>amanti-</strong></span> 
     </span>
    </p>
   </div>
   <div class='ocr_carea' id='block_1_40' title="bbox 2029 1112 3614 1186">
    <p class='ocr_par' dir='ltr' id='par_1_40' title="bbox 2029 1112 3614 1186">
     <span class='ocr_line' id='line_1_40' title="bbox 2029 1112 3614 1186; baseline 0.006 -20"><span class='ocrx_word' id='word_1_293' title='bbox 2029 1112 2257 1180; x_wconf 85' lang='lat' dir='ltr'><strong>tatisque</strong></span> <span class='ocrx_word' id='word_1_294' title='bbox 2284 1120 2364 1166; x_wconf 85' lang='lat' dir='ltr'><strong>est</strong></span> <span class='ocrx_word' id='word_1_295' title='bbox 2384 1154 2398 1178; x_wconf 92' lang='lat'><strong>,</strong></span> <span class='ocrx_word' id='word_1_296' title='bbox 2431 1121 2487 1164; x_wconf 91' lang='lat' dir='ltr'><strong>ut</strong></span> <span class='ocrx_word' id='word_1_297' title='bbox 2525 1128 2697 1181; x_wconf 90' lang='lat' dir='ltr'><strong>neque</strong></span> <span class='ocrx_word' id='word_1_298' title='bbox 2728 1112 2930 1165; x_wconf 67' lang='lat' dir='ltr'><strong>testivis</strong></span> <span class='ocrx_word' id='word_1_299' title='bbox 2962 1116 3229 1168; x_wconf 67' lang='lat' dir='ltr'><strong>mensibus</strong></span> <span class='ocrx_word' id='word_1_300' title='bbox 3252 1161 3264 1183; x_wconf 86' lang='lat'><strong>,</strong></span> <span class='ocrx_word' id='word_1_301' title='bbox 3301 1133 3473 1186; x_wconf 88' lang='lat' dir='ltr'><strong>neque</strong></span> <span class='ocrx_word' id='word_1_302' title='bbox 3504 1119 3614 1175; x_wconf 86' lang='lat' dir='ltr'><strong>hie-</strong></span> 
     </span>
    </p>
   </div>
   <div class='ocr_carea' id='block_1_41' title="bbox 2031 1201 3458 1271">
    <p class='ocr_par' dir='ltr' id='par_1_41' title="bbox 2031 1201 3458 1271">
     <span class='ocr_line' id='line_1_41' title="bbox 2031 1201 3458 1271; baseline 0.004 -15"><span class='ocrx_word' id='word_1_303' title='bbox 2031 1202 2261 1256; x_wconf 88' lang='lat' dir='ltr'><strong>malibus</strong></span> <span class='ocrx_word' id='word_1_304' title='bbox 2285 1201 2508 1271; x_wconf 71' lang='lat' dir='ltr'><strong>pastulze</strong></span> <span class='ocrx_word' id='word_1_305' title='bbox 2539 1203 2882 1257; x_wconf 89' lang='lat' dir='ltr'><strong>admirabiles</strong></span> <span class='ocrx_word' id='word_1_306' title='bbox 2912 1204 3103 1259; x_wconf 89' lang='lat' dir='ltr'><strong>herbas</strong></span> <span class='ocrx_word' id='word_1_307' title='bbox 3131 1205 3415 1263; x_wconf 82' lang='lat' dir='ltr'><strong>dehabeat.</strong></span> <span class='ocrx_word' id='word_1_308' title='bbox 3439 1228 3458 1261; x_wconf 81' lang='grc'><strong>1</strong></span> 
     </span>
    </p>
   </div>
   <div class='ocr_carea' id='block_1_42' title="bbox 2099 1322 3619 1395">
    <p class='ocr_par' dir='ltr' id='par_1_42' title="bbox 2099 1322 3619 1395">
     <span class='ocr_line' id='line_1_42' title="bbox 2099 1322 3619 1395; baseline 0.005 -19"><span class='ocrx_word' id='word_1_309' title='bbox 2099 1322 2665 1377; x_wconf 66' lang='lat' dir='ltr'><strong>Denoxssuuenruu.</strong></span> <span class='ocrx_word' id='word_1_310' title='bbox 2711 1323 2825 1377; x_wconf 86' lang='lat' dir='ltr'><strong>Vita</strong></span> <span class='ocrx_word' id='word_1_311' title='bbox 2875 1323 3088 1377; x_wconf 79' lang='lat' dir='ltr'><strong>Antonii</strong></span> <span class='ocrx_word' id='word_1_312' title='bbox 3117 1372 3129 1393; x_wconf 80' lang='lat'><strong>,</strong></span> <span class='ocrx_word' id='word_1_313' title='bbox 3160 1341 3277 1395; x_wconf 90' lang='lat' dir='ltr'><strong>cap.</strong></span> <span class='ocrx_word' id='word_1_314' title='bbox 3311 1327 3377 1381; x_wconf 78' lang='lat'><strong>50</strong></span> <span class='ocrx_word' id='word_1_315' title='bbox 3403 1346 3415 1382; x_wconf 89' lang='lat'><strong>:</strong></span> <span class='ocrx_word' id='word_1_316' title='bbox 3441 1348 3461 1381; x_wconf 74' lang='lat' dir='ltr'><strong>c</strong></span> <span class='ocrx_word' id='word_1_317' title='bbox 3496 1329 3619 1385; x_wconf 84' lang='lat' dir='ltr'><strong>Tali</strong></span> 
     </span>
    </p>
   </div>
   <div class='ocr_carea' id='block_1_43' title="bbox 2033 1414 3617 1485">
    <p class='ocr_par' dir='ltr' id='par_1_43' title="bbox 2033 1414 3617 1485">
     <span class='ocr_line' id='line_1_43' title="bbox 2033 1414 3617 1485; baseline 0.004 -16"><span class='ocrx_word' id='word_1_318' title='bbox 2033 1414 2517 1469; x_wconf 84' lang='lat' dir='ltr'><strong>dehonestamento</strong></span> <span class='ocrx_word' id='word_1_319' title='bbox 2540 1415 2781 1482; x_wconf 80' lang='lat' dir='ltr'><strong>carparis</strong></span> <span class='ocrx_word' id='word_1_320' title='bbox 2811 1414 3093 1483; x_wconf 88' lang='lat' dir='ltr'><strong>plurimum</strong></span> <span class='ocrx_word' id='word_1_321' title='bbox 3125 1418 3462 1485; x_wconf 81' lang='lat' dir='ltr'><strong>gloriabatur.</strong></span> <span class='ocrx_word' id='word_1_322' title='bbox 3498 1440 3514 1471; x_wconf 81' lang='grc'><strong>1</strong></span> <span class='ocrx_word' id='word_1_323' title='bbox 3538 1423 3617 1476; x_wconf 75' lang='lat' dir='ltr'><strong>Ex</strong></span> 
     </span>
    </p>
   </div>
   <div class='ocr_carea' id='block_1_44' title="bbox 2032 1507 3618 1576">
    <p class='ocr_par' dir='ltr' id='par_1_44' title="bbox 2032 1507 3618 1576">
     <span class='ocr_line' id='line_1_44' title="bbox 2032 1507 3618 1576; baseline 0.003 -13"><span class='ocrx_word' id='word_1_324' title='bbox 2032 1508 2204 1564; x_wconf 83' lang='lat' dir='ltr'><strong>Gellio</strong></span> <span class='ocrx_word' id='word_1_325' title='bbox 2235 1515 2527 1576; x_wconf 90' lang='lat' dir='ltr'><strong>sumptum,</strong></span> <span class='ocrx_word' id='word_1_326' title='bbox 2563 1516 2618 1560; x_wconf 91' lang='lat' dir='ltr'><strong>ut</strong></span> <span class='ocrx_word' id='word_1_327' title='bbox 2646 1507 2870 1561; x_wconf 71' lang='lat' dir='ltr'><strong>videbis.</strong></span> <span class='ocrx_word' id='word_1_328' title='bbox 2909 1508 3015 1563; x_wconf 77' lang='lat' dir='ltr'><strong>Etsi</strong></span> <span class='ocrx_word' id='word_1_329' title='bbox 3047 1512 3216 1563; x_wconf 89' lang='lat' dir='ltr'><strong>rarius</strong></span> <span class='ocrx_word' id='word_1_330' title='bbox 3247 1512 3485 1575; x_wconf 83' lang='lat' dir='ltr'><strong>verbum,</strong></span> <span class='ocrx_word' id='word_1_331' title='bbox 3520 1530 3618 1568; x_wconf 87' lang='lat' dir='ltr'><strong>au-</strong></span> 
     </span>
    </p>
   </div>
   <div class='ocr_carea' id='block_1_45' title="bbox 2033 1599 3616 1669">
    <p class='ocr_par' dir='ltr' id='par_1_45' title="bbox 2033 1599 3616 1669">
     <span class='ocr_line' id='line_1_45' title="bbox 2033 1599 3616 1669; baseline 0.005 -16"><span class='ocrx_word' id='word_1_332' title='bbox 2033 1599 2269 1654; x_wconf 89' lang='lat' dir='ltr'><strong>ctoribus</strong></span> <span class='ocrx_word' id='word_1_333' title='bbox 2297 1609 2473 1653; x_wconf 89' lang='lat' dir='ltr'><strong>tamen</strong></span> <span class='ocrx_word' id='word_1_334' title='bbox 2524 1599 2729 1667; x_wconf 86' lang='lat' dir='ltr'><strong>aliquot</strong></span> <span class='ocrx_word' id='word_1_335' title='bbox 2779 1610 3113 1669; x_wconf 83' lang='lat' dir='ltr'><strong>usurpatum.</strong></span> <span class='ocrx_word' id='word_1_336' title='bbox 3159 1604 3437 1669; x_wconf 82' lang='lat' dir='ltr'><strong>Salustius,</strong></span> <span class='ocrx_word' id='word_1_337' title='bbox 3468 1606 3559 1660; x_wconf 92' lang='lat' dir='ltr'><strong>lib.</strong></span> <span class='ocrx_word' id='word_1_338' title='bbox 3598 1623 3616 1660; x_wconf 85' lang='grc' dir='ltr'><strong>ι</strong></span> 
     </span>
    </p>
   </div>
   <div class='ocr_carea' id='block_1_46' title="bbox 2037 1688 3621 1751">
    <p class='ocr_par' dir='ltr' id='par_1_46' title="bbox 2037 1688 3621 1751">
     <span class='ocr_line' id='line_1_46' title="bbox 2037 1688 3621 1751; baseline 0.004 -6"><span class='ocrx_word' id='word_1_339' title='bbox 2037 1690 2353 1746; x_wconf 69' lang='lat' dir='ltr'><strong>Historiam:</strong></span> <span class='ocrx_word' id='word_1_340' title='bbox 2384 1708 2402 1740; x_wconf 79' lang='grc'><strong>1</strong></span> <span class='ocrx_word' id='word_1_341' title='bbox 2441 1688 2688 1744; x_wconf 83' lang='lat' dir='ltr'><strong>Fusidius</strong></span> <span class='ocrx_word' id='word_1_342' title='bbox 2720 1691 2980 1744; x_wconf 90' lang='lat' dir='ltr'><strong>honorum</strong></span> <span class='ocrx_word' id='word_1_343' title='bbox 3033 1695 3268 1748; x_wconf 90' lang='lat' dir='ltr'><strong>omnium</strong></span> <span class='ocrx_word' id='word_1_344' title='bbox 3299 1696 3621 1751; x_wconf 82' lang='lat' dir='ltr'><strong>dehonesta-</strong></span> 
     </span>
    </p>
   </div>
   <div class='ocr_carea' id='block_1_47' title="bbox 2039 1781 3621 1854">
    <p class='ocr_par' dir='ltr' id='par_1_47' title="bbox 2039 1781 3621 1854">
     <span class='ocr_line' id='line_1_47' title="bbox 2039 1781 3621 1854; baseline 0.005 -18"><span class='ocrx_word' id='word_1_345' title='bbox 2039 1792 2299 1838; x_wconf 89' lang='lat' dir='ltr'><strong>mentum.</strong></span> <span class='ocrx_word' id='word_1_346' title='bbox 2345 1802 2363 1834; x_wconf 87' lang='grc'><strong>1</strong></span> <span class='ocrx_word' id='word_1_347' title='bbox 2409 1781 2624 1836; x_wconf 82' lang='lat' dir='ltr'><strong>Tacitus</strong></span> <span class='ocrx_word' id='word_1_348' title='bbox 2663 1782 2945 1849; x_wconf 85' lang='lat' dir='ltr'><strong>aliquoties</strong></span> <span class='ocrx_word' id='word_1_349' title='bbox 2992 1794 3230 1854; x_wconf 89' lang='lat' dir='ltr'><strong>usurpat.</strong></span> <span class='ocrx_word' id='word_1_350' title='bbox 3277 1787 3520 1842; x_wconf 86' lang='lat' dir='ltr'><strong>Occurrit</strong></span> <span class='ocrx_word' id='word_1_351' title='bbox 3566 1798 3621 1844; x_wconf 89' lang='lat' dir='ltr'><strong>et</strong></span> 
     </span>
    </p>
   </div>
   <div class='ocr_carea' id='block_1_48' title="bbox 2035 1872 3616 1945">
    <p class='ocr_par' dir='ltr' id='par_1_48' title="bbox 2035 1872 3616 1945">
     <span class='ocr_line' id='line_1_48' title="bbox 2035 1872 3616 1945; baseline 0.005 -20"><span class='ocrx_word' id='word_1_352' title='bbox 2035 1874 2175 1942; x_wconf 89' lang='lat' dir='ltr'><strong>apud</strong></span> <span class='ocrx_word' id='word_1_353' title='bbox 2234 1873 2521 1928; x_wconf 80' lang='lat' dir='ltr'><strong>Justinum.</strong></span> <span class='ocrx_word' id='word_1_354' title='bbox 2580 1872 2814 1937; x_wconf 87' lang='lat' dir='ltr'><strong>Seneca,</strong></span> <span class='ocrx_word' id='word_1_355' title='bbox 2847 1872 2914 1926; x_wconf 87' lang='lat' dir='ltr'><strong>de</strong></span> <span class='ocrx_word' id='word_1_356' title='bbox 2967 1874 3274 1928; x_wconf 87' lang='lat' dir='ltr'><strong>Constantia</strong></span> <span class='ocrx_word' id='word_1_357' title='bbox 3329 1877 3616 1945; x_wconf 88' lang='lat' dir='ltr'><strong>Sapientis,</strong></span> 
     </span>
    </p>
   </div>
   <div class='ocr_carea' id='block_1_49' title="bbox 2035 1964 3621 2038">
    <p class='ocr_par' dir='ltr' id='par_1_49' title="bbox 2035 1964 3621 2038">
     <span class='ocr_line' id='line_1_49' title="bbox 2035 1964 3621 2038; baseline 0.004 -20"><span class='ocrx_word' id='word_1_358' title='bbox 2035 1980 2151 2033; x_wconf 90' lang='lat' dir='ltr'><strong>cap.</strong></span> <span class='ocrx_word' id='word_1_359' title='bbox 2184 1965 2249 2019; x_wconf 86' lang='grc'><strong>19</strong></span> <span class='ocrx_word' id='word_1_360' title='bbox 2274 1981 2288 2018; x_wconf 91' lang='lat'><strong>:</strong></span> <span class='ocrx_word' id='word_1_361' title='bbox 2316 1982 2338 2015; x_wconf 83' lang='grc'><strong><em>‹</em></strong></span> <span class='ocrx_word' id='word_1_362' title='bbox 2369 1964 2726 2019; x_wconf 88' lang='lat' dir='ltr'><strong>Contumelias</strong></span> <span class='ocrx_word' id='word_1_363' title='bbox 2753 1973 2806 2019; x_wconf 88' lang='lat' dir='ltr'><strong>et</strong></span> <span class='ocrx_word' id='word_1_364' title='bbox 2830 1965 2987 2019; x_wconf 83' lang='lat' dir='ltr'><strong>verba</strong></span> <span class='ocrx_word' id='word_1_365' title='bbox 3016 1965 3295 2036; x_wconf 87' lang='lat' dir='ltr'><strong>probrosa,</strong></span> <span class='ocrx_word' id='word_1_366' title='bbox 3318 1978 3371 2022; x_wconf 92' lang='lat' dir='ltr'><strong>et</strong></span> <span class='ocrx_word' id='word_1_367' title='bbox 3403 1970 3621 2038; x_wconf 81' lang='lat' dir='ltr'><strong>ignomi-</strong></span> 
     </span>
    </p>
   </div>
   <div class='ocr_carea' id='block_1_50' title="bbox 2036 2056 3622 2124">
    <p class='ocr_par' dir='ltr' id='par_1_50' title="bbox 2036 2056 3622 2124">
     <span class='ocr_line' id='line_1_50' title="bbox 2036 2056 3622 2124; baseline 0.003 -13"><span class='ocrx_word' id='word_1_368' title='bbox 2036 2057 2174 2124; x_wconf 87' lang='lat' dir='ltr'><strong>nias,</strong></span> <span class='ocrx_word' id='word_1_369' title='bbox 2208 2064 2261 2111; x_wconf 90' lang='lat' dir='ltr'><strong>et</strong></span> <span class='ocrx_word' id='word_1_370' title='bbox 2284 2066 2478 2111; x_wconf 67' lang='lat' dir='ltr'><strong>caetera</strong></span> <span class='ocrx_word' id='word_1_371' title='bbox 2508 2056 2985 2111; x_wconf 84' lang='lat' dir='ltr'><strong>dehonestamenta</strong></span> <span class='ocrx_word' id='word_1_372' title='bbox 3028 2058 3175 2111; x_wconf 64' lang='lat' dir='ltr'><strong>vt-lut</strong></span> <span class='ocrx_word' id='word_1_373' title='bbox 3215 2062 3498 2115; x_wconf 89' lang='lat' dir='ltr'><strong>clamorem</strong></span> <span class='ocrx_word' id='word_1_374' title='bbox 3532 2063 3622 2117; x_wconf 86' lang='lat' dir='ltr'><strong>ho-</strong></span> 
     </span>
    </p>
   </div>
   <div class='ocr_carea' id='block_1_51' title="bbox 2036 2147 3623 2219">
    <p class='ocr_par' dir='ltr' id='par_1_51' title="bbox 2036 2147 3623 2219">
     <span class='ocr_line' id='line_1_51' title="bbox 2036 2147 3623 2219; baseline 0.004 -16"><span class='ocrx_word' id='word_1_375' title='bbox 2036 2150 2193 2203; x_wconf 90' lang='lat' dir='ltr'><strong>stium</strong></span> <span class='ocrx_word' id='word_1_376' title='bbox 2245 2149 2402 2204; x_wconf 87' lang='lat' dir='ltr'><strong>ferat.</strong></span> <span class='ocrx_word' id='word_1_377' title='bbox 2443 2167 2463 2202; x_wconf 80' lang='grc'><strong>1</strong></span> <span class='ocrx_word' id='word_1_378' title='bbox 2510 2147 2712 2202; x_wconf 85' lang='lat' dir='ltr'><strong>Gellius</strong></span> <span class='ocrx_word' id='word_1_379' title='bbox 2736 2192 2748 2214; x_wconf 93' lang='lat'><strong>,</strong></span> <span class='ocrx_word' id='word_1_380' title='bbox 2785 2149 2877 2203; x_wconf 86' lang='lat' dir='ltr'><strong>lib.</strong></span> <span class='ocrx_word' id='word_1_381' title='bbox 2913 2165 2971 2213; x_wconf 84' lang='grc'><strong>11,</strong></span> <span class='ocrx_word' id='word_1_382' title='bbox 3017 2165 3135 2218; x_wconf 88' lang='lat' dir='ltr'><strong>cap.</strong></span> <span class='ocrx_word' id='word_1_383' title='bbox 3162 2151 3230 2205; x_wconf 87' lang='lat'><strong>27</strong></span> <span class='ocrx_word' id='word_1_384' title='bbox 3266 2169 3278 2205; x_wconf 90' lang='lat'><strong>:</strong></span> <span class='ocrx_word' id='word_1_385' title='bbox 3311 2170 3332 2203; x_wconf 74' lang='grc' dir='ltr'><strong><em>ι</em></strong></span> <span class='ocrx_word' id='word_1_386' title='bbox 3368 2153 3483 2219; x_wconf 90' lang='lat' dir='ltr'><strong>Quo</strong></span> <span class='ocrx_word' id='word_1_387' title='bbox 3532 2154 3623 2209; x_wconf 89' lang='lat' dir='ltr'><strong>ille</strong></span> 
     </span>
    </p>
   </div>
   <div class='ocr_carea' id='block_1_52' title="bbox 2036 2239 3623 2308">
    <p class='ocr_par' dir='ltr' id='par_1_52' title="bbox 2036 2239 3623 2308">
     <span class='ocr_line' id='line_1_52' title="bbox 2036 2239 3623 2308; baseline 0.005 -15"><span class='ocrx_word' id='word_1_388' title='bbox 2036 2239 2514 2294; x_wconf 75' lang='lat' dir='ltr'><strong>dehonestamento</strong></span> <span class='ocrx_word' id='word_1_389' title='bbox 2540 2240 2780 2308; x_wconf 88' lang='lat' dir='ltr'><strong>corporis</strong></span> <span class='ocrx_word' id='word_1_390' title='bbox 2811 2241 3040 2294; x_wconf 80' lang='lat' dir='ltr'><strong>maxime</strong></span> <span class='ocrx_word' id='word_1_391' title='bbox 3060 2241 3449 2300; x_wconf 86' lang='lat' dir='ltr'><strong>delectabatur.</strong></span> <span class='ocrx_word' id='word_1_392' title='bbox 3478 2265 3494 2297; x_wconf 79' lang='grc'><strong>1</strong></span> <span class='ocrx_word' id='word_1_393' title='bbox 3521 2246 3623 2300; x_wconf 86' lang='lat' dir='ltr'><strong>Ar-</strong></span> 
     </span>
    </p>
   </div>
   <div class='ocr_carea' id='block_1_53' title="bbox 2038 2330 3621 2396">
    <p class='ocr_par' dir='ltr' id='par_1_53' title="bbox 2038 2330 3621 2396">
     <span class='ocr_line' id='line_1_53' title="bbox 2038 2330 3621 2396; baseline 0.005 -12"><span class='ocrx_word' id='word_1_394' title='bbox 2038 2330 2228 2385; x_wconf 87' lang='lat' dir='ltr'><strong>nobius</strong></span> <span class='ocrx_word' id='word_1_395' title='bbox 2249 2372 2262 2396; x_wconf 90' lang='lat'><strong>,</strong></span> <span class='ocrx_word' id='word_1_396' title='bbox 2291 2331 2381 2384; x_wconf 90' lang='lat' dir='ltr'><strong>lib.</strong></span> <span class='ocrx_word' id='word_1_397' title='bbox 2414 2347 2450 2384; x_wconf 89' lang='lat' dir='ltr'><strong>tt</strong></span> <span class='ocrx_word' id='word_1_398' title='bbox 2477 2348 2492 2386; x_wconf 89' lang='lat'><strong>:</strong></span> <span class='ocrx_word' id='word_1_399' title='bbox 2524 2349 2543 2383; x_wconf 85' lang='grc'><em>‹</em></span> <span class='ocrx_word' id='word_1_400' title='bbox 2576 2330 2654 2385; x_wconf 84' lang='lat' dir='ltr'><strong>Ad</strong></span> <span class='ocrx_word' id='word_1_401' title='bbox 2686 2332 2932 2385; x_wconf 88' lang='lat' dir='ltr'><strong>vitiorum</strong></span> <span class='ocrx_word' id='word_1_402' title='bbox 2981 2333 3456 2390; x_wconf 82' lang='lat' dir='ltr'><strong>dehonestamenta</strong></span> <span class='ocrx_word' id='word_1_403' title='bbox 3509 2346 3621 2392; x_wconf 76' lang='lat' dir='ltr'><strong>tra—</strong></span> 
     </span>
    </p>
   </div>
   <div class='ocr_carea' id='block_1_54' title="bbox 2038 2420 3624 2491">
    <p class='ocr_par' dir='ltr' id='par_1_54' title="bbox 2038 2420 3624 2491">
     <span class='ocr_line' id='line_1_54' title="bbox 2038 2420 3624 2491; baseline 0.005 -16"><span class='ocrx_word' id='word_1_404' title='bbox 2038 2420 2181 2475; x_wconf 91' lang='lat' dir='ltr'><strong>duci.</strong></span> <span class='ocrx_word' id='word_1_405' title='bbox 2218 2440 2237 2473; x_wconf 85' lang='grc'><strong>1</strong></span> <span class='ocrx_word' id='word_1_406' title='bbox 2265 2421 2558 2476; x_wconf 53' lang='lat' dir='ltr'><strong>Trebellius</strong></span> <span class='ocrx_word' id='word_1_407' title='bbox 2596 2421 2784 2491; x_wconf 87' lang='lat' dir='ltr'><strong>Pollio,</strong></span> <span class='ocrx_word' id='word_1_408' title='bbox 2811 2423 2860 2476; x_wconf 93' lang='lat' dir='ltr'><strong>in</strong></span> <span class='ocrx_word' id='word_1_409' title='bbox 2887 2420 3108 2478; x_wconf 84' lang='lat' dir='ltr'><strong>Claudio</strong></span> <span class='ocrx_word' id='word_1_410' title='bbox 3146 2440 3161 2478; x_wconf 87' lang='lat'><strong>:</strong></span> <span class='ocrx_word' id='word_1_411' title='bbox 3216 2444 3236 2476; x_wconf 74' lang='grc' dir='ltr'><strong><em>ι</em></strong></span> <span class='ocrx_word' id='word_1_412' title='bbox 3266 2427 3449 2482; x_wconf 87' lang='lat' dir='ltr'><strong>Callus</strong></span> <span class='ocrx_word' id='word_1_413' title='bbox 3472 2429 3624 2484; x_wconf 65' lang='lat' dir='ltr'><strong>Anti«</strong></span> 
     </span>
    </p>
   </div>
   <div class='ocr_carea' id='block_1_55' title="bbox 2040 2512 3617 2583">
    <p class='ocr_par' dir='ltr' id='par_1_55' title="bbox 2040 2512 3617 2583">
     <span class='ocr_line' id='line_1_55' title="bbox 2040 2512 3617 2583; baseline 0.003 -16"><span class='ocrx_word' id='word_1_414' title='bbox 2040 2523 2191 2583; x_wconf 88' lang='lat' dir='ltr'><strong>pater</strong></span> <span class='ocrx_word' id='word_1_415' title='bbox 2211 2512 2602 2568; x_wconf 87' lang='lat' dir='ltr'><strong>ancillariorum</strong></span> <span class='ocrx_word' id='word_1_416' title='bbox 2617 2524 2668 2568; x_wconf 87' lang='lat' dir='ltr'><strong>et</strong></span> <span class='ocrx_word' id='word_1_417' title='bbox 2687 2514 3003 2568; x_wconf 75' lang='lat' dir='ltr'><strong>histrionum</strong></span> <span class='ocrx_word' id='word_1_418' title='bbox 3021 2514 3573 2573; x_wconf 86' lang='lat' dir='ltr'><strong>dehonestamentum.</strong></span> <span class='ocrx_word' id='word_1_419' title='bbox 3596 2536 3617 2571; x_wconf 79' lang='grc'><strong>1</strong></span> 
     </span>
    </p>
   </div>
   <div class='ocr_carea' id='block_1_56' title="bbox 2040 2607 3625 2678">
    <p class='ocr_par' dir='ltr' id='par_1_56' title="bbox 2040 2607 3625 2678">
     <span class='ocr_line' id='line_1_56' title="bbox 2040 2607 3625 2678; baseline 0.001 -14"><span class='ocrx_word' id='word_1_420' title='bbox 2040 2609 2377 2672; x_wconf 79' lang='lat' dir='ltr'><strong>Ammianus,</strong></span> <span class='ocrx_word' id='word_1_421' title='bbox 2398 2608 2487 2661; x_wconf 89' lang='lat' dir='ltr'><strong>lib.</strong></span> <span class='ocrx_word' id='word_1_422' title='bbox 2510 2623 2635 2661; x_wconf 72' lang='lat' dir='ltr'><strong>xxvn</strong></span> <span class='ocrx_word' id='word_1_423' title='bbox 2662 2624 2676 2662; x_wconf 92' lang='lat'><strong>:</strong></span> <span class='ocrx_word' id='word_1_424' title='bbox 2707 2626 2724 2658; x_wconf 76' lang='grc'><strong>1</strong></span> <span class='ocrx_word' id='word_1_425' title='bbox 2755 2608 2834 2661; x_wconf 87' lang='lat' dir='ltr'><strong>Ad</strong></span> <span class='ocrx_word' id='word_1_426' title='bbox 2860 2607 2960 2661; x_wconf 91' lang='lat' dir='ltr'><strong>hoc</strong></span> <span class='ocrx_word' id='word_1_427' title='bbox 2991 2607 3152 2678; x_wconf 81' lang='lat' dir='ltr'><strong>igitur</strong></span> <span class='ocrx_word' id='word_1_428' title='bbox 3174 2610 3625 2666; x_wconf 86' lang='lat' dir='ltr'><strong>dehonestamen-</strong></span> 
     </span>
    </p>
   </div>
   <div class='ocr_carea' id='block_1_57' title="bbox 2047 2696 3623 2756">
    <p class='ocr_par' dir='ltr' id='par_1_57' title="bbox 2047 2696 3623 2756">
     <span class='ocr_line' id='line_1_57' title="bbox 2047 2696 3623 2756; baseline 0.003 -4"><span class='ocrx_word' id='word_1_429' title='bbox 2047 2708 2156 2752; x_wconf 91' lang='lat' dir='ltr'><strong>tum</strong></span> <span class='ocrx_word' id='word_1_430' title='bbox 2182 2697 2440 2751; x_wconf 90' lang='lat' dir='ltr'><strong>bonorum</strong></span> <span class='ocrx_word' id='word_1_431' title='bbox 2470 2697 2709 2750; x_wconf 89' lang='lat' dir='ltr'><strong>omnium</strong></span> <span class='ocrx_word' id='word_1_432' title='bbox 2739 2696 3026 2753; x_wconf 83' lang='lat' dir='ltr'><strong>ludibriose</strong></span> <span class='ocrx_word' id='word_1_433' title='bbox 3046 2698 3306 2754; x_wconf 86' lang='lat' dir='ltr'><strong>sublatus.</strong></span> <span class='ocrx_word' id='word_1_434' title='bbox 3331 2718 3349 2751; x_wconf 81' lang='grc'><strong>1</strong></span> <span class='ocrx_word' id='word_1_435' title='bbox 3378 2698 3582 2756; x_wconf 66' lang='lat' dir='ltr'><strong>Glossre</strong></span> <span class='ocrx_word' id='word_1_436' title='bbox 3604 2717 3623 2755; x_wconf 85' lang='lat'><strong>:</strong></span> 
     </span>
    </p>
   </div>
   <div class='ocr_carea' id='block_1_58' title="bbox 2042 2791 2848 2864">
    <p class='ocr_par' dir='ltr' id='par_1_58' title="bbox 2042 2791 2848 2864">
     <span class='ocr_line' id='line_1_58' title="bbox 2042 2791 2848 2864; baseline 0.001 -19"><span class='ocrx_word' id='word_1_437' title='bbox 2042 2791 2554 2848; x_wconf 74' lang='lat' dir='ltr'><strong>Delionestamentun:</strong></span> <span class='ocrx_word' id='word_1_438' title='bbox 2570 2836 2585 2859; x_wconf 86' lang='lat'><strong>,</strong></span> <span class='ocrx_word' id='word_1_439' title='bbox 2613 2794 2848 2864; x_wconf 75' lang='grc' dir='ltr'><strong>αἰσχύνη</strong></span> 
     </span>
    </p>
   </div>
   <div class='ocr_carea' id='block_1_59' title="bbox 2121 2894 3665 2977">
    <p class='ocr_par' dir='ltr' id='par_1_59' title="bbox 2121 2894 3665 2977">
     <span class='ocr_line' id='line_1_59' title="bbox 2121 2894 3665 2977; baseline 0.001 -17"><span class='ocrx_word' id='word_1_440' title='bbox 2121 2906 2325 2960; x_wconf 88' lang='lat' dir='ltr'><strong>Dictum</strong></span> <span class='ocrx_word' id='word_1_441' title='bbox 2354 2916 2407 2960; x_wconf 90' lang='lat' dir='ltr'><strong>et</strong></span> <span class='ocrx_word' id='word_1_442' title='bbox 2436 2906 2943 2959; x_wconf 76' lang='lat' dir='ltr'><strong>inhonestamenttmt.</strong></span> <span class='ocrx_word' id='word_1_443' title='bbox 2994 2905 3250 2975; x_wconf 78' lang='lat' dir='ltr'><strong>Apuleius</strong></span> <span class='ocrx_word' id='word_1_444' title='bbox 3269 2947 3283 2973; x_wconf 92' lang='lat'><strong>,</strong></span> <span class='ocrx_word' id='word_1_445' title='bbox 3329 2907 3587 2977; x_wconf 78' lang='lat' dir='ltr'><strong>Apologia</strong></span> <span class='ocrx_word' id='word_1_446' title='bbox 3608 2928 3625 2962; x_wconf 87' lang='lat'>:</span> <span class='ocrx_word' id='word_1_447' title='bbox 3662 2894 3665 2895; x_wconf 14' lang='grc' dir='ltr'><em>ν</em></span> 
     </span>
    </p>
   </div>
   <div class='ocr_carea' id='block_1_60' title="bbox 2051 2998 3628 3068">
    <p class='ocr_par' dir='ltr' id='par_1_60' title="bbox 2051 2998 3628 3068">
     <span class='ocr_line' id='line_1_60' title="bbox 2051 2998 3628 3068; baseline 0.002 -16"><span class='ocrx_word' id='word_1_448' title='bbox 2051 3018 2070 3052; x_wconf 73' lang='grc' dir='ltr'>ι</span> <span class='ocrx_word' id='word_1_449' title='bbox 2099 2999 2176 3054; x_wconf 86' lang='lat' dir='ltr'><strong>Ne</strong></span> <span class='ocrx_word' id='word_1_450' title='bbox 2202 3000 2325 3068; x_wconf 90' lang='lat' dir='ltr'><strong>quid</strong></span> <span class='ocrx_word' id='word_1_451' title='bbox 2372 2999 2591 3053; x_wconf 73' lang='lat' dir='ltr'><strong>macula:</strong></span> <span class='ocrx_word' id='word_1_452' title='bbox 2620 3009 2710 3053; x_wconf 90' lang='lat' dir='ltr'><strong>aut</strong></span> <span class='ocrx_word' id='word_1_453' title='bbox 2743 2998 3190 3054; x_wconf 83' lang='lat' dir='ltr'><strong>inhonestamenti</strong></span> <span class='ocrx_word' id='word_1_454' title='bbox 3228 3000 3278 3052; x_wconf 92' lang='lat' dir='ltr'><strong>in</strong></span> <span class='ocrx_word' id='word_1_455' title='bbox 3309 3015 3395 3054; x_wconf 91' lang='lat' dir='ltr'><strong>me</strong></span> <span class='ocrx_word' id='word_1_456' title='bbox 3431 3001 3628 3055; x_wconf 76' lang='lat' dir='ltr'><strong>admit-</strong></span> 
     </span>
    </p>
   </div>
   <div class='ocr_carea' id='block_1_61' title="bbox 2047 3086 3629 3156">
    <p class='ocr_par' dir='ltr' id='par_1_61' title="bbox 2047 3086 3629 3156">
     <span class='ocr_line' id='line_1_61' title="bbox 2047 3086 3629 3156; baseline -0.001 -9"><span class='ocrx_word' id='word_1_457' title='bbox 2047 3100 2176 3147; x_wconf 88' lang='lat' dir='ltr'><strong>tam.</strong></span> <span class='ocrx_word' id='word_1_458' title='bbox 2200 3111 2220 3143; x_wconf 74' lang='grc'><strong>1</strong></span> <span class='ocrx_word' id='word_1_459' title='bbox 2240 3090 2492 3152; x_wconf 88' lang='lat' dir='ltr'><strong>lsidorus,</strong></span> <span class='ocrx_word' id='word_1_460' title='bbox 2523 3090 2709 3144; x_wconf 84' lang='lat' dir='ltr'><strong>librou</strong></span> <span class='ocrx_word' id='word_1_461' title='bbox 2729 3087 3158 3156; x_wconf 69' lang='lat' dir='ltr'><strong>Originum,cap.</strong></span> <span class='ocrx_word' id='word_1_462' title='bbox 3177 3087 3265 3155; x_wconf 88' lang='lat'><strong>2|,</strong></span> <span class='ocrx_word' id='word_1_463' title='bbox 3296 3104 3363 3143; x_wconf 80' lang='lat' dir='ltr'><strong>ex</strong></span> <span class='ocrx_word' id='word_1_464' title='bbox 3388 3086 3447 3144; x_wconf 89' lang='lat' dir='ltr'><strong>C.</strong></span> <span class='ocrx_word' id='word_1_465' title='bbox 3469 3087 3629 3146; x_wconf 84' lang='lat' dir='ltr'><strong>Grac-</strong></span> 
     </span>
    </p>
   </div>
   <div class='ocr_carea' id='block_1_62' title="bbox 358 3179 3630 3259">
    <p class='ocr_par' dir='ltr' id='par_1_62' title="bbox 358 3179 3630 3259">
     <span class='ocr_line' id='line_1_62' title="bbox 358 3179 3630 3259; baseline 0.002 -28"><span class='ocrx_word' id='word_1_466' title='bbox 358 3179 701 3248; x_wconf 83' lang='lat' dir='ltr'><strong>sptttaculum</strong></span> <span class='ocrx_word' id='word_1_467' title='bbox 743 3180 1032 3233; x_wconf 82' lang='lat' dir='ltr'><strong>maximum</strong></span> <span class='ocrx_word' id='word_1_468' title='bbox 1060 3182 1112 3234; x_wconf 89' lang='lat' dir='ltr'><strong>in</strong></span> <span class='ocrx_word' id='word_1_469' title='bbox 1139 3194 1201 3234; x_wconf 92' lang='lat' dir='ltr'><strong>os</strong></span> <span class='ocrx_word' id='word_1_470' title='bbox 1228 3180 1341 3249; x_wconf 76' lang='lat' dir='ltr'><strong>eius</strong></span> <span class='ocrx_word' id='word_1_471' title='bbox 1387 3180 1739 3250; x_wconf 84' lang='lat' dir='ltr'><strong>ingeminans,</strong></span> <span class='ocrx_word' id='word_1_472' title='bbox 1772 3191 1940 3236; x_wconf 91' lang='lat' dir='ltr'><strong>totum</strong></span> <span class='ocrx_word' id='word_1_473' title='bbox 1973 3196 2021 3259; x_wconf 71' lang='grc' dir='ltr'><strong>ρ</strong></span> <span class='ocrx_word' id='word_1_474' title='bbox 2050 3185 2153 3241; x_wconf 87' lang='lat' dir='ltr'><strong>cbo</strong></span> <span class='ocrx_word' id='word_1_475' title='bbox 2195 3184 2358 3240; x_wconf 89' lang='lat' dir='ltr'><strong>citat:</strong></span> <span class='ocrx_word' id='word_1_476' title='bbox 2390 3201 2409 3235; x_wconf 85' lang='grc'><strong>‹</strong></span> <span class='ocrx_word' id='word_1_477' title='bbox 2446 3182 2675 3236; x_wconf 90' lang='lat' dir='ltr'><strong>Pueritia</strong></span> <span class='ocrx_word' id='word_1_478' title='bbox 2727 3190 2814 3235; x_wconf 92' lang='lat' dir='ltr'><strong>tua</strong></span> <span class='ocrx_word' id='word_1_479' title='bbox 2859 3180 3232 3235; x_wconf 84' lang='lat' dir='ltr'><strong>adolescentiae</strong></span> <span class='ocrx_word' id='word_1_480' title='bbox 3264 3190 3368 3235; x_wconf 71' lang='lat' dir='ltr'><strong>tum</strong></span> <span class='ocrx_word' id='word_1_481' title='bbox 3410 3181 3630 3238; x_wconf 82' lang='lat' dir='ltr'><strong>inhone-</strong></span> 
     </span>
    </p>
   </div>
   <div class='ocr_carea' id='block_1_63' title="bbox 359 3269 1945 3340">
    <p class='ocr_par' dir='ltr' id='par_1_63' title="bbox 359 3269 1945 3340">
     <span class='ocr_line' id='line_1_63' title="bbox 359 3269 1945 3340; baseline 0.004 -18"><span class='ocrx_word' id='word_1_482' title='bbox 359 3283 452 3322; x_wconf 86' lang='lat' dir='ltr'><strong>me</strong></span> <span class='ocrx_word' id='word_1_483' title='bbox 480 3269 535 3322; x_wconf 91' lang='lat' dir='ltr'><strong>in</strong></span> <span class='ocrx_word' id='word_1_484' title='bbox 561 3284 682 3323; x_wconf 92' lang='lat' dir='ltr'><strong>eutn</strong></span> <span class='ocrx_word' id='word_1_485' title='bbox 712 3269 908 3324; x_wconf 88' lang='lat' dir='ltr'><strong>Christi</strong></span> <span class='ocrx_word' id='word_1_486' title='bbox 955 3271 1172 3325; x_wconf 90' lang='lat' dir='ltr'><strong>nomine</strong></span> <span class='ocrx_word' id='word_1_487' title='bbox 1204 3281 1441 3325; x_wconf 89' lang='lat' dir='ltr'><strong>armatus</strong></span> <span class='ocrx_word' id='word_1_488' title='bbox 1486 3272 1699 3340; x_wconf 75' lang='lat' dir='ltr'><strong>ingessi.</strong></span> <span class='ocrx_word' id='word_1_489' title='bbox 1735 3289 1753 3323; x_wconf 83' lang='grc'><strong>1</strong></span> <span class='ocrx_word' id='word_1_490' title='bbox 1793 3270 1945 3328; x_wconf 86' lang='lat' dir='ltr'><strong>Unde</strong></span> 
     </span>
    </p>
   </div>
   <div class='ocr_carea' id='block_1_64' title="bbox 358 3358 1935 3430">
    <p class='ocr_par' dir='ltr' id='par_1_64' title="bbox 358 3358 1935 3430">
     <span class='ocr_line' id='line_1_64' title="bbox 358 3358 1935 3430; baseline 0.003 -18"><span class='ocrx_word' id='word_1_491' title='bbox 358 3359 717 3428; x_wconf 18' lang='lat' dir='ltr'><strong>deSpuereeet</strong></span> <span class='ocrx_word' id='word_1_492' title='bbox 764 3358 1045 3414; x_wconf 78' lang='lat' dir='ltr'><strong>exsufﬂare</strong></span> <span class='ocrx_word' id='word_1_493' title='bbox 1091 3360 1317 3415; x_wconf 86' lang='lat' dir='ltr'><strong>subinde</strong></span> <span class='ocrx_word' id='word_1_494' title='bbox 1354 3362 1766 3430; x_wconf 81' lang='lat' dir='ltr'><strong>conjuuguntur.</strong></span> <span class='ocrx_word' id='word_1_495' title='bbox 1798 3362 1935 3417; x_wconf 86' lang='lat' dir='ltr'><strong>Ter-</strong></span> 
     </span>
    </p>
   </div>
   <div class='ocr_carea' id='block_1_65' title="bbox 362 3455 1943 3526">
    <p class='ocr_par' dir='ltr' id='par_1_65' title="bbox 362 3455 1943 3526">
     <span class='ocr_line' id='line_1_65' title="bbox 362 3455 1943 3526; baseline 0.003 -17"><span class='ocrx_word' id='word_1_496' title='bbox 362 3455 644 3517; x_wconf 89' lang='lat' dir='ltr'><strong>tullianus,</strong></span> <span class='ocrx_word' id='word_1_497' title='bbox 680 3456 755 3509; x_wconf 90' lang='lat' dir='ltr'><strong>De</strong></span> <span class='ocrx_word' id='word_1_498' title='bbox 781 3456 1099 3521; x_wconf 86' lang='lat' dir='ltr'><strong>idololatria,</strong></span> <span class='ocrx_word' id='word_1_499' title='bbox 1122 3471 1241 3526; x_wconf 89' lang='lat' dir='ltr'><strong>cap.</strong></span> <span class='ocrx_word' id='word_1_500' title='bbox 1270 3458 1404 3512; x_wconf 60' lang='lat'><strong>10:1</strong></span> <span class='ocrx_word' id='word_1_501' title='bbox 1424 3458 1544 3524; x_wconf 87' lang='lat' dir='ltr'><strong>Quo</strong></span> <span class='ocrx_word' id='word_1_502' title='bbox 1571 3473 1664 3513; x_wconf 91' lang='lat' dir='ltr'><strong>ore</strong></span> <span class='ocrx_word' id='word_1_503' title='bbox 1689 3457 1943 3513; x_wconf 88' lang='lat' dir='ltr'><strong>Christia-</strong></span> 
     </span>
    </p>
   </div>
   <div class='ocr_carea' id='block_1_66' title="bbox 354 3544 1949 3618">
    <p class='ocr_par' dir='ltr' id='par_1_66' title="bbox 354 3544 1949 3618">
     <span class='ocr_line' id='line_1_66' title="bbox 354 3544 1949 3618; baseline 0.004 -20"><span class='ocrx_word' id='word_1_504' title='bbox 354 3559 472 3599; x_wconf 85' lang='lat' dir='ltr'><strong>nus</strong></span> <span class='ocrx_word' id='word_1_505' title='bbox 503 3544 770 3599; x_wconf 82' lang='lat' dir='ltr'><strong>thurarius</strong></span> <span class='ocrx_word' id='word_1_506' title='bbox 790 3547 835 3600; x_wconf 91' lang='lat' dir='ltr'><strong>si</strong></span> <span class='ocrx_word' id='word_1_507' title='bbox 863 3561 955 3615; x_wconf 88' lang='lat' dir='ltr'><strong>per</strong></span> <span class='ocrx_word' id='word_1_508' title='bbox 973 3549 1166 3615; x_wconf 87' lang='lat' dir='ltr'><strong>templa</strong></span> <span class='ocrx_word' id='word_1_509' title='bbox 1200 3548 1464 3614; x_wconf 83' lang='lat' dir='ltr'><strong>transibit,</strong></span> <span class='ocrx_word' id='word_1_510' title='bbox 1491 3564 1594 3618; x_wconf 89' lang='lat' dir='ltr'><strong>quo</strong></span> <span class='ocrx_word' id='word_1_511' title='bbox 1621 3563 1715 3603; x_wconf 91' lang='lat' dir='ltr'><strong>ore</strong></span> <span class='ocrx_word' id='word_1_512' title='bbox 1741 3552 1949 3604; x_wconf 70' lang='lat' dir='ltr'><strong>fuman~</strong></span> 
     </span>
    </p>
   </div>
   <div class='ocr_carea' id='block_1_67' title="bbox 364 3634 1943 3708">
    <p class='ocr_par' dir='ltr' id='par_1_67' title="bbox 364 3634 1943 3708">
     <span class='ocr_line' id='line_1_67' title="bbox 364 3634 1943 3708; baseline 0.004 -22"><span class='ocrx_word' id='word_1_513' title='bbox 364 3642 453 3687; x_wconf 89' lang='lat' dir='ltr'><strong>tes</strong></span> <span class='ocrx_word' id='word_1_514' title='bbox 466 3648 587 3689; x_wconf 87' lang='lat' dir='ltr'><strong>aras</strong></span> <span class='ocrx_word' id='word_1_515' title='bbox 607 3634 851 3704; x_wconf 71' lang='lat' dir='ltr'><strong>despuat,</strong></span> <span class='ocrx_word' id='word_1_516' title='bbox 870 3647 921 3691; x_wconf 89' lang='lat' dir='ltr'><strong>et</strong></span> <span class='ocrx_word' id='word_1_517' title='bbox 938 3636 1259 3701; x_wconf 84' lang='lat' dir='ltr'><strong>exsufﬂahit,</strong></span> <span class='ocrx_word' id='word_1_518' title='bbox 1275 3639 1463 3706; x_wconf 89' lang='lat' dir='ltr'><strong>quibus</strong></span> <span class='ocrx_word' id='word_1_519' title='bbox 1486 3640 1598 3705; x_wconf 63' lang='lat' dir='ltr'><strong>ipse</strong></span> <span class='ocrx_word' id='word_1_520' title='bbox 1616 3639 1943 3708; x_wconf 61' lang='lat' dir='ltr'><strong>prospexit?»</strong></span> 
     </span>
    </p>
   </div>
   <div class='ocr_carea' id='block_1_68' title="bbox 364 3727 1949 3798">
    <p class='ocr_par' dir='ltr' id='par_1_68' title="bbox 364 3727 1949 3798">
     <span class='ocr_line' id='line_1_68' title="bbox 364 3727 1949 3798; baseline 0.004 -18"><span class='ocrx_word' id='word_1_521' title='bbox 364 3727 537 3789; x_wconf 80' lang='lat' dir='ltr'><strong>idem,</strong></span> <span class='ocrx_word' id='word_1_522' title='bbox 582 3727 671 3781; x_wconf 91' lang='lat' dir='ltr'><strong>lib.</strong></span> <span class='ocrx_word' id='word_1_523' title='bbox 714 3743 752 3782; x_wconf 88' lang='grc' dir='ltr'><strong>ιι</strong></span> <span class='ocrx_word' id='word_1_524' title='bbox 782 3728 847 3783; x_wconf 87' lang='lat' dir='ltr'><strong>ad</strong></span> <span class='ocrx_word' id='word_1_525' title='bbox 889 3744 1108 3783; x_wconf 72' lang='lat' dir='ltr'><strong>uxorem</strong></span> <span class='ocrx_word' id='word_1_526' title='bbox 1141 3744 1258 3798; x_wconf 89' lang='lat' dir='ltr'><strong>cap.</strong></span> <span class='ocrx_word' id='word_1_527' title='bbox 1283 3730 1346 3782; x_wconf 70' lang='grc' dir='ltr'><strong>δε</strong></span> <span class='ocrx_word' id='word_1_528' title='bbox 1372 3748 1390 3781; x_wconf 87' lang='grc'><strong><em>‹</em></strong></span> <span class='ocrx_word' id='word_1_529' title='bbox 1428 3730 1714 3787; x_wconf 88' lang='lat' dir='ltr'><strong>Latebisue</strong></span> <span class='ocrx_word' id='word_1_530' title='bbox 1744 3744 1798 3786; x_wconf 93' lang='lat' dir='ltr'><strong>tu</strong></span> <span class='ocrx_word' id='word_1_531' title='bbox 1827 3747 1949 3788; x_wconf 90' lang='lat' dir='ltr'><strong>cum</strong></span> 
     </span>
    </p>
   </div>
   <div class='ocr_carea' id='block_1_69' title="bbox 366 3817 1949 3893">
    <p class='ocr_par' dir='ltr' id='par_1_69' title="bbox 366 3817 1949 3893">
     <span class='ocr_line' id='line_1_69' title="bbox 366 3817 1949 3893; baseline 0.005 -23"><span class='ocrx_word' id='word_1_532' title='bbox 366 3817 644 3882; x_wconf 87' lang='lat' dir='ltr'><strong>lectulum,</strong></span> <span class='ocrx_word' id='word_1_533' title='bbox 673 3833 791 3873; x_wconf 83' lang='lat' dir='ltr'><strong>cum</strong></span> <span class='ocrx_word' id='word_1_534' title='bbox 816 3821 1191 3888; x_wconf 90' lang='lat' dir='ltr'><strong>corpusculum</strong></span> <span class='ocrx_word' id='word_1_535' title='bbox 1218 3831 1363 3876; x_wconf 90' lang='lat' dir='ltr'><strong>tuum</strong></span> <span class='ocrx_word' id='word_1_536' title='bbox 1390 3823 1588 3889; x_wconf 79' lang='lat' dir='ltr'><strong>signas,</strong></span> <span class='ocrx_word' id='word_1_537' title='bbox 1608 3838 1727 3877; x_wconf 89' lang='lat' dir='ltr'><strong>cum</strong></span> <span class='ocrx_word' id='word_1_538' title='bbox 1750 3822 1949 3893; x_wconf 91' lang='lat' dir='ltr'><strong>aliquid</strong></span> 
     </span>
    </p>
   </div>
   <div class='ocr_carea' id='block_1_70' title="bbox 360 3908 1184 3980">
    <p class='ocr_par' dir='ltr' id='par_1_70' title="bbox 360 3908 1184 3980">
     <span class='ocr_line' id='line_1_70' title="bbox 360 3908 1184 3980; baseline 0.002 -17"><span class='ocrx_word' id='word_1_539' title='bbox 360 3908 704 3963; x_wconf 85' lang='lat' dir='ltr'><strong>immundum</strong></span> <span class='ocrx_word' id='word_1_540' title='bbox 732 3910 856 3964; x_wconf 73' lang='lat' dir='ltr'><strong>ﬂatu</strong></span> <span class='ocrx_word' id='word_1_541' title='bbox 889 3911 1140 3980; x_wconf 82' lang='lat' dir='ltr'><strong>exspuis?</strong></span> <span class='ocrx_word' id='word_1_542' title='bbox 1165 3931 1184 3964; x_wconf 85' lang='grc'><strong>1</strong></span> 
     </span>
    </p>
   </div>
   <div class='ocr_carea' id='block_1_71' title="bbox 444 4000 1953 4071">
    <p class='ocr_par' dir='ltr' id='par_1_71' title="bbox 444 4000 1953 4071">
     <span class='ocr_line' id='line_1_71' title="bbox 444 4000 1953 4071; baseline 0.004 -18"><span class='ocrx_word' id='word_1_543' title='bbox 444 4000 678 4054; x_wconf 88' lang='lat' dir='ltr'><strong>Subinde</strong></span> <span class='ocrx_word' id='word_1_544' title='bbox 690 4001 948 4070; x_wconf 89' lang='lat' dir='ltr'><strong>despuere</strong></span> <span class='ocrx_word' id='word_1_545' title='bbox 969 4001 1206 4057; x_wconf 88' lang='lat' dir='ltr'><strong>solitarie</strong></span> <span class='ocrx_word' id='word_1_546' title='bbox 1226 4003 1453 4071; x_wconf 91' lang='lat' dir='ltr'><strong>ponitur.</strong></span> <span class='ocrx_word' id='word_1_547' title='bbox 1474 4002 1855 4071; x_wconf 83' lang='lat' dir='ltr'><strong>Tertullianus,</strong></span> <span class='ocrx_word' id='word_1_548' title='bbox 1875 4003 1953 4059; x_wconf 83' lang='lat' dir='ltr'><strong>De</strong></span> 
     </span>
    </p>
   </div>
   <div class='ocr_carea' id='block_1_72' title="bbox 352 4092 1956 4171">
    <p class='ocr_par' dir='ltr' id='par_1_72' title="bbox 352 4092 1956 4171">
     <span class='ocr_line' id='line_1_72' title="bbox 352 4092 1956 4171; baseline 0.001 -23"><span class='ocrx_word' id='word_1_549' title='bbox 352 4102 754 4162; x_wconf 58' lang='lat' dir='ltr'><strong>spectac.,cap.</strong></span> <span class='ocrx_word' id='word_1_550' title='bbox 774 4094 896 4147; x_wconf 75' lang='lat' dir='ltr'><strong>i5zt</strong></span> <span class='ocrx_word' id='word_1_551' title='bbox 918 4092 1026 4149; x_wconf 80' lang='lat' dir='ltr'><strong>Nec</strong></span> <span class='ocrx_word' id='word_1_552' title='bbox 1039 4094 1212 4148; x_wconf 83' lang='lat' dir='ltr'><strong>minus</strong></span> <span class='ocrx_word' id='word_1_553' title='bbox 1227 4094 1420 4163; x_wconf 82' lang='lat' dir='ltr'><strong>templa</strong></span> <span class='ocrx_word' id='word_1_554' title='bbox 1435 4110 1591 4164; x_wconf 88' lang='lat' dir='ltr'><strong>quam</strong></span> <span class='ocrx_word' id='word_1_555' title='bbox 1608 4103 1956 4171; x_wconf 80' lang='lat' dir='ltr'><strong>monumenta</strong></span> 
     </span>
    </p>
   </div>
   <div class='ocr_carea' id='block_1_73' title="bbox 369 4185 1959 4259">
    <p class='ocr_par' dir='ltr' id='par_1_73' title="bbox 369 4185 1959 4259">
     <span class='ocr_line' id='line_1_73' title="bbox 369 4185 1959 4259; baseline 0.001 -18"><span class='ocrx_word' id='word_1_556' title='bbox 369 4187 702 4253; x_wconf 86' lang='lat' dir='ltr'><strong>despuimus.</strong></span> <span class='ocrx_word' id='word_1_557' title='bbox 742 4204 763 4239; x_wconf 78' lang='grc'><strong>1</strong></span> <span class='ocrx_word' id='word_1_558' title='bbox 800 4185 1051 4241; x_wconf 79' lang='lat' dir='ltr'><strong>Minutius</strong></span> <span class='ocrx_word' id='word_1_559' title='bbox 1079 4185 1300 4240; x_wconf 88' lang='lat' dir='ltr'><strong>Octavio</strong></span> <span class='ocrx_word' id='word_1_560' title='bbox 1346 4205 1360 4241; x_wconf 89' lang='lat'><strong>:</strong></span> <span class='ocrx_word' id='word_1_561' title='bbox 1390 4206 1409 4239; x_wconf 79' lang='grc'><strong>1</strong></span> <span class='ocrx_word' id='word_1_562' title='bbox 1438 4187 1574 4241; x_wconf 82' lang='lat' dir='ltr'><strong>Deos</strong></span> <span class='ocrx_word' id='word_1_563' title='bbox 1598 4187 1811 4259; x_wconf 61' lang='grc'>1024</span> <span class='ocrx_word' id='word_1_564' title='bbox 1837 4187 1959 4242; x_wconf 89' lang='lat' dir='ltr'><strong>des-</strong></span> 
     </span>
    </p>
   </div>
   <div class='ocr_carea' id='block_1_74' title="bbox 370 4279 1889 4355">
    <p class='ocr_par' dir='ltr' id='par_1_74' title="bbox 370 4279 1889 4355">
     <span class='ocr_line' id='line_1_74' title="bbox 370 4279 1889 4355; baseline 0.001 -24"><span class='ocrx_word' id='word_1_565' title='bbox 370 4288 565 4350; x_wconf 89' lang='lat' dir='ltr'><strong>puunt.</strong></span> <span class='ocrx_word' id='word_1_566' title='bbox 596 4297 615 4331; x_wconf 81' lang='grc'><strong>1</strong></span> <span class='ocrx_word' id='word_1_567' title='bbox 643 4279 992 4355; x_wconf 80' lang='lat' dir='ltr'><strong>Prudentius,</strong></span> <span class='ocrx_word' id='word_1_568' title='bbox 1022 4279 1159 4334; x_wconf 90' lang='lat' dir='ltr'><strong>libro</strong></span> <span class='ocrx_word' id='word_1_569' title='bbox 1186 4294 1200 4332; x_wconf 90' lang='grc'><strong>1</strong></span> <span class='ocrx_word' id='word_1_570' title='bbox 1224 4287 1412 4334; x_wconf 91' lang='lat' dir='ltr'><strong>contra</strong></span> <span class='ocrx_word' id='word_1_571' title='bbox 1460 4279 1850 4350; x_wconf 83' lang='lat' dir='ltr'><strong>Symmachum</strong></span> <span class='ocrx_word' id='word_1_572' title='bbox 1876 4298 1889 4332; x_wconf 91' lang='lat'>:</span> 
     </span>
    </p>
   </div>
   <div class='ocr_carea' id='block_1_75' title="bbox 1303 4391 1642 4450">
    <p class='ocr_par' dir='ltr' id='par_1_75' title="bbox 1303 4391 1642 4450">
     <span class='ocr_line' id='line_1_75' title="bbox 1303 4391 1642 4450; baseline 0.003 -10"><span class='ocrx_word' id='word_1_573' title='bbox 1303 4391 1423 4450; x_wconf 89' lang='lat' dir='ltr'><strong>Quis</strong></span> <span class='ocrx_word' id='word_1_574' title='bbox 1446 4394 1493 4440; x_wconf 93' lang='lat' dir='ltr'><strong>in</strong></span> <span class='ocrx_word' id='word_1_575' title='bbox 1519 4393 1642 4441; x_wconf 90' lang='lat' dir='ltr'><strong>urbe</strong></span> 
     </span>
    </p>
   </div>
   <div class='ocr_carea' id='block_1_76' title="bbox 502 4449 1744 4515">
    <p class='ocr_par' dir='ltr' id='par_1_76' title="bbox 502 4449 1744 4515">
     <span class='ocr_line' id='line_1_76' title="bbox 502 4449 1744 4515; baseline 0.003 -16"><span class='ocrx_word' id='word_1_576' title='bbox 502 4449 592 4510; x_wconf 88' lang='lat' dir='ltr'><strong>Qui</strong></span> <span class='ocrx_word' id='word_1_577' title='bbox 633 4450 767 4501; x_wconf 80' lang='lat' dir='ltr'><strong>Jovis</strong></span> <span class='ocrx_word' id='word_1_578' title='bbox 792 4452 1019 4502; x_wconf 83' lang='lat' dir='ltr'><strong>infectam</strong></span> <span class='ocrx_word' id='word_1_579' title='bbox 1041 4456 1184 4503; x_wconf 82' lang='lat' dir='ltr'><strong>sanie</strong></span> <span class='ocrx_word' id='word_1_580' title='bbox 1219 4449 1555 4515; x_wconf 27' lang='lat' dir='ltr'><strong>non’despuat</strong></span> <span class='ocrx_word' id='word_1_581' title='bbox 1577 4452 1744 4503; x_wconf 83' lang='lat' dir='ltr'><strong>aram?</strong></span> 
     </span>
    </p>
   </div>
   <div class='ocr_carea' id='block_1_77' title="bbox 2049 3273 3629 3339">
    <p class='ocr_par' dir='ltr' id='par_1_77' title="bbox 2049 3273 3629 3339">
     <span class='ocr_line' id='line_1_77' title="bbox 2049 3273 3629 3339; baseline -0.001 -7"><span class='ocrx_word' id='word_1_582' title='bbox 2049 3285 2375 3332; x_wconf 85' lang='lat' dir='ltr'><strong>stamentum</strong></span> <span class='ocrx_word' id='word_1_583' title='bbox 2427 3276 2555 3339; x_wconf 84' lang='lat' dir='ltr'><strong>fuit;</strong></span> <span class='ocrx_word' id='word_1_584' title='bbox 2605 3273 2964 3329; x_wconf 88' lang='lat' dir='ltr'><strong>adolescentia</strong></span> <span class='ocrx_word' id='word_1_585' title='bbox 3004 3274 3293 3328; x_wconf 86' lang='lat' dir='ltr'><strong>senectutis</strong></span> <span class='ocrx_word' id='word_1_586' title='bbox 3334 3274 3629 3331; x_wconf 86' lang='lat' dir='ltr'><strong>dedecora-</strong></span> 
     </span>
    </p>
   </div>
   <div class='ocr_carea' id='block_1_78' title="bbox 2049 3363 3278 3434">
    <p class='ocr_par' dir='ltr' id='par_1_78' title="bbox 2049 3363 3278 3434">
     <span class='ocr_line' id='line_1_78' title="bbox 2049 3363 3278 3434; baseline -0.008 -9"><span class='ocrx_word' id='word_1_587' title='bbox 2049 3377 2320 3434; x_wconf 86' lang='lat' dir='ltr'><strong>tneutum;</strong></span> <span class='ocrx_word' id='word_1_588' title='bbox 2354 3374 2603 3422; x_wconf 88' lang='lat' dir='ltr'><strong>senectus</strong></span> <span class='ocrx_word' id='word_1_589' title='bbox 2630 3364 2934 3431; x_wconf 64' lang='lat' dir='ltr'><strong>reipublicm</strong></span> <span class='ocrx_word' id='word_1_590' title='bbox 2962 3363 3237 3432; x_wconf 85' lang='lat' dir='ltr'><strong>ﬂagitium.</strong></span> <span class='ocrx_word' id='word_1_591' title='bbox 3258 3381 3278 3415; x_wconf 82' lang='grc'><strong>1</strong></span> 
     </span>
    </p>
   </div>
   <div class='ocr_carea' id='block_1_79' title="bbox 2118 3479 3627 3550">
    <p class='ocr_par' dir='ltr' id='par_1_79' title="bbox 2118 3479 3627 3550">
     <span class='ocr_line' id='line_1_79' title="bbox 2118 3479 3627 3550; baseline -0.003 -10"><span class='ocrx_word' id='word_1_592' title='bbox 2118 3483 2209 3540; x_wconf 90' lang='lat' dir='ltr'><strong>Sic</strong></span> <span class='ocrx_word' id='word_1_593' title='bbox 2261 3484 2720 3537; x_wconf 84' lang='lat' dir='ltr'><strong>honestamentttm</strong></span> <span class='ocrx_word' id='word_1_594' title='bbox 2776 3479 3061 3545; x_wconf 88' lang='lat' dir='ltr'><strong>Enuodio,</strong></span> <span class='ocrx_word' id='word_1_595' title='bbox 3111 3479 3206 3535; x_wconf 91' lang='lat' dir='ltr'><strong>lib.</strong></span> <span class='ocrx_word' id='word_1_596' title='bbox 3252 3496 3311 3543; x_wconf 85' lang='lat' dir='ltr'><strong>tt,</strong></span> <span class='ocrx_word' id='word_1_597' title='bbox 3360 3481 3519 3550; x_wconf 90' lang='lat' dir='ltr'><strong>epist.</strong></span> <span class='ocrx_word' id='word_1_598' title='bbox 3554 3481 3627 3535; x_wconf 77' lang='lat' dir='ltr'><strong>l:</strong></span> 
     </span>
    </p>
   </div>
   <div class='ocr_carea' id='block_1_80' title="bbox 2056 3574 3634 3647">
    <p class='ocr_par' dir='ltr' id='par_1_80' title="bbox 2056 3574 3634 3647">
     <span class='ocr_line' id='line_1_80' title="bbox 2056 3574 3634 3647; baseline -0.001 -17"><span class='ocrx_word' id='word_1_599' title='bbox 2056 3598 2075 3630; x_wconf 76' lang='grc'><strong>1</strong></span> <span class='ocrx_word' id='word_1_600' title='bbox 2110 3579 2219 3633; x_wconf 86' lang='lat' dir='ltr'><strong>Nec</strong></span> <span class='ocrx_word' id='word_1_601' title='bbox 2264 3579 2517 3647; x_wconf 80' lang='lat' dir='ltr'><strong>magistro</strong></span> <span class='ocrx_word' id='word_1_602' title='bbox 2560 3591 2693 3639; x_wconf 80' lang='lat' dir='ltr'><strong>Opus</strong></span> <span class='ocrx_word' id='word_1_603' title='bbox 2739 3575 2811 3628; x_wconf 88' lang='lat' dir='ltr'><strong>sit</strong></span> <span class='ocrx_word' id='word_1_604' title='bbox 2855 3576 2903 3629; x_wconf 89' lang='lat' dir='ltr'><strong>ei</strong></span> <span class='ocrx_word' id='word_1_605' title='bbox 2935 3590 3091 3644; x_wconf 88' lang='lat' dir='ltr'><strong>quem</strong></span> <span class='ocrx_word' id='word_1_606' title='bbox 3135 3574 3375 3629; x_wconf 89' lang='lat' dir='ltr'><strong>fecerunt</strong></span> <span class='ocrx_word' id='word_1_607' title='bbox 3422 3586 3634 3629; x_wconf 89' lang='lat' dir='ltr'><strong>actuum</strong></span> 
     </span>
    </p>
   </div>
   <div class='ocr_carea' id='block_1_81' title="bbox 2051 3654 3624 3735">
    <p class='ocr_par' dir='ltr' id='par_1_81' title="bbox 2051 3654 3624 3735">
     <span class='ocr_line' id='line_1_81' title="bbox 2051 3654 3624 3735; baseline -0.005 -7"><span class='ocrx_word' id='word_1_608' title='bbox 2051 3688 2267 3728; x_wconf 87' lang='lat' dir='ltr'><strong>suorum</strong></span> <span class='ocrx_word' id='word_1_609' title='bbox 2296 3654 2694 3727; x_wconf 72' lang='lat' dir='ltr'><strong>emendationes</strong></span> <span class='ocrx_word' id='word_1_610' title='bbox 2716 3678 2769 3724; x_wconf 90' lang='lat' dir='ltr'><strong>et</strong></span> <span class='ocrx_word' id='word_1_611' title='bbox 2793 3670 3194 3723; x_wconf 85' lang='lat' dir='ltr'><strong>honestamenta</strong></span> <span class='ocrx_word' id='word_1_612' title='bbox 3220 3669 3624 3735; x_wconf 67' lang='lat' dir='ltr'><strong>conspicuum.»</strong></span> 
     </span>
    </p>
   </div>
   <div class='ocr_carea' id='block_1_82' title="bbox 2051 3758 3635 3831">
    <p class='ocr_par' dir='ltr' id='par_1_82' title="bbox 2051 3758 3635 3831">
     <span class='ocr_line' id='line_1_82' title="bbox 2051 3758 3635 3831; baseline -0.004 -13"><span class='ocrx_word' id='word_1_613' title='bbox 2051 3762 2300 3831; x_wconf 88' lang='lat' dir='ltr'><strong>Apuleio,</strong></span> <span class='ocrx_word' id='word_1_614' title='bbox 2330 3762 2585 3829; x_wconf 79' lang='lat' dir='ltr'><strong>Apologia</strong></span> <span class='ocrx_word' id='word_1_615' title='bbox 2613 3775 2626 3813; x_wconf 93' lang='lat'>:</span> <span class='ocrx_word' id='word_1_616' title='bbox 2658 3778 2676 3810; x_wconf 75' lang='grc' dir='ltr'>ι</span> <span class='ocrx_word' id='word_1_617' title='bbox 2710 3758 2946 3827; x_wconf 88' lang='lat' dir='ltr'><strong>Itemque</strong></span> <span class='ocrx_word' id='word_1_618' title='bbox 2977 3760 3170 3813; x_wconf 87' lang='lat' dir='ltr'><strong>multos</strong></span> <span class='ocrx_word' id='word_1_619' title='bbox 3200 3758 3546 3827; x_wconf 81' lang='lat' dir='ltr'><strong>philosophos</strong></span> <span class='ocrx_word' id='word_1_620' title='bbox 3568 3759 3635 3812; x_wconf 89' lang='lat' dir='ltr'><strong>ab</strong></span> 
     </span>
    </p>
   </div>
   <div class='ocr_carea' id='block_1_83' title="bbox 2052 3852 3629 3921">
    <p class='ocr_par' dir='ltr' id='par_1_83' title="bbox 2052 3852 3629 3921">
     <span class='ocr_line' id='line_1_83' title="bbox 2052 3852 3629 3921; baseline -0.003 -11"><span class='ocrx_word' id='word_1_621' title='bbox 2052 3871 2146 3910; x_wconf 90' lang='lat' dir='ltr'><strong>ore</strong></span> <span class='ocrx_word' id='word_1_622' title='bbox 2177 3854 2583 3908; x_wconf 75' lang='lat' dir='ltr'><strong>honestissimos</strong></span> <span class='ocrx_word' id='word_1_623' title='bbox 2613 3852 2882 3906; x_wconf 79' lang='lat' dir='ltr'><strong>memorizc</strong></span> <span class='ocrx_word' id='word_1_624' title='bbox 2933 3852 3103 3918; x_wconf 88' lang='lat' dir='ltr'><strong>prodi,</strong></span> <span class='ocrx_word' id='word_1_625' title='bbox 3137 3852 3226 3917; x_wconf 91' lang='lat' dir='ltr'><strong>qui</strong></span> <span class='ocrx_word' id='word_1_626' title='bbox 3255 3852 3478 3921; x_wconf 83' lang='lat' dir='ltr'><strong>gratiam</strong></span> <span class='ocrx_word' id='word_1_627' title='bbox 3508 3866 3629 3908; x_wconf 85' lang='lat' dir='ltr'><strong>cor-</strong></span> 
     </span>
    </p>
   </div>
   <div class='ocr_carea' id='block_1_84' title="bbox 2055 3945 3301 4018">
    <p class='ocr_par' dir='ltr' id='par_1_84' title="bbox 2055 3945 3301 4018">
     <span class='ocr_line' id='line_1_84' title="bbox 2055 3945 3301 4018; baseline -0.002 -17"><span class='ocrx_word' id='word_1_628' title='bbox 2055 3949 2197 4018; x_wconf 92' lang='lat' dir='ltr'><strong>poris</strong></span> <span class='ocrx_word' id='word_1_629' title='bbox 2223 3962 2427 4001; x_wconf 90' lang='lat' dir='ltr'><strong>tuorum</strong></span> <span class='ocrx_word' id='word_1_630' title='bbox 2462 3945 2881 4000; x_wconf 73' lang='lat' dir='ltr'><strong>honestamentis</strong></span> <span class='ocrx_word' id='word_1_631' title='bbox 2909 3958 3255 4003; x_wconf 89' lang='lat' dir='ltr'><strong>ornaverunt.</strong></span> <span class='ocrx_word' id='word_1_632' title='bbox 3282 3965 3301 3998; x_wconf 83' lang='grc'><strong>1</strong></span> 
     </span>
    </p>
   </div>
   <div class='ocr_carea' id='block_1_85' title="bbox 2129 4059 3637 4130">
    <p class='ocr_par' dir='ltr' id='par_1_85' title="bbox 2129 4059 3637 4130">
     <span class='ocr_line' id='line_1_85' title="bbox 2129 4059 3637 4130; baseline -0.001 -15"><span class='ocrx_word' id='word_1_633' title='bbox 2129 4062 2454 4115; x_wconf 73' lang='lat' dir='ltr'><strong>Dir&#39;rt&#39;cntm.</strong></span> <span class='ocrx_word' id='word_1_634' title='bbox 2500 4060 2611 4114; x_wconf 84' lang='lat' dir='ltr'><strong>Vita</strong></span> <span class='ocrx_word' id='word_1_635' title='bbox 2642 4059 2884 4128; x_wconf 67' lang='lat' dir='ltr'><strong>Pelagiat,</strong></span> <span class='ocrx_word' id='word_1_636' title='bbox 2910 4060 3081 4130; x_wconf 89' lang='lat' dir='ltr'><strong>capite</strong></span> <span class='ocrx_word' id='word_1_637' title='bbox 3102 4060 3131 4111; x_wconf 83' lang='lat'><strong>7</strong></span> <span class='ocrx_word' id='word_1_638' title='bbox 3159 4076 3174 4115; x_wconf 84' lang='lat'><strong>:</strong></span> <span class='ocrx_word' id='word_1_639' title='bbox 3197 4079 3215 4111; x_wconf 81' lang='lat'><strong>(</strong></span> <span class='ocrx_word' id='word_1_640' title='bbox 3237 4060 3430 4115; x_wconf 89' lang='lat' dir='ltr'><strong>Statim</strong></span> <span class='ocrx_word' id='word_1_641' title='bbox 3464 4069 3637 4114; x_wconf 90' lang='lat' dir='ltr'><strong>trans-</strong></span> 
     </span>
    </p>
   </div>
   <div class='ocr_carea' id='block_1_86' title="bbox 2056 4150 3635 4222">
    <p class='ocr_par' dir='ltr' id='par_1_86' title="bbox 2056 4150 3635 4222">
     <span class='ocr_line' id='line_1_86' title="bbox 2056 4150 3635 4222; baseline -0.004 -15"><span class='ocrx_word' id='word_1_642' title='bbox 2056 4154 2201 4207; x_wconf 88' lang='lat' dir='ltr'><strong>misit</strong></span> <span class='ocrx_word' id='word_1_643' title='bbox 2248 4151 2556 4222; x_wconf 86' lang='lat' dir='ltr'><strong>diptychum</strong></span> <span class='ocrx_word' id='word_1_644' title='bbox 2610 4151 2907 4204; x_wconf 90' lang='lat' dir='ltr'><strong>tabularum</strong></span> <span class='ocrx_word' id='word_1_645' title='bbox 2945 4166 3037 4218; x_wconf 89' lang='lat' dir='ltr'><strong>per</strong></span> <span class='ocrx_word' id='word_1_646' title='bbox 3089 4150 3309 4205; x_wconf 89' lang='lat' dir='ltr'><strong>eosdem</strong></span> <span class='ocrx_word' id='word_1_647' title='bbox 3362 4165 3578 4220; x_wconf 87' lang='lat' dir='ltr'><strong>pueros.</strong></span> <span class='ocrx_word' id='word_1_648' title='bbox 3617 4171 3635 4201; x_wconf 80' lang='grc'><strong>1</strong></span> 
     </span>
    </p>
   </div>
   <div class='ocr_carea' id='block_1_87' title="bbox 2056 4240 3636 4313">
    <p class='ocr_par' dir='ltr' id='par_1_87' title="bbox 2056 4240 3636 4313">
     <span class='ocr_line' id='line_1_87' title="bbox 2056 4240 3636 4313; baseline -0.004 -14"><span class='ocrx_word' id='word_1_649' title='bbox 2056 4244 2298 4299; x_wconf 72' lang='lat' dir='ltr'><strong>Grzecum</strong></span> <span class='ocrx_word' id='word_1_650' title='bbox 2330 4243 2545 4297; x_wconf 91' lang='lat' dir='ltr'><strong>verbum</strong></span> <span class='ocrx_word' id='word_1_651' title='bbox 2575 4242 2872 4311; x_wconf 79' lang='lat' dir='ltr'><strong>diptychum</strong></span> <span class='ocrx_word' id='word_1_652' title='bbox 2908 4240 3187 4313; x_wconf 82' lang='grc' dir='ltr'><strong>δίπτυχον,</strong></span> <span class='ocrx_word' id='word_1_653' title='bbox 3222 4240 3423 4294; x_wconf 89' lang='lat' dir='ltr'><strong>Latinis</strong></span> <span class='ocrx_word' id='word_1_654' title='bbox 3456 4249 3636 4293; x_wconf 82' lang='lat' dir='ltr'><strong>tamen</strong></span> 
     </span>
    </p>
   </div>
   <div class='ocr_carea' id='block_1_88' title="bbox 2062 4332 3637 4402">
    <p class='ocr_par' dir='ltr' id='par_1_88' title="bbox 2062 4332 3637 4402">
     <span class='ocr_line' id='line_1_88' title="bbox 2062 4332 3637 4402; baseline -0.003 -13"><span class='ocrx_word' id='word_1_655' title='bbox 2062 4342 2367 4402; x_wconf 84' lang='lat' dir='ltr'><strong>usurpatum</strong></span> <span class='ocrx_word' id='word_1_656' title='bbox 2389 4374 2403 4397; x_wconf 92' lang='lat'><strong>,</strong></span> <span class='ocrx_word' id='word_1_657' title='bbox 2432 4333 2525 4387; x_wconf 91' lang='lat' dir='ltr'><strong>sed</strong></span> <span class='ocrx_word' id='word_1_658' title='bbox 2553 4348 2695 4401; x_wconf 63' lang='lat' dir='ltr'><strong>sarpe</strong></span> <span class='ocrx_word' id='word_1_659' title='bbox 2726 4332 2866 4402; x_wconf 88' lang='lat' dir='ltr'><strong>apud</strong></span> <span class='ocrx_word' id='word_1_660' title='bbox 2898 4348 2991 4387; x_wconf 90' lang='lat' dir='ltr'><strong>eos</strong></span> <span class='ocrx_word' id='word_1_661' title='bbox 3017 4333 3383 4400; x_wconf 84' lang='lat' dir='ltr'><strong>depravatum.</strong></span> <span class='ocrx_word' id='word_1_662' title='bbox 3416 4332 3637 4400; x_wconf 84' lang='lat' dir='ltr'><strong>Etymo-</strong></span> 
     </span>
    </p>
   </div>
   <div class='ocr_carea' id='block_1_89' title="bbox 2059 4420 3638 4499">
    <p class='ocr_par' dir='ltr' id='par_1_89' title="bbox 2059 4420 3638 4499">
     <span class='ocr_line' id='line_1_89' title="bbox 2059 4420 3638 4499; baseline -0.003 -18"><span class='ocrx_word' id='word_1_663' title='bbox 2059 4426 2291 4496; x_wconf 84' lang='lat' dir='ltr'><strong>Iogieum</strong></span> <span class='ocrx_word' id='word_1_664' title='bbox 2319 4441 2333 4478; x_wconf 88' lang='lat'><strong>:</strong></span> <span class='ocrx_word' id='word_1_665' title='bbox 2360 4427 2625 4496; x_wconf 70' lang='grc' dir='ltr'><strong>Δίπτυχα,</strong></span> <span class='ocrx_word' id='word_1_666' title='bbox 2667 4421 2821 4496; x_wconf 76' lang='grc' dir='ltr'><strong>ὄνομα</strong></span> <span class='ocrx_word' id='word_1_667' title='bbox 2858 4424 3135 4499; x_wconf 75' lang='grc' dir='ltr'><strong>οὐδέτερον.</strong></span> <span class='ocrx_word' id='word_1_668' title='bbox 3159 4425 3333 4492; x_wconf 68' lang='grc' dir='ltr'><strong>Γέγονε</strong></span> <span class='ocrx_word' id='word_1_669' title='bbox 3372 4420 3425 4477; x_wconf 82' lang='grc' dir='ltr'><strong>δὲ</strong></span> <span class='ocrx_word' id='word_1_670' title='bbox 3465 4425 3518 4477; x_wconf 77' lang='grc' dir='ltr'><strong>ἐκ</strong></span> <span class='ocrx_word' id='word_1_671' title='bbox 3548 4431 3638 4477; x_wconf 77' lang='grc' dir='ltr'><strong>τοῦ</strong></span> 
     </span>
    </p>
   </div>
   <div class='ocr_carea' id='block_1_90' title="bbox 2059 4512 3639 4590">
    <p class='ocr_par' dir='ltr' id='par_1_90' title="bbox 2059 4512 3639 4590">
     <span class='ocr_line' id='line_1_90' title="bbox 2059 4512 3639 4590; baseline -0.004 -18"><span class='ocrx_word' id='word_1_672' title='bbox 2059 4513 2261 4580; x_wconf 81' lang='grc' dir='ltr'><strong>δίπτυξ,</strong></span> <span class='ocrx_word' id='word_1_673' title='bbox 2312 4517 2596 4590; x_wconf 82' lang='grc' dir='ltr'><strong>ἀρσενικοῦ·</strong></span> <span class='ocrx_word' id='word_1_674' title='bbox 2634 4522 2783 4571; x_wconf 81' lang='grc' dir='ltr'>τοῦτο</span> <span class='ocrx_word' id='word_1_675' title='bbox 2819 4517 2874 4569; x_wconf 80' lang='grc' dir='ltr'><em>ἐκ</em></span> <span class='ocrx_word' id='word_1_676' title='bbox 2911 4522 3002 4568; x_wconf 85' lang='grc' dir='ltr'><strong>τοῦ</strong></span> <span class='ocrx_word' id='word_1_677' title='bbox 3041 4512 3264 4569; x_wconf 77' lang='grc' dir='ltr'><strong>πτύσσω</strong></span> <span class='ocrx_word' id='word_1_678' title='bbox 3294 4515 3353 4566; x_wconf 86' lang='grc' dir='ltr'>τὸ</span> <span class='ocrx_word' id='word_1_679' title='bbox 3394 4513 3639 4584; x_wconf 79' lang='grc' dir='ltr'><strong>σφαλίζω,</strong></span> 
     </span>
    </p>
   </div>
   <div class='ocr_carea' id='block_1_91' title="bbox 372 4554 2033 4625">
    <p class='ocr_par' dir='ltr' id='par_1_91' title="bbox 372 4554 2033 4625">
     <span class='ocr_line' id='line_1_91' title="bbox 372 4554 2033 4625; baseline 0.001 -12"><span class='ocrx_word' id='word_1_680' title='bbox 372 4555 535 4613; x_wconf 78' lang='lat' dir='ltr'><strong>Unde</strong></span> <span class='ocrx_word' id='word_1_681' title='bbox 561 4572 666 4612; x_wconf 90' lang='lat' dir='ltr'><strong>non</strong></span> <span class='ocrx_word' id='word_1_682' title='bbox 691 4557 881 4613; x_wconf 85' lang='lat' dir='ltr'><strong>mirum</strong></span> <span class='ocrx_word' id='word_1_683' title='bbox 910 4557 1044 4613; x_wconf 66' lang='lat' dir='ltr'><strong>Vitae</strong></span> <span class='ocrx_word' id='word_1_684' title='bbox 1072 4560 1239 4613; x_wconf 88' lang='lat' dir='ltr'><strong>sancti</strong></span> <span class='ocrx_word' id='word_1_685' title='bbox 1270 4558 1483 4612; x_wconf 89' lang='lat' dir='ltr'><strong>Antonii</strong></span> <span class='ocrx_word' id='word_1_686' title='bbox 1510 4571 1626 4625; x_wconf 91' lang='lat' dir='ltr'><strong>cap.</strong></span> <span class='ocrx_word' id='word_1_687' title='bbox 1659 4555 1730 4611; x_wconf 87' lang='lat'><strong>20</strong></span> <span class='ocrx_word' id='word_1_688' title='bbox 1756 4556 1954 4610; x_wconf 88' lang='lat' dir='ltr'><strong>variam</strong></span> <span class='ocrx_word' id='word_1_689' title='bbox 1984 4554 2033 4614; x_wconf 81' lang='grc' dir='ltr'><strong>Ι)</strong></span> 
     </span>
    </p>
   </div>
   <div class='ocr_carea' id='block_1_92' title="bbox 378 4648 1963 4717">
    <p class='ocr_par' dir='ltr' id='par_1_92' title="bbox 378 4648 1963 4717">
     <span class='ocr_line' id='line_1_92' title="bbox 378 4648 1963 4717; baseline -0.002 -14"><span class='ocrx_word' id='word_1_690' title='bbox 378 4648 670 4703; x_wconf 83' lang='lat' dir='ltr'><strong>lectionem</strong></span> <span class='ocrx_word' id='word_1_691' title='bbox 717 4664 859 4714; x_wconf 87' lang='lat' dir='ltr'><strong>esse,</strong></span> <span class='ocrx_word' id='word_1_692' title='bbox 892 4658 949 4702; x_wconf 93' lang='lat' dir='ltr'><strong>ut</strong></span> <span class='ocrx_word' id='word_1_693' title='bbox 1001 4650 1072 4703; x_wconf 87' lang='lat' dir='ltr'><strong>ibi</strong></span> <span class='ocrx_word' id='word_1_694' title='bbox 1122 4651 1322 4714; x_wconf 91' lang='lat' dir='ltr'><strong>monui,</strong></span> <span class='ocrx_word' id='word_1_695' title='bbox 1350 4665 1471 4703; x_wconf 89' lang='lat' dir='ltr'><strong>cum</strong></span> <span class='ocrx_word' id='word_1_696' title='bbox 1505 4648 1758 4717; x_wconf 82' lang='lat' dir='ltr'><strong>Evagrius</strong></span> <span class='ocrx_word' id='word_1_697' title='bbox 1804 4648 1963 4702; x_wconf 81' lang='lat' dir='ltr'><strong>vertit</strong></span> 
     </span>
    </p>
   </div>
   <div class='ocr_carea' id='block_1_93' title="bbox 372 4740 1959 4812">
    <p class='ocr_par' dir='ltr' id='par_1_93' title="bbox 372 4740 1959 4812">
     <span class='ocr_line' id='line_1_93' title="bbox 372 4740 1959 4812; baseline -0.003 -17"><span class='ocrx_word' id='word_1_698' title='bbox 372 4742 703 4812; x_wconf 58' lang='lat' dir='ltr'><strong>malaculum</strong></span> <span class='ocrx_word' id='word_1_699' title='bbox 746 4741 1067 4812; x_wconf 79' lang='lat' dir='ltr'><strong>iugemiuavi.</strong></span> <span class='ocrx_word' id='word_1_700' title='bbox 1101 4740 1199 4796; x_wconf 87' lang='lat' dir='ltr'><strong>Ubi</strong></span> <span class='ocrx_word' id='word_1_701' title='bbox 1241 4740 1295 4794; x_wconf 89' lang='lat' dir='ltr'><strong>in</strong></span> <span class='ocrx_word' id='word_1_702' title='bbox 1325 4740 1512 4794; x_wconf 69' lang='lat' dir='ltr'><strong>Graeco</strong></span> <span class='ocrx_word' id='word_1_703' title='bbox 1539 4749 1621 4794; x_wconf 89' lang='lat' dir='ltr'><strong>est</strong></span> <span class='ocrx_word' id='word_1_704' title='bbox 1649 4740 1959 4811; x_wconf 73' lang='grc' dir='ltr'><strong>ἐνεφύσησα.</strong></span> 
     </span>
    </p>
   </div>
   <div class='ocr_carea' id='block_1_94' title="bbox 457 4826 1958 4900">
    <p class='ocr_par' dir='ltr' id='par_1_94' title="bbox 457 4826 1958 4900">
     <span class='ocr_line' id='line_1_94' title="bbox 457 4826 1958 4900; baseline -0.002 -17"><span class='ocrx_word' id='word_1_705' title='bbox 457 4829 755 4885; x_wconf 66' lang='lat' dir='ltr'><strong>Damasus.</strong></span> <span class='ocrx_word' id='word_1_706' title='bbox 800 4831 912 4885; x_wconf 84' lang='lat' dir='ltr'><strong>Vita</strong></span> <span class='ocrx_word' id='word_1_707' title='bbox 960 4830 1180 4884; x_wconf 79' lang='lat' dir='ltr'><strong>Joannis</strong></span> <span class='ocrx_word' id='word_1_708' title='bbox 1208 4830 1652 4900; x_wconf 82' lang='lat' dir='ltr'><strong>Eleemosynarii,</strong></span> <span class='ocrx_word' id='word_1_709' title='bbox 1681 4828 1857 4894; x_wconf 89' lang='lat' dir='ltr'><strong>capite</strong></span> <span class='ocrx_word' id='word_1_710' title='bbox 1884 4826 1917 4880; x_wconf 86' lang='lat'><strong>5</strong></span> <span class='ocrx_word' id='word_1_711' title='bbox 1945 4845 1958 4881; x_wconf 92' lang='lat'>:</span> 
     </span>
    </p>
   </div>
   <div class='ocr_carea' id='block_1_95' title="bbox 376 4918 1965 4989">
    <p class='ocr_par' dir='ltr' id='par_1_95' title="bbox 376 4918 1965 4989">
     <span class='ocr_line' id='line_1_95' title="bbox 376 4918 1965 4989; baseline -0.003 -15"><span class='ocrx_word' id='word_1_712' title='bbox 376 4940 412 4974; x_wconf 60' lang='grc' dir='ltr'><strong>ηι</strong></span> <span class='ocrx_word' id='word_1_713' title='bbox 445 4919 514 4976; x_wconf 83' lang='lat' dir='ltr'><strong>Et</strong></span> <span class='ocrx_word' id='word_1_714' title='bbox 558 4922 797 4977; x_wconf 86' lang='lat' dir='ltr'><strong>volentes</strong></span> <span class='ocrx_word' id='word_1_715' title='bbox 844 4918 995 4975; x_wconf 85' lang='lat' dir='ltr'><strong>adire</strong></span> <span class='ocrx_word' id='word_1_716' title='bbox 1036 4935 1181 4989; x_wconf 82' lang='lat' dir='ltr'><strong>eum,</strong></span> <span class='ocrx_word' id='word_1_717' title='bbox 1216 4920 1406 4974; x_wconf 90' lang='lat' dir='ltr'><strong>timore</strong></span> <span class='ocrx_word' id='word_1_718' title='bbox 1435 4918 1879 4971; x_wconf 84' lang='lat' dir='ltr'><strong>cancellariorum</strong></span> <span class='ocrx_word' id='word_1_719' title='bbox 1910 4924 1965 4970; x_wconf 90' lang='lat' dir='ltr'><strong>et</strong></span> 
     </span>
    </p>
   </div>
   <div class='ocr_carea' id='block_1_96' title="bbox 381 5009 1964 5083">
    <p class='ocr_par' dir='ltr' id='par_1_96' title="bbox 381 5009 1964 5083">
     <span class='ocr_line' id='line_1_96' title="bbox 381 5009 1964 5083; baseline -0.007 -10"><span class='ocrx_word' id='word_1_720' title='bbox 381 5014 629 5073; x_wconf 74' lang='lat' dir='ltr'><strong>ecclesia:</strong></span> <span class='ocrx_word' id='word_1_721' title='bbox 656 5014 995 5069; x_wconf 83' lang='lat' dir='ltr'><strong>defensorum</strong></span> <span class='ocrx_word' id='word_1_722' title='bbox 1037 5024 1198 5083; x_wconf 83' lang='lat' dir='ltr'><strong>atque</strong></span> <span class='ocrx_word' id='word_1_723' title='bbox 1223 5012 1275 5066; x_wconf 89' lang='lat' dir='ltr'><strong>ei</strong></span> <span class='ocrx_word' id='word_1_724' title='bbox 1301 5012 1587 5065; x_wconf 83' lang='lat' dir='ltr'><strong>astantium</strong></span> <span class='ocrx_word' id='word_1_725' title='bbox 1612 5009 1964 5080; x_wconf 89' lang='lat' dir='ltr'><strong>prohiberen-</strong></span> 
     </span>
    </p>
   </div>
   <div class='ocr_carea' id='block_1_97' title="bbox 382 5099 1965 5174">
    <p class='ocr_par' dir='ltr' id='par_1_97' title="bbox 382 5099 1965 5174">
     <span class='ocr_line' id='line_1_97' title="bbox 382 5099 1965 5174; baseline -0.006 -12"><span class='ocrx_word' id='word_1_726' title='bbox 382 5116 494 5162; x_wconf 77' lang='lat' dir='ltr'><strong>tur.</strong></span> <span class='ocrx_word' id='word_1_727' title='bbox 524 5122 544 5157; x_wconf 80' lang='grc'><strong>1</strong></span> <span class='ocrx_word' id='word_1_728' title='bbox 577 5105 641 5159; x_wconf 85' lang='lat' dir='ltr'><strong>Et</strong></span> <span class='ocrx_word' id='word_1_729' title='bbox 667 5120 786 5174; x_wconf 88' lang='lat' dir='ltr'><strong>cap.</strong></span> <span class='ocrx_word' id='word_1_730' title='bbox 814 5104 923 5158; x_wconf 75' lang='lat'><strong>23:</strong></span> <span class='ocrx_word' id='word_1_731' title='bbox 953 5122 971 5155; x_wconf 76' lang='lat'><strong>(</strong></span> <span class='ocrx_word' id='word_1_732' title='bbox 996 5104 1315 5159; x_wconf 89' lang='lat' dir='ltr'><strong>Ceciderunt</strong></span> <span class='ocrx_word' id='word_1_733' title='bbox 1346 5117 1466 5157; x_wconf 89' lang='lat' dir='ltr'><strong>eum</strong></span> <span class='ocrx_word' id='word_1_734' title='bbox 1494 5102 1735 5156; x_wconf 77' lang='lat' dir='ltr'><strong>ecclesia:</strong></span> <span class='ocrx_word' id='word_1_735' title='bbox 1778 5099 1965 5155; x_wconf 84' lang='lat' dir='ltr'><strong>defen-</strong></span> 
     </span>
    </p>
   </div>
   <div class='ocr_carea' id='block_1_98' title="bbox 374 5192 1965 5263">
    <p class='ocr_par' dir='ltr' id='par_1_98' title="bbox 374 5192 1965 5263">
     <span class='ocr_line' id='line_1_98' title="bbox 374 5192 1965 5263; baseline -0.006 -9"><span class='ocrx_word' id='word_1_736' title='bbox 374 5212 557 5255; x_wconf 67' lang='lat' dir='ltr'><strong>sores.</strong></span> <span class='ocrx_word' id='word_1_737' title='bbox 583 5216 603 5250; x_wconf 80' lang='grc'><strong>1</strong></span> <span class='ocrx_word' id='word_1_738' title='bbox 637 5196 863 5251; x_wconf 78' lang='lat' dir='ltr'><strong>Coticilii</strong></span> <span class='ocrx_word' id='word_1_739' title='bbox 910 5196 1361 5251; x_wconf 84' lang='lat' dir='ltr'><strong>Chalcedonensis</strong></span> <span class='ocrx_word' id='word_1_740' title='bbox 1406 5210 1528 5250; x_wconf 90' lang='lat' dir='ltr'><strong>can.</strong></span> <span class='ocrx_word' id='word_1_741' title='bbox 1559 5194 1614 5259; x_wconf 88' lang='lat'><strong>2,</strong></span> <span class='ocrx_word' id='word_1_742' title='bbox 1645 5192 1733 5263; x_wconf 90' lang='lat' dir='ltr'><strong>qui</strong></span> <span class='ocrx_word' id='word_1_743' title='bbox 1780 5192 1965 5247; x_wconf 61' lang='lat' dir='ltr'><strong>Graec</strong></span> 
     </span>
    </p>
   </div>
   <div class='ocr_carea' id='block_1_99' title="bbox 386 5281 1966 5352">
    <p class='ocr_par' dir='ltr' id='par_1_99' title="bbox 386 5281 1966 5352">
     <span class='ocr_line' id='line_1_99' title="bbox 386 5281 1966 5352; baseline -0.003 -11"><span class='ocrx_word' id='word_1_744' title='bbox 386 5288 582 5342; x_wconf 89' lang='lat' dir='ltr'><strong>dicitur</strong></span> <span class='ocrx_word' id='word_1_745' title='bbox 605 5285 797 5347; x_wconf 76' lang='grc' dir='ltr'><strong>ἔκδικος</strong></span> <span class='ocrx_word' id='word_1_746' title='bbox 820 5287 1002 5340; x_wconf 82' lang='lat' dir='ltr'><strong>Latine</strong></span> <span class='ocrx_word' id='word_1_747' title='bbox 1032 5295 1114 5339; x_wconf 90' lang='lat' dir='ltr'><strong>est</strong></span> <span class='ocrx_word' id='word_1_748' title='bbox 1140 5286 1411 5352; x_wconf 72' lang='lat' dir='ltr'><strong>defensor;</strong></span> <span class='ocrx_word' id='word_1_749' title='bbox 1439 5296 1493 5340; x_wconf 85' lang='lat' dir='ltr'><strong>et</strong></span> <span class='ocrx_word' id='word_1_750' title='bbox 1518 5299 1638 5340; x_wconf 83' lang='lat' dir='ltr'><strong>ean.</strong></span> <span class='ocrx_word' id='word_1_751' title='bbox 1669 5282 1724 5351; x_wconf 83' lang='lat'><strong>2,</strong></span> <span class='ocrx_word' id='word_1_752' title='bbox 1755 5282 1846 5346; x_wconf 78' lang='lat'><strong>25,</strong></span> <span class='ocrx_word' id='word_1_753' title='bbox 1871 5281 1966 5337; x_wconf 86' lang='lat' dir='ltr'><strong>ha-</strong></span> 
     </span>
    </p>
   </div>
   <div class='ocr_carea' id='block_1_100' title="bbox 388 5374 1963 5443">
    <p class='ocr_par' dir='ltr' id='par_1_100' title="bbox 388 5374 1963 5443">
     <span class='ocr_line' id='line_1_100' title="bbox 388 5374 1963 5443; baseline -0.004 -11"><span class='ocrx_word' id='word_1_754' title='bbox 388 5376 485 5432; x_wconf 83' lang='lat' dir='ltr'><strong>bes</strong></span> <span class='ocrx_word' id='word_1_755' title='bbox 500 5375 705 5432; x_wconf 70' lang='grc' dir='ltr'><strong>ἔκδικον</strong></span> <span class='ocrx_word' id='word_1_756' title='bbox 733 5377 1046 5443; x_wconf 73' lang='lat' dir='ltr'><strong>defensorem</strong></span> <span class='ocrx_word' id='word_1_757' title='bbox 1070 5377 1313 5431; x_wconf 75' lang='lat' dir='ltr'><strong>ecclesia:</strong></span> <span class='ocrx_word' id='word_1_758' title='bbox 1339 5374 1963 5443; x_wconf 67' lang='lat' dir='ltr'><strong>Constantinopolitanae.</strong></span> 
     </span>
    </p>
   </div>
   <div class='ocr_carea' id='block_1_101' title="bbox 380 5464 2245 5529">
    <p class='ocr_par' dir='ltr' id='par_1_101' title="bbox 380 5464 2245 5529">
     <span class='ocr_line' id='line_1_101' title="bbox 380 5464 2245 5529; baseline -0.007 -7"><span class='ocrx_word' id='word_1_759' title='bbox 380 5465 449 5522; x_wconf 65' lang='lat' dir='ltr'><strong>1n</strong></span> <span class='ocrx_word' id='word_1_760' title='bbox 479 5468 671 5522; x_wconf 81' lang='lat' dir='ltr'><strong>Codice</strong></span> <span class='ocrx_word' id='word_1_761' title='bbox 699 5476 961 5521; x_wconf 81' lang='lat' dir='ltr'><strong>canonum</strong></span> <span class='ocrx_word' id='word_1_762' title='bbox 989 5467 1231 5522; x_wconf 85' lang='lat' dir='ltr'><strong>ecclesiae</strong></span> <span class='ocrx_word' id='word_1_763' title='bbox 1260 5467 1545 5529; x_wconf 70' lang='lat' dir='ltr'><strong>Africanae,</strong></span> <span class='ocrx_word' id='word_1_764' title='bbox 1568 5480 1689 5520; x_wconf 83' lang='lat' dir='ltr'><strong>can.</strong></span> <span class='ocrx_word' id='word_1_765' title='bbox 1724 5465 1847 5528; x_wconf 85' lang='grc'><strong>117,</strong></span> <span class='ocrx_word' id='word_1_766' title='bbox 1872 5464 1967 5517; x_wconf 87' lang='lat' dir='ltr'><strong>ha-</strong></span> <span class='ocrx_word' id='word_1_767' title='bbox 2077 5464 2207 5529; x_wconf 71' lang='lat'><strong>‘_‘&quot;&quot;&#39;</strong></span> <span class='ocrx_word' id='word_1_768' title='bbox 2234 5464 2245 5528; x_wconf 66' lang='grc' dir='ltr'><strong>ξ</strong></span> 
     </span>
    </p>
   </div>
   <div class='ocr_carea' id='block_1_102' title="bbox 394 5518 1939 5629">
    <p class='ocr_par' dir='ltr' id='par_1_102' title="bbox 394 5554 1939 5629">
     <span class='ocr_line' id='line_1_102' title="bbox 394 5554 1939 5629; baseline -0.003 -19"><span class='ocrx_word' id='word_1_769' title='bbox 394 5556 738 5618; x_wconf 65' lang='grc' dir='ltr'><strong>ὺεεῒκδίκους</strong></span> <span class='ocrx_word' id='word_1_770' title='bbox 766 5559 1149 5629; x_wconf 78' lang='grc' dir='ltr'><strong>σχολαστικούς</strong></span> <span class='ocrx_word' id='word_1_771' title='bbox 1170 5598 1183 5620; x_wconf 85' lang='grc'><em>,</em></span> <span class='ocrx_word' id='word_1_772' title='bbox 1214 5556 1510 5625; x_wconf 75' lang='lat' dir='ltr'><strong>defensores</strong></span> <span class='ocrx_word' id='word_1_773' title='bbox 1536 5555 1883 5621; x_wconf 70' lang='lat' dir='ltr'><strong>scholasticos,</strong></span> <span class='ocrx_word' id='word_1_774' title='bbox 1914 5554 1939 5606; x_wconf 82' lang='grc'><strong>11</strong></span> 
     </span>
    </p>
   </div>
   <div class='ocr_carea' id='block_1_103' title="bbox 2052 5518 2521 5629">
    <p class='ocr_par' dir='ltr' id='par_1_103' title="bbox 2071 5518 2521 5589">
     <span class='ocr_line' id='line_1_103' title="bbox 2071 5518 2521 5589; baseline -0.013 -12"><span class='ocrx_word' id='word_1_775' title='bbox 2071 5522 2139 5577; x_wconf 88' lang='lat' dir='ltr'><strong>de</strong></span> <span class='ocrx_word' id='word_1_776' title='bbox 2163 5518 2351 5589; x_wconf 89' lang='lat' dir='ltr'><strong>quibus</strong></span> <span class='ocrx_word' id='word_1_777' title='bbox 2384 5523 2521 5586; x_wconf 87' lang='lat' dir='ltr'><strong>post.</strong></span> 
     </span>
    </p>
   </div>
   <div class='ocr_carea' id='block_1_104' title="bbox 392 5623 1939 5709">
    <p class='ocr_par' dir='ltr' id='par_1_104' title="bbox 392 5623 1939 5709">
     <span class='ocr_line' id='line_1_104' title="bbox 392 5623 1939 5709; baseline -0.004 -8"><span class='ocrx_word' id='word_1_778' title='bbox 392 5656 479 5701; x_wconf 81' lang='lat' dir='ltr'><strong>est</strong></span> <span class='ocrx_word' id='word_1_779' title='bbox 523 5623 846 5702; x_wconf 40' lang='lat' dir='ltr'><strong>advocatos:</strong></span> <span class='ocrx_word' id='word_1_780' title='bbox 868 5647 936 5703; x_wconf 89' lang='lat' dir='ltr'><strong>Ut</strong></span> <span class='ocrx_word' id='word_1_781' title='bbox 961 5648 1012 5701; x_wconf 90' lang='lat' dir='ltr'><strong>hi</strong></span> <span class='ocrx_word' id='word_1_782' title='bbox 1043 5655 1195 5702; x_wconf 88' lang='lat' dir='ltr'><strong>erant</strong></span> <span class='ocrx_word' id='word_1_783' title='bbox 1242 5623 1554 5702; x_wconf 81' lang='lat' dir='ltr'><strong>defensores</strong></span> <span class='ocrx_word' id='word_1_784' title='bbox 1596 5645 1865 5709; x_wconf 69' lang='lat' dir='ltr'><strong>ecclesiae,</strong></span> <span class='ocrx_word' id='word_1_785' title='bbox 1896 5645 1939 5698; x_wconf 63' lang='lat' dir='ltr'><strong>it;</strong></span> 
     </span>
    </p>
   </div>
   <div class='ocr_carea' id='block_1_105' title="bbox 2052 5623 3642 5709">
    <p class='ocr_par' dir='ltr' id='par_1_105' title="bbox 2145 5623 3642 5703">
     <span class='ocr_line' id='line_1_105' title="bbox 2145 5623 3642 5703; baseline -0.005 -16"><span class='ocrx_word' id='word_1_786' title='bbox 2145 5632 2460 5703; x_wconf 87' lang='lat' dir='ltr'><strong>Diptychum</strong></span> <span class='ocrx_word' id='word_1_787' title='bbox 2492 5630 2652 5701; x_wconf 78' lang='lat' dir='ltr'><strong>igitur</strong></span> <span class='ocrx_word' id='word_1_788' title='bbox 2694 5629 2781 5684; x_wconf 92' lang='lat' dir='ltr'><strong>hic</strong></span> <span class='ocrx_word' id='word_1_789' title='bbox 2819 5629 3027 5698; x_wconf 89' lang='lat' dir='ltr'><strong>capitur</strong></span> <span class='ocrx_word' id='word_1_790' title='bbox 3064 5641 3160 5695; x_wconf 93' lang='lat' dir='ltr'><strong>pro</strong></span> <span class='ocrx_word' id='word_1_791' title='bbox 3206 5624 3386 5680; x_wconf 85' lang='lat' dir='ltr'><strong>libello</strong></span> <span class='ocrx_word' id='word_1_792' title='bbox 3421 5623 3642 5679; x_wconf 81' lang='lat' dir='ltr'><strong>duarum</strong></span> 
     </span>
    </p>
   </div>
   <div class='ocr_carea' id='block_1_106' title="bbox 398 5714 1939 5807">
    <p class='ocr_par' dir='ltr' id='par_1_106' title="bbox 398 5736 1939 5807">
     <span class='ocr_line' id='line_1_106' title="bbox 398 5736 1939 5807; baseline -0.003 -12"><span class='ocrx_word' id='word_1_793' title='bbox 398 5740 484 5795; x_wconf 73' lang='lat' dir='ltr'><strong>alii</strong></span> <span class='ocrx_word' id='word_1_794' title='bbox 511 5748 667 5795; x_wconf 90' lang='lat' dir='ltr'><strong>erant</strong></span> <span class='ocrx_word' id='word_1_795' title='bbox 709 5738 1016 5793; x_wconf 84' lang='lat' dir='ltr'><strong>defensores</strong></span> <span class='ocrx_word' id='word_1_796' title='bbox 1056 5740 1108 5791; x_wconf 88' lang='lat' dir='ltr'><strong>in</strong></span> <span class='ocrx_word' id='word_1_797' title='bbox 1159 5738 1374 5807; x_wconf 87' lang='lat' dir='ltr'><strong>palatio.</strong></span> <span class='ocrx_word' id='word_1_798' title='bbox 1419 5738 1549 5795; x_wconf 88' lang='lat' dir='ltr'><strong>Vide</strong></span> <span class='ocrx_word' id='word_1_799' title='bbox 1579 5738 1859 5804; x_wconf 79' lang='lat' dir='ltr'><strong>Codicum,</strong></span> <span class='ocrx_word' id='word_1_800' title='bbox 1894 5736 1939 5791; x_wconf 68' lang='lat' dir='ltr'><strong>ll</strong></span> 
     </span>
    </p>
   </div>
   <div class='ocr_carea' id='block_1_107' title="bbox 2052 5714 3642 5807">
    <p class='ocr_par' dir='ltr' id='par_1_107' title="bbox 2069 5714 3642 5807">
     <span class='ocr_line' id='line_1_107' title="bbox 2069 5714 3642 5807; baseline -0.005 -29"><span class='ocrx_word' id='word_1_801' title='bbox 2069 5726 2352 5796; x_wconf 88' lang='lat' dir='ltr'><strong>plicarum,</strong></span> <span class='ocrx_word' id='word_1_802' title='bbox 2385 5738 2480 5778; x_wconf 88' lang='lat' dir='ltr'><strong>seu</strong></span> <span class='ocrx_word' id='word_1_803' title='bbox 2510 5722 2778 5789; x_wconf 83' lang='lat' dir='ltr'><strong>foliorum,</strong></span> <span class='ocrx_word' id='word_1_804' title='bbox 2802 5735 2896 5775; x_wconf 86' lang='lat' dir='ltr'><strong>seu</strong></span> <span class='ocrx_word' id='word_1_805' title='bbox 2944 5717 3281 5807; x_wconf 70' lang='lat' dir='ltr'><strong>paginarum,</strong></span> <span class='ocrx_word' id='word_1_806' title='bbox 3316 5714 3467 5807; x_wconf 62' lang='lat' dir='ltr'><strong>quasi</strong></span> <span class='ocrx_word' id='word_1_807' title='bbox 3497 5715 3642 5770; x_wconf 84' lang='lat' dir='ltr'><strong>dicas</strong></span> 
     </span>
    </p>
   </div>
   <div class='ocr_carea' id='block_1_108' title="bbox 398 5802 3518 5886">
    <p class='ocr_par' dir='ltr' id='par_1_108' title="bbox 398 5802 3518 5886">
     <span class='ocr_line' id='line_1_108' title="bbox 398 5802 3518 5886; baseline -0.007 -4"><span class='ocrx_word' id='word_1_808' title='bbox 398 5830 548 5884; x_wconf 77' lang='lat' dir='ltr'><strong>ofﬁc.</strong></span> <span class='ocrx_word' id='word_1_809' title='bbox 570 5826 715 5885; x_wconf 64' lang='lat' dir='ltr'><strong>aula</strong></span> <span class='ocrx_word' id='word_1_810' title='bbox 744 5802 1360 5886; x_wconf 69' lang='lat' dir='ltr'><strong>Constantinopolitantc.</strong></span> <span class='ocrx_word' id='word_1_811' title='bbox 1847 5802 1852 5804; x_wconf 34' lang='grc'>⁷</span> <span class='ocrx_word' id='word_1_812' title='bbox 2064 5813 2320 5880; x_wconf 75' lang='lat' dir='ltr'><strong>duplices.</strong></span> <span class='ocrx_word' id='word_1_813' title='bbox 2350 5811 2502 5870; x_wconf 87' lang='lat' dir='ltr'><strong>Unde</strong></span> <span class='ocrx_word' id='word_1_814' title='bbox 2526 5811 2730 5879; x_wconf 80' lang='lat' dir='ltr'><strong>Ovidio,</strong></span> <span class='ocrx_word' id='word_1_815' title='bbox 2760 5811 2851 5868; x_wconf 91' lang='lat' dir='ltr'><strong>lib.</strong></span> <span class='ocrx_word' id='word_1_816' title='bbox 2882 5825 2896 5864; x_wconf 92' lang='grc'><strong>1</strong></span> <span class='ocrx_word' id='word_1_817' title='bbox 2929 5813 3205 5872; x_wconf 80' lang='lat' dir='ltr'><strong>Amorum,</strong></span> <span class='ocrx_word' id='word_1_818' title='bbox 3234 5803 3371 5873; x_wconf 87' lang='lat' dir='ltr'><strong>eleg.</strong></span> <span class='ocrx_word' id='word_1_819' title='bbox 3398 5802 3464 5858; x_wconf 83' lang='lat' dir='ltr'><strong>l2</strong></span> <span class='ocrx_word' id='word_1_820' title='bbox 3501 5821 3518 5861; x_wconf 85' lang='lat'><strong>:</strong></span> 
     </span>
    </p>
   </div>
   <div class='ocr_carea' id='block_1_109' title="bbox 2065 4600 3638 4676">
    <p class='ocr_par' dir='ltr' id='par_1_109' title="bbox 2065 4600 3638 4676">
     <span class='ocr_line' id='line_1_109' title="bbox 2065 4600 3638 4676; baseline -0.004 -12"><span class='ocrx_word' id='word_1_821' title='bbox 2065 4607 2259 4672; x_wconf 75' lang='grc' dir='ltr'><strong>πτύξω,</strong></span> <span class='ocrx_word' id='word_1_822' title='bbox 2275 4609 2429 4671; x_wconf 61' lang='lat' dir='ltr'><strong>me,</strong></span> <span class='ocrx_word' id='word_1_823' title='bbox 2444 4610 2525 4661; x_wconf 81' lang='grc' dir='ltr'><strong>καὶ</strong></span> <span class='ocrx_word' id='word_1_824' title='bbox 2542 4610 2670 4676; x_wconf 85' lang='grc' dir='ltr'><strong>μετὰ</strong></span> <span class='ocrx_word' id='word_1_825' title='bbox 2691 4611 2782 4661; x_wconf 82' lang='grc' dir='ltr'><strong>τοῦ</strong></span> <span class='ocrx_word' id='word_1_826' title='bbox 2799 4604 2909 4670; x_wconf 81' lang='grc' dir='ltr'><strong>δύο,</strong></span> <span class='ocrx_word' id='word_1_827' title='bbox 2930 4603 3133 4668; x_wconf 81' lang='grc' dir='ltr'><strong>δίπτυξ,</strong></span> <span class='ocrx_word' id='word_1_828' title='bbox 3157 4600 3414 4673; x_wconf 79' lang='grc' dir='ltr'><strong>δίπτυχος</strong></span> <span class='ocrx_word' id='word_1_829' title='bbox 3429 4603 3638 4657; x_wconf 74' lang='grc' dir='ltr'><strong>κλίνεται</strong></span> 
     </span>
    </p>
   </div>
   <div class='ocr_carea' id='block_1_110' title="bbox 2063 4692 3639 4771">
    <p class='ocr_par' dir='ltr' id='par_1_110' title="bbox 2063 4692 3639 4771">
     <span class='ocr_line' id='line_1_110' title="bbox 2063 4692 3639 4771; baseline -0.004 -17"><span class='ocrx_word' id='word_1_830' title='bbox 2063 4704 2150 4754; x_wconf 79' lang='grc' dir='ltr'><strong>καὶ</strong></span> <span class='ocrx_word' id='word_1_831' title='bbox 2171 4700 2442 4771; x_wconf 69' lang='grc' dir='ltr'>μετάγεται</span> <span class='ocrx_word' id='word_1_832' title='bbox 2472 4701 2542 4760; x_wconf 81' lang='grc' dir='ltr'><strong>εἰς</strong></span> <span class='ocrx_word' id='word_1_833' title='bbox 2568 4700 2775 4752; x_wconf 63' lang='grc' dir='ltr'><strong>εὐθεῖαν·</strong></span> <span class='ocrx_word' id='word_1_834' title='bbox 2800 4700 2882 4751; x_wconf 82' lang='grc' dir='ltr'><strong>καὶ</strong></span> <span class='ocrx_word' id='word_1_835' title='bbox 2905 4697 2961 4751; x_wconf 84' lang='grc' dir='ltr'>τὸ</span> <span class='ocrx_word' id='word_1_836' title='bbox 2983 4694 3259 4767; x_wconf 79' lang='grc' dir='ltr'><strong>οὐδέτερον,</strong></span> <span class='ocrx_word' id='word_1_837' title='bbox 3277 4694 3336 4748; x_wconf 85' lang='grc' dir='ltr'>τὸ</span> <span class='ocrx_word' id='word_1_838' title='bbox 3359 4692 3639 4764; x_wconf 76' lang='grc' dir='ltr'><strong>δίπτυχον.</strong></span> 
     </span>
    </p>
   </div>
   <div class='ocr_carea' id='block_1_111' title="bbox 2066 4781 3640 4860">
    <p class='ocr_par' dir='ltr' id='par_1_111' title="bbox 2066 4781 3640 4860">
     <span class='ocr_line' id='line_1_111' title="bbox 2066 4781 3640 4860; baseline -0.005 -16"><span class='ocrx_word' id='word_1_839' title='bbox 2066 4792 2307 4860; x_wconf 82' lang='grc' dir='ltr'><strong>Δὶπτνχα</strong></span> <span class='ocrx_word' id='word_1_840' title='bbox 2327 4794 2647 4853; x_wconf 78' lang='grc' dir='ltr'><strong>ποιήσαντες,</strong></span> <span class='ocrx_word' id='word_1_841' title='bbox 2670 4785 3011 4847; x_wconf 72' lang='grc' dir='ltr'><strong>διπλὼσαντες</strong></span> <span class='ocrx_word' id='word_1_842' title='bbox 3037 4790 3126 4842; x_wconf 77' lang='grc' dir='ltr'>τήν</span> <span class='ocrx_word' id='word_1_843' title='bbox 3153 4785 3348 4837; x_wconf 79' lang='grc' dir='ltr'><strong>κνίσαν·</strong></span> <span class='ocrx_word' id='word_1_844' title='bbox 3381 4789 3467 4837; x_wconf 82' lang='grc' dir='ltr'><strong>νῦν</strong></span> <span class='ocrx_word' id='word_1_845' title='bbox 3489 4781 3541 4837; x_wconf 86' lang='grc' dir='ltr'><em>δέ</em></span> <span class='ocrx_word' id='word_1_846' title='bbox 3562 4784 3640 4836; x_wconf 81' lang='grc' dir='ltr'><strong>λέ-</strong></span> 
     </span>
    </p>
   </div>
   <div class='ocr_carea' id='block_1_112' title="bbox 2064 4874 3640 4955">
    <p class='ocr_par' dir='ltr' id='par_1_112' title="bbox 2064 4874 3640 4955">
     <span class='ocr_line' id='line_1_112' title="bbox 2064 4874 3640 4955; baseline -0.006 -18"><span class='ocrx_word' id='word_1_847' title='bbox 2064 4903 2142 4955; x_wconf 71' lang='grc' dir='ltr'><strong>ιγιι</strong></span> <span class='ocrx_word' id='word_1_848' title='bbox 2179 4888 2267 4942; x_wconf 74' lang='grc' dir='ltr'><strong>τήν</strong></span> <span class='ocrx_word' id='word_1_849' title='bbox 2291 4882 2568 4936; x_wconf 76' lang='grc' dir='ltr'><strong>ἐπίπλουντ</strong></span> <span class='ocrx_word' id='word_1_850' title='bbox 2602 4900 2619 4930; x_wconf 72' lang='grc'><strong>1</strong></span> <span class='ocrx_word' id='word_1_851' title='bbox 2662 4877 2937 4947; x_wconf 77' lang='lat' dir='ltr'><strong>Diptycha,</strong></span> <span class='ocrx_word' id='word_1_852' title='bbox 2971 4888 3164 4928; x_wconf 90' lang='lat' dir='ltr'><strong>nomen</strong></span> <span class='ocrx_word' id='word_1_853' title='bbox 3194 4882 3465 4928; x_wconf 91' lang='lat' dir='ltr'><strong>neutrum.</strong></span> <span class='ocrx_word' id='word_1_854' title='bbox 3495 4874 3580 4928; x_wconf 91' lang='lat' dir='ltr'><strong>Fit</strong></span> <span class='ocrx_word' id='word_1_855' title='bbox 3611 4889 3640 4927; x_wconf 86' lang='lat' dir='ltr'><strong>a</strong></span> 
     </span>
    </p>
   </div>
   <div class='ocr_carea' id='block_1_113' title="bbox 2068 4963 3640 5038">
    <p class='ocr_par' dir='ltr' id='par_1_113' title="bbox 2068 4963 3640 5038">
     <span class='ocr_line' id='line_1_113' title="bbox 2068 4963 3640 5038; baseline -0.006 -11"><span class='ocrx_word' id='word_1_856' title='bbox 2068 4974 2359 5027; x_wconf 88' lang='lat' dir='ltr'><strong>tnasculino</strong></span> <span class='ocrx_word' id='word_1_857' title='bbox 2384 4971 2566 5034; x_wconf 81' lang='grc' dir='ltr'>δίπτυξ</span> <span class='ocrx_word' id='word_1_858' title='bbox 2592 4970 2731 5038; x_wconf 87' lang='lat' dir='ltr'><strong>quod</strong></span> <span class='ocrx_word' id='word_1_859' title='bbox 2757 4969 2815 5020; x_wconf 85' lang='lat' dir='ltr'><strong>fit</strong></span> <span class='ocrx_word' id='word_1_860' title='bbox 2841 4982 2869 5019; x_wconf 90' lang='lat' dir='ltr'><strong>a</strong></span> <span class='ocrx_word' id='word_1_861' title='bbox 2896 4966 3061 5019; x_wconf 86' lang='lat' dir='ltr'><strong>verbo</strong></span> <span class='ocrx_word' id='word_1_862' title='bbox 3088 4965 3328 5031; x_wconf 81' lang='grc' dir='ltr'><strong>πτύσσω,</strong></span> <span class='ocrx_word' id='word_1_863' title='bbox 3350 4964 3513 5035; x_wconf 91' lang='lat' dir='ltr'><strong>plico.</strong></span> <span class='ocrx_word' id='word_1_864' title='bbox 3539 4963 3640 5018; x_wconf 83' lang='lat' dir='ltr'><strong>Fu-</strong></span> 
     </span>
    </p>
   </div>
   <div class='ocr_carea' id='block_1_114' title="bbox 2067 5053 3639 5126">
    <p class='ocr_par' dir='ltr' id='par_1_114' title="bbox 2067 5053 3639 5126">
     <span class='ocr_line' id='line_1_114' title="bbox 2067 5053 3639 5126; baseline -0.004 -12"><span class='ocrx_word' id='word_1_865' title='bbox 2067 5073 2185 5117; x_wconf 88' lang='lat' dir='ltr'><strong>turo</strong></span> <span class='ocrx_word' id='word_1_866' title='bbox 2213 5064 2410 5126; x_wconf 80' lang='grc' dir='ltr'><strong>πτύξω,</strong></span> <span class='ocrx_word' id='word_1_867' title='bbox 2445 5060 2584 5114; x_wconf 88' lang='lat' dir='ltr'><strong>unde</strong></span> <span class='ocrx_word' id='word_1_868' title='bbox 2614 5060 2747 5122; x_wconf 80' lang='grc' dir='ltr'><strong>πτὺξ</strong></span> <span class='ocrx_word' id='word_1_869' title='bbox 2773 5056 2930 5126; x_wconf 86' lang='lat' dir='ltr'><strong>plica,</strong></span> <span class='ocrx_word' id='word_1_870' title='bbox 2952 5063 3009 5109; x_wconf 90' lang='lat' dir='ltr'><strong>et</strong></span> <span class='ocrx_word' id='word_1_871' title='bbox 3034 5069 3156 5109; x_wconf 92' lang='lat' dir='ltr'><strong>cum</strong></span> <span class='ocrx_word' id='word_1_872' title='bbox 3184 5053 3279 5110; x_wconf 80' lang='grc' dir='ltr'><strong>δύο</strong></span> <span class='ocrx_word' id='word_1_873' title='bbox 3302 5056 3408 5108; x_wconf 89' lang='lat' dir='ltr'><strong>duo</strong></span> <span class='ocrx_word' id='word_1_874' title='bbox 3434 5053 3639 5119; x_wconf 83' lang='grc' dir='ltr'><strong>δίπτυξ,</strong></span> 
     </span>
    </p>
   </div>
   <div class='ocr_carea' id='block_1_115' title="bbox 2066 5147 3641 5225">
    <p class='ocr_par' dir='ltr' id='par_1_115' title="bbox 2066 5147 3641 5225">
     <span class='ocr_line' id='line_1_115' title="bbox 2066 5147 3641 5225; baseline -0.004 -15"><span class='ocrx_word' id='word_1_875' title='bbox 2066 5152 2323 5225; x_wconf 73' lang='grc' dir='ltr'><strong>δίπτυχος</strong></span> <span class='ocrx_word' id='word_1_876' title='bbox 2347 5153 2593 5214; x_wconf 81' lang='lat' dir='ltr'><strong>flectitur,</strong></span> <span class='ocrx_word' id='word_1_877' title='bbox 2620 5160 2671 5205; x_wconf 91' lang='lat' dir='ltr'><strong>et</strong></span> <span class='ocrx_word' id='word_1_878' title='bbox 2709 5148 3000 5203; x_wconf 87' lang='lat' dir='ltr'><strong>traducitur</strong></span> <span class='ocrx_word' id='word_1_879' title='bbox 3028 5147 3094 5200; x_wconf 90' lang='lat' dir='ltr'><strong>ad</strong></span> <span class='ocrx_word' id='word_1_880' title='bbox 3118 5157 3319 5202; x_wconf 90' lang='lat' dir='ltr'><strong>rectum</strong></span> <span class='ocrx_word' id='word_1_881' title='bbox 3343 5163 3548 5202; x_wconf 88' lang='lat' dir='ltr'><strong>casum.</strong></span> <span class='ocrx_word' id='word_1_882' title='bbox 3577 5148 3641 5204; x_wconf 86' lang='lat' dir='ltr'><strong>Et</strong></span> 
     </span>
    </p>
   </div>
   <div class='ocr_carea' id='block_1_116' title="bbox 2067 5238 3643 5313">
    <p class='ocr_par' dir='ltr' id='par_1_116' title="bbox 2067 5238 3643 5313">
     <span class='ocr_line' id='line_1_116' title="bbox 2067 5238 3643 5313; baseline -0.006 -13"><span class='ocrx_word' id='word_1_883' title='bbox 2067 5257 2312 5301; x_wconf 87' lang='lat' dir='ltr'><strong>neutrum</strong></span> <span class='ocrx_word' id='word_1_884' title='bbox 2362 5243 2691 5313; x_wconf 84' lang='lat' dir='ltr'><strong>diptyehum.</strong></span> <span class='ocrx_word' id='word_1_885' title='bbox 2743 5239 3001 5308; x_wconf 83' lang='lat' dir='ltr'><strong>Diptycha</strong></span> <span class='ocrx_word' id='word_1_886' title='bbox 3034 5238 3320 5303; x_wconf 87' lang='lat' dir='ltr'><strong>facientes,</strong></span> <span class='ocrx_word' id='word_1_887' title='bbox 3353 5238 3406 5292; x_wconf 92' lang='lat' dir='ltr'><strong>id</strong></span> <span class='ocrx_word' id='word_1_888' title='bbox 3437 5249 3518 5294; x_wconf 85' lang='lat' dir='ltr'><strong>est</strong></span> <span class='ocrx_word' id='word_1_889' title='bbox 3546 5238 3643 5292; x_wconf 80' lang='lat' dir='ltr'><strong>du-</strong></span> 
     </span>
    </p>
   </div>
   <div class='ocr_carea' id='block_1_117' title="bbox 2066 5328 3642 5408">
    <p class='ocr_par' dir='ltr' id='par_1_117' title="bbox 2066 5328 3642 5408">
     <span class='ocr_line' id='line_1_117' title="bbox 2066 5328 3642 5408; baseline -0.006 -18"><span class='ocrx_word' id='word_1_890' title='bbox 2066 5337 2323 5408; x_wconf 90' lang='lat' dir='ltr'><strong>plicantes</strong></span> <span class='ocrx_word' id='word_1_891' title='bbox 2350 5333 2605 5397; x_wconf 87' lang='lat' dir='ltr'><strong>arvinam,</strong></span> <span class='ocrx_word' id='word_1_892' title='bbox 2639 5345 2781 5383; x_wconf 89' lang='lat' dir='ltr'><strong>nunc</strong></span> <span class='ocrx_word' id='word_1_893' title='bbox 2809 5337 2984 5383; x_wconf 88' lang='lat' dir='ltr'><strong>autem</strong></span> <span class='ocrx_word' id='word_1_894' title='bbox 3006 5328 3133 5383; x_wconf 89' lang='lat' dir='ltr'><strong>dicit</strong></span> <span class='ocrx_word' id='word_1_895' title='bbox 3164 5330 3423 5394; x_wconf 83' lang='grc' dir='ltr'><strong>ἐπίπλουν,</strong></span> <span class='ocrx_word' id='word_1_896' title='bbox 3455 5343 3642 5383; x_wconf 87' lang='lat' dir='ltr'><strong>omen-</strong></span> 
     </span>
    </p>
   </div>
   <div class='ocr_carea' id='block_1_118' title="bbox 2075 5420 3641 5494">
    <p class='ocr_par' dir='ltr' id='par_1_118' title="bbox 2075 5420 3641 5494">
     <span class='ocr_line' id='line_1_118' title="bbox 2075 5420 3641 5494; baseline -0.008 -10"><span class='ocrx_word' id='word_1_897' title='bbox 2075 5439 2207 5484; x_wconf 90' lang='lat' dir='ltr'><strong>tum.</strong></span> <span class='ocrx_word' id='word_1_898' title='bbox 2234 5446 2252 5479; x_wconf 86' lang='grc'><strong>1</strong></span> <span class='ocrx_word' id='word_1_899' title='bbox 2287 5426 2489 5481; x_wconf 83' lang='lat' dir='ltr'><strong>Alludit</strong></span> <span class='ocrx_word' id='word_1_900' title='bbox 2524 5424 2610 5478; x_wconf 92' lang='lat' dir='ltr'><strong>hic</strong></span> <span class='ocrx_word' id='word_1_901' title='bbox 2638 5422 3062 5494; x_wconf 48' lang='lat' dir='ltr'><strong>,etymologicum</strong></span> <span class='ocrx_word' id='word_1_902' title='bbox 3092 5422 3157 5476; x_wconf 92' lang='lat' dir='ltr'><strong>ad</strong></span> <span class='ocrx_word' id='word_1_903' title='bbox 3188 5435 3374 5478; x_wconf 83' lang='lat' dir='ltr'><strong>versus</strong></span> <span class='ocrx_word' id='word_1_904' title='bbox 3404 5420 3641 5486; x_wconf 89' lang='lat' dir='ltr'><strong>Homeri,</strong></span> 
     </span>
    </p>
   </div>
  </div>
