4014 6368
364 386 485 442 ιὲδί

514 501 642 561 Ergo
669 512 764 561 ego
786 511 870 547 vos
890 497 1043 547 rebus
1061 495 1283 555 duplices
1306 509 1393 557 pro
1416 497 1611 561 nom3ne
1634 508 1783 553 senet,

574 560 785 625 Auspicii
814 572 1050 609 numerus
1074 572 1167 607 non
1194 566 1303 608 erat
1324 561 1429 620 ipse
1456 560 1586 607 boui.

398 671 540 737 Quas
567 668 797 723 Joannes
819 663 1182 729 Wonvverius,
1215 663 1280 717 ad
1319 664 1408 717 lib.
1437 678 1452 715 ι
1481 661 1700 721 Sidonii.
1727 661 1886 731 epist.
1920 660 1972 725 5,

366 750 369 753 Α
398 780 502 819 non
535 763 633 816 rite
663 761 824 814 refert
851 759 915 811 ad
938 757 1211 812 combinas
1233 770 1326 809 seu
1346 754 1634 825 diplomata
1668 753 1834 824 impp.

469 854 556 909 Sic
582 851 825 915 Martiali,
848 851 884 902 1.
905 864 996 911 vn,
1019 848 1186 916 epigr.
1211 846 1300 911 5‘2,
1324 846 1569 915 triplices,
1589 859 1682 897 seu
1705 848 1978 914 τρὶπτυχα

398 962 425 999 a
453 946 622 999 tribus
651 942 823 997 foliis:
1021 998 1031 1007 ,

531 1034 610 1082 Bis
640 1045 787 1082 senos
811 1029 1050 1093 triplices,
1077 1035 1128 1077 et
1152 1026 1469 1089 dentiscalpia
1493 1032 1702 1087 septem.

413 1120 476 1172 Et
501 1118 687 1170 eodem
717 1115 871 1176 libro,
900 1114 1068 1181 epigr.
1097 1111 1159 1164 Ἠ
1187 1128 1199 1162 :

526 1208 629 1256 Nec
656 1207 762 1255 vani
789 1202 1026 1265 tziplices,
1053 1202 1331 1264 brevesque
1352 1214 1555 1264 mappa.

410 1294 575 1354 idem,
607 1292 697 1345 lib.
724 1305 832 1352 xlv,
857 1288 1022 1357 cpigr.
1054 1287 1124 1341 6:

558 1406 695 1455 Tunc
719 1402 936 1464 triplices
960 1406 1148 1450 nostros
1172 1414 1266 1448 non
1293 1399 1401 1447 vilia
1427 1401 1561 1464 dona
1578 1416 1594 1464 5
1611 1399 1788 1459 utahis,

622 1465 737 1515 Cum
763 1461 818 1513 se
843 1472 1095 1513 venturam
1120 1464 1302 1511 scribet
1325 1464 1475 1510 amica
1514 1461 1597 1509 tibi

406 1573 494 1626 Sic
523 1569 659 1639 apud
689 1567 934 1623 eumdem
970 1563 1281 1625 Martialem,
1311 1564 1404 1616 lib.
1438 1577 1543 1628 xiv,
1578 1575 1661 1629 ep.
1696 1560 1750 1626 4,
1779 1562 1986 1629 quinm-

409 1663 563 1732 plires
582 1703 597 1727 ,
629 1676 720 1715 seu
750 1659 1097 1727 πεντάπλυχα
1129 1655 1330 1708 habes:

562 1776 707 1824 Rede
727 1775 1044 1837 iuvencorum
1071 1771 1248 1837 domini
1274 1767 1540 1837 ealet_area
1566 1766 1707 1825 felix,

625 1829 923 1898 Quintuplici
946 1846 1058 1885 cera
1081 1846 1187 1881 cum
1207 1834 1348 1880 datur
1371 1829 1499 1879 altus
1520 1830 1687 1878 honor.

484 1945 686 2011 Duplex
719 1948 895 1993 autem
922 1936 1017 1989 fuit
1058 1935 1431 2006 diptychorunt
1465 1945 1611 1997 usus,
1649 1927 1901 1999 profanus
1932 1937 1983 1981 et

412 2049 583 2088 sacer.
618 2030 833 2085 Profaui
880 2029 1079 2082 mentio
1105 2026 1244 2092 apud
1276 2033 1506 2083 veteres,
1540 2023 1627 2090 qui
1657 2035 1720 2075 ea
1750 2020 1985 2074 muneris

410 2126 531 2179 loco
556 2137 700 2192 smpe
729 2120 1042 2182 mittebant,
1076 2117 1303 2170 maxime
1334 2115 1384 2167 in
1416 2112 1650 2167 editione
1680 2125 1982 2164 munerum.

380 2232 385 2237 ‘
412 2214 788 2287 Symmachus,
822 2211 875 2263 in
905 2208 1158 2263 Anctario
1180 2205 1545 2274 epistularum.
1563 2203 1720 2271 epist.
1748 2202 1803 2265 7,
1826 2215 1983 2268 quain

407 2307 662 2362 fratribus
694 2302 883 2358 scribit
909 2316 922 2354 :
956 2318 974 2351 ι
1006 2298 1328 2367 Religiosum
1352 2306 1512 2365 atque
1539 2293 1779 2347 votivum
1804 2300 1905 2353 est,
1929 2301 1987 2344 ut

396 2413 441 2451 -a
465 2394 839 2464 Qumstdribtts
865 2389 1162 2444 candidatis
1200 2388 1335 2439 dona
1381 2387 1641 2440 solemnia
1695 2380 1987 2452 potissimis

370 2504 377 2511 '
409 2499 569 2558 atque
595 2484 932 2539 amicissimis
960 2479 1271 2534 oli'erantttr.
1297 2476 1353 2529 ln
1382 2491 1447 2530 eo
1472 2490 1697 2529 numero
1718 2474 1842 2543 jure
1863 2487 1987 2528 cen-

371 2597 383 2607 ι
409 2577 621 2632 semini.
651 2574 830 2630 Oli'ero
860 2575 1016 2643 igitur
1048 2572 1200 2625 vobis
1243 2570 1538 2624 eburneum
1567 2566 1904 2637 diptyclium,
1932 2574 1990 2619 et

420 2670 755 2726 canistellnm
774 2674 1083 2735 argenteum
1114 2663 1366 2716 librarum
1398 2659 1625 2713 duarum
1652 2658 1742 2711 filii
1767 2658 1868 2711 mei
1902 2673 1990 2712 no-

368 2789 375 2795 -
413 2764 575 2829 mine,
597 2762 684 2830 qui
716 2759 1054 2832 quaestorium
1078 2771 1269 2810 munus
1292 2753 1555 2809 exhibuit.
1577 2770 1596 2803 ι
1624 2752 1788 2818 Idem,
1816 2751 1907 2803 lib.
1929 2767 1988 2814 ιι,

410 2855 572 2925 epist.
602 2852 693 2920 Il,
719 2853 783 2907 ad
816 2851 1152 2906 Flavianum:
1177 2866 1196 2900 ι
1231 2846 1394 2901 Filius
1423 2855 1607 2899 noster
1637 2844 1991 2913 Symmachus

367 2976 373 2981 -
416 2957 633 3019 peracto
662 2959 882 3000 munere
904 2940 1363 3005 candidati,ollert
1392 2938 1483 2991 tibi
1511 2937 1651 2991 dona
1682 2937 1989 3006 quzestoria,

411 3052 467 3097 et
495 3049 718 3096 crateras
748 3038 1094 3092 necessitates
1126 3040 1333 3086 nostras
1376 3029 1487 3099 pali
1532 3028 1735 3082 honore
1772 3027 1992 3096 partici-

362 3133 759 3205 -:pat..Qu:cso
795 3131 956 3201 igitur
1001 3137 1056 3179 ut
1083 3125 1201 3195 ejus
1247 3123 1460 3177 nomine
1497 3120 1750 3191 diptycha
1782 3130 1835 3173 et
1861 3134 1992 3188 apo-

362 3262 367 3265 ~
420 3224 643 3293 phoreta
671 3224 944 3290 suscipere
973 3215 1286 3287 dignemini.
1309 3233 1328 3266 ι
1348 3214 1512 3280 ldem,
1538 3212 1629 3266 Ini.
1652 3211 1877 3280 v,epist.
1903 3209 1991 3275 56,

394 3316 480 3370 ’ad
512 3315 855 3369 Sallustium:
880 3329 896 3361 ι
930 3311 1008 3365 Ad
1044 3320 1095 3362 te
1123 3306 1432 3375 diptychum
1463 3304 1750 3369 Candidati,
1781 3312 1837 3358 et
1865 3318 1992 3371 apo.

415 3406 749 3476 phoreticum
785 3401 1038 3455 librarum
1082 3399 1284 3469 argenti
1316 3398 1537 3451 duarum
1587 3412 1680 3466 per
1722 3396 1991 3450 hominem

412 3507 560 3551 tuum
592 3494 856 3559 misimus,
884 3489 1180 3559 approbare
1211 3487 1486 3556 cupientes
1529 3486 1753 3541 editioni
1797 3497 1992 3541 nostra:

414 3602 468 3647 te
498 3590 674 3644 animo
726 3601 831 3640 non
887 3582 1141 3638 defuisse.
1165 3600 1182 3631 ι
1216 3580 1379 3643 Idem,
1413 3580 1503 3633 lib.
1538 3595 1610 3638 lx.
1648 3582 1806 3647 epiSt.
1841 3577 1942 3639 109
1972 3598 1983 3632 :

418 3701 439 3735 ‹
476 3681 600 3737 Non
619 3680 997 3749 aspernabere,
1027 3685 1083 3729 ut
1110 3674 1382 3739 existimo,
1408 3671 1646 3741 diptychi
1674 3682 1727 3725 et
1753 3671 1993 3741 ap0plio-

376 3775 567 3831 -.retici
599 3773 949 3829 oblationem.
978 3788 998 3823 ι

485 3866 651 3921 Erant
704 3864 954 3934 diptyclia
1002 3879 1119 3933 qua:
1174 3861 1410 3915 muneris
1460 3860 1576 3915 loco
1622 3858 1993 3927 mittebantur,

418 3958 529 4014 fere
555 3958 787 4011 eburnea
814 3974 825 4008 :
848 3957 984 4026 quod
1016 3957 1287 4025 epitheton
1319 3955 1417 4008 etsi
1452 3968 1556 4008 non
1598 3969 1809 4021 semper
1837 3952 1991 4007 addi-

419 4063 524 4115 tur,
558 4060 733 4103 tamen
762 4049 1260 4116 subintelligendum
1289 4048 1516 4101 videtur.
1550 4048 1637 4101 Sic
1664 4062 1797 4117 cape
1826 4046 1999 4116 dipty-

418 4144 577 4197 chum
628 4142 867 4195 absolute
901 4140 1129 4209 positum
1179 4138 1318 4209 apud
1361 4140 1771 4209 Symmachum,
1806 4138 1899 4191 lib.
1934 4153 1992 4205 ιι,

419 4235 575 4304 cpiSI.
619 4233 710 4287 8|.
748 4230 876 4284 Nam
920 4232 1138 4299 subdit,
1172 4233 1318 4298 quasi
1364 4230 1720 4294 explicanszt
1762 4229 1996 4283 Caeteros

378 4344 383 4351 ·
419 4337 629 4393 quaque
675 4322 874 4375 amicos
922 4320 1171 4374 eburneis
1222 4318 1566 4389 pugillaribus
1607 4328 1660 4374 et
1701 4318 1999 4373 can‘stellis

420 4412 695 4481 argenteis
722 4408 1003 4463 honorari.
1025 4428 1043 4460 ι
1446 4453 1463 4463 ,

480 4502 626 4557 ‘Cum
670 4501 855 4555 eadem
886 4499 1112 4569 principi
1142 4499 1489 4553 mittebantur
1511 4539 1525 4563 ,
1556 4500 1785 4553 inaurari
1819 4498 1994 4554 solita.

422 4592 796 4666 Symmachus,
826 4592 921 4645 lib.
951 4607 1011 4655 II,
1035 4594 1191 4659 epist.
1221 4592 1282 4645 8i
1313 4609 1324 4643 :
1356 4609 1374 4642 ι
1409 4591 1668 4645 Prazterea
1698 4591 1917 4646 domino
1946 4601 2001 4646 et

422 4685 644 4756 principi
677 4694 860 4738 nostro
886 4686 950 4736 ad
986 4682 1315 4737 referendam
1362 4682 1586 4753 largitati
1618 4683 1728 4751 ejus
1755 4685 1996 4738 sedulam

425 4778 592 4848 magis
614 4792 770 4845 quam
796 4790 975 4845 parem
998 4776 1243 4844 gratiam,
1263 4790 1394 4829 auro
1418 4776 1797 4829 circumdatum
1821 4778 2000 4847 dipty-

422 4871 583 4926 chum
613 4872 751 4925 misi.
776 4890 794 4923 ι

501 4964 826 5018 Prohibitum
878 4971 997 5032 post
1042 4978 1107 5016 ne
1155 4963 1329 5016 minor
1367 4963 1629 5017 consulari
1665 4967 2003 5035 magistratus

428 5053 676 5123 diptyclia
706 5069 770 5108 ex
788 5054 952 5108 ebore
981 5062 1031 5106 et
1063 5055 1323 5121 sportulas
1349 5068 1536 5107 aureas
1558 5053 1728 5107 daret.
1762 5054 1822 5108 L.
1850 5058 1900 5122 l,
1929 5057 2003 5113 De

430 5158 653 5211 experts.
687 5143 886 5208 ludor.,
914 5143 975 5198 C.
1005 5143 1234 5207 Tlieod.,
1269 5143 1335 5196 ita
1364 5143 1691 5198 constituunt
1714 5145 1875 5214 impp.
1906 5146 2007 5200 Va-

432 5232 779 5296 lentinianus,
811 5232 1167 5298 Theodosius,
1200 5241 1252 5286 et
1295 5234 1552 5288 Arcmlius
1582 5234 1781 5304 Angg.:
1814 5254 1833 5288 ι
1872 5235 2005 5292 lllnd

439 5322 604 5377 etiam
642 5324 1020 5377 constitutione
1067 5323 1379 5389 solidamus,
1408 5332 1484 5390 ut,
1514 5328 1751 5394 exceptis
1780 5329 2013 5382 consuli-

444 5413 546 5469 bus
574 5412 877 5477 ordinariis,
900 5413 1024 5466 nulli
1048 5428 1266 5481 prorsus
1283 5415 1435 5469 alteri
1456 5431 1666 5471 auream
1696 5421 2007 5484 sportulam,

437 5499 687 5570 diptycha
717 5515 779 5554 ex
822 5501 984 5554 ebore
1029 5500 1187 5554 dandi
1238 5500 1463 5567 facultas
1511 5505 1599 5567 sit,
1629 5519 1750 5559 cum
1802 5508 2010 5576 publica

434 5591 773 5647 celebrantur
801 5590 997 5646 officia.
1029 5591 1109 5647 Sit
1136 5594 1388 5662 sportulis
1416 5610 1660 5651 nummus
1690 5608 2002 5667 argenteus,

434 5684 537 5739 alia
562 5684 787 5739 materia
818 5682 1104 5755 diptychis.
1133 5702 1151 5737 ι
1178 5684 1334 5741 Unde
1359 5684 1704 5754 Claudianus,
1735 5690 1829 5747 lib.
1854 5707 1915 5746 ιιι
1941 5694 2009 5751 de

435 5777 594 5833 laude
623 5777 898 5835 Stiliconis
925 5777 1190 5845 consulis,
1217 5778 1295 5845 ab,
1323 5794 1389 5836 eo
1422 5794 1634 5854 sparsas
1664 5784 1715 5840 in
1758 5788 2007 5858 populum

437 5868 665 5926 choreas
696 5870 913 5927 tabellas
940 5869 1117 5925 cauit:
1468 5886 1475 5891 ’

1091 379 1567 438 ONOMASTICON
1609 378 1849 437 RERUM
1888 376 1977 432 ET
2026 375 2393 432 VERBOBUM
2437 360 2963 431 DIFFICILIORUM.

2000 496 2053 556 Α

3565 368 3672 427 Ινδὶ

2200 488 2325 539 Tum
2349 487 2529 535 virides
2566 486 2755 549 pardos,
2781 493 2832 535 et
2856 490 3036 533 cmtera
3067 481 3254 544 colligit
3274 482 3440 533 Austri

2258 551 2417 622 025
2453 560 2699 622 Prodigia,
2721 560 3055 622 immanesque
3079 557 3219 622 simul
3243 554 3443 603 Latonia
3466 555 3670 619 dentes,

2250 620 2296 669 ui
2316 620 2444 669 ζεοιὶ
2469 620 2596 668 ferro
2621 622 2669 667 in
2694 620 2899 677 tabulas,
2920 630 3137 679 auroque
3161 620 3416 678 mirantes,

2206 684 2426 745 Inscripti
2453 683 2650 730 rutilum
2675 682 2846 745 uelato
2866 680 3067 745 consule
3088 692 3267 727 nomen

2208 745 2303 792 Per
2329 739 2557 805 p'roeeres
2579 754 2628 792 et
2657 744 2831 805 vulgus
2854 748 2989 789 eunt.
3025 742 3204 805 Stupor
3228 741 3453 789 omnibus
3476 739 3614 789 ludis

2207 800 2476 916 gerimus,
2507 807 2693 867 ereptis
2716 800 2921 866 elephas
2944 800 3181 862 inglorius
3207 808 3339 850 errat

2254 877 2356 916 enti
2378 881 2472 916 ius.

2254 869 2472 919 cutibus.

2152 948 2260 1004 Cur
2285 950 2541 1019 diptycha
2569 964 2662 1002 seu
2693 947 2976 1017 pugillares
3005 945 3197 999 tabula:
3218 961 3267 998 in
3292 945 3529 999 editione
3554 959 3673 997 ma-

2083 1054 2269 1094 ncruni
2298 1041 2443 1094 dono
2473 1042 2632 1094 missa
2665 1040 2892 1102 fuerint,
2916 1038 3163 1108 equidem
3196 1039 3406 1092 nescio.
3440 1037 3675 1091 Ludovi-

2083 1147 2175 1186 cus
2203 1132 2423 1188 Carrion
2444 1173 2458 1193 ,
2491 1134 2585 1189 lib.
2620 1148 2655 1186 ιι
2689 1132 2997 1194 Emendat.,
3022 1145 3142 1198 cap.
3171 1128 3227 1197 6,
3261 1146 3440 1198 supra,
3480 1129 3676 1184 exisLi-

2084 1230 2197 1276 mat
2231 1239 2293 1277 ea
2322 1242 2351 1276 a
2383 1223 2735 1293 qumtoribus
2765 1221 3061 1276 candidatis
3086 1219 3269 1273 oll'erri
3311 1221 3493 1284 solita,
3528 1220 3672 1289 quod

2086 1316 2151 1370 iis
2182 1317 2309 1383 ipsis
2336 1325 2517 1371 essent
2543 1317 2594 1369 in
2625 1330 2723 1370 usu
2751 1313 3037 1382 frequenti.
3063 1311 3170 1367 Sed
3196 1322 3253 1365 et
3280 1312 3532 1367 consules
3560 1312 3677 1365 alii-

2086 1421 2189 1471 que
2213 1406 2463 1476 diptyclta
2486 1406 2815 1462 obtulerunt.

2165 1496 2418 1551 Videntur
2450 1497 2699 1565 diptycha
2740 1493 3029 1549 amantium
3066 1492 3228 1546 fuisse
3254 1492 3488 1547 taliellze.
3522 1490 3676 1548 Linde

2088 1599 2242 1644 vetns
2266 1599 2677 1650 commentator,
2702 1587 2766 1640 ad
2796 1585 2925 1640 illud
2950 1584 3242 1646 Juvenalis,
3271 1592 3438 1652 εει-ιν.
3463 1585 3499 1637 9
3524 1599 3541 1633 :
3572 1616 3607 1625 »η

2219 1716 2255 1789 .S
2269 1713 2336 1787 .H.
2375 1679 2435 1788 fit
2456 1679 2642 1789 btlanda
2663 1678 2887 1735 assiduae,
2910 1678 3176 1737 densaeque
3203 1673 3397 1723 tabellae

2259 1754 2287 1787 ο
2330 1754 2385 1789 ιοι
2416 1754 2474 1787 «ιι
2504 1776 2513 1786 .
2676 1786 2683 1789 .

2259 1754 2513 1789 οιιιςιιυιιι.

2094 1826 2356 1880 ascribit:
2400 1823 2599 1877 blandis
2644 1836 2690 1875 te
2733 1821 2960 1891 epistolis
3004 1830 3050 1873 et
3101 1820 3359 1890 diptycltis
3413 1818 3675 1874 sollicitet.

2092 1920 2420 1977 Glossarium
2463 1920 2888 1974 (lamberoneuse
2919 1934 3018 1971 ms.
3045 1933 3059 1969 :
3096 1935 3115 1968 ι
3152 1917 3391 1985 Dipticaz,
3421 1917 3681 1971 dicuntur

2091 2012 2321 2077 tabellze,
2353 2012 2547 2080 quibus
2593 2021 2937 2075 corruptores
2983 2009 3172 2076 puellis
3214 2009 3329 2061 suis
3371 2000 3673 2062 inscribunt

2091 2120 2348 2159 amorem.
2378 2123 2398 2156 ι
2436 2105 2624 2172 Papias
2662 2103 3051 2158 vocabularista
3080 2117 3093 2153 :
3130 2118 3148 2151 ι
3181 2101 3399 2169 Dipticae
3435 2101 3672 2161 tabellas,

2087 2198 2281 2268 quibus
2303 2210 2641 2264 corruptores
2663 2211 2900 2249 amorem
2924 2211 3076 2249 suum
3102 2194 3394 2248 inscribunt
3422 2195 3636 2263 puellis.
3653 2213 3672 2247 ι

2093 2289 2247 2359 Apud
2277 2289 2522 2342 Ovidium
2553 2304 2781 2357 quique,
2808 2289 2938 2342 libtt
2965 2290 3253 2353 Amorum,
3286 2288 3424 2357 eleg.
3462 2287 3549 2349 15,
3583 2288 3680 2341 ha-

2091 2383 2184 2438 bes
2210 2382 2418 2435 tabellas
2447 2398 2663 2435 arcanas
2691 2382 2756 2434 ad
2793 2382 2929 2433 hanc
2960 2396 3094 2435 rem.

2162 2476 2311 2541 Quod
2369 2475 2594 2529 Carrion
2644 2484 2787 2544 putat
2835 2474 3085 2545 diptycha
3146 2472 3447 2526 universum
3510 2470 3681 2525 fuisse

2091 2569 2401 2638 plerumque
2428 2568 2676 2629 eburnea,
2707 2563 2811 2619 falli
2842 2581 2965 2620 eum
2997 2565 3262 2619 existimo.
3294 2563 3403 2618 Nec
3430 2564 3571 2617 enim
3610 2564 3681 2619 sio

2094 2660 2217 2713 mile
2261 2673 2408 2723 vero,
2443 2657 2687 2727 diptycha
2731 2646 3031 2727 epistolice,
3066 2671 3185 2724 qua:
3232 2655 3386 2719 vulgo
3432 2644 3679 2723 epistola:

2092 2752 2211 2805 loco
2232 2749 2330 2802 sibi
2362 2758 2545 2803 mutuo
2576 2750 2886 2812 mittebant,
2915 2748 3211 2817 quibusque
3236 2759 3427 2800 arcana
3453 2760 3548 2798 sua
3577 2744 3676 2800 de-

2095 2841 2406 2902 clarabant,
2451 2839 2611 2893 fuisse
2652 2839 2915 2903 eburnea;
2964 2838 3058 2892 sed
3108 2839 3281 2906 potius
3327 2838 3522 2907 lignea,
3551 2850 3675 2892 cera

2098 2949 2111 2981 ι
2135 2933 2351 2985 bducta.
2378 2927 2533 2984 Unde
2555 2928 2775 2983 Ovidius
2801 2944 2963 2994 supra
2985 2928 3171 2981 amica:
3192 2942 3301 2980 sua:
3322 2927 3570 2997 duplices,
3584 2940 3681 2985 seu

2096 3022 2373 3092 diptycha.
2410 3020 2604 3088 quibus
2638 3030 2857 3075 noctem
2884 3027 3195 3090 negaverat,
3216 3033 3499 3072 exsecraris
3526 3020 3603 3073 ait
3633 3035 3650 3071 :

2224 3125 2346 3183 Quid
2371 3138 2549 3186 precer
2573 3125 2758 3173 iratus?
2784 3126 2872 3173 nisi
2902 3138 2986 3173 vos
3010 3127 3191 3173 cariosa
3218 3134 3448 3173 senectus

2284 3188 2459 3248 Rodat,
2488 3196 2542 3236 et
2561 3187 2804 3236 immundo
2822 3200 2936 3237 cera
2957 3189 3021 3235 sit
3044 3188 3150 3235 alba
3168 3188 3280 3235 situ.

2027 3257 2074 3320 C
2111 3271 2260 3329 Unde
2289 3271 2551 3339 colligitur
2582 3271 2751 3342 lignea
2786 3272 2967 3327 fuisse.
3004 3272 3070 3324 Et
3111 3271 3300 3324 eodem
3342 3270 3510 3334 lih.t,
3541 3270 3683 3339 eleg.

2100 3364 2191 3430 ll,
2224 3379 2342 3432 quae
2380 3365 2610 3434 priorem
2642 3363 2895 3432 praecedit
2918 3364 2985 3418 de
3017 3362 3223 3418 tabellis
3253 3362 3363 3417 suis
3385 3363 3684 3424 amatoriis,

2095 3459 2169 3514 ait
2198 3476 2212 3512 :

2221 3551 2549 3601 Subscribam.
2578 3550 2767 3601 Veneri
2800 3549 2918 3598 ﬁdas
2937 3551 3029 3597 sibi
3055 3549 3179 3597 Naso
3203 3547 3411 3599 tabellas

2282 3613 2500 3663 Dedicat.
2530 3613 2590 3661 At
2617 3626 2775 3673 nuper
2799 3613 2895 3660 vile
2922 3610 3079 3660 fuistis
3097 3624 3230 3660 acer.

2186 3695 2300 3749 Alia
2332 3703 2485 3749 erant
2526 3709 2673 3747 sacra
2723 3694 2995 3765 diptycha,
3037 3709 3260 3763 quorum
3307 3707 3431 3747 usus
3470 3701 3586 3746 erat
3634 3692 3685 3748 in

2100 3787 2336 3843 Ecclesia
2368 3786 2648 3852 catholica,
2674 3802 2704 3840 a
2737 3787 3006 3841 communi
3037 3787 3087 3840 in
3119 3787 3375 3855 privatam
3409 3785 3684 3840 notionem

2098 3877 2329 3933 deﬂexa.

2170 3970 2331 4024 Erant
2363 3968 2523 4038 igitur
2551 3967 2666 4022 hrec
2701 3981 2856 4021 sacra
2896 3967 3148 4038 diptycha
3192 3966 3434 4037 duplices
3463 3966 3683 4031 tabulze,

2097 4077 2323 4134 quarum
2355 4077 2456 4116 una
2488 4072 2637 4132 parte
2666 4063 3095 4116 inscribebantur
3139 4065 3350 4116 nomina
3402 4064 3684 4131 episcopo-

2102 4170 2220 4209 rum
2250 4154 2335 4223 pie
2360 4152 2757 4221 defunctorum,
2784 4154 2949 4207 altera
2976 4169 3102 4207 vero
3131 4155 3392 4208 vivorum.
3616 4158 3619 4161 ’

2173 4248 2239 4301 Et
2283 4246 2496 4316 quidem
2543 4246 2685 4316 quod
2719 4256 2958 4300 mortuos
3003 4255 3239 4313 spectat,
3267 4261 3449 4299 earum
3483 4246 3689 4299 tabula-

2099 4353 2240 4401 rum,
2264 4352 2381 4406 qua!
2402 4338 2534 4413 ἱεραὶ
2561 4341 2770 4407 πτυχαῖ
2796 4338 2864 4390 ibi
2892 4346 3169 4400 vocantur,
3201 4341 3400 4392 mentio
3425 4348 3507 4393 est
3534 4339 3677 4405 apud

2102 4430 2407 4498 Dionysium
2452 4429 2855 4496 Areopagum,
2891 4428 3093 4483 Eecles.
3139 4429 3441 4493 llierarch.,
3469 4443 3586 4496 Cap.
3621 4430 3680 4493 5,

2102 4522 2188 4573 ubi
2220 4521 2392 4589 agitur
2416 4518 2483 4573 de
2513 4520 2766 4586 mysterio
2789 4534 3078 4589 synaxeos,
3109 4521 3223 4573 sive
3255 4518 3685 4587 contimtuionis:

2109 4614 2198 4665 Kal
2241 4613 2621 4680 ἀσπασαμένων
2668 4611 2898 4671 ἀλλήλους
2944 4611 3199 4671 ἁπάντων,
3249 4613 3277 4668 ἡ
3325 4616 3545 4680 pius-naui
3588 4619 3691 4666 τῶν

2110 4703 2252 4777 ἱερῶν
2273 4710 2491 4772 πτυχῶν
2514 4703 2789 4778 ἁνάῥρησις
2818 4703 3139 4755 ἐπιτελεῖται.
3163 4700 3289 4767 Quae
3317 4710 3381 4753 ita
3410 4701 3564 4754 vertit
3593 4701 3692 4755 Pe-

2108 4792 2312 4846 rionius
2338 4809 2353 4846 :
2388 4810 2405 4842 ι
2435 4790 2567 4845 Cum
2596 4807 2783 4846 omnes
2813 4806 2870 4845 se
2896 4793 3033 4843 inter
3059 4804 3116 4843 se
3143 4791 3503 4843 salutavertmt
3524 4830 3540 4854 ,
3570 4806 3692 4860 my-

2109 4885 2240 4938 Stic:t
2274 4894 2573 4936 sanctorqu
2609 4883 2850 4936 recitatio
2885 4882 2958 4935 lit.
2989 4900 3008 4933 ι
3045 4882 3361 4936 Ambrosius
3404 4880 3693 4935 Camaldu-

2112 4975 2274 5029 lensis
2301 4992 2314 5029 :
2350 4993 2367 5026 ι
2400 4974 2464 5027 Et
2491 4990 2611 5028 cum
2649 4990 2707 5028 se
2739 4984 2919 5027 muttto
2948 4988 3134 5027 omnes
3163 4973 3539 5035 salutaverint,
3574 4976 3693 5046 my-

2108 5066 2237 5119 stica
2280 5071 2585 5119 sanctarum
2630 5066 2870 5119 recitatio
2920 5064 2996 5121 fit.
3023 5083 3040 5116 ι
3080 5064 3313 5133 Uterque
3358 5065 3540 5119 omisit
3570 5080 3693 5119 ver-

2111 5164 2224 5211 tere
2262 5171 2444 5210 vecem
2473 5164 2711 5227 πτυχῶν.
2747 5157 2961 5211 Rectius
3001 5157 3163 5225 igitur
3203 5156 3437 5210 Joannes
3473 5157 3691 5221 Seotus,

2110 5260 2266 5303 vetus
2300 5248 2532 5318 Dionysii
2566 5251 2866 5318 interpres:
2906 5269 2922 5300 ι
2959 5250 3025 5304 Et
3060 5251 3310 5305 omnibus
3339 5250 3693 5304 salutantibus

2114 5338 2256 5391 inter
2278 5353 2335 5392 se
2363 5339 2586 5392 invicem
2606 5381 2621 5406 ,
2652 5343 2873 5410 mystica
2899 5355 3171 5395 sacrorum
3199 5341 3527 5395 voluminum
3559 5357 3694 5411 pra:-

2115 5427 2310 5482 dicatiu
2358 5430 2647 5496 perficitur.
2682 5450 2700 5483 ι
2738 5432 2866 5485 Item
2915 5431 3145 5486 Joannes
3189 5432 3491 5487 Saracenus
3522 5452 3534 5486 :
3573 5450 3592 5485 ι
3627 5434 3692 5490 Et

2115 5518 2371 5572 osculatis
2420 5534 2480 5574 se
2527 5520 2751 5574 invicem
2802 5522 3063 5577 universis
3111 5512 3343 5593 mystica
3383 5533 3687 5578 sanctarum

2116 5609 2410 5665 tabularum
2463 5614 2769 5682 prtedicatio
2818 5614 3107 5683 perficitur.
3140 5633 3159 5666 ι
3195 5614 3360 5669 Recte
3403 5615 3473 5668 ita
3516 5622 3692 5670 verte«

2115 5711 2272 5765 runt,
2302 5703 2465 5758 modo
2494 5718 2590 5775 per
2621 5705 2881 5759 volumina
2920 5713 2975 5761 et
3019 5705 3217 5759 tabulas
3264 5706 3563 5776 intelligant
3604 5708 3688 5762 di-

2110 5790 2331 5863 ptycha.

2189 5882 2397 5942 Rursus
2418 5885 2605 5944 eodem
2650 5888 2847 5953 capite,
2884 5888 2936 5945 in
2967 5888 3196 5947 Thebria
3223 5906 3237 5946 :
3266 5889 3323 5946 ὀ
3354 5888 3407 5946 δὲ
3437 5890 3685 5948 θειότατος
