4014 6368
306 268 413 326 635

985 269 1473 327 UNOMASTICON
1512 273 1751 329 RERUH
1793 273 1880 329 ET
1924 272 2295 329 VERBORUM
2340 272 2860 332 DlFFlClLlORUll.

3454 284 3557 338 ιῖὃ

296 364 578 436 ἀσπασμὸς
620 363 976 444 ἱερουργεῖται,
1009 370 1091 420 καὶ
1130 374 1229 422 τῶν
1257 367 1573 440 ἁγιογράφων
1596 375 1816 439 πτνχῶν
1849 370 1879 427 ἡ
1910 372 1959 429 Α
1984 375 2186 443 πρῶτος
2213 377 2324 429 τοῖς
2364 364 2801 431 ἐκκλησιαστικαῖς
2830 370 3111 441 διπτύχοις
3141 375 3330 438 ἐνέταῖς
3360 393 3370 427 :
3403 393 3419 426 ι
3454 375 3558 430 Isto

296 463 519 533 μυστικὴ
556 461 642 512 καὶ
671 459 1009 530 ὑπερκὸσμιος
1045 460 1341 535 ἁνάῥρησις.
1374 458 1693 513 Perionius:
1731 478 1749 512 ι
1785 460 1870 514 Di-

296 548 416 628 vina
449 557 624 601 autem
657 547 924 611 salutatio,
956 549 1069 603 sive
1110 548 1383 612 osculum,
1419 549 1721 619 adhibetur,
1748 564 1871 603 san-

294 652 610 711 ctorumque
639 642 934 697 animorum
955 687 967 706 ,
999 644 1087 711 qui
1119 644 1299 711 scripti
1327 652 1482 708 sunt,
1515 645 1736 710 mystica
1761 660 1871 701 co:-

295 726 549 800 lesnsque
597 733 920 800 praedicatio.
953 752 974 787 ι
1030 734 1343 788 Ambrosinus
1399 734 1866 791 Camaldulensis:

254 812 270 819 ’
298 843 321 877 ι
352 826 516 879 Porro
541 826 896 879 sacratissima
928 827 1279 882 consalutatio
1306 828 1506 881 idcirco
1549 830 1868 892 celebrator,

291 926 706 985 sanctorumque
747 917 1012 985 descripta
1066 919 1278 971 nomina
1337 921 1559 988 mystice
1610 930 1666 974 et
1713 919 1870 973 modo

290 1008 725 1081 supramundano
767 1006 1142 1075 prazdicantur.
1177 1026 1195 1059 ι
1228 1007 1437 1061 Clarius
1466 1019 1671 1062 veteres
1700 1010 1866 1063 inter-

290 1108 489 1166 pretes.
515 1096 748 1152 Joannes
775 1097 1001 1151 Scotus:
1042 1116 1061 1149 ι
1096 1097 1434 1151 Divinissima
1462 1110 1638 1153 autem
1672 1100 1871 1153 saluta-

288 1191 364 1253 tio
388 1199 573 1243 sancte
596 1190 786 1259 agitur,
811 1200 862 1242 et
891 1189 1365 1258 Inagiographorum
1396 1191 1720 1244 voluminum
1755 1207 1869 1261 my-

288 1296 437 1353 ssyca
469 1291 523 1335 et
553 1282 973 1350 supermundana
1023 1281 1287 1335 recitatio.
1320 1300 1337 1332 ι
1374 1281 1607 1337 Joannes
1638 1283 1869 1338 Sarace-

289 1388 429 1427 nus:
465 1391 483 1423 ι
516 1373 909 1426 Divinissimum
942 1382 1117 1425 autem
1158 1374 1395 1425 osculum
1441 1383 1624 1429 sanrte
1671 1374 1865 1442 agitur,

288 1476 341 1518 et
374 1464 850 1533 hagiograpbarum
887 1464 1181 1517 tabularum
1213 1463 1433 1533 mystica
1462 1472 1517 1518 et
1544 1478 1866 1533 supermun-

289 1560 425 1627 dana
464 1555 782 1610 enuntiatio.
816 1575 832 1607 ι

361 1650 557 1702 lterum
587 1650 637 1701 in
669 1647 904 1714 ejusdem
953 1646 1138 1713 capitis
1171 1647 1372 1698 tlteoria
1393 1686 1409 1710 ,
1441 1659 1541 1714 qua
1587 1644 1745 1710 hujus
1791 1644 1867 1697 rei

1976 457 2303 526 (Alexander
2348 458 2712 512 Antiocheuus
2758 461 3060 529 episcopus)
3118 464 3318 524 primus
3368 468 3543 534 magni

1972 547 2194 601 Joannis
2212 563 2403 602 nomen
2423 550 2798 603 ecclesiasticis
2811 551 3073 621 diplychis
3097 553 3341 609 inseruit.
3358 574 3373 605 ι
3394 556 3543 621 Quod

1971 640 2131 692 etiam
2174 638 2339 692 habes
2370 641 2420 692 in
2466 641 2693 694 llistoria
2740 642 2997 711 Tripart.,
3027 643 3119 697 lib.
3146 660 3206 704 ιι,
3237 659 3356 712 cap.
3381 645 3473 710 25,
3502 657 3556 699 et

1972 730 2111 799 apud
2138 728 2420 800 Georgium
2449 731 2899 798 Alexandrinum,
2932 735 2981 787 in
3012 734 3131 787 Vita
3158 732 3523 804 Cltrysostomi
3542 775 3557 797 ,

1971 823 2147 890 capite
2176 822 2263 875 7|.
2295 821 2550 887 [Sidon-us,
2584 824 2974 879 'l‘rimetbensis
3012 825 3315 894 episcopus,
3352 827 3403 879 in
3440 826 3554 879 Vita

1971 911 2193 965 Joannis
2225 912 2590 983 Chrysostomi
2625 931 2640 969 :
2679 916 2747 970 Τὸ
2787 912 2938 986 ὄνομα
2981 920 3211 971 Ἰωάννου
3258 925 3362 975 τοῖς
3403 920 3556 995 ἱεροῖς

1971 1003 2418 1076 ὶγκαθυπογράῲαι
2441 1003 2744 1078 διπτύχοις;
2780 1024 2795 1057 ι
2822 1006 3022 1059 Nomen
3046 1007 3266 1061 Joannis
3284 1010 3449 1060 sacris
3481 1007 3563 1060 iu-

1970 1098 2143 1151 scribe
2178 1098 2494 1167 diptychis.»
2533 1099 2870 1154 Innocentius
2909 1114 3040 1167 papa
3081 1100 3146 1153 ad
3186 1101 3467 1153 Arcadium
3508 1113 3563 1155 et

1973 1188 2299 1254 Eudoxiatn,
2343 1190 2481 1258 apud
2527 1189 2809 1260 Georgium
2854 1192 3273 1245 Alexandrinum
3318 1192 3556 1258 patriar-

1972 1284 2126 1337 cltatn
2146 1324 2159 1346 ,
2191 1284 2255 1336 tle
2291 1282 2405 1336 Vita
2434 1283 2799 1354 Chrysosmmi
2828 1301 2841 1336 :
2880 1286 3167 1359 Προστάξαι
3207 1284 3259 1339 δὲ
3286 1286 3559 1339 κελεύσατε

1971 1377 2051 1428 καὶ
2078 1375 2134 1428 τὸ
2158 1371 2316 1445 ὄνομα
2340 1372 2566 1431 Ἰωάννου
2592 1382 2699 1435 τοῖς
2722 1376 2876 1450 ἱεροῖς
2906 1377 3211 1451 ἐγγραφῆναι
3235 1374 3517 1445 διπτύχοις
3545 1392 3558 1428 :

1979 1484 1996 1516 ι
2021 1464 2211 1519 anete
2241 1474 2418 1517 autent
2450 1463 2671 1517 Joannis
2694 1479 2886 1518 nomen
2915 1479 3084 1518 sacris
3134 1464 3347 1518 inscribi
3380 1465 3556 1532 dipty-

1973 1554 2105 1607 chis.
2140 1574 2157 1605 ι
2218 1554 2448 1621 Epistola
2499 1552 2775 1606 Justiniani
2817 1552 3154 1620 imperatoris
3204 1554 3271 1608 ad
3318 1554 3559 1623 quintam

1974 1648 2235 1713 synodum
2270 1647 2595 1713 gent-ralem,
2615 1661 2734 1714 qua:
2761 1654 2842 1699 est
2868 1645 3459 1715 Constantinopolitana
3483 1662 3519 1700 ιι
3543 1666 3555 1702 ;

288 1741 669 1811 contemplatio
712 1749 764 1792 et
802 1737 1082 1805 explicatio
1125 1737 1424 1789 continetur
1450 1753 1462 1788 :
1488 1744 1597 1790 Τῶν
1643 1735 1696 1789 δὲ
1724 1738 1869 1806 ἱερῶν
1906 1736 1947 1792 Β
1979 1755 1997 1789 ι
2029 1737 2178 1791 Sicut
2219 1749 2269 1791 et
2300 1752 2393 1791 eos
2431 1734 2518 1805 qui
2562 1736 2756 1805 injuste
2788 1737 3125 1791 condemnati
3156 1728 3304 1800 sunt,
3342 1752 3559 1791 revoca-

288 1842 512 1906 κτυχῶν
537 1833 665 1901 μετὰ
704 1836 794 1890 τήν
832 1833 1026 1904 εἰρήνην
1055 1829 1350 1902 ἁνάῥρησις,
1380 1829 1721 1900 ὰναιιηρύττιι
1754 1829 1871 1887 τοὺς

288 1926 444 1985 ὁσίως
466 1924 798 1995 βεϐιωκότας,
822 1926 905 1976 καὶ
928 1923 1059 1994 πρὸς
1084 1922 1316 1996 ἐναρέτου
1341 1925 1469 1983 ζωῆς
1488 1919 1741 1974 τελείωσιν
1761 1920 1875 1990 ἀμε-

287 2018 559 2074 ταστάτως
580 2015 919 2084 ἀφικομένους.
940 2011 1066 2075 Qut}:
1092 2010 1161 2063 ita
1187 2012 1343 2064 vertit
1369 2010 1672 2064 l‘et‘ionius:
1703 2030 1717 2059 ι
1750 2007 1873 2063 Sau-

287 2114 498 2159 ctorum
548 2115 723 2157 autem
761 2105 1092 2166 animorum,
1128 2117 1243 2169 quze
1296 2116 1391 2170 pos
1447 2118 1627 2167 pacem
1658 2101 1877 2155 adhibe-

289 2208 403 2262 tur,
448 2194 751 2263 praedicatio
790 2210 882 2247 eos
921 2193 1008 2262 qui
1057 2192 1138 2260 pie
1167 2202 1453 2259 strictoque
1480 2195 1761 2256 vixerunt,
1796 2200 1878 2245 at-

288 2305 398 2362 que
446 2288 508 2341 ad
544 2288 663 2341 vit-.c
708 2286 888 2340 virtuti
944 2297 1312 2339 consentaneae.
1344 2282 1723 2352 perfectionem
1757 2298 1878 2351 per-

290 2390 592 2446 venerunt,
635 2379 879 2432 laudibus
926 2374 1109 2430 afﬁcit.
1140 2394 1161 2424 ι
1206 2376 1411 2429 Rursus
1462 2376 1547 2428 hic
1599 2374 1873 2429 Perionius

291 2475 485 2547 ψυχῶν
518 2472 644 2539 legit
670 2485 767 2539 pro
792 2476 1033 2541 πτυχῶν.
1064 2467 1375 2521 Ambrosius
1402 2464 1824 2519 Camaldulensis
1855 2481 1866 2515 :

294 2586 313 2618 ι
350 2566 644 2619 Enimvero
673 2572 974 2617 sanctorum
1008 2570 1126 2629 post
1170 2574 1352 2628 pacem
1404 2557 1547 2611 illam
1593 2556 1867 2615 nominum

290 2655 604 2728 prtedicatio
634 2669 724 2708 eos
778 2654 1044 2721 prmconio
1090 2652 1283 2704 attollit
1323 2652 1410 2717 qui
1458 2649 1541 2717 pie
1585 2658 1874 2717 sancteque

290 2750 577 2809 vixerunt,
608 2754 766 2813 atque
795 2741 859 2794 ad
894 2743 1050 2794 tinem
1100 2755 1263 2809 usque
1296 2738 1501 2793 virtutis
1534 2739 1692 2792 vitam
1743 2754 1875 2792 con-

293 2848 509 2895 stanter
538 2881 552 2903 ,
597 2849 853 2904 nusquam
893 2832 960 2885 ab
1002 2848 1062 2887 ea
1106 2830 1441 2887 deﬂectcndo
1469 2869 1483 2896 ,
1528 2839 1830 2884 tenuerunt.
1856 2848 1873 2881 ι

290 2930 508 2985 Clarius
537 2925 768 2981 Joannes
814 2924 1044 2977 Scotus:
1083 2940 1102 2974 ι
1135 2921 1415 2977 Sacrarum
1457 2929 1634 2973 autem
1666 2919 1873 2974 tabula-

294 3036 417 3077 rum
451 3029 566 3088 post
599 3032 783 3085 pacem
827 3015 1068 3069 recitatio
1102 3012 1354 3082 pranlicat
1395 3021 1579 3068 sancte
1611 3010 1869 3077 ﬁrmatos,

1980 1839 2169 1885 verunt
2211 1839 2329 1898 post
2374 1840 2630 1892 mortem,
2661 1838 2715 1883 et
2754 1830 2805 1882 in
2836 1829 3001 1883 sacris
3046 1830 3313 1900 diptychis
3350 1830 3559 1900 1026

1981 1923 2334 1991 scripserunt.
2361 1921 2511 1989 Quod
2542 1920 2736 1975 factum
2780 1933 2857 1975 est
2900 1931 2954 1976 et
2983 1925 3033 1975 in
3066 1922 3268 1976 Joanne
3302 1922 3560 1993 (Chryso-

1981 2016 2175 2077 stomo)
2207 2024 2258 2067 ct
2288 2014 2340 2066 in
2375 2013 2628 2067 Flaviano
2660 2015 2920 2081 religiose
2969 2014 3243 2068 memoria:
3285 2014 3558 2083 episcopis

1980 2104 2601 2171 Constantinopolitanis.
2636 2122 2654 2156 ι
2686 2105 2888 2158 (litatur
2930 2120 3050 2159 can.
3097 2104 3255 2170 Sane,
3282 2104 3386 2171 24,
3420 2122 3473 2175 q.
3508 2106 3559 2159 1.

1986 2198 2042 2253 In
2073 2197 2457 2252 Sacramentali
2482 2197 2721 2266 Gregorii
2756 2196 2927 2265 Magni
2957 2198 3118 2251 habes
3144 2198 3437 2252 oratiooem
3469 2196 3561 2251 Su.

1979 2306 2068 2359 per
2097 2288 2339 2359 diptyclia
2366 2306 2384 2345 :
2416 2289 2678 2342 Memento
2720 2288 2914 2349 etiam.
2965 2289 3207 2352 Domiue,
3238 2287 3577 2343 famulorum

1978 2394 2221 2450 tuorum,
2270 2382 2357 2452 qui
2417 2396 2514 2435 nos
2570 2390 2956 2449 pnecesserunt
3004 2391 3057 2435 et
3112 2382 3446 2435 dormierunt
3508 2382 3559 2435 in

1976 2488 2166 2530 somno
2191 2473 2387 2540 pacis.)
2415 2470 2481 2525 Et
2509 2473 2560 2526 in
2590 2470 2817 2541 Liturgia
2842 2473 3011 2528 Sancti
3042 2474 3200 2527 Marci
3226 2491 3237 2526 :
3264 2486 3316 2529 Ὀ
3338 2473 3562 2534 διάκονος

1977 2567 2045 2621 τά
2073 2564 2311 2635 δίπτυχα
2336 2570 2434 2617 τῶν
2460 2565 2857 2637 κεκοιμημένωνε
2888 2582 2907 2616 (
2942 2564 3203 2618 Diaconus
3237 2564 3361 2632 legit
3388 2562 3561 2633 dipty-

1979 2654 2079 2709 cha
2112 2652 2500 2709 defunctorum.
2533 2672 2551 2704 ι
2587 2653 2666 2707 Ad
2708 2653 2843 2707 hanc
2881 2654 3318 2708 consuetudinem
3364 2652 3562 2707 delun-

1980 2755 2186 2800 ctorum
2218 2745 2430 2799 nomina
2463 2744 2515 2797 in
2559 2744 2717 2798 missa
2764 2745 3233 2798 recitandi‘alludit
3260 2743 3559 2812 Cyprianus

1980 2834 2205 2905 epistola
2239 2836 2325 2901 10,
2357 2834 2419 2887 ad
2464 2833 2676 2888 Clerum
2720 2843 2774 2890 et
2824 2837 3186 2906 presbyteros,
3217 2837 3305 2905 qui
3353 2846 3558 2891 temere

1981 2941 2162 2996 pacem
2205 2926 2367 2991 lapsis
2408 2925 2704 2980 dederant:
2740 2944 2758 2976 ι
2788 2924 3022 2980 Olfertur
3064 2940 3256 2980 nomen
3298 2940 3547 2985 eorum.»

1984 3015 2052 3069 Et
2089 3013 2313 3084 epistola
2342 3013 2428 3081 63,
2466 3016 2530 3066 ad
2562 3015 2917 3084 presbyteros,
2950 3014 3222 3082 diacones,
3256 3024 3310 3069 et
3348 3016 3556 3084 plebem

292 3122 355 3166 et
385 3111 450 3163 ad
503 3117 735 3163 strenuae
764 3106 884 3159 vita:
924 3102 1437 3159 consummationem
1480 3101 1878 3155 immutabiliter
1909 3101 1955 3161 (ἶ
1987 3104 2325 3159 Furnitanam
2355 3122 2367 3157 :
2406 3124 2425 3156 ι
2456 3104 2634 3173 Neque
2662 3105 2801 3159 enim
2833 3106 2969 3174 apud
3002 3107 3167 3160 altare
3202 3107 3291 3162 Dei
3323 3116 3561 3163 meretur

295 3201 668 3257 advenientes.
694 3217 712 3250 ι
746 3197 876 3252 item
905 3195 1135 3250 Joannes
1159 3194 1489 3249 Saracenus:
1521 3212 1539 3244 ι
1568 3194 1881 3247 Sanctarum

295 3304 480 3349 autem
510 3290 803 3345 tabularum
837 3298 956 3358 post
983 3302 1164 3357 pacem
1200 3285 1505 3354 praedicatio
1530 3285 1782 3354 pratdicat
1816 3284 1883 3337 il-

296 3372 387 3457 los
416 3382 503 3453 qui
540 3390 721 3435 sancte
749 3382 1024 3443 vixerunt,
1053 3387 1109 3432 et
1144 3378 1209 3431 ad
1257 3378 1505 3430 virtutum
1540 3378 1661 3429 vitae
1702 3375 1880 3444 perfe-

298 3475 542 3530 ctionem
571 3471 1100 3526 intransmutabiliter
1126 3476 1503 3539 pervenerunt.
1537 3486 1556 3521 ι
1772 3522 1777 3527 ,

298 3546 303 3551 ’
379 3565 447 3621 Ut
475 3566 556 3618 hic
585 3563 863 3617 habuimus
913 3562 1022 3637 ἱερὰ
1045 3562 1251 3633 πτυχά,
1276 3575 1396 3630 quae
1426 3559 1682 3613 Maximus
1704 3566 1757 3613 et
1787 3558 1890 3613 Pa-

296 3660 590 3725 cbymeres
606 3653 908 3707 scholiastte
930 3652 1164 3721 Dionysii
1185 3650 1424 3722 δίπτυχα
1439 3651 1885 3719 interpretantur;

299 3750 380 3803 ita
412 3744 690 3815 διπτύχων
718 3743 915 3798 diserta
947 3743 1149 3797 mentio
1181 3744 1235 3796 in
1266 3741 1487 3810 cpistola
1517 3741 1887 3810 (Egyptiorum

296 3842 677 3909 episcoporum
738 3838 803 3891 ad
865 3836 1168 3891 Anatolium
1230 3834 1878 3901 Constantinopolitanum

296 3933 613 4002 episcopum
644 3938 827 3985 contra
854 3928 1191 3999 Timotheum
1223 3928 1524 3981 invasorem
1556 3926 1697 3979 sedis
1726 3924 1886 3979 Alex-

295 4020 564 4084 andrinae,
592 4035 707 4088 quae
734 4018 957 4073 habetur
983 4027 1130 4085 parte
1157 4033 1213 4070 ιιι
1240 4016 1449 4071 concilii
1477 4016 1882 4071 Chalcedonen-

298 4113 382 4170 sis
411 4128 474 4167 ex
507 4112 746 4165 Romana
788 4111 1061 4165 editione:
1100 4128 1119 4162 ι
1152 4110 1319 4163 Etiam
1367 4108 1418 4163 in
1463 4110 1750 4163 venerabili
1804 4109 1883 4164 di-

298 4206 503 4277 ptycho
532 4205 604 4277 (in
634 4219 740 4275 quo
771 4205 868 4273 piae
896 4201 1171 4263 memoria:
1196 4201 1472 4255 transitum
1500 4200 1565 4255 ad
1594 4202 1761 4255 caelos
1791 4202 1885 4255 ba-

297 4296 543 4354 bentium
601 4296 975 4364 episcoporum
1029 4293 1282 4347 vocabula
1342 4291 1733 4357 continentur,
1766 4307 1884 4359 quae

298 4399 547 4457 tempore
575 4396 874 4440 sanctorum
908 4386 1282 4454 mysteriorum
1330 4383 1624 4437 secundum
1670 4393 1882 4437 sanctas

1993 3197 2250 3253 nominari
2282 3198 2334 3251 in
2377 3196 2712 3251 sacerdotum
2757 3211 2932 3266 prece,
2964 3198 3052 3267 qui
3096 3198 3163 3253 ab
3202 3198 3355 3253 altari
3382 3212 3564 3253 sacer-

1988 3289 2140 3345 dotes
2161 3297 2215 3342 et
2241 3290 2514 3342 ministros
2538 3289 2705 3343 voluit
2737 3303 2981 3343 avocare.
3003 3307 3023 3339 ι

2061 3378 2149 3434 Uti
2179 3376 2277 3432 rite
2320 3378 2691 3433 defunctorum
2736 3381 3107 3448 episcoporum
3157 3379 3371 3433 nomina
3401 3380 3587 3435 sacris.-

1991 3470 2259 3542 diptycbis
2284 3470 2724 3537 inscribebantur,
2751 3470 2819 3526 ita
2848 3460 3214 3527 haereticorum
3236 3473 3569 3531 etschismas

1992 3562 2214 3618 ticorum
2246 3577 2310 3616 ex
2352 3561 2539 3616 iisdem
2588 3563 2930 3617 tollebantur.
2972 3564 3300 3618 Justinianus
3339 3564 3567 3631 impera~

1990 3662 2096 3720 tor,
2124 3654 2174 3708 in
2199 3652 2545 3708 Confessione
2573 3664 2733 3709 rectae
2762 3654 2881 3708 lidei
2906 3656 3163 3709 adversus
3188 3656 3285 3708 tria
3309 3655 3563 3723 capitula,

1990 3761 2085 3801 seu
2116 3744 2171 3801 in
2211 3745 2389 3801 edicto
2435 3747 2500 3801 de
2542 3747 2642 3800 title
2684 3747 2964 3815 catholica,
2996 3747 3135 3815 quod
3188 3747 3410 3801 habetur
3449 3757 3569 3814 post

1990 3839 2226 3907 quintam
2276 3836 2573 3907 synodum:
2604 3837 2797 3907 ’Δμέλει
2842 3860 2921 3892 τοι
2964 3841 3046 3892 καί
3089 3843 3189 3892 πᾶν
3218 3839 3276 3893 τὸ
3320 3838 3570 3911 πλήρωμα

1988 3934 2081 3988 τῆς
2129 3928 2176 3982 ἐν
2219 3926 2541 4001 Μοψονεστία
2588 3929 2868 3991 ἐκκλησίας,
2899 3930 2950 3983 ἓν
3045 3928 3243 4000 λέγεται
3289 3932 3570 3991 ἐπίσκοπος

1989 4020 2305 4091 γεγενῆσθαι,
2329 4017 2411 4073 διὰ
2429 4021 2522 4077 τὰς
2542 4019 2886 4090 βλασφημίας,
2911 4018 2973 4074 δι’
3003 4019 3171 4095 ἇσπερ
3190 4018 3395 4079 Ἐλλησί
3414 4042 3467 4075 τε
3490 4025 3570 4077 καὶ

1986 4106 2244 4169 Ἰουδαίοις
2271 4112 2352 4164 καὶ
2373 4108 2664 4182 Σοδομίταις
2691 4112 2835 4185 παρὰ
2856 4118 2954 4166 τῶν
2980 4111 3132 4184 ἁγίων
3157 4114 3391 4189 πατέρων
3416 4135 3572 4172 συνη-

1992 4200 2223 4272 ριθμήθη,
2255 4199 2538 4271 ἀπήλειψαν
2569 4202 2616 4265 ἐξ
2647 4201 2826 4255 ἐκείνου
2855 4210 2953 4257 τῶν
2992 4204 3142 4276 ἱερῶν
3184 4212 3273 4263 τῆς
3301 4204 3566 4264 ἐκκλησίας

1992 4288 2261 4360 διπτύχων
2289 4296 2378 4349 τήν
2412 4291 2597 4345 τούτου
2630 4294 2978 4370 προσηγορίαν
3004 4308 3017 4345 :
3056 4309 3074 4342 ι
3104 4292 3286 4359 Itaque
3315 4301 3369 4345 et
3395 4294 3571 4345 omnis

1996 4380 2267 4451 plenitudo
2313 4383 2701 4449 Mapsuestena:
2749 4385 3014 4447 ecclesiae,
3047 4384 3098 4435 in
3145 4400 3244 4450 qua
3291 4384 3575 4451 cpiscopus

297 4479 517 4547 regulas
544 4474 870 4545 releguntur)
905 4474 1079 4543 posuit
1108 4489 1260 4528 suum
1295 4488 1487 4528 nomen
1524 4481 1587 4527 et
1610 4473 1880 4539 Dioscori,
1915 4465 1965 4525 D
1989 4473 2183 4527 dicitur
2215 4472 2401 4539 fuisse,
2433 4489 2552 4525 cum
2603 4470 2893 4527 invenisset
2938 4472 3078 4541 quod
3123 4473 3340 4542 paganis
3380 4482 3433 4524 rt
3476 4472 3571 4527 Ju-

298 4568 396 4638 qui
426 4567 523 4622 sub
552 4566 894 4620 damnatione
934 4562 1290 4617 anathematis
1319 4577 1346 4614 a
1380 4562 1489 4616 Deo
1515 4570 1569 4616 et
1599 4562 1887 4616 universali

300 4657 535 4716 concilio
573 4672 691 4712 esse
718 4656 966 4710 decretus
995 4664 1108 4719 est;
1136 4664 1189 4709 et
1232 4653 1429 4707 delevit
1460 4655 1658 4707 exinde
1689 4663 1890 4707 sanctae

300 4750 579 4806 memoriae
619 4758 673 4802 et
712 4746 1002 4807 secundum
1047 4746 1214 4800 Deum
1249 4745 1472 4799 viventis
1521 4747 1744 4801 Proterii
1790 4762 1890 4799 no-

301 4822 429 4894 men
452 4880 466 4904 ,
499 4838 814 4908 regulariter
858 4836 1243 4905 archiepiscopi
1284 4837 1577 4889 constituti.
1612 4856 1630 4889 ι
1676 4838 1806 4891 Item
1841 4828 1891 4890 in

303 4941 458 4986 sexta
486 4931 709 5000 synodo,
733 4942 840 4985 act.
868 4930 931 4983 15
957 4948 970 4984 :
998 4940 1123 4991 Τοὺς
1145 4933 1407 4992 τοιούτους
1429 4932 1479 4984 ἓν
1503 4930 1624 5003 ἁγία
1728 4935 1894 5005 μνήμῃ

301 5031 446 5097 τρεῖς
473 5020 682 5099 ἄνδρας,
705 5027 947 5080 τουτέστι
972 5030 1180 5094 Θωμᾶν,
1198 5023 1441 5090 Ἰωάννην,
1464 5027 1551 5075 καὶ
1580 5031 1895 5079 κωνσταντῐο
1922 5018 1927 5023 ’

299 5138 384 5175 νον
426 5116 717 5183 συνειδομεν
747 5120 795 5171 ἐν
830 5125 891 5193 τῇ
921 5118 1156 5175 αὐτότητι
1192 5124 1353 5186 μεῖναι
1395 5120 1479 5169 καὶ
1510 5117 1556 5168 ἐν
1595 5131 1701 5175 τοῖς
1740 5116 1893 5197 ἱεροῖς

302 5205 586 5277 διπτύχοις
620 5210 943 5285 ἀναφέρεσθαι
965 5216 1061 5263 τῶν
1090 5207 1383 5280 ἁγιωτάτων
1405 5209 1703 5267 ἐκκλησιῶνε
1734 5225 1752 5259 ‹
1786 5207 1891 5260 llos

304 5307 507 5353 sancta:
537 5300 808 5355 memoria:
840 5308 949 5353 tres
980 5299 1142 5367 viros,
1171 5298 1220 5354 id
1259 5309 1369 5363 est,
1401 5300 1696 5366 Thomam,
1728 5301 1890 5355 Joan-

304 5407 461 5455 nem,
491 5401 545 5445 et
573 5393 978 5446 Constantinum
1012 5391 1350 5460 praevidimus
1390 5392 1439 5443 in
1470 5392 1749 5449 idenlitule
1779 5408 1891 5447 ma-

306 5498 459 5549 nere,
484 5494 641 5554 atque
665 5485 715 5538 in
738 5484 904 5539 sacris
924 5483 1190 5557 diptychis
1211 5494 1513 5538 sanctarum
1536 5485 1885 5541 ecclesiarum

306 5574 546 5632 recitari.
580 5594 597 5627 ι
633 5574 1019 5641 Tlteoderetus,
1055 5574 1446 5631 Ecclesiasticm
1476 5575 1715 5630 historian
1748 5576 1888 5630 libro

300 5684 357 5739 Ἰ,
388 5683 509 5738 cap.
542 5669 609 5723 55
634 5687 648 5724 :
679 5669 844 5737 Οὗτος
871 5674 961 5728 τήν
991 5669 1219 5731 Ἰωάννου
1251 5675 1340 5725 τοῦ
1369 5670 1500 5725 πάνυ
1545 5674 1892 5744 προσηγορίαν

1996 4564 2126 4619 datis
2148 4573 2202 4618 et
2230 4564 2587 4619 Sodomitanis
2617 4578 2643 4615 a
2672 4562 3140 4617 sanctisPatribus
3162 4572 3575 4616 connumeratus

1999 4663 2110 4719 est,
2143 4652 2463 4707 deleverunt
2509 4654 2605 4722 ipsi
2638 4669 2703 4706 ex
2736 4653 2829 4706 illo
2867 4662 3105 4721 tempore
3136 4668 3167 4706 e
3192 4654 3356 4705 sacris
3389 4652 3573 4723 Eccle;

2000 4747 2096 4799 sia:
2125 4744 2396 4814 diptychis
2438 4745 2553 4813 ejus
2586 4760 2799 4799 nomen.
2832 4763 2850 4796 ι
2899 4743 3229 4798 Justinianus
3259 4743 3569 4811 imperator,

2002 4837 2225 4906 epistola
2254 4836 2319 4889 ad
2351 4837 2587 4906 quintam
2619 4837 2903 4904 synodum,
2929 4851 3045 4904 qua!
3078 4834 3306 4887 habetur
3328 4834 3431 4898 ibi,
3462 4843 3585 4889 act.

2002 4930 2053 4995 l,
2085 4930 2153 4984 de
2182 4929 2466 4983 Theodoro
2499 4930 2914 4998 Mopsuesteno:
2953 4928 3225 4996 «'Pmpter
3264 4926 3394 4981 istas
3439 4926 3577 4998 (bla-

1998 5022 2292 5091 sphemias)
2343 5024 2707 5092 superioribus
2754 5021 3079 5090 temporibus
3126 5019 3358 5075 deletum
3398 5029 3481 5075 est
3521 5030 3577 5074 et

2002 5129 2194 5169 nomen
2236 5115 2352 5183 ejus
2381 5130 2411 5168 e
2453 5114 2619 5168 sacris
2659 5114 2927 5185 diptychis
2975 5112 3253 5177 Ecclesite,
3282 5113 3432 5181 cujus
3480 5112 3579 5166 fuit

2002 5206 2307 5276 cpiscOpus.
2337 5224 2355 5257 ι
2393 5205 2585 5260 Divalis
2632 5220 2784 5259 sacra
2832 5202 3177 5258 Constantini
3214 5202 3468 5274 Pogonati
3510 5204 3578 5258 ad

1998 5300 2249 5361 domuum
2279 5314 2464 5368 papam
2489 5299 2852 5368 Agathonem,
2877 5314 2991 5365 qua:
3026 5298 3360 5367 pricmittitur
3410 5306 3579 5352 sexta

1998 5389 2203 5458 synodo
2244 5390 2509 5459 generali,
2558 5404 2676 5458 quae
2719 5399 2802 5443 est
2842 5389 3425 5455 ConstantinOpolitana
3475 5404 3577 5445 tu:

1991 5482 2174 5541 Πολλὴν
2200 5486 2303 5555 ’γὰρ
2334 5481 2567 5537 ἔνστασιν
2596 5484 2711 5553 ἡμῖν
2740 5479 2981 5557 ἐπόρισαν
3022 5479 3051 5536 ὅ
3094 5501 3147 5536 τι
3178 5480 3454 5553 ἁγιώτατος
3494 5484 3579 5535 καὶ

1995 5578 2381 5650 μακαριώτατος
2402 5583 2500 5631 τῶν
2528 5578 2743 5633 ἐνταῦθα
2771 5578 3129 5652 πατριάρχης.
3154 5577 3239 5629 καὶ
3266 5573 3521 5647 Μακάριος
3551 5571 3577 5625 ὁ

1993 5669 2273 5743 ﬂagello;
2300 5668 2640 5744 .ﬁarptépzn;
2677 5668 3001 5727 Θιουπόλιως
3031 5665 3260 5721 ἐκϐαλεῖν
3295 5660 3597 5721 Βιταλιανόνη
