  <div class='ocr_page' id='page_1' title='image "/cluster/home/n/w/nwhite01/storage/ocr_20150623/74/hvd.32044015469372/227.png"; bbox 0 0 4014 6368; ppageno 0'>
   <div class='ocr_carea' id='block_1_1' title="bbox 418 284 517 341">
    <p class='ocr_par' dir='ltr' id='par_1_1' title="bbox 418 284 517 341">
     <span class='ocr_line' id='line_1_1' title="bbox 418 284 517 341; baseline 0 0"><span class='ocrx_word' id='word_1_1' title='bbox 418 284 517 341; x_wconf 66' lang='lat'><strong>555</strong></span> 
     </span>
    </p>
   </div>
   <div class='ocr_carea' id='block_1_2' title="bbox 1098 282 2969 347">
    <p class='ocr_par' dir='ltr' id='par_1_2' title="bbox 1098 282 2969 347">
     <span class='ocr_line' id='line_1_2' title="bbox 1098 282 2969 347; baseline 0.003 -6"><span class='ocrx_word' id='word_1_2' title='bbox 1098 286 1578 342; x_wconf 71' lang='lat' dir='ltr'><strong>ONUMASTICON</strong></span> <span class='ocrx_word' id='word_1_3' title='bbox 1620 285 1855 342; x_wconf 79' lang='lat' dir='ltr'><strong>RERUM</strong></span> <span class='ocrx_word' id='word_1_4' title='bbox 1898 282 1986 340; x_wconf 81' lang='lat' dir='ltr'><strong>ET</strong></span> <span class='ocrx_word' id='word_1_5' title='bbox 2026 286 2400 344; x_wconf 65' lang='lat' dir='ltr'><strong>VERBORUM</strong></span> <span class='ocrx_word' id='word_1_6' title='bbox 2443 286 2969 347; x_wconf 77' lang='lat' dir='ltr'><strong>DIFFICILIORUM.</strong></span> 
     </span>
    </p>
   </div>
   <div class='ocr_carea' id='block_1_3' title="bbox 3580 299 3695 354">
    <p class='ocr_par' dir='ltr' id='par_1_3' title="bbox 3580 299 3695 354">
     <span class='ocr_line' id='line_1_3' title="bbox 3580 299 3695 354; baseline -0.009 -1"><span class='ocrx_word' id='word_1_7' title='bbox 3580 299 3695 354; x_wconf 58' lang='lat'><strong>‘56</strong></span> 
     </span>
    </p>
   </div>
   <div class='ocr_carea' id='block_1_4' title="bbox 414 396 1990 484">
    <p class='ocr_par' dir='ltr' id='par_1_4' title="bbox 414 396 1990 474">
     <span class='ocr_line' id='line_1_4' title="bbox 414 396 1990 474; baseline -0.001 -20"><span class='ocrx_word' id='word_1_8' title='bbox 414 399 498 454; x_wconf 80' lang='grc' dir='ltr'><strong>τὸν</strong></span> <span class='ocrx_word' id='word_1_9' title='bbox 519 400 901 474; x_wconf 75' lang='grc' dir='ltr'><strong>μακαριώτατον</strong></span> <span class='ocrx_word' id='word_1_10' title='bbox 929 397 979 451; x_wconf 83' lang='grc' dir='ltr'>ἐκ</span> <span class='ocrx_word' id='word_1_11' title='bbox 1013 405 1112 453; x_wconf 87' lang='grc' dir='ltr'><strong>τῶν</strong></span> <span class='ocrx_word' id='word_1_12' title='bbox 1145 396 1436 470; x_wconf 74' lang='grc' dir='ltr'><strong>διπτύχων,</strong></span> <span class='ocrx_word' id='word_1_13' title='bbox 1467 401 1737 472; x_wconf 68' lang='grc' dir='ltr'>φάσκοντες</span> <span class='ocrx_word' id='word_1_14' title='bbox 1762 402 1990 474; x_wconf 76' lang='grc' dir='ltr'>Ὀνὼριον</span> 
     </span>
    </p>
   </div>
   <div class='ocr_carea' id='block_1_5' title="bbox 2097 396 3682 484">
    <p class='ocr_par' dir='ltr' id='par_1_5' title="bbox 2166 399 3682 484">
     <span class='ocr_line' id='line_1_5' title="bbox 2166 399 3682 484; baseline 0.005 -29"><span class='ocrx_word' id='word_1_15' title='bbox 2166 399 2253 455; x_wconf 87' lang='lat' dir='ltr'><strong>Uti</strong></span> <span class='ocrx_word' id='word_1_16' title='bbox 2300 401 2590 457; x_wconf 81' lang='lat' dir='ltr'><strong>viventium</strong></span> <span class='ocrx_word' id='word_1_17' title='bbox 2620 403 2995 474; x_wconf 76' lang='lat' dir='ltr'><strong>episcoporum</strong></span> <span class='ocrx_word' id='word_1_18' title='bbox 3037 406 3255 462; x_wconf 72' lang='lat' dir='ltr'><strong>nomine</strong></span> <span class='ocrx_word' id='word_1_19' title='bbox 3295 408 3464 464; x_wconf 82' lang='lat' dir='ltr'><strong>sacris</strong></span> <span class='ocrx_word' id='word_1_20' title='bbox 3497 408 3682 484; x_wconf 73' lang='lat' dir='ltr'><strong>dipty-</strong></span> 
     </span>
    </p>
   </div>
   <div class='ocr_carea' id='block_1_6' title="bbox 412 487 1987 564">
    <p class='ocr_par' dir='ltr' id='par_1_6' title="bbox 412 487 1987 564">
     <span class='ocr_line' id='line_1_6' title="bbox 412 487 1987 564; baseline 0.001 -20"><span class='ocrx_word' id='word_1_21' title='bbox 412 489 462 544; x_wconf 69' lang='grc' dir='ltr'>ὗν</span> <span class='ocrx_word' id='word_1_22' title='bbox 483 496 591 549; x_wconf 84' lang='grc' dir='ltr'>τοῖς</span> <span class='ocrx_word' id='word_1_23' title='bbox 620 487 896 560; x_wconf 74' lang='grc' dir='ltr'><strong>διπτύχοις</strong></span> <span class='ocrx_word' id='word_1_24' title='bbox 921 487 1002 543; x_wconf 78' lang='grc' dir='ltr'>διὰ</span> <span class='ocrx_word' id='word_1_25' title='bbox 1022 494 1110 548; x_wconf 77' lang='grc' dir='ltr'>τὴν</span> <span class='ocrx_word' id='word_1_26' title='bbox 1134 494 1282 559; x_wconf 76' lang='grc' dir='ltr'>τιμήν</span> <span class='ocrx_word' id='word_1_27' title='bbox 1306 487 1663 546; x_wconf 82' lang='grc' dir='ltr'><strong>’Δποστολίκου</strong></span> <span class='ocrx_word' id='word_1_28' title='bbox 1693 491 1869 564; x_wconf 77' lang='grc' dir='ltr'>θρόνου</span> <span class='ocrx_word' id='word_1_29' title='bbox 1898 501 1987 554; x_wconf 78' lang='grc' dir='ltr'><strong>τῆς·</strong></span> 
     </span>
    </p>
   </div>
   <div class='ocr_carea' id='block_1_7' title="bbox 413 574 1982 656">
    <p class='ocr_par' dir='ltr' id='par_1_7' title="bbox 413 574 1982 656">
     <span class='ocr_line' id='line_1_7' title="bbox 413 574 1982 656; baseline 0.001 -20"><span class='ocrx_word' id='word_1_30' title='bbox 413 582 777 656; x_wconf 79' lang='grc' dir='ltr'><strong>πρεσϐυτέρας</strong></span> <span class='ocrx_word' id='word_1_31' title='bbox 818 587 1049 654; x_wconf 75' lang='grc' dir='ltr'>Ῥὡμηςῑ</span> <span class='ocrx_word' id='word_1_32' title='bbox 1090 581 1348 634; x_wconf 75' lang='lat' dir='ltr'><strong>«Multam</strong></span> <span class='ocrx_word' id='word_1_33' title='bbox 1397 574 1537 635; x_wconf 89' lang='lat' dir='ltr'><strong>enim</strong></span> <span class='ocrx_word' id='word_1_34' title='bbox 1586 583 1739 636; x_wconf 91' lang='lat' dir='ltr'><strong>nobis</strong></span> <span class='ocrx_word' id='word_1_35' title='bbox 1783 583 1982 637; x_wconf 86' lang='lat' dir='ltr'><strong>instan-</strong></span> 
     </span>
    </p>
   </div>
   <div class='ocr_carea' id='block_1_8' title="bbox 415 671 1990 730">
    <p class='ocr_par' dir='ltr' id='par_1_8' title="bbox 415 671 1990 730">
     <span class='ocr_line' id='line_1_8' title="bbox 415 671 1990 730; baseline 0.003 -4"><span class='ocrx_word' id='word_1_36' title='bbox 415 673 541 726; x_wconf 87' lang='lat' dir='ltr'><strong>tiam</strong></span> <span class='ocrx_word' id='word_1_37' title='bbox 586 671 827 726; x_wconf 84' lang='lat' dir='ltr'><strong>fecerunt</strong></span> <span class='ocrx_word' id='word_1_38' title='bbox 870 682 973 726; x_wconf 84' lang='lat' dir='ltr'><strong>tam</strong></span> <span class='ocrx_word' id='word_1_39' title='bbox 1023 672 1105 726; x_wconf 92' lang='lat' dir='ltr'><strong>hic</strong></span> <span class='ocrx_word' id='word_1_40' title='bbox 1145 674 1508 727; x_wconf 87' lang='lat' dir='ltr'><strong>sanctissimus</strong></span> <span class='ocrx_word' id='word_1_41' title='bbox 1550 688 1612 726; x_wconf 92' lang='lat' dir='ltr'><strong>ac</strong></span> <span class='ocrx_word' id='word_1_42' title='bbox 1653 674 1990 730; x_wconf 92' lang='lat' dir='ltr'><strong>beatissimus</strong></span> 
     </span>
    </p>
   </div>
   <div class='ocr_carea' id='block_1_9' title="bbox 414 761 1989 834">
    <p class='ocr_par' dir='ltr' id='par_1_9' title="bbox 414 761 1989 834">
     <span class='ocr_line' id='line_1_9' title="bbox 414 761 1989 834; baseline 0.003 -19"><span class='ocrx_word' id='word_1_43' title='bbox 414 763 735 831; x_wconf 86' lang='lat' dir='ltr'><strong>patriarcha,</strong></span> <span class='ocrx_word' id='word_1_44' title='bbox 797 778 955 831; x_wconf 88' lang='lat' dir='ltr'><strong>quam</strong></span> <span class='ocrx_word' id='word_1_45' title='bbox 1018 761 1277 817; x_wconf 83' lang='lat' dir='ltr'><strong>Macarius</strong></span> <span class='ocrx_word' id='word_1_46' title='bbox 1335 765 1703 818; x_wconf 87' lang='lat' dir='ltr'><strong>sanctissimus</strong></span> <span class='ocrx_word' id='word_1_47' title='bbox 1766 766 1989 834; x_wconf 89' lang='lat' dir='ltr'><strong>patriar-</strong></span> 
     </span>
    </p>
   </div>
   <div class='ocr_carea' id='block_1_10' title="bbox 414 852 1989 922">
    <p class='ocr_par' dir='ltr' id='par_1_10' title="bbox 414 852 1989 922">
     <span class='ocr_line' id='line_1_10' title="bbox 414 852 1989 922; baseline 0.003 -17"><span class='ocrx_word' id='word_1_48' title='bbox 414 852 511 906; x_wconf 90' lang='lat' dir='ltr'><strong>cha</strong></span> <span class='ocrx_word' id='word_1_49' title='bbox 540 853 895 919; x_wconf 88' lang='lat' dir='ltr'><strong>Theopoleos,</strong></span> <span class='ocrx_word' id='word_1_50' title='bbox 924 864 979 909; x_wconf 90' lang='lat' dir='ltr'><strong>nt</strong></span> <span class='ocrx_word' id='word_1_51' title='bbox 1009 854 1291 922; x_wconf 87' lang='lat' dir='ltr'><strong>ejiceretur</strong></span> <span class='ocrx_word' id='word_1_52' title='bbox 1325 854 1619 908; x_wconf 83' lang='lat' dir='ltr'><strong>Vitalianus</strong></span> <span class='ocrx_word' id='word_1_53' title='bbox 1650 856 1989 910; x_wconf 87' lang='lat' dir='ltr'><strong>beatissimus</strong></span> 
     </span>
    </p>
   </div>
   <div class='ocr_carea' id='block_1_11' title="bbox 416 944 1991 1017">
    <p class='ocr_par' dir='ltr' id='par_1_11' title="bbox 416 944 1991 1017">
     <span class='ocr_line' id='line_1_11' title="bbox 416 944 1991 1017; baseline -0.001 -16"><span class='ocrx_word' id='word_1_54' title='bbox 416 946 486 1001; x_wconf 90' lang='lat' dir='ltr'><strong>de</strong></span> <span class='ocrx_word' id='word_1_55' title='bbox 517 944 806 1017; x_wconf 79' lang='lat' dir='ltr'><strong>diptychis,</strong></span> <span class='ocrx_word' id='word_1_56' title='bbox 835 956 1136 1001; x_wconf 82' lang='lat' dir='ltr'><strong>asserentes</strong></span> <span class='ocrx_word' id='word_1_57' title='bbox 1171 947 1459 1001; x_wconf 84' lang='lat' dir='ltr'><strong>Honorium</strong></span> <span class='ocrx_word' id='word_1_58' title='bbox 1510 947 1790 1001; x_wconf 89' lang='lat' dir='ltr'><strong>memorari</strong></span> <span class='ocrx_word' id='word_1_59' title='bbox 1825 946 1875 999; x_wconf 91' lang='lat' dir='ltr'><strong>in</strong></span> <span class='ocrx_word' id='word_1_60' title='bbox 1906 947 1991 1001; x_wconf 88' lang='lat' dir='ltr'><strong>di-</strong></span> 
     </span>
    </p>
   </div>
   <div class='ocr_carea' id='block_1_12' title="bbox 412 1039 1991 1109">
    <p class='ocr_par' dir='ltr' id='par_1_12' title="bbox 412 1039 1991 1109">
     <span class='ocr_line' id='line_1_12' title="bbox 412 1039 1991 1109; baseline 0.001 -18"><span class='ocrx_word' id='word_1_61' title='bbox 412 1039 642 1109; x_wconf 84' lang='lat' dir='ltr'><strong>ptychis,</strong></span> <span class='ocrx_word' id='word_1_62' title='bbox 673 1049 889 1107; x_wconf 80' lang='lat' dir='ltr'><strong>propter</strong></span> <span class='ocrx_word' id='word_1_63' title='bbox 932 1039 1187 1092; x_wconf 87' lang='lat' dir='ltr'><strong>honorem</strong></span> <span class='ocrx_word' id='word_1_64' title='bbox 1235 1040 1544 1107; x_wconf 60' lang='lat' dir='ltr'><strong>apostolicae</strong></span> <span class='ocrx_word' id='word_1_65' title='bbox 1576 1040 1722 1093; x_wconf 84' lang='lat' dir='ltr'><strong>sedis</strong></span> <span class='ocrx_word' id='word_1_66' title='bbox 1761 1042 1991 1109; x_wconf 71' lang='lat' dir='ltr'><strong>antiquae</strong></span> 
     </span>
    </p>
   </div>
   <div class='ocr_carea' id='block_1_13' title="bbox 414 1131 1991 1187">
    <p class='ocr_par' dir='ltr' id='par_1_13' title="bbox 414 1131 1991 1187">
     <span class='ocr_line' id='line_1_13' title="bbox 414 1131 1991 1187; baseline 0 -1"><span class='ocrx_word' id='word_1_67' title='bbox 414 1142 610 1187; x_wconf 77' lang='lat' dir='ltr'><strong>nostra:</strong></span> <span class='ocrx_word' id='word_1_68' title='bbox 645 1134 843 1187; x_wconf 63' lang='lat' dir='ltr'><strong>Romae.</strong></span> <span class='ocrx_word' id='word_1_69' title='bbox 867 1152 884 1185; x_wconf 74' lang='grc' dir='ltr'><strong>ι</strong></span> <span class='ocrx_word' id='word_1_70' title='bbox 918 1133 1289 1187; x_wconf 85' lang='lat' dir='ltr'><strong>Ecclesiastica</strong></span> <span class='ocrx_word' id='word_1_71' title='bbox 1335 1132 1556 1186; x_wconf 82' lang='lat' dir='ltr'><strong>historia</strong></span> <span class='ocrx_word' id='word_1_72' title='bbox 1587 1131 1854 1187; x_wconf 84' lang='lat' dir='ltr'><strong>Theodori</strong></span> <span class='ocrx_word' id='word_1_73' title='bbox 1889 1133 1991 1187; x_wconf 66' lang='lat' dir='ltr'><strong>Le-</strong></span> 
     </span>
    </p>
   </div>
   <div class='ocr_carea' id='block_1_14' title="bbox 415 1225 1986 1297">
    <p class='ocr_par' dir='ltr' id='par_1_14' title="bbox 415 1225 1986 1297">
     <span class='ocr_line' id='line_1_14' title="bbox 415 1225 1986 1297; baseline 0 -16"><span class='ocrx_word' id='word_1_74' title='bbox 415 1228 576 1281; x_wconf 89' lang='lat' dir='ltr'><strong>ctoris</strong></span> <span class='ocrx_word' id='word_1_75' title='bbox 609 1225 1211 1296; x_wconf 85' lang='lat' dir='ltr'><strong>Constantinopolitani,</strong></span> <span class='ocrx_word' id='word_1_76' title='bbox 1247 1229 1383 1297; x_wconf 90' lang='lat' dir='ltr'><strong>apud</strong></span> <span class='ocrx_word' id='word_1_77' title='bbox 1418 1228 1828 1291; x_wconf 82' lang='lat' dir='ltr'><strong>Damascenum,</strong></span> <span class='ocrx_word' id='word_1_78' title='bbox 1862 1241 1986 1281; x_wconf 84' lang='lat' dir='ltr'><strong>ora-</strong></span> 
     </span>
    </p>
   </div>
   <div class='ocr_carea' id='block_1_15' title="bbox 414 1318 1991 1396">
    <p class='ocr_par' dir='ltr' id='par_1_15' title="bbox 414 1318 1991 1396">
     <span class='ocr_line' id='line_1_15' title="bbox 414 1318 1991 1396; baseline 0.001 -25"><span class='ocrx_word' id='word_1_79' title='bbox 414 1319 559 1372; x_wconf 87' lang='lat' dir='ltr'><strong>tione</strong></span> <span class='ocrx_word' id='word_1_80' title='bbox 583 1320 615 1374; x_wconf 86' lang='grc'><strong>’5</strong></span> <span class='ocrx_word' id='word_1_81' title='bbox 638 1318 712 1372; x_wconf 88' lang='lat' dir='ltr'><strong>De</strong></span> <span class='ocrx_word' id='word_1_82' title='bbox 745 1320 1063 1389; x_wconf 82' lang='lat' dir='ltr'><strong>imaginibus</strong></span> <span class='ocrx_word' id='word_1_83' title='bbox 1090 1337 1102 1373; x_wconf 92' lang='lat'><strong>:</strong></span> <span class='ocrx_word' id='word_1_84' title='bbox 1126 1323 1208 1380; x_wconf 68' lang='lat' dir='ltr'><strong>lic</strong></span> <span class='ocrx_word' id='word_1_85' title='bbox 1239 1326 1485 1375; x_wconf 75' lang='grc' dir='ltr'>τοσοῦτον</span> <span class='ocrx_word' id='word_1_86' title='bbox 1534 1320 1633 1396; x_wconf 71' lang='grc' dir='ltr'><strong>γὰρ</strong></span> <span class='ocrx_word' id='word_1_87' title='bbox 1665 1320 1858 1378; x_wconf 56' lang='lat' dir='ltr'><strong>nam;</strong></span> <span class='ocrx_word' id='word_1_88' title='bbox 1900 1328 1991 1380; x_wconf 73' lang='grc' dir='ltr'><strong>τῆς</strong></span> 
     </span>
    </p>
   </div>
   <div class='ocr_carea' id='block_1_16' title="bbox 413 1411 1996 1487">
    <p class='ocr_par' dir='ltr' id='par_1_16' title="bbox 413 1411 1996 1487">
     <span class='ocr_line' id='line_1_16' title="bbox 413 1411 1996 1487; baseline -0.001 -22"><span class='ocrx_word' id='word_1_89' title='bbox 413 1411 617 1481; x_wconf 77' lang='grc' dir='ltr'>τόλμης.</span> <span class='ocrx_word' id='word_1_90' title='bbox 649 1414 779 1466; x_wconf 83' lang='grc' dir='ltr'>ὥστε</span> <span class='ocrx_word' id='word_1_91' title='bbox 801 1414 887 1465; x_wconf 81' lang='grc' dir='ltr'><strong>καὶ</strong></span> <span class='ocrx_word' id='word_1_92' title='bbox 908 1414 973 1467; x_wconf 85' lang='grc' dir='ltr'>τὰ</span> <span class='ocrx_word' id='word_1_93' title='bbox 995 1421 1094 1467; x_wconf 74' lang='grc' dir='ltr'>τῶν</span> <span class='ocrx_word' id='word_1_94' title='bbox 1116 1413 1511 1484; x_wconf 59' lang='grc' dir='ltr'><strong>ἔκεῖγεγονότων</strong></span> <span class='ocrx_word' id='word_1_95' title='bbox 1533 1414 1797 1487; x_wconf 77' lang='grc' dir='ltr'><strong>μακαρίων</strong></span> <span class='ocrx_word' id='word_1_96' title='bbox 1823 1412 1996 1481; x_wconf 71' lang='grc' dir='ltr'>ποιμέ-</span> 
     </span>
    </p>
   </div>
   <div class='ocr_carea' id='block_1_17' title="bbox 412 1500 1992 1576">
    <p class='ocr_par' dir='ltr' id='par_1_17' title="bbox 412 1500 1992 1576">
     <span class='ocr_line' id='line_1_17' title="bbox 412 1500 1992 1576; baseline 0 -23"><span class='ocrx_word' id='word_1_97' title='bbox 412 1522 505 1554; x_wconf 82' lang='grc' dir='ltr'>νων</span> <span class='ocrx_word' id='word_1_98' title='bbox 532 1500 769 1572; x_wconf 74' lang='grc' dir='ltr'>ὀνόματα,</span> <span class='ocrx_word' id='word_1_99' title='bbox 796 1508 894 1555; x_wconf 87' lang='grc' dir='ltr'><strong>τῶν</strong></span> <span class='ocrx_word' id='word_1_100' title='bbox 918 1503 1066 1576; x_wconf 58' lang='grc' dir='ltr'><strong>ἱερῶν</strong></span> <span class='ocrx_word' id='word_1_101' title='bbox 1094 1500 1363 1572; x_wconf 73' lang='grc' dir='ltr'><strong>διπτύχων</strong></span> <span class='ocrx_word' id='word_1_102' title='bbox 1390 1501 1569 1565; x_wconf 75' lang='grc' dir='ltr'><strong>ἀνεῖλε,</strong></span> <span class='ocrx_word' id='word_1_103' title='bbox 1596 1506 1675 1555; x_wconf 83' lang='grc' dir='ltr'><strong>καὶ</strong></span> <span class='ocrx_word' id='word_1_104' title='bbox 1702 1502 1792 1561; x_wconf 74' lang='grc' dir='ltr'><strong>τὰς</strong></span> <span class='ocrx_word' id='word_1_105' title='bbox 1828 1503 1992 1555; x_wconf 83' lang='grc' dir='ltr'>αὐτῶν</span> 
     </span>
    </p>
   </div>
   <div class='ocr_carea' id='block_1_18' title="bbox 411 1593 1990 1668">
    <p class='ocr_par' dir='ltr' id='par_1_18' title="bbox 411 1593 1990 1668">
     <span class='ocr_line' id='line_1_18' title="bbox 411 1593 1990 1668; baseline 0.001 -21"><span class='ocrx_word' id='word_1_106' title='bbox 411 1594 607 1655; x_wconf 66' lang='grc' dir='ltr'>εἰκόνας</span> <span class='ocrx_word' id='word_1_107' title='bbox 651 1593 867 1656; x_wconf 78' lang='grc' dir='ltr'><strong>καθεῖλε,</strong></span> <span class='ocrx_word' id='word_1_108' title='bbox 911 1597 1238 1656; x_wconf 69' lang='grc' dir='ltr'><strong>κατακαύσας</strong></span> <span class='ocrx_word' id='word_1_109' title='bbox 1287 1602 1608 1668; x_wconf 74' lang='grc' dir='ltr'>τυραννικῶς.</span> <span class='ocrx_word' id='word_1_110' title='bbox 1642 1594 1773 1661; x_wconf 71' lang='lat' dir='ltr'><strong>Qua:</strong></span> <span class='ocrx_word' id='word_1_111' title='bbox 1821 1593 1990 1649; x_wconf 84' lang='lat' dir='ltr'><strong>Fran-</strong></span> 
     </span>
    </p>
   </div>
   <div class='ocr_carea' id='block_1_19' title="bbox 411 1682 1988 1752">
    <p class='ocr_par' dir='ltr' id='par_1_19' title="bbox 411 1682 1988 1752">
     <span class='ocr_line' id='line_1_19' title="bbox 411 1682 1988 1752; baseline 0.003 -17"><span class='ocrx_word' id='word_1_112' title='bbox 411 1682 585 1736; x_wconf 91' lang='lat' dir='ltr'><strong>ciscus</strong></span> <span class='ocrx_word' id='word_1_113' title='bbox 617 1682 781 1737; x_wconf 87' lang='lat' dir='ltr'><strong>Zinns</strong></span> <span class='ocrx_word' id='word_1_114' title='bbox 817 1684 1135 1740; x_wconf 87' lang='lat' dir='ltr'><strong>Veronensis</strong></span> <span class='ocrx_word' id='word_1_115' title='bbox 1178 1686 1247 1739; x_wconf 90' lang='lat' dir='ltr'><strong>ita</strong></span> <span class='ocrx_word' id='word_1_116' title='bbox 1294 1687 1491 1740; x_wconf 83' lang='lat' dir='ltr'><strong>vertit:</strong></span> <span class='ocrx_word' id='word_1_117' title='bbox 1530 1703 1548 1736; x_wconf 85' lang='grc' dir='ltr'><strong>ι</strong></span> <span class='ocrx_word' id='word_1_118' title='bbox 1584 1687 1657 1739; x_wconf 67' lang='lat' dir='ltr'><strong>lio</strong></span> <span class='ocrx_word' id='word_1_119' title='bbox 1685 1701 1813 1740; x_wconf 90' lang='lat' dir='ltr'><strong>vero</strong></span> <span class='ocrx_word' id='word_1_120' title='bbox 1863 1701 1988 1752; x_wconf 89' lang='lat' dir='ltr'><strong>pro-</strong></span> 
     </span>
    </p>
   </div>
   <div class='ocr_carea' id='block_1_20' title="bbox 2092 489 3682 571">
    <p class='ocr_par' dir='ltr' id='par_1_20' title="bbox 2092 489 3682 571">
     <span class='ocr_line' id='line_1_20' title="bbox 2092 489 3682 571; baseline 0.008 -26"><span class='ocrx_word' id='word_1_121' title='bbox 2092 489 2209 545; x_wconf 72' lang='lat' dir='ltr'><strong>cliis</strong></span> <span class='ocrx_word' id='word_1_122' title='bbox 2239 491 2635 561; x_wconf 83' lang='lat' dir='ltr'><strong>inserebantur,</strong></span> <span class='ocrx_word' id='word_1_123' title='bbox 2665 496 2734 549; x_wconf 88' lang='lat' dir='ltr'><strong>ita</strong></span> <span class='ocrx_word' id='word_1_124' title='bbox 2767 511 2836 550; x_wconf 73' lang='lat' dir='ltr'><strong>ex</strong></span> <span class='ocrx_word' id='word_1_125' title='bbox 2866 493 3053 550; x_wconf 76' lang='lat' dir='ltr'><strong>iisdem</strong></span> <span class='ocrx_word' id='word_1_126' title='bbox 3089 496 3407 554; x_wconf 87' lang='lat' dir='ltr'><strong>tollebantur</strong></span> <span class='ocrx_word' id='word_1_127' title='bbox 3435 502 3682 571; x_wconf 76' lang='lat' dir='ltr'><strong>quando-</strong></span> 
     </span>
    </p>
   </div>
   <div class='ocr_carea' id='block_1_21' title="bbox 2094 584 3682 657">
    <p class='ocr_par' dir='ltr' id='par_1_21' title="bbox 2094 584 3682 657">
     <span class='ocr_line' id='line_1_21' title="bbox 2094 584 3682 657; baseline 0.007 -22"><span class='ocrx_word' id='word_1_128' title='bbox 2094 596 2197 651; x_wconf 89' lang='lat' dir='ltr'><strong>que</strong></span> <span class='ocrx_word' id='word_1_129' title='bbox 2224 584 2513 639; x_wconf 83' lang='lat' dir='ltr'><strong>viventium</strong></span> <span class='ocrx_word' id='word_1_130' title='bbox 2545 586 2782 640; x_wconf 88' lang='lat' dir='ltr'><strong>nomina.</strong></span> <span class='ocrx_word' id='word_1_131' title='bbox 2819 586 3064 652; x_wconf 71' lang='lat' dir='ltr'><strong>Produs,</strong></span> <span class='ocrx_word' id='word_1_132' title='bbox 3094 588 3337 657; x_wconf 88' lang='lat' dir='ltr'><strong>archicp.</strong></span> <span class='ocrx_word' id='word_1_133' title='bbox 3368 590 3682 646; x_wconf 83' lang='lat' dir='ltr'><strong>Constanti-</strong></span> 
     </span>
    </p>
   </div>
   <div class='ocr_carea' id='block_1_22' title="bbox 2093 672 3681 753">
    <p class='ocr_par' dir='ltr' id='par_1_22' title="bbox 2093 672 3681 753">
     <span class='ocr_line' id='line_1_22' title="bbox 2093 672 3681 753; baseline 0.006 -24"><span class='ocrx_word' id='word_1_134' title='bbox 2093 672 2428 743; x_wconf 62' lang='lat' dir='ltr'><strong>nopolitnnus</strong></span> <span class='ocrx_word' id='word_1_135' title='bbox 2456 717 2471 741; x_wconf 91' lang='lat'><strong>,</strong></span> <span class='ocrx_word' id='word_1_136' title='bbox 2501 677 2566 731; x_wconf 90' lang='lat' dir='ltr'><strong>ad</strong></span> <span class='ocrx_word' id='word_1_137' title='bbox 2602 678 2858 732; x_wconf 91' lang='lat' dir='ltr'><strong>domnnm</strong></span> <span class='ocrx_word' id='word_1_138' title='bbox 2904 679 3298 736; x_wconf 86' lang='lat' dir='ltr'><strong>Antiochenum</strong></span> <span class='ocrx_word' id='word_1_139' title='bbox 3331 683 3681 753; x_wconf 86' lang='lat' dir='ltr'><strong>episcopum,</strong></span> 
     </span>
    </p>
   </div>
   <div class='ocr_carea' id='block_1_23' title="bbox 2094 769 3683 841">
    <p class='ocr_par' dir='ltr' id='par_1_23' title="bbox 2094 769 3683 841">
     <span class='ocr_line' id='line_1_23' title="bbox 2094 769 3683 841; baseline 0.006 -22"><span class='ocrx_word' id='word_1_140' title='bbox 2094 781 2190 837; x_wconf 92' lang='lat' dir='ltr'><strong>pro</strong></span> <span class='ocrx_word' id='word_1_141' title='bbox 2218 782 2378 822; x_wconf 87' lang='lat' dir='ltr'><strong>causa</strong></span> <span class='ocrx_word' id='word_1_142' title='bbox 2409 769 2687 823; x_wconf 83' lang='lat' dir='ltr'><strong>Athanasii</strong></span> <span class='ocrx_word' id='word_1_143' title='bbox 2721 770 2935 825; x_wconf 76' lang='lat' dir='ltr'><strong>Perrba:</strong></span> <span class='ocrx_word' id='word_1_144' title='bbox 2965 769 3201 841; x_wconf 88' lang='lat' dir='ltr'><strong>episcopi</strong></span> <span class='ocrx_word' id='word_1_145' title='bbox 3220 812 3235 835; x_wconf 92' lang='lat'><strong>,</strong></span> <span class='ocrx_word' id='word_1_146' title='bbox 3266 772 3417 841; x_wconf 86' lang='lat' dir='ltr'><strong>cujus</strong></span> <span class='ocrx_word' id='word_1_147' title='bbox 3448 775 3683 829; x_wconf 79' lang='lat' dir='ltr'><strong>viventis</strong></span> 
     </span>
    </p>
   </div>
   <div class='ocr_carea' id='block_1_24' title="bbox 2095 859 3683 929">
    <p class='ocr_par' dir='ltr' id='par_1_24' title="bbox 2095 859 3683 929">
     <span class='ocr_line' id='line_1_24' title="bbox 2095 859 3683 929; baseline 0.006 -19"><span class='ocrx_word' id='word_1_148' title='bbox 2095 870 2291 910; x_wconf 84' lang='lat' dir='ltr'><strong>nomen</strong></span> <span class='ocrx_word' id='word_1_149' title='bbox 2322 872 2354 912; x_wconf 88' lang='lat' dir='ltr'><strong>e</strong></span> <span class='ocrx_word' id='word_1_150' title='bbox 2393 860 2560 913; x_wconf 88' lang='lat' dir='ltr'><strong>sacris</strong></span> <span class='ocrx_word' id='word_1_151' title='bbox 2604 859 2869 929; x_wconf 81' lang='lat' dir='ltr'><strong>diptychis</strong></span> <span class='ocrx_word' id='word_1_152' title='bbox 2913 876 3125 915; x_wconf 86' lang='lat' dir='ltr'><strong>erasum</strong></span> <span class='ocrx_word' id='word_1_153' title='bbox 3169 872 3314 929; x_wconf 87' lang='lat' dir='ltr'><strong>erat,</strong></span> <span class='ocrx_word' id='word_1_154' title='bbox 3361 863 3584 918; x_wconf 88' lang='lat' dir='ltr'><strong>habetur</strong></span> <span class='ocrx_word' id='word_1_155' title='bbox 3628 866 3683 919; x_wconf 89' lang='lat' dir='ltr'><strong>in</strong></span> 
     </span>
    </p>
   </div>
   <div class='ocr_carea' id='block_1_25' title="bbox 2094 947 3695 1029">
    <p class='ocr_par' dir='ltr' id='par_1_25' title="bbox 2094 947 3695 1029">
     <span class='ocr_line' id='line_1_25' title="bbox 2094 947 3695 1029; baseline 0.006 -29"><span class='ocrx_word' id='word_1_156' title='bbox 2094 947 2322 1001; x_wconf 89' lang='lat' dir='ltr'><strong>concilio</strong></span> <span class='ocrx_word' id='word_1_157' title='bbox 2342 947 2760 1003; x_wconf 82' lang='lat' dir='ltr'><strong>Chalcedonensi</strong></span> <span class='ocrx_word' id='word_1_158' title='bbox 2780 993 2794 1014; x_wconf 92' lang='lat'><strong>,</strong></span> <span class='ocrx_word' id='word_1_159' title='bbox 2818 958 2924 1005; x_wconf 88' lang='lat' dir='ltr'><strong>act.</strong></span> <span class='ocrx_word' id='word_1_160' title='bbox 2954 951 3015 1004; x_wconf 77' lang='grc' dir='ltr'>Η</span> <span class='ocrx_word' id='word_1_161' title='bbox 3036 969 3051 1007; x_wconf 74' lang='grc' dir='ltr'>ζ</span> <span class='ocrx_word' id='word_1_162' title='bbox 3078 956 3177 1007; x_wconf 76' lang='grc' dir='ltr'><strong>Καὶ</strong></span> <span class='ocrx_word' id='word_1_163' title='bbox 3196 961 3295 1008; x_wconf 80' lang='grc' dir='ltr'>τῶν</span> <span class='ocrx_word' id='word_1_164' title='bbox 3320 954 3465 1029; x_wconf 71' lang='grc' dir='ltr'><strong>ἱερῶν</strong></span> <span class='ocrx_word' id='word_1_165' title='bbox 3493 954 3695 1011; x_wconf 61' lang='grc' dir='ltr'>δέλτων</span> 
     </span>
    </p>
   </div>
   <div class='ocr_carea' id='block_1_26' title="bbox 2093 1039 3676 1117">
    <p class='ocr_par' dir='ltr' id='par_1_26' title="bbox 2093 1039 3676 1117">
     <span class='ocr_line' id='line_1_26' title="bbox 2093 1039 3676 1117; baseline 0.004 -22"><span class='ocrx_word' id='word_1_166' title='bbox 2093 1041 2337 1117; x_wconf 77' lang='grc' dir='ltr'><strong>περιελεῖν</strong></span> <span class='ocrx_word' id='word_1_167' title='bbox 2361 1043 2417 1097; x_wconf 85' lang='grc' dir='ltr'><strong>τό</strong></span> <span class='ocrx_word' id='word_1_168' title='bbox 2446 1039 2599 1113; x_wconf 77' lang='grc' dir='ltr'>ὄνομα</span> <span class='ocrx_word' id='word_1_169' title='bbox 2619 1051 2708 1098; x_wconf 84' lang='grc' dir='ltr'>τοῦ</span> <span class='ocrx_word' id='word_1_170' title='bbox 2742 1044 3160 1107; x_wconf 80' lang='grc' dir='ltr'><strong>ἔπισκοποῦντος.</strong></span> <span class='ocrx_word' id='word_1_171' title='bbox 3191 1042 3289 1100; x_wconf 83' lang='lat' dir='ltr'><strong>Ubi</strong></span> <span class='ocrx_word' id='word_1_172' title='bbox 3322 1056 3474 1101; x_wconf 90' lang='lat' dir='ltr'><strong>vetus</strong></span> <span class='ocrx_word' id='word_1_173' title='bbox 3506 1049 3676 1102; x_wconf 88' lang='lat' dir='ltr'><strong>inter-</strong></span> 
     </span>
    </p>
   </div>
   <div class='ocr_carea' id='block_1_27' title="bbox 2094 1135 3675 1209">
    <p class='ocr_par' dir='ltr' id='par_1_27' title="bbox 2094 1135 3675 1209">
     <span class='ocr_line' id='line_1_27' title="bbox 2094 1135 3675 1209; baseline 0.006 -24"><span class='ocrx_word' id='word_1_174' title='bbox 2094 1146 2217 1202; x_wconf 88' lang='lat' dir='ltr'><strong>pres</strong></span> <span class='ocrx_word' id='word_1_175' title='bbox 2245 1135 2402 1187; x_wconf 87' lang='lat' dir='ltr'><strong>vertit</strong></span> <span class='ocrx_word' id='word_1_176' title='bbox 2427 1149 2441 1187; x_wconf 91' lang='lat'><strong>:</strong></span> <span class='ocrx_word' id='word_1_177' title='bbox 2472 1144 2520 1188; x_wconf 86' lang='lat' dir='ltr'><strong>et</strong></span> <span class='ocrx_word' id='word_1_178' title='bbox 2551 1137 2776 1204; x_wconf 74' lang='lat' dir='ltr'><strong>episcopi</strong></span> <span class='ocrx_word' id='word_1_179' title='bbox 2804 1153 2982 1191; x_wconf 80' lang='lat' dir='ltr'><strong>nomen</strong></span> <span class='ocrx_word' id='word_1_180' title='bbox 3019 1137 3081 1191; x_wconf 74' lang='lat' dir='ltr'><strong>de</strong></span> <span class='ocrx_word' id='word_1_181' title='bbox 3106 1140 3268 1192; x_wconf 75' lang='lat' dir='ltr'><strong>sacris</strong></span> <span class='ocrx_word' id='word_1_182' title='bbox 3293 1139 3555 1209; x_wconf 78' lang='lat' dir='ltr'><strong>diptychis</strong></span> <span class='ocrx_word' id='word_1_183' title='bbox 3583 1141 3675 1193; x_wconf 70' lang='lat' dir='ltr'><strong>ab-</strong></span> 
     </span>
    </p>
   </div>
   <div class='ocr_carea' id='block_1_28' title="bbox 2091 1224 3675 1295">
    <p class='ocr_par' dir='ltr' id='par_1_28' title="bbox 2091 1224 3675 1295">
     <span class='ocr_line' id='line_1_28' title="bbox 2091 1224 3675 1295; baseline 0.005 -15"><span class='ocrx_word' id='word_1_184' title='bbox 2091 1224 2318 1280; x_wconf 73' lang='lat' dir='ltr'><strong>stulisse.</strong></span> <span class='ocrx_word' id='word_1_185' title='bbox 2378 1224 2596 1295; x_wconf 79' lang='lat' dir='ltr'><strong>Vigilius</strong></span> <span class='ocrx_word' id='word_1_186' title='bbox 2656 1242 2787 1294; x_wconf 85' lang='lat' dir='ltr'><strong>papa</strong></span> <span class='ocrx_word' id='word_1_187' title='bbox 2845 1228 2895 1282; x_wconf 94' lang='lat' dir='ltr'><strong>in</strong></span> <span class='ocrx_word' id='word_1_188' title='bbox 2948 1229 3293 1286; x_wconf 79' lang='lat' dir='ltr'><strong>damnatione</strong></span> <span class='ocrx_word' id='word_1_189' title='bbox 3345 1231 3616 1288; x_wconf 86' lang='lat' dir='ltr'><strong>Theodori</strong></span> <span class='ocrx_word' id='word_1_190' title='bbox 3660 1250 3675 1287; x_wconf 90' lang='lat'><strong>:</strong></span> 
     </span>
    </p>
   </div>
   <div class='ocr_carea' id='block_1_29' title="bbox 2101 1316 3683 1379">
    <p class='ocr_par' dir='ltr' id='par_1_29' title="bbox 2101 1316 3683 1379">
     <span class='ocr_line' id='line_1_29' title="bbox 2101 1316 3683 1379; baseline 0.007 -11"><span class='ocrx_word' id='word_1_191' title='bbox 2101 1335 2120 1368; x_wconf 77' lang='grc' dir='ltr'><strong>ι</strong></span> <span class='ocrx_word' id='word_1_192' title='bbox 2152 1317 2323 1371; x_wconf 88' lang='lat' dir='ltr'><strong>Etiam</strong></span> <span class='ocrx_word' id='word_1_193' title='bbox 2356 1316 2728 1372; x_wconf 71' lang='lat' dir='ltr'><strong>Alexandrina:</strong></span> <span class='ocrx_word' id='word_1_194' title='bbox 2774 1319 3027 1374; x_wconf 76' lang='lat' dir='ltr'><strong>Ecclesia:</strong></span> <span class='ocrx_word' id='word_1_195' title='bbox 3073 1321 3408 1376; x_wconf 89' lang='lat' dir='ltr'><strong>sacerdotem</strong></span> <span class='ocrx_word' id='word_1_196' title='bbox 3448 1322 3683 1379; x_wconf 82' lang='lat' dir='ltr'><strong>fratrem</strong></span> 
     </span>
    </p>
   </div>
   <div class='ocr_carea' id='block_1_30' title="bbox 2094 1409 3679 1484">
    <p class='ocr_par' dir='ltr' id='par_1_30' title="bbox 2094 1409 3679 1484">
     <span class='ocr_line' id='line_1_30' title="bbox 2094 1409 3679 1484; baseline 0.004 -20"><span class='ocrx_word' id='word_1_197' title='bbox 2094 1421 2335 1465; x_wconf 89' lang='lat' dir='ltr'><strong>nostrum</strong></span> <span class='ocrx_word' id='word_1_198' title='bbox 2364 1409 2604 1476; x_wconf 88' lang='lat' dir='ltr'><strong>Zoilum,</strong></span> <span class='ocrx_word' id='word_1_199' title='bbox 2634 1411 2785 1481; x_wconf 87' lang='lat' dir='ltr'><strong>cujus</strong></span> <span class='ocrx_word' id='word_1_200' title='bbox 2813 1428 3004 1468; x_wconf 82' lang='lat' dir='ltr'><strong>nomen</strong></span> <span class='ocrx_word' id='word_1_201' title='bbox 3036 1429 3202 1484; x_wconf 89' lang='lat' dir='ltr'><strong>usque</strong></span> <span class='ocrx_word' id='word_1_202' title='bbox 3228 1414 3291 1468; x_wconf 73' lang='lat' dir='ltr'><strong>ad</strong></span> <span class='ocrx_word' id='word_1_203' title='bbox 3321 1425 3679 1471; x_wconf 88' lang='lat' dir='ltr'><strong>memoratum</strong></span> 
     </span>
    </p>
   </div>
   <div class='ocr_carea' id='block_1_31' title="bbox 2094 1500 3680 1575">
    <p class='ocr_par' dir='ltr' id='par_1_31' title="bbox 2094 1500 3680 1575">
     <span class='ocr_line' id='line_1_31' title="bbox 2094 1500 3680 1575; baseline 0.003 -21"><span class='ocrx_word' id='word_1_204' title='bbox 2094 1500 2235 1554; x_wconf 89' lang='lat' dir='ltr'><strong>diem</strong></span> <span class='ocrx_word' id='word_1_205' title='bbox 2258 1501 2705 1556; x_wconf 83' lang='lat' dir='ltr'><strong>communicatum</strong></span> <span class='ocrx_word' id='word_1_206' title='bbox 2730 1502 2881 1556; x_wconf 83' lang='lat' dir='ltr'><strong>vobis</strong></span> <span class='ocrx_word' id='word_1_207' title='bbox 2913 1500 3082 1557; x_wconf 87' lang='lat' dir='ltr'><strong>fuerat</strong></span> <span class='ocrx_word' id='word_1_208' title='bbox 3099 1545 3115 1569; x_wconf 95' lang='lat'><strong>,</strong></span> <span class='ocrx_word' id='word_1_209' title='bbox 3147 1504 3414 1575; x_wconf 84' lang='lat' dir='ltr'><strong>diptychis</strong></span> <span class='ocrx_word' id='word_1_210' title='bbox 3436 1505 3680 1559; x_wconf 76' lang='lat' dir='ltr'><strong>eximen-</strong></span> 
     </span>
    </p>
   </div>
   <div class='ocr_carea' id='block_1_32' title="bbox 2096 1591 3687 1665">
    <p class='ocr_par' dir='ltr' id='par_1_32' title="bbox 2096 1591 3687 1665">
     <span class='ocr_line' id='line_1_32' title="bbox 2096 1591 3687 1665; baseline 0.004 -19"><span class='ocrx_word' id='word_1_211' title='bbox 2096 1599 2176 1648; x_wconf 92' lang='lat' dir='ltr'><strong>tes</strong></span> <span class='ocrx_word' id='word_1_212' title='bbox 2200 1631 2215 1657; x_wconf 91' lang='lat'><strong>,</strong></span> <span class='ocrx_word' id='word_1_213' title='bbox 2250 1591 2609 1660; x_wconf 86' lang='lat' dir='ltr'><strong>Apollinarem</strong></span> <span class='ocrx_word' id='word_1_214' title='bbox 2657 1594 2941 1662; x_wconf 87' lang='lat' dir='ltr'><strong>quemdam</strong></span> <span class='ocrx_word' id='word_1_215' title='bbox 2987 1609 3355 1663; x_wconf 82' lang='lat' dir='ltr'><strong>perversnrern</strong></span> <span class='ocrx_word' id='word_1_216' title='bbox 3390 1604 3553 1665; x_wconf 85' lang='lat' dir='ltr'><strong>atque</strong></span> <span class='ocrx_word' id='word_1_217' title='bbox 3584 1595 3687 1653; x_wconf 55' lang='lat' dir='ltr'><strong>Ec.</strong></span> 
     </span>
    </p>
   </div>
   <div class='ocr_carea' id='block_1_33' title="bbox 2095 1686 3317 1753">
    <p class='ocr_par' dir='ltr' id='par_1_33' title="bbox 2095 1686 3317 1753">
     <span class='ocr_line' id='line_1_33' title="bbox 2095 1686 3317 1753; baseline 0.002 -14"><span class='ocrx_word' id='word_1_218' title='bbox 2095 1686 2273 1741; x_wconf 66' lang='lat' dir='ltr'><strong>clesite</strong></span> <span class='ocrx_word' id='word_1_219' title='bbox 2301 1686 2467 1753; x_wconf 86' lang='lat' dir='ltr'><strong>ipsius</strong></span> <span class='ocrx_word' id='word_1_220' title='bbox 2493 1686 2788 1741; x_wconf 85' lang='lat' dir='ltr'><strong>adulterum</strong></span> <span class='ocrx_word' id='word_1_221' title='bbox 2818 1687 2967 1740; x_wconf 77' lang='lat' dir='ltr'><strong>vobis</strong></span> <span class='ocrx_word' id='word_1_222' title='bbox 2998 1687 3267 1743; x_wconf 62' lang='lat' dir='ltr'><strong>socrnstis.</strong></span> <span class='ocrx_word' id='word_1_223' title='bbox 3297 1706 3317 1741; x_wconf 73' lang='grc' dir='ltr'><strong>ι</strong></span> 
     </span>
    </p>
   </div>
   <div class='ocr_carea' id='block_1_34' title="bbox 411 1772 3681 1848">
    <p class='ocr_par' dir='ltr' id='par_1_34' title="bbox 411 1772 3681 1848">
     <span class='ocr_line' id='line_1_34' title="bbox 411 1772 3681 1848; baseline 0.002 -23"><span class='ocrx_word' id='word_1_224' title='bbox 411 1785 595 1827; x_wconf 88' lang='lat' dir='ltr'><strong>vectus</strong></span> <span class='ocrx_word' id='word_1_225' title='bbox 620 1783 704 1828; x_wconf 90' lang='lat' dir='ltr'><strong>est</strong></span> <span class='ocrx_word' id='word_1_226' title='bbox 728 1774 971 1840; x_wconf 73' lang='lat' dir='ltr'><strong>audacia,</strong></span> <span class='ocrx_word' id='word_1_227' title='bbox 998 1785 1054 1829; x_wconf 92' lang='lat' dir='ltr'><strong>ut</strong></span> <span class='ocrx_word' id='word_1_228' title='bbox 1084 1778 1355 1831; x_wconf 89' lang='lat' dir='ltr'><strong>beatorum</strong></span> <span class='ocrx_word' id='word_1_229' title='bbox 1387 1778 1476 1846; x_wconf 87' lang='lat' dir='ltr'><strong>qui</strong></span> <span class='ocrx_word' id='word_1_230' title='bbox 1508 1779 1616 1832; x_wconf 91' lang='lat' dir='ltr'><strong>illic</strong></span> <span class='ocrx_word' id='word_1_231' title='bbox 1647 1777 1854 1833; x_wconf 89' lang='lat' dir='ltr'><strong>fuerant</strong></span> <span class='ocrx_word' id='word_1_232' title='bbox 1883 1780 1995 1848; x_wconf 90' lang='lat' dir='ltr'><strong>epi-</strong></span> <span class='ocrx_word' id='word_1_233' title='bbox 2027 1772 2073 1830; x_wconf 90' lang='lat' dir='ltr'><strong>B</strong></span> <span class='ocrx_word' id='word_1_234' title='bbox 2166 1776 2392 1831; x_wconf 82' lang='lat' dir='ltr'><strong>Nomina</strong></span> <span class='ocrx_word' id='word_1_235' title='bbox 2422 1777 2708 1831; x_wconf 78' lang='lat' dir='ltr'><strong>viventium</strong></span> <span class='ocrx_word' id='word_1_236' title='bbox 2729 1819 2743 1841; x_wconf 92' lang='lat'><strong>,</strong></span> <span class='ocrx_word' id='word_1_237' title='bbox 2767 1792 2884 1846; x_wconf 70' lang='lat' dir='ltr'><strong>qua:</strong></span> <span class='ocrx_word' id='word_1_238' title='bbox 2911 1779 3079 1832; x_wconf 90' lang='lat' dir='ltr'><strong>sacris</strong></span> <span class='ocrx_word' id='word_1_239' title='bbox 3107 1777 3373 1847; x_wconf 83' lang='lat' dir='ltr'><strong>diptychis</strong></span> <span class='ocrx_word' id='word_1_240' title='bbox 3417 1777 3681 1833; x_wconf 82' lang='lat' dir='ltr'><strong>inscribe-</strong></span> 
     </span>
    </p>
   </div>
   <div class='ocr_carea' id='block_1_35' title="bbox 411 1868 1989 1941">
    <p class='ocr_par' dir='ltr' id='par_1_35' title="bbox 411 1868 1989 1941">
     <span class='ocr_line' id='line_1_35' title="bbox 411 1868 1989 1941; baseline 0.005 -23"><span class='ocrx_word' id='word_1_241' title='bbox 411 1877 691 1934; x_wconf 80' lang='lat' dir='ltr'><strong>sc0porum</strong></span> <span class='ocrx_word' id='word_1_242' title='bbox 735 1868 973 1933; x_wconf 79' lang='lat' dir='ltr'><strong>nomina,</strong></span> <span class='ocrx_word' id='word_1_243' title='bbox 1005 1868 1343 1922; x_wconf 87' lang='lat' dir='ltr'><strong>sacerdotum</strong></span> <span class='ocrx_word' id='word_1_244' title='bbox 1380 1869 1711 1941; x_wconf 82' lang='lat' dir='ltr'><strong>geminarum</strong></span> <span class='ocrx_word' id='word_1_245' title='bbox 1755 1873 1989 1926; x_wconf 89' lang='lat' dir='ltr'><strong>sustule-</strong></span> 
     </span>
    </p>
   </div>
   <div class='ocr_carea' id='block_1_36' title="bbox 411 1958 1994 2030">
    <p class='ocr_par' dir='ltr' id='par_1_36' title="bbox 411 1958 1994 2030">
     <span class='ocr_line' id='line_1_36' title="bbox 411 1958 1994 2030; baseline 0.004 -18"><span class='ocrx_word' id='word_1_246' title='bbox 411 1958 515 2023; x_wconf 86' lang='lat' dir='ltr'><strong>rit,</strong></span> <span class='ocrx_word' id='word_1_247' title='bbox 577 1960 957 2029; x_wconf 84' lang='lat' dir='ltr'><strong>tyranniceque</strong></span> <span class='ocrx_word' id='word_1_248' title='bbox 1017 1961 1389 2017; x_wconf 87' lang='lat' dir='ltr'><strong>combusserit.</strong></span> <span class='ocrx_word' id='word_1_249' title='bbox 1433 1981 1451 2014; x_wconf 74' lang='grc' dir='ltr'><strong>ι</strong></span> <span class='ocrx_word' id='word_1_250' title='bbox 1510 1962 1610 2030; x_wconf 86' lang='lat' dir='ltr'><strong>Qui</strong></span> <span class='ocrx_word' id='word_1_251' title='bbox 1675 1979 1780 2017; x_wconf 91' lang='lat' dir='ltr'><strong>non</strong></span> <span class='ocrx_word' id='word_1_252' title='bbox 1847 1973 1994 2018; x_wconf 87' lang='lat' dir='ltr'><strong>recte</strong></span> 
     </span>
    </p>
   </div>
   <div class='ocr_carea' id='block_1_37' title="bbox 412 2053 1997 2130">
    <p class='ocr_par' dir='ltr' id='par_1_37' title="bbox 412 2053 1997 2130">
     <span class='ocr_line' id='line_1_37' title="bbox 412 2053 1997 2130; baseline 0.004 -26"><span class='ocrx_word' id='word_1_253' title='bbox 412 2053 648 2121; x_wconf 89' lang='lat' dir='ltr'><strong>percepit</strong></span> <span class='ocrx_word' id='word_1_254' title='bbox 704 2057 849 2130; x_wconf 80' lang='grc' dir='ltr'>ἱερῶν</span> <span class='ocrx_word' id='word_1_255' title='bbox 898 2056 1197 2129; x_wconf 80' lang='grc' dir='ltr'><strong>διπτύχων,</strong></span> <span class='ocrx_word' id='word_1_256' title='bbox 1241 2058 1379 2127; x_wconf 89' lang='lat' dir='ltr'><strong>quod</strong></span> <span class='ocrx_word' id='word_1_257' title='bbox 1429 2058 1620 2123; x_wconf 79' lang='lat' dir='ltr'><strong>vertit,</strong></span> <span class='ocrx_word' id='word_1_258' title='bbox 1674 2059 1997 2112; x_wconf 73' lang='lat' dir='ltr'><strong>sacerdotum</strong></span> 
     </span>
    </p>
   </div>
   <div class='ocr_carea' id='block_1_38' title="bbox 413 2144 1995 2219">
    <p class='ocr_par' dir='ltr' id='par_1_38' title="bbox 413 2144 1995 2219">
     <span class='ocr_line' id='line_1_38' title="bbox 413 2144 1995 2219; baseline 0.006 -25"><span class='ocrx_word' id='word_1_259' title='bbox 413 2144 727 2214; x_wconf 83' lang='lat' dir='ltr'><strong>geminorum</strong></span> <span class='ocrx_word' id='word_1_260' title='bbox 748 2188 761 2211; x_wconf 93' lang='lat'><strong>,</strong></span> <span class='ocrx_word' id='word_1_261' title='bbox 790 2162 906 2199; x_wconf 93' lang='lat' dir='ltr'><strong>cum</strong></span> <span class='ocrx_word' id='word_1_262' title='bbox 934 2149 1247 2202; x_wconf 80' lang='lat' dir='ltr'><strong>vertendum</strong></span> <span class='ocrx_word' id='word_1_263' title='bbox 1278 2149 1348 2203; x_wconf 86' lang='lat' dir='ltr'><strong>sit</strong></span> <span class='ocrx_word' id='word_1_264' title='bbox 1378 2166 1404 2201; x_wconf 88' lang='lat' dir='ltr'><strong>e</strong></span> <span class='ocrx_word' id='word_1_265' title='bbox 1430 2149 1591 2202; x_wconf 79' lang='lat' dir='ltr'><strong>sacris</strong></span> <span class='ocrx_word' id='word_1_266' title='bbox 1634 2149 1909 2219; x_wconf 79' lang='lat' dir='ltr'><strong>diptyrhis,</strong></span> <span class='ocrx_word' id='word_1_267' title='bbox 1938 2160 1995 2204; x_wconf 89' lang='lat' dir='ltr'><strong>ut</strong></span> 
     </span>
    </p>
   </div>
   <div class='ocr_carea' id='block_1_39' title="bbox 414 2239 1992 2296">
    <p class='ocr_par' dir='ltr' id='par_1_39' title="bbox 414 2239 1992 2296">
     <span class='ocr_line' id='line_1_39' title="bbox 414 2239 1992 2296; baseline 0.004 -7"><span class='ocrx_word' id='word_1_268' title='bbox 414 2246 563 2291; x_wconf 89' lang='lat' dir='ltr'><strong>recte</strong></span> <span class='ocrx_word' id='word_1_269' title='bbox 591 2240 793 2292; x_wconf 92' lang='lat' dir='ltr'><strong>monuit</strong></span> <span class='ocrx_word' id='word_1_270' title='bbox 820 2239 1047 2294; x_wconf 84' lang='lat' dir='ltr'><strong>Jacohus</strong></span> <span class='ocrx_word' id='word_1_271' title='bbox 1078 2241 1260 2295; x_wconf 88' lang='lat' dir='ltr'><strong>Billius</strong></span> <span class='ocrx_word' id='word_1_272' title='bbox 1283 2242 1421 2295; x_wconf 90' lang='lat' dir='ltr'><strong>notis</strong></span> <span class='ocrx_word' id='word_1_273' title='bbox 1444 2241 1508 2294; x_wconf 89' lang='lat' dir='ltr'><strong>ad</strong></span> <span class='ocrx_word' id='word_1_274' title='bbox 1536 2257 1648 2296; x_wconf 87' lang='lat' dir='ltr'><strong>eam</strong></span> <span class='ocrx_word' id='word_1_275' title='bbox 1672 2242 1992 2295; x_wconf 83' lang='lat' dir='ltr'><strong>orationem.</strong></span> 
     </span>
    </p>
   </div>
   <div class='ocr_carea' id='block_1_40' title="bbox 418 2326 1994 2400">
    <p class='ocr_par' dir='ltr' id='par_1_40' title="bbox 418 2326 1994 2400">
     <span class='ocr_line' id='line_1_40' title="bbox 418 2326 1994 2400; baseline 0.004 -17"><span class='ocrx_word' id='word_1_276' title='bbox 418 2326 508 2383; x_wconf 90' lang='lat' dir='ltr'><strong>Sic</strong></span> <span class='ocrx_word' id='word_1_277' title='bbox 550 2329 690 2399; x_wconf 89' lang='lat' dir='ltr'><strong>quod</strong></span> <span class='ocrx_word' id='word_1_278' title='bbox 722 2346 784 2386; x_wconf 79' lang='lat' dir='ltr'><strong>ex</strong></span> <span class='ocrx_word' id='word_1_279' title='bbox 818 2332 1005 2387; x_wconf 89' lang='lat' dir='ltr'><strong>eadem</strong></span> <span class='ocrx_word' id='word_1_280' title='bbox 1038 2332 1259 2387; x_wconf 77' lang='lat' dir='ltr'><strong>historia</strong></span> <span class='ocrx_word' id='word_1_281' title='bbox 1306 2336 1501 2388; x_wconf 87' lang='lat' dir='ltr'><strong>citatur</strong></span> <span class='ocrx_word' id='word_1_282' title='bbox 1541 2333 1677 2400; x_wconf 86' lang='lat' dir='ltr'><strong>apud</strong></span> <span class='ocrx_word' id='word_1_283' title='bbox 1712 2335 1994 2389; x_wconf 82' lang='lat' dir='ltr'><strong>Damasce-</strong></span> 
     </span>
    </p>
   </div>
   <div class='ocr_carea' id='block_1_41' title="bbox 414 2423 1996 2495">
    <p class='ocr_par' dir='ltr' id='par_1_41' title="bbox 414 2423 1996 2495">
     <span class='ocr_line' id='line_1_41' title="bbox 414 2423 1996 2495; baseline 0.003 -19"><span class='ocrx_word' id='word_1_284' title='bbox 414 2437 540 2476; x_wconf 92' lang='lat' dir='ltr'><strong>num</strong></span> <span class='ocrx_word' id='word_1_285' title='bbox 576 2438 591 2478; x_wconf 73' lang='grc' dir='ltr'>ζ</span> <span class='ocrx_word' id='word_1_286' title='bbox 634 2423 1025 2495; x_wconf 77' lang='grc' dir='ltr'>Ἀναθεματὶσαι</span> <span class='ocrx_word' id='word_1_287' title='bbox 1054 2430 1146 2488; x_wconf 82' lang='grc' dir='ltr'><strong>τὰς</strong></span> <span class='ocrx_word' id='word_1_288' title='bbox 1186 2433 1285 2481; x_wconf 86' lang='grc' dir='ltr'>τῶν</span> <span class='ocrx_word' id='word_1_289' title='bbox 1333 2426 1620 2481; x_wconf 76' lang='grc' dir='ltr'><strong>ἐπισκόπων</strong></span> <span class='ocrx_word' id='word_1_290' title='bbox 1662 2427 1878 2489; x_wconf 77' lang='grc' dir='ltr'><strong>εὲκόνας,</strong></span> <span class='ocrx_word' id='word_1_291' title='bbox 1911 2428 1996 2481; x_wconf 82' lang='grc' dir='ltr'><strong>καὶ</strong></span> 
     </span>
    </p>
   </div>
   <div class='ocr_carea' id='block_1_42' title="bbox 414 2513 1998 2588">
    <p class='ocr_par' dir='ltr' id='par_1_42' title="bbox 414 2513 1998 2588">
     <span class='ocr_line' id='line_1_42' title="bbox 414 2513 1998 2588; baseline 0.004 -22"><span class='ocrx_word' id='word_1_292' title='bbox 414 2519 516 2566; x_wconf 80' lang='grc' dir='ltr'><strong>τῶν</strong></span> <span class='ocrx_word' id='word_1_293' title='bbox 559 2514 702 2587; x_wconf 78' lang='grc' dir='ltr'>ἱερῶν</span> <span class='ocrx_word' id='word_1_294' title='bbox 731 2513 1006 2586; x_wconf 80' lang='grc' dir='ltr'><strong>διπτύχων</strong></span> <span class='ocrx_word' id='word_1_295' title='bbox 1035 2516 1321 2588; x_wconf 60' lang='grc' dir='ltr'>ἀπαλεῖψαι</span> <span class='ocrx_word' id='word_1_296' title='bbox 1348 2534 1360 2571; x_wconf 90' lang='lat'><strong>:</strong></span> <span class='ocrx_word' id='word_1_297' title='bbox 1390 2535 1408 2569; x_wconf 79' lang='grc' dir='ltr'><strong>ι</strong></span> <span class='ocrx_word' id='word_1_298' title='bbox 1443 2517 1825 2585; x_wconf 87' lang='lat' dir='ltr'><strong>Episcoporum</strong></span> <span class='ocrx_word' id='word_1_299' title='bbox 1867 2520 1998 2572; x_wconf 85' lang='lat' dir='ltr'><strong>ima-</strong></span> 
     </span>
    </p>
   </div>
   <div class='ocr_carea' id='block_1_43' title="bbox 415 2600 1998 2679">
    <p class='ocr_par' dir='ltr' id='par_1_43' title="bbox 415 2600 1998 2679">
     <span class='ocr_line' id='line_1_43' title="bbox 415 2600 1998 2679; baseline 0.006 -26"><span class='ocrx_word' id='word_1_300' title='bbox 415 2600 567 2668; x_wconf 84' lang='lat' dir='ltr'><strong>gines</strong></span> <span class='ocrx_word' id='word_1_301' title='bbox 594 2604 931 2660; x_wconf 86' lang='lat' dir='ltr'><strong>anathemate</strong></span> <span class='ocrx_word' id='word_1_302' title='bbox 960 2606 1242 2669; x_wconf 90' lang='lat' dir='ltr'><strong>damnare,</strong></span> <span class='ocrx_word' id='word_1_303' title='bbox 1267 2616 1322 2660; x_wconf 91' lang='lat' dir='ltr'><strong>et</strong></span> <span class='ocrx_word' id='word_1_304' title='bbox 1352 2622 1381 2661; x_wconf 88' lang='lat' dir='ltr'><strong>c</strong></span> <span class='ocrx_word' id='word_1_305' title='bbox 1412 2608 1580 2661; x_wconf 86' lang='lat' dir='ltr'><strong>sacris</strong></span> <span class='ocrx_word' id='word_1_306' title='bbox 1610 2607 1875 2679; x_wconf 80' lang='lat' dir='ltr'><strong>diptychis</strong></span> <span class='ocrx_word' id='word_1_307' title='bbox 1905 2609 1998 2662; x_wconf 82' lang='lat' dir='ltr'><strong>de-</strong></span> 
     </span>
    </p>
   </div>
   <div class='ocr_carea' id='block_1_44' title="bbox 422 2693 1998 2770">
    <p class='ocr_par' dir='ltr' id='par_1_44' title="bbox 422 2693 1998 2770">
     <span class='ocr_line' id='line_1_44' title="bbox 422 2693 1998 2770; baseline 0.003 -22"><span class='ocrx_word' id='word_1_308' title='bbox 422 2693 554 2759; x_wconf 86' lang='lat' dir='ltr'><strong>lere,</strong></span> <span class='ocrx_word' id='word_1_309' title='bbox 587 2713 607 2748; x_wconf 83' lang='grc'><strong>›</strong></span> <span class='ocrx_word' id='word_1_310' title='bbox 642 2696 712 2749; x_wconf 86' lang='lat' dir='ltr'><strong>ibi</strong></span> <span class='ocrx_word' id='word_1_311' title='bbox 756 2713 942 2752; x_wconf 87' lang='lat' dir='ltr'><strong>rursus</strong></span> <span class='ocrx_word' id='word_1_312' title='bbox 969 2698 1130 2751; x_wconf 88' lang='lat' dir='ltr'><strong>Zinus</strong></span> <span class='ocrx_word' id='word_1_313' title='bbox 1155 2706 1425 2752; x_wconf 81' lang='lat' dir='ltr'><strong>verterat:</strong></span> <span class='ocrx_word' id='word_1_314' title='bbox 1456 2699 1742 2751; x_wconf 79' lang='lat' dir='ltr'><strong>sacerdotes</strong></span> <span class='ocrx_word' id='word_1_315' title='bbox 1772 2700 1998 2770; x_wconf 77' lang='lat' dir='ltr'><strong>geminos</strong></span> 
     </span>
    </p>
   </div>
   <div class='ocr_carea' id='block_1_45' title="bbox 418 2784 1999 2859">
    <p class='ocr_par' dir='ltr' id='par_1_45' title="bbox 418 2784 1999 2859">
     <span class='ocr_line' id='line_1_45' title="bbox 418 2784 1999 2859; baseline 0.004 -21"><span class='ocrx_word' id='word_1_316' title='bbox 418 2784 608 2840; x_wconf 86' lang='lat' dir='ltr'><strong>delere.</strong></span> <span class='ocrx_word' id='word_1_317' title='bbox 636 2786 978 2843; x_wconf 84' lang='lat' dir='ltr'><strong>Innocentius</strong></span> <span class='ocrx_word' id='word_1_318' title='bbox 1004 2804 1157 2858; x_wconf 88' lang='lat' dir='ltr'><strong>papa,</strong></span> <span class='ocrx_word' id='word_1_319' title='bbox 1184 2790 1341 2859; x_wconf 87' lang='lat' dir='ltr'><strong>epist.</strong></span> <span class='ocrx_word' id='word_1_320' title='bbox 1366 2789 1430 2843; x_wconf 89' lang='lat' dir='ltr'><strong>ad</strong></span> <span class='ocrx_word' id='word_1_321' title='bbox 1457 2790 1738 2844; x_wconf 85' lang='lat' dir='ltr'><strong>Arcadium</strong></span> <span class='ocrx_word' id='word_1_322' title='bbox 1771 2790 1999 2859; x_wconf 87' lang='lat' dir='ltr'><strong>impera-</strong></span> 
     </span>
    </p>
   </div>
   <div class='ocr_carea' id='block_1_46' title="bbox 419 2879 2001 2952">
    <p class='ocr_par' dir='ltr' id='par_1_46' title="bbox 419 2879 2001 2952">
     <span class='ocr_line' id='line_1_46' title="bbox 419 2879 2001 2952; baseline 0 -20"><span class='ocrx_word' id='word_1_323' title='bbox 419 2885 587 2934; x_wconf 85' lang='lat' dir='ltr'><strong>torem</strong></span> <span class='ocrx_word' id='word_1_324' title='bbox 607 2921 625 2946; x_wconf 79' lang='grc'><em>,</em></span> <span class='ocrx_word' id='word_1_325' title='bbox 648 2880 785 2947; x_wconf 82' lang='lat' dir='ltr'><strong>apud</strong></span> <span class='ocrx_word' id='word_1_326' title='bbox 820 2879 1109 2952; x_wconf 67' lang='lat' dir='ltr'><strong>Georgium</strong></span> <span class='ocrx_word' id='word_1_327' title='bbox 1140 2880 1559 2936; x_wconf 82' lang='lat' dir='ltr'><strong>Alexandrinum</strong></span> <span class='ocrx_word' id='word_1_328' title='bbox 1589 2882 1655 2936; x_wconf 90' lang='lat' dir='ltr'><strong>de</strong></span> <span class='ocrx_word' id='word_1_329' title='bbox 1687 2881 1802 2935; x_wconf 86' lang='lat' dir='ltr'><strong>Vita</strong></span> <span class='ocrx_word' id='word_1_330' title='bbox 1829 2880 2001 2952; x_wconf 78' lang='lat' dir='ltr'><strong>Chry-</strong></span> 
     </span>
    </p>
   </div>
   <div class='ocr_carea' id='block_1_47' title="bbox 423 2973 1996 3037">
    <p class='ocr_par' dir='ltr' id='par_1_47' title="bbox 423 2973 1996 3037">
     <span class='ocr_line' id='line_1_47' title="bbox 423 2973 1996 3037; baseline 0.001 -11"><span class='ocrx_word' id='word_1_331' title='bbox 423 2974 643 3028; x_wconf 83' lang='lat' dir='ltr'><strong>sostomi</strong></span> <span class='ocrx_word' id='word_1_332' title='bbox 662 3013 676 3037; x_wconf 92' lang='lat'><strong>,</strong></span> <span class='ocrx_word' id='word_1_333' title='bbox 707 2982 761 3026; x_wconf 94' lang='lat' dir='ltr'><strong>ut</strong></span> <span class='ocrx_word' id='word_1_334' title='bbox 788 2973 997 3028; x_wconf 88' lang='lat' dir='ltr'><strong>Arsacii</strong></span> <span class='ocrx_word' id='word_1_335' title='bbox 1024 2976 1184 3029; x_wconf 92' lang='lat' dir='ltr'><strong>etiam</strong></span> <span class='ocrx_word' id='word_1_336' title='bbox 1213 2976 1403 3029; x_wconf 86' lang='lat' dir='ltr'><strong>mortui</strong></span> <span class='ocrx_word' id='word_1_337' title='bbox 1432 2973 1996 3029; x_wconf 85' lang='lat' dir='ltr'><strong>memoriaeradatur:</strong></span> 
     </span>
    </p>
   </div>
   <div class='ocr_carea' id='block_1_48' title="bbox 420 3059 1998 3142">
    <p class='ocr_par' dir='ltr' id='par_1_48' title="bbox 420 3059 1998 3142">
     <span class='ocr_line' id='line_1_48' title="bbox 420 3059 1998 3142; baseline 0.001 -24"><span class='ocrx_word' id='word_1_338' title='bbox 420 3059 494 3118; x_wconf 77' lang='grc' dir='ltr'>Ού</span> <span class='ocrx_word' id='word_1_339' title='bbox 515 3085 648 3124; x_wconf 77' lang='grc' dir='ltr'>τινος</span> <span class='ocrx_word' id='word_1_340' title='bbox 673 3063 783 3118; x_wconf 79' lang='grc' dir='ltr'><strong>οὐδὲ</strong></span> <span class='ocrx_word' id='word_1_341' title='bbox 807 3067 863 3120; x_wconf 86' lang='grc' dir='ltr'>τὸ</span> <span class='ocrx_word' id='word_1_342' title='bbox 885 3062 1052 3138; x_wconf 75' lang='grc' dir='ltr'>ὄνομα</span> <span class='ocrx_word' id='word_1_343' title='bbox 1069 3067 1366 3142; x_wconf 68' lang='grc' dir='ltr'><strong>ἔγγραφήτω</strong></span> <span class='ocrx_word' id='word_1_344' title='bbox 1399 3063 1489 3135; x_wconf 66' lang='lat' dir='ltr'><strong>IF.</strong></span> <span class='ocrx_word' id='word_1_345' title='bbox 1522 3062 1865 3142; x_wconf 64' lang='lat' dir='ltr'><strong>éwpagaéaew]</strong></span> <span class='ocrx_word' id='word_1_346' title='bbox 1885 3073 1998 3126; x_wconf 79' lang='grc' dir='ltr'>τοῖς</span> 
     </span>
    </p>
   </div>
   <div class='ocr_carea' id='block_1_49' title="bbox 2097 1866 3693 1938">
    <p class='ocr_par' dir='ltr' id='par_1_49' title="bbox 2097 1866 3693 1938">
     <span class='ocr_line' id='line_1_49' title="bbox 2097 1866 3693 1938; baseline -0.001 -14"><span class='ocrx_word' id='word_1_347' title='bbox 2097 1868 2309 1934; x_wconf 86' lang='lat' dir='ltr'><strong>bantur,</strong></span> <span class='ocrx_word' id='word_1_348' title='bbox 2340 1876 2493 1924; x_wconf 88' lang='lat' dir='ltr'><strong>erant</strong></span> <span class='ocrx_word' id='word_1_349' title='bbox 2524 1866 2634 1923; x_wconf 79' lang='lat' dir='ltr'><strong>fere</strong></span> <span class='ocrx_word' id='word_1_350' title='bbox 2660 1868 3033 1938; x_wconf 89' lang='lat' dir='ltr'><strong>episcoporum</strong></span> <span class='ocrx_word' id='word_1_351' title='bbox 3063 1877 3114 1923; x_wconf 84' lang='lat' dir='ltr'><strong>et</strong></span> <span class='ocrx_word' id='word_1_352' title='bbox 3144 1868 3590 1936; x_wconf 88' lang='lat' dir='ltr'><strong>patriarcharum,</strong></span> <span class='ocrx_word' id='word_1_353' title='bbox 3624 1877 3693 1923; x_wconf 68' lang='lat' dir='ltr'><strong>ut</strong></span> 
     </span>
    </p>
   </div>
   <div class='ocr_carea' id='block_1_50' title="bbox 2097 1959 3678 2031">
    <p class='ocr_par' dir='ltr' id='par_1_50' title="bbox 2097 1959 3678 2031">
     <span class='ocr_line' id='line_1_50' title="bbox 2097 1959 3678 2031; baseline 0 -17"><span class='ocrx_word' id='word_1_354' title='bbox 2097 1962 2295 2031; x_wconf 68' lang='lat' dir='ltr'><strong>passim</strong></span> <span class='ocrx_word' id='word_1_355' title='bbox 2327 1970 2489 2031; x_wconf 89' lang='lat' dir='ltr'><strong>patet.</strong></span> <span class='ocrx_word' id='word_1_356' title='bbox 2520 1962 2697 2027; x_wconf 88' lang='lat' dir='ltr'><strong>Quare</strong></span> <span class='ocrx_word' id='word_1_357' title='bbox 2728 1961 2909 2015; x_wconf 89' lang='lat' dir='ltr'><strong>nescio</strong></span> <span class='ocrx_word' id='word_1_358' title='bbox 2933 1975 2998 2014; x_wconf 93' lang='lat' dir='ltr'><strong>an</strong></span> <span class='ocrx_word' id='word_1_359' title='bbox 3028 1959 3342 2015; x_wconf 88' lang='lat' dir='ltr'><strong>referendus</strong></span> <span class='ocrx_word' id='word_1_360' title='bbox 3371 1960 3440 2013; x_wconf 88' lang='lat' dir='ltr'><strong>sit</strong></span> <span class='ocrx_word' id='word_1_361' title='bbox 3460 1960 3526 2014; x_wconf 88' lang='lat' dir='ltr'><strong>ad</strong></span> <span class='ocrx_word' id='word_1_362' title='bbox 3561 1960 3678 2014; x_wconf 59' lang='lat' dir='ltr'><strong>haec</strong></span> 
     </span>
    </p>
   </div>
   <div class='ocr_carea' id='block_1_51' title="bbox 2097 2051 3701 2124">
    <p class='ocr_par' dir='ltr' id='par_1_51' title="bbox 2097 2051 3701 2124">
     <span class='ocr_line' id='line_1_51' title="bbox 2097 2051 3701 2124; baseline -0.003 -18"><span class='ocrx_word' id='word_1_363' title='bbox 2097 2053 2348 2124; x_wconf 85' lang='lat' dir='ltr'><strong>diptycha</strong></span> <span class='ocrx_word' id='word_1_364' title='bbox 2380 2068 2499 2121; x_wconf 68' lang='lat' dir='ltr'><strong>qua:</strong></span> <span class='ocrx_word' id='word_1_365' title='bbox 2548 2052 2702 2107; x_wconf 85' lang='lat' dir='ltr'><strong>altari</strong></span> <span class='ocrx_word' id='word_1_366' title='bbox 2748 2051 3179 2122; x_wconf 88' lang='lat' dir='ltr'><strong>imponebantur,</strong></span> <span class='ocrx_word' id='word_1_367' title='bbox 3221 2052 3354 2105; x_wconf 87' lang='lat' dir='ltr'><strong>liber</strong></span> <span class='ocrx_word' id='word_1_368' title='bbox 3396 2052 3701 2115; x_wconf 55' lang='lat' dir='ltr'><strong>vivorum,</strong></span> 
     </span>
    </p>
   </div>
   <div class='ocr_carea' id='block_1_52' title="bbox 2097 2142 3686 2213">
    <p class='ocr_par' dir='ltr' id='par_1_52' title="bbox 2097 2142 3686 2213">
     <span class='ocr_line' id='line_1_52' title="bbox 2097 2142 3686 2213; baseline 0.001 -15"><span class='ocrx_word' id='word_1_369' title='bbox 2097 2159 2192 2198; x_wconf 88' lang='lat' dir='ltr'><strong>seu</strong></span> <span class='ocrx_word' id='word_1_370' title='bbox 2221 2159 2370 2198; x_wconf 88' lang='lat' dir='ltr'><strong>sacra</strong></span> <span class='ocrx_word' id='word_1_371' title='bbox 2403 2143 2566 2209; x_wconf 90' lang='lat' dir='ltr'><strong>delta,</strong></span> <span class='ocrx_word' id='word_1_372' title='bbox 2599 2159 2826 2213; x_wconf 82' lang='lat' dir='ltr'><strong>quorum</strong></span> <span class='ocrx_word' id='word_1_373' title='bbox 2858 2143 3101 2197; x_wconf 86' lang='lat' dir='ltr'><strong>meminit</strong></span> <span class='ocrx_word' id='word_1_374' title='bbox 3133 2142 3414 2213; x_wconf 81' lang='lat' dir='ltr'><strong>Dionysius</strong></span> <span class='ocrx_word' id='word_1_375' title='bbox 3444 2145 3686 2213; x_wconf 79' lang='lat' dir='ltr'><strong>AreOpa-</strong></span> 
     </span>
    </p>
   </div>
   <div class='ocr_carea' id='block_1_53' title="bbox 2097 2237 3693 2311">
    <p class='ocr_par' dir='ltr' id='par_1_53' title="bbox 2097 2237 3693 2311">
     <span class='ocr_line' id='line_1_53' title="bbox 2097 2237 3693 2311; baseline -0.001 -18"><span class='ocrx_word' id='word_1_376' title='bbox 2097 2242 2202 2311; x_wconf 85' lang='lat' dir='ltr'><strong>gita</strong></span> <span class='ocrx_word' id='word_1_377' title='bbox 2251 2239 2636 2294; x_wconf 73' lang='lat' dir='ltr'><strong>Ecclesiastieze</strong></span> <span class='ocrx_word' id='word_1_378' title='bbox 2678 2239 2889 2293; x_wconf 84' lang='lat' dir='ltr'><strong>Hierar.</strong></span> <span class='ocrx_word' id='word_1_379' title='bbox 2914 2253 2965 2295; x_wconf 92' lang='lat' dir='ltr'><strong>c.</strong></span> <span class='ocrx_word' id='word_1_380' title='bbox 2987 2237 3053 2305; x_wconf 71' lang='grc'><strong>2,</strong></span> <span class='ocrx_word' id='word_1_381' title='bbox 3086 2237 3285 2307; x_wconf 87' lang='lat' dir='ltr'><strong>quibus</strong></span> <span class='ocrx_word' id='word_1_382' title='bbox 3317 2238 3532 2291; x_wconf 88' lang='lat' dir='ltr'><strong>nomina</strong></span> <span class='ocrx_word' id='word_1_383' title='bbox 3564 2239 3693 2292; x_wconf 60' lang='lat' dir='ltr'><strong>illu«</strong></span> 
     </span>
    </p>
   </div>
   <div class='ocr_carea' id='block_1_54' title="bbox 2099 2329 3687 2400">
    <p class='ocr_par' dir='ltr' id='par_1_54' title="bbox 2099 2329 3687 2400">
     <span class='ocr_line' id='line_1_54' title="bbox 2099 2329 3687 2400; baseline -0.004 -12"><span class='ocrx_word' id='word_1_384' title='bbox 2099 2334 2421 2389; x_wconf 91' lang='lat' dir='ltr'><strong>minatorum</strong></span> <span class='ocrx_word' id='word_1_385' title='bbox 2448 2341 2501 2386; x_wconf 91' lang='lat' dir='ltr'><strong>et</strong></span> <span class='ocrx_word' id='word_1_386' title='bbox 2526 2340 2892 2400; x_wconf 87' lang='lat' dir='ltr'><strong>susceptorum</strong></span> <span class='ocrx_word' id='word_1_387' title='bbox 2925 2329 3374 2395; x_wconf 87' lang='lat' dir='ltr'><strong>inscribebantur,</strong></span> <span class='ocrx_word' id='word_1_388' title='bbox 3404 2343 3524 2397; x_wconf 67' lang='lat' dir='ltr'><strong>quae</strong></span> <span class='ocrx_word' id='word_1_389' title='bbox 3555 2333 3687 2382; x_wconf 81' lang='grc' dir='ltr'>Ζὼν-</span> 
     </span>
    </p>
   </div>
   <div class='ocr_carea' id='block_1_55' title="bbox 2098 2420 3689 2495">
    <p class='ocr_par' dir='ltr' id='par_1_55' title="bbox 2098 2420 3689 2495">
     <span class='ocr_line' id='line_1_55' title="bbox 2098 2420 3689 2495; baseline -0.003 -15"><span class='ocrx_word' id='word_1_390' title='bbox 2098 2448 2198 2480; x_wconf 84' lang='grc' dir='ltr'>των</span> <span class='ocrx_word' id='word_1_391' title='bbox 2219 2423 2478 2495; x_wconf 82' lang='grc' dir='ltr'><strong>δίπτυχα,</strong></span> <span class='ocrx_word' id='word_1_392' title='bbox 2502 2423 2728 2476; x_wconf 78' lang='lat' dir='ltr'><strong>rivorum</strong></span> <span class='ocrx_word' id='word_1_393' title='bbox 2756 2421 3020 2491; x_wconf 80' lang='lat' dir='ltr'><strong>diptycha,</strong></span> <span class='ocrx_word' id='word_1_394' title='bbox 3049 2430 3235 2475; x_wconf 86' lang='lat' dir='ltr'><strong>vocata</strong></span> <span class='ocrx_word' id='word_1_395' title='bbox 3264 2436 3385 2474; x_wconf 89' lang='lat' dir='ltr'><strong>esse</strong></span> <span class='ocrx_word' id='word_1_396' title='bbox 3408 2420 3689 2476; x_wconf 75' lang='lat' dir='ltr'><strong>existimat</strong></span> 
     </span>
    </p>
   </div>
   <div class='ocr_carea' id='block_1_56' title="bbox 2099 2514 3687 2590">
    <p class='ocr_par' dir='ltr' id='par_1_56' title="bbox 2099 2514 3687 2590">
     <span class='ocr_line' id='line_1_56' title="bbox 2099 2514 3687 2590; baseline -0.001 -21"><span class='ocrx_word' id='word_1_397' title='bbox 2099 2514 2455 2583; x_wconf 84' lang='lat' dir='ltr'><strong>Pachymeres</strong></span> <span class='ocrx_word' id='word_1_398' title='bbox 2486 2531 2499 2568; x_wconf 91' lang='lat'>:</span> <span class='ocrx_word' id='word_1_399' title='bbox 2530 2514 2653 2570; x_wconf 89' lang='grc' dir='ltr'>Τότε</span> <span class='ocrx_word' id='word_1_400' title='bbox 2683 2519 2772 2572; x_wconf 70' lang='grc' dir='ltr'>τὴν</span> <span class='ocrx_word' id='word_1_401' title='bbox 2803 2520 2962 2590; x_wconf 84' lang='grc' dir='ltr'>χεῖρα</span> <span class='ocrx_word' id='word_1_402' title='bbox 2990 2520 3051 2589; x_wconf 80' lang='grc' dir='ltr'>τῇ</span> <span class='ocrx_word' id='word_1_403' title='bbox 3083 2514 3264 2585; x_wconf 53' lang='grc' dir='ltr'>κεφαλῇ</span> <span class='ocrx_word' id='word_1_404' title='bbox 3295 2514 3571 2575; x_wconf 80' lang='grc' dir='ltr'><strong>ἐπιτίθησι,</strong></span> <span class='ocrx_word' id='word_1_405' title='bbox 3599 2516 3687 2567; x_wconf 69' lang='grc' dir='ltr'><strong>καὶ</strong></span> 
     </span>
    </p>
   </div>
   <div class='ocr_carea' id='block_1_57' title="bbox 2099 2601 3693 2682">
    <p class='ocr_par' dir='ltr' id='par_1_57' title="bbox 2099 2601 3693 2682">
     <span class='ocr_line' id='line_1_57' title="bbox 2099 2601 3693 2682; baseline -0.001 -23"><span class='ocrx_word' id='word_1_406' title='bbox 2099 2603 2291 2660; x_wconf 78' lang='grc' dir='ltr'><strong>κελεύει</strong></span> <span class='ocrx_word' id='word_1_407' title='bbox 2316 2613 2428 2665; x_wconf 82' lang='grc' dir='ltr'>τοῖς</span> <span class='ocrx_word' id='word_1_408' title='bbox 2449 2604 2538 2660; x_wconf 75' lang='grc' dir='ltr'><strong>ὑπ’</strong></span> <span class='ocrx_word' id='word_1_409' title='bbox 2562 2606 2709 2659; x_wconf 79' lang='grc' dir='ltr'>αὐτὸν</span> <span class='ocrx_word' id='word_1_410' title='bbox 2733 2604 3103 2682; x_wconf 69' lang='grc' dir='ltr'>πρεσϐυτέροις</span> <span class='ocrx_word' id='word_1_411' title='bbox 3131 2606 3217 2657; x_wconf 88' lang='grc' dir='ltr'><strong>καὶ</strong></span> <span class='ocrx_word' id='word_1_412' title='bbox 3236 2601 3479 2663; x_wconf 79' lang='grc' dir='ltr'>διακόνοις</span> <span class='ocrx_word' id='word_1_413' title='bbox 3504 2604 3551 2655; x_wconf 84' lang='grc' dir='ltr'>ἐν</span> <span class='ocrx_word' id='word_1_414' title='bbox 3577 2602 3693 2657; x_wconf 70' lang='grc' dir='ltr'><strong>δέλο</strong></span> 
     </span>
    </p>
   </div>
   <div class='ocr_carea' id='block_1_58' title="bbox 2099 2695 3687 2770">
    <p class='ocr_par' dir='ltr' id='par_1_58' title="bbox 2099 2695 3687 2770">
     <span class='ocr_line' id='line_1_58' title="bbox 2099 2695 3687 2770; baseline -0.001 -18"><span class='ocrx_word' id='word_1_415' title='bbox 2099 2718 2209 2758; x_wconf 81' lang='grc' dir='ltr'>τοις</span> <span class='ocrx_word' id='word_1_416' title='bbox 2236 2698 2395 2770; x_wconf 79' lang='grc' dir='ltr'><strong>ἱεραῖς</strong></span> <span class='ocrx_word' id='word_1_417' title='bbox 2423 2696 2816 2770; x_wconf 67' lang='grc' dir='ltr'><strong>ἀπογράψασθαι</strong></span> <span class='ocrx_word' id='word_1_418' title='bbox 2836 2698 2901 2751; x_wconf 78' lang='grc' dir='ltr'>τὰ</span> <span class='ocrx_word' id='word_1_419' title='bbox 2930 2698 3152 2767; x_wconf 70' lang='grc' dir='ltr'>ὀνόματα</span> <span class='ocrx_word' id='word_1_420' title='bbox 3178 2703 3268 2751; x_wconf 80' lang='grc' dir='ltr'>τοῦ</span> <span class='ocrx_word' id='word_1_421' title='bbox 3292 2717 3344 2749; x_wconf 82' lang='grc' dir='ltr'>τε</span> <span class='ocrx_word' id='word_1_422' title='bbox 3372 2695 3687 2769; x_wconf 66' lang='grc' dir='ltr'><strong>προσελθόν-</strong></span> 
     </span>
    </p>
   </div>
   <div class='ocr_carea' id='block_1_59' title="bbox 2100 2784 3691 2860">
    <p class='ocr_par' dir='ltr' id='par_1_59' title="bbox 2100 2784 3691 2860">
     <span class='ocr_line' id='line_1_59' title="bbox 2100 2784 3691 2860; baseline -0.003 -16"><span class='ocrx_word' id='word_1_423' title='bbox 2100 2809 2184 2851; x_wconf 79' lang='grc' dir='ltr'>τος</span> <span class='ocrx_word' id='word_1_424' title='bbox 2214 2791 2297 2843; x_wconf 87' lang='grc' dir='ltr'>καὶ</span> <span class='ocrx_word' id='word_1_425' title='bbox 2320 2794 2411 2843; x_wconf 77' lang='grc' dir='ltr'><strong>τοῦ</strong></span> <span class='ocrx_word' id='word_1_426' title='bbox 2435 2786 2720 2859; x_wconf 79' lang='grc' dir='ltr'>ἀναδόχου³</span> <span class='ocrx_word' id='word_1_427' title='bbox 2748 2794 2917 2843; x_wconf 80' lang='grc' dir='ltr'>ταῦτα</span> <span class='ocrx_word' id='word_1_428' title='bbox 2942 2786 3015 2853; x_wconf 81' lang='grc' dir='ltr'><strong>δὲ,</strong></span> <span class='ocrx_word' id='word_1_429' title='bbox 3041 2784 3201 2860; x_wconf 78' lang='grc' dir='ltr'>οἶμαι,</span> <span class='ocrx_word' id='word_1_430' title='bbox 3227 2789 3324 2840; x_wconf 77' lang='grc' dir='ltr'><strong>εἰσί</strong></span> <span class='ocrx_word' id='word_1_431' title='bbox 3346 2789 3411 2840; x_wconf 81' lang='grc' dir='ltr'>τὰ</span> <span class='ocrx_word' id='word_1_432' title='bbox 3432 2795 3534 2841; x_wconf 79' lang='grc' dir='ltr'>τῶν</span> <span class='ocrx_word' id='word_1_433' title='bbox 3562 2790 3691 2851; x_wconf 77' lang='grc' dir='ltr'><strong>ζὼν-</strong></span> 
     </span>
    </p>
   </div>
   <div class='ocr_carea' id='block_1_60' title="bbox 2103 2878 3688 2951">
    <p class='ocr_par' dir='ltr' id='par_1_60' title="bbox 2103 2878 3688 2951">
     <span class='ocr_line' id='line_1_60' title="bbox 2103 2878 3688 2951; baseline -0.003 -13"><span class='ocrx_word' id='word_1_434' title='bbox 2103 2905 2205 2938; x_wconf 82' lang='grc' dir='ltr'>των</span> <span class='ocrx_word' id='word_1_435' title='bbox 2258 2881 2540 2951; x_wconf 63' lang='lat' dir='ltr'><strong>dim-uxor;</strong></span> <span class='ocrx_word' id='word_1_436' title='bbox 2579 2901 2596 2933; x_wconf 87' lang='grc' dir='ltr'><strong>ι</strong></span> <span class='ocrx_word' id='word_1_437' title='bbox 2631 2880 2780 2935; x_wconf 88' lang='lat' dir='ltr'><strong>Tunc</strong></span> <span class='ocrx_word' id='word_1_438' title='bbox 2836 2896 3049 2934; x_wconf 88' lang='lat' dir='ltr'><strong>manum</strong></span> <span class='ocrx_word' id='word_1_439' title='bbox 3105 2879 3261 2948; x_wconf 85' lang='lat' dir='ltr'><strong>capiti</strong></span> <span class='ocrx_word' id='word_1_440' title='bbox 3320 2878 3580 2948; x_wconf 84' lang='lat' dir='ltr'><strong>imponit,</strong></span> <span class='ocrx_word' id='word_1_441' title='bbox 3633 2887 3688 2933; x_wconf 84' lang='lat' dir='ltr'><strong>et</strong></span> 
     </span>
    </p>
   </div>
   <div class='ocr_carea' id='block_1_61' title="bbox 2105 2970 3685 3042">
    <p class='ocr_par' dir='ltr' id='par_1_61' title="bbox 2105 2970 3685 3042">
     <span class='ocr_line' id='line_1_61' title="bbox 2105 2970 3685 3042; baseline -0.002 -15"><span class='ocrx_word' id='word_1_442' title='bbox 2105 2974 2429 3042; x_wconf 76' lang='lat' dir='ltr'><strong>presbyteris</strong></span> <span class='ocrx_word' id='word_1_443' title='bbox 2453 2988 2517 3026; x_wconf 90' lang='lat' dir='ltr'><strong>ac</strong></span> <span class='ocrx_word' id='word_1_444' title='bbox 2544 2972 2785 3027; x_wconf 87' lang='lat' dir='ltr'><strong>diaconis</strong></span> <span class='ocrx_word' id='word_1_445' title='bbox 2814 2973 2911 3042; x_wconf 88' lang='lat' dir='ltr'><strong>ipsi</strong></span> <span class='ocrx_word' id='word_1_446' title='bbox 2955 2971 3198 3036; x_wconf 89' lang='lat' dir='ltr'><strong>subditis,</strong></span> <span class='ocrx_word' id='word_1_447' title='bbox 3228 2970 3378 3041; x_wconf 82' lang='lat' dir='ltr'><strong>jubet</strong></span> <span class='ocrx_word' id='word_1_448' title='bbox 3420 2973 3472 3025; x_wconf 91' lang='lat' dir='ltr'><strong>in</strong></span> <span class='ocrx_word' id='word_1_449' title='bbox 3513 2971 3685 3026; x_wconf 85' lang='lat' dir='ltr'><strong>sacris</strong></span> 
     </span>
    </p>
   </div>
   <div class='ocr_carea' id='block_1_62' title="bbox 2104 3062 3683 3133">
    <p class='ocr_par' dir='ltr' id='par_1_62' title="bbox 2104 3062 3683 3133">
     <span class='ocr_line' id='line_1_62' title="bbox 2104 3062 3683 3133; baseline -0.003 -12"><span class='ocrx_word' id='word_1_450' title='bbox 2104 3068 2262 3121; x_wconf 76' lang='lat' dir='ltr'><strong>deltis</strong></span> <span class='ocrx_word' id='word_1_451' title='bbox 2299 3069 2511 3121; x_wconf 90' lang='lat' dir='ltr'><strong>nomina</strong></span> <span class='ocrx_word' id='word_1_452' title='bbox 2542 3066 2798 3131; x_wconf 88' lang='lat' dir='ltr'><strong>scribere,</strong></span> <span class='ocrx_word' id='word_1_453' title='bbox 2831 3077 2935 3118; x_wconf 89' lang='lat' dir='ltr'><strong>tam</strong></span> <span class='ocrx_word' id='word_1_454' title='bbox 2967 3064 3083 3133; x_wconf 86' lang='lat' dir='ltr'><strong>ejus</strong></span> <span class='ocrx_word' id='word_1_455' title='bbox 3113 3064 3200 3132; x_wconf 84' lang='lat' dir='ltr'><strong>qui</strong></span> <span class='ocrx_word' id='word_1_456' title='bbox 3241 3062 3307 3116; x_wconf 87' lang='lat' dir='ltr'><strong>ad</strong></span> <span class='ocrx_word' id='word_1_457' title='bbox 3353 3062 3683 3130; x_wconf 87' lang='lat' dir='ltr'><strong>baptismum</strong></span> 
     </span>
    </p>
   </div>
   <div class='ocr_carea' id='block_1_63' title="bbox 417 3146 3685 3229">
    <p class='ocr_par' dir='ltr' id='par_1_63' title="bbox 417 3146 3685 3229">
     <span class='ocr_line' id='line_1_63' title="bbox 417 3146 3685 3229; baseline -0.001 -19"><span class='ocrx_word' id='word_1_458' title='bbox 417 3158 568 3229; x_wconf 70' lang='grc' dir='ltr'><strong>ἱεροῖς</strong></span> <span class='ocrx_word' id='word_1_459' title='bbox 588 3154 899 3227; x_wconf 69' lang='grc' dir='ltr'>διπτύχοιςέ</span> <span class='ocrx_word' id='word_1_460' title='bbox 930 3176 946 3209; x_wconf 82' lang='grc' dir='ltr'><strong>ι</strong></span> <span class='ocrx_word' id='word_1_461' title='bbox 972 3157 1137 3227; x_wconf 84' lang='lat' dir='ltr'><strong>Cujus</strong></span> <span class='ocrx_word' id='word_1_462' title='bbox 1160 3174 1226 3212; x_wconf 90' lang='lat' dir='ltr'><strong>ne</strong></span> <span class='ocrx_word' id='word_1_463' title='bbox 1245 3172 1437 3211; x_wconf 91' lang='lat' dir='ltr'><strong>nomen</strong></span> <span class='ocrx_word' id='word_1_464' title='bbox 1455 3156 1998 3225; x_wconf 81' lang='lat' dir='ltr'><strong>quideminscribisa-</strong></span> <span class='ocrx_word' id='word_1_465' title='bbox 2026 3146 2073 3209; x_wconf 84' lang='lat' dir='ltr'><strong><em>C</em></strong></span> <span class='ocrx_word' id='word_1_466' title='bbox 2104 3157 2283 3222; x_wconf 80' lang='lat' dir='ltr'><strong>venit,</strong></span> <span class='ocrx_word' id='word_1_467' title='bbox 2315 3172 2471 3226; x_wconf 90' lang='lat' dir='ltr'><strong>quam</strong></span> <span class='ocrx_word' id='word_1_468' title='bbox 2511 3157 2857 3223; x_wconf 59' lang='lat' dir='ltr'><strong>susceptorii.</strong></span> <span class='ocrx_word' id='word_1_469' title='bbox 2902 3153 3029 3210; x_wconf 59' lang='lat' dir='ltr'><strong>ﬂare</strong></span> <span class='ocrx_word' id='word_1_470' title='bbox 3069 3163 3249 3208; x_wconf 87' lang='lat' dir='ltr'><strong>autem</strong></span> <span class='ocrx_word' id='word_1_471' title='bbox 3268 3197 3283 3222; x_wconf 85' lang='lat'><strong>,</strong></span> <span class='ocrx_word' id='word_1_472' title='bbox 3312 3154 3526 3224; x_wconf 83' lang='lat' dir='ltr'><strong>opinor,</strong></span> <span class='ocrx_word' id='word_1_473' title='bbox 3554 3159 3685 3207; x_wconf 85' lang='lat' dir='ltr'><strong>sunt</strong></span> 
     </span>
    </p>
   </div>
   <div class='ocr_carea' id='block_1_64' title="bbox 416 3244 1997 3314">
    <p class='ocr_par' dir='ltr' id='par_1_64' title="bbox 416 3244 1997 3314">
     <span class='ocr_line' id='line_1_64' title="bbox 416 3244 1997 3314; baseline 0.001 -15"><span class='ocrx_word' id='word_1_474' title='bbox 416 3244 801 3314; x_wconf 82' lang='lat' dir='ltr'><strong>crisdiptychis</strong></span> <span class='ocrx_word' id='word_1_475' title='bbox 817 3260 1031 3299; x_wconf 88' lang='lat' dir='ltr'><strong>censeo.</strong></span> <span class='ocrx_word' id='word_1_476' title='bbox 1054 3264 1073 3297; x_wconf 73' lang='grc' dir='ltr'><strong>ι</strong></span> <span class='ocrx_word' id='word_1_477' title='bbox 1105 3246 1435 3311; x_wconf 78' lang='lat' dir='ltr'><strong>Anastasius,</strong></span> <span class='ocrx_word' id='word_1_478' title='bbox 1452 3246 1502 3299; x_wconf 93' lang='lat' dir='ltr'><strong>in</strong></span> <span class='ocrx_word' id='word_1_479' title='bbox 1522 3245 1797 3314; x_wconf 76' lang='lat' dir='ltr'><strong>Agathone</strong></span> <span class='ocrx_word' id='word_1_480' title='bbox 1819 3264 1831 3297; x_wconf 91' lang='lat'><strong>:</strong></span> <span class='ocrx_word' id='word_1_481' title='bbox 1856 3264 1874 3296; x_wconf 85' lang='grc' dir='ltr'><strong>ι</strong></span> <span class='ocrx_word' id='word_1_482' title='bbox 1897 3245 1997 3300; x_wconf 92' lang='lat' dir='ltr'><strong>Ab-</strong></span> 
     </span>
    </p>
   </div>
   <div class='ocr_carea' id='block_1_65' title="bbox 418 3334 1997 3407">
    <p class='ocr_par' dir='ltr' id='par_1_65' title="bbox 418 3334 1997 3407">
     <span class='ocr_line' id='line_1_65' title="bbox 418 3334 1997 3407; baseline -0.001 -16"><span class='ocrx_word' id='word_1_483' title='bbox 418 3335 685 3391; x_wconf 81' lang='lat' dir='ltr'><strong>stulerunt</strong></span> <span class='ocrx_word' id='word_1_484' title='bbox 702 3335 1044 3407; x_wconf 79' lang='lat' dir='ltr'><strong>dediptycbis</strong></span> <span class='ocrx_word' id='word_1_485' title='bbox 1059 3336 1414 3391; x_wconf 84' lang='lat' dir='ltr'><strong>Ecclesiarum</strong></span> <span class='ocrx_word' id='word_1_486' title='bbox 1440 3337 1651 3390; x_wconf 90' lang='lat' dir='ltr'><strong>nomina</strong></span> <span class='ocrx_word' id='word_1_487' title='bbox 1672 3334 1997 3404; x_wconf 88' lang='lat' dir='ltr'><strong>patriarcha-</strong></span> 
     </span>
    </p>
   </div>
   <div class='ocr_carea' id='block_1_66' title="bbox 419 3426 1996 3497">
    <p class='ocr_par' dir='ltr' id='par_1_66' title="bbox 419 3426 1996 3497">
     <span class='ocr_line' id='line_1_66' title="bbox 419 3426 1996 3497; baseline 0.001 -18"><span class='ocrx_word' id='word_1_488' title='bbox 419 3442 561 3491; x_wconf 91' lang='lat' dir='ltr'><strong>rum,</strong></span> <span class='ocrx_word' id='word_1_489' title='bbox 594 3428 749 3482; x_wconf 90' lang='lat' dir='ltr'><strong>velde</strong></span> <span class='ocrx_word' id='word_1_490' title='bbox 778 3428 991 3497; x_wconf 89' lang='lat' dir='ltr'><strong>picturis</strong></span> <span class='ocrx_word' id='word_1_491' title='bbox 1022 3428 1267 3482; x_wconf 82' lang='lat' dir='ltr'><strong>ecclesiae</strong></span> <span class='ocrx_word' id='word_1_492' title='bbox 1299 3428 1496 3496; x_wconf 90' lang='lat' dir='ltr'><strong>ﬁguras</strong></span> <span class='ocrx_word' id='word_1_493' title='bbox 1524 3442 1732 3483; x_wconf 89' lang='lat' dir='ltr'><strong>eorum.</strong></span> <span class='ocrx_word' id='word_1_494' title='bbox 1763 3445 1782 3479; x_wconf 78' lang='grc' dir='ltr'><strong>ι</strong></span> <span class='ocrx_word' id='word_1_495' title='bbox 1815 3426 1996 3481; x_wconf 79' lang='lat' dir='ltr'><strong>Victor</strong></span> 
     </span>
    </p>
   </div>
   <div class='ocr_carea' id='block_1_67' title="bbox 419 3517 1996 3584">
    <p class='ocr_par' dir='ltr' id='par_1_67' title="bbox 419 3517 1996 3584">
     <span class='ocr_line' id='line_1_67' title="bbox 419 3517 1996 3584; baseline -0.001 -13"><span class='ocrx_word' id='word_1_496' title='bbox 419 3517 820 3584; x_wconf 86' lang='lat' dir='ltr'><strong>Tunnunensis,</strong></span> <span class='ocrx_word' id='word_1_497' title='bbox 850 3518 903 3571; x_wconf 92' lang='lat' dir='ltr'><strong>in</strong></span> <span class='ocrx_word' id='word_1_498' title='bbox 925 3518 1190 3573; x_wconf 90' lang='lat' dir='ltr'><strong>Chronico</strong></span> <span class='ocrx_word' id='word_1_499' title='bbox 1214 3536 1226 3570; x_wconf 90' lang='lat'><strong>:</strong></span> <span class='ocrx_word' id='word_1_500' title='bbox 1253 3537 1270 3569; x_wconf 82' lang='grc' dir='ltr'><strong>ι</strong></span> <span class='ocrx_word' id='word_1_501' title='bbox 1295 3519 1518 3572; x_wconf 82' lang='lat' dir='ltr'><strong>Nomina</strong></span> <span class='ocrx_word' id='word_1_502' title='bbox 1542 3517 1996 3572; x_wconf 88' lang='lat' dir='ltr'><strong>ProteriietSala-</strong></span> 
     </span>
    </p>
   </div>
   <div class='ocr_carea' id='block_1_68' title="bbox 416 3609 1997 3681">
    <p class='ocr_par' dir='ltr' id='par_1_68' title="bbox 416 3609 1997 3681">
     <span class='ocr_line' id='line_1_68' title="bbox 416 3609 1997 3681; baseline -0.001 -18"><span class='ocrx_word' id='word_1_503' title='bbox 416 3609 605 3665; x_wconf 88' lang='lat' dir='ltr'><strong>fatiatii</strong></span> <span class='ocrx_word' id='word_1_504' title='bbox 630 3611 696 3666; x_wconf 88' lang='lat' dir='ltr'><strong>de</strong></span> <span class='ocrx_word' id='word_1_505' title='bbox 718 3612 1093 3667; x_wconf 83' lang='lat' dir='ltr'><strong>ecclesiasticis</strong></span> <span class='ocrx_word' id='word_1_506' title='bbox 1117 3611 1383 3681; x_wconf 72' lang='lat' dir='ltr'><strong>diptychis</strong></span> <span class='ocrx_word' id='word_1_507' title='bbox 1416 3611 1580 3677; x_wconf 89' lang='lat' dir='ltr'><strong>tollit,</strong></span> <span class='ocrx_word' id='word_1_508' title='bbox 1605 3619 1658 3665; x_wconf 90' lang='lat' dir='ltr'><strong>et</strong></span> <span class='ocrx_word' id='word_1_509' title='bbox 1687 3610 1921 3665; x_wconf 83' lang='lat' dir='ltr'><strong>Dioscuri</strong></span> <span class='ocrx_word' id='word_1_510' title='bbox 1941 3617 1997 3665; x_wconf 85' lang='lat' dir='ltr'><strong>et</strong></span> 
     </span>
    </p>
   </div>
   <div class='ocr_carea' id='block_1_69' title="bbox 418 3700 1995 3772">
    <p class='ocr_par' dir='ltr' id='par_1_69' title="bbox 418 3700 1995 3772">
     <span class='ocr_line' id='line_1_69' title="bbox 418 3700 1995 3772; baseline 0.001 -15"><span class='ocrx_word' id='word_1_511' title='bbox 418 3700 615 3763; x_wconf 68' lang='lat' dir='ltr'><strong>Eluri,</strong></span> <span class='ocrx_word' id='word_1_512' title='bbox 634 3704 723 3772; x_wconf 91' lang='lat' dir='ltr'><strong>qui</strong></span> <span class='ocrx_word' id='word_1_513' title='bbox 744 3702 1039 3757; x_wconf 90' lang='lat' dir='ltr'><strong>Proterium</strong></span> <span class='ocrx_word' id='word_1_514' title='bbox 1062 3703 1601 3769; x_wconf 64' lang='lat' dir='ltr'><strong>interfecit,scribit.s</strong></span> <span class='ocrx_word' id='word_1_515' title='bbox 1625 3704 1799 3765; x_wconf 82' lang='lat' dir='ltr'><strong>Atque</strong></span> <span class='ocrx_word' id='word_1_516' title='bbox 1823 3702 1995 3758; x_wconf 85' lang='lat' dir='ltr'><strong>hacte-</strong></span> 
     </span>
    </p>
   </div>
   <div class='ocr_carea' id='block_1_70' title="bbox 413 3793 1989 3866">
    <p class='ocr_par' dir='ltr' id='par_1_70' title="bbox 413 3793 1989 3866">
     <span class='ocr_line' id='line_1_70' title="bbox 413 3793 1989 3866; baseline 0.002 -19"><span class='ocrx_word' id='word_1_517' title='bbox 413 3808 515 3848; x_wconf 92' lang='lat' dir='ltr'><strong>nus</strong></span> <span class='ocrx_word' id='word_1_518' title='bbox 532 3794 598 3849; x_wconf 91' lang='lat' dir='ltr'><strong>de</strong></span> <span class='ocrx_word' id='word_1_519' title='bbox 616 3804 946 3850; x_wconf 90' lang='lat' dir='ltr'><strong>mortuorum</strong></span> <span class='ocrx_word' id='word_1_520' title='bbox 971 3795 1274 3849; x_wconf 90' lang='lat' dir='ltr'><strong>nominibus</strong></span> <span class='ocrx_word' id='word_1_521' title='bbox 1287 3810 1401 3865; x_wconf 73' lang='lat' dir='ltr'><strong>qum</strong></span> <span class='ocrx_word' id='word_1_522' title='bbox 1425 3794 1690 3866; x_wconf 84' lang='lat' dir='ltr'><strong>diptychis</strong></span> <span class='ocrx_word' id='word_1_523' title='bbox 1713 3793 1989 3864; x_wconf 86' lang='lat' dir='ltr'><strong>inscripta.</strong></span> 
     </span>
    </p>
   </div>
   <div class='ocr_carea' id='block_1_71' title="bbox 486 3888 1994 3960">
    <p class='ocr_par' dir='ltr' id='par_1_71' title="bbox 486 3888 1994 3960">
     <span class='ocr_line' id='line_1_71' title="bbox 486 3888 1994 3960; baseline -0.001 -17"><span class='ocrx_word' id='word_1_524' title='bbox 486 3889 777 3955; x_wconf 76' lang='lat' dir='ltr'><strong>Vivorum,</strong></span> <span class='ocrx_word' id='word_1_525' title='bbox 805 3891 892 3960; x_wconf 87' lang='lat' dir='ltr'><strong>qui</strong></span> <span class='ocrx_word' id='word_1_526' title='bbox 933 3889 1200 3960; x_wconf 72' lang='lat' dir='ltr'><strong>diptychis</strong></span> <span class='ocrx_word' id='word_1_527' title='bbox 1244 3889 1464 3944; x_wconf 90' lang='lat' dir='ltr'><strong>inscribi</strong></span> <span class='ocrx_word' id='word_1_528' title='bbox 1507 3888 1713 3955; x_wconf 85' lang='lat' dir='ltr'><strong>solent,</strong></span> <span class='ocrx_word' id='word_1_529' title='bbox 1748 3888 1994 3943; x_wconf 87' lang='lat' dir='ltr'><strong>meminit</strong></span> 
     </span>
    </p>
   </div>
   <div class='ocr_carea' id='block_1_72' title="bbox 412 3976 1988 4048">
    <p class='ocr_par' dir='ltr' id='par_1_72' title="bbox 412 3976 1988 4048">
     <span class='ocr_line' id='line_1_72' title="bbox 412 3976 1988 4048; baseline 0.002 -15"><span class='ocrx_word' id='word_1_530' title='bbox 412 3976 646 4033; x_wconf 81' lang='lat' dir='ltr'><strong>Joannes</strong></span> <span class='ocrx_word' id='word_1_531' title='bbox 674 3979 953 4045; x_wconf 89' lang='lat' dir='ltr'><strong>diaconus,</strong></span> <span class='ocrx_word' id='word_1_532' title='bbox 984 3981 1035 4034; x_wconf 93' lang='lat' dir='ltr'><strong>in</strong></span> <span class='ocrx_word' id='word_1_533' title='bbox 1063 3980 1179 4035; x_wconf 83' lang='lat' dir='ltr'><strong>Vita</strong></span> <span class='ocrx_word' id='word_1_534' title='bbox 1210 3981 1381 4035; x_wconf 91' lang='lat' dir='ltr'><strong>sancti</strong></span> <span class='ocrx_word' id='word_1_535' title='bbox 1413 3978 1582 4048; x_wconf 82' lang='lat' dir='ltr'><strong>Magni</strong></span> <span class='ocrx_word' id='word_1_536' title='bbox 1617 3977 1859 4048; x_wconf 83' lang='lat' dir='ltr'><strong>Gregorii</strong></span> <span class='ocrx_word' id='word_1_537' title='bbox 1894 3979 1988 4036; x_wconf 92' lang='lat' dir='ltr'><strong>lib.</strong></span> 
     </span>
    </p>
   </div>
   <div class='ocr_carea' id='block_1_73' title="bbox 414 4069 1993 4139">
    <p class='ocr_par' dir='ltr' id='par_1_73' title="bbox 414 4069 1993 4139">
     <span class='ocr_line' id='line_1_73' title="bbox 414 4069 1993 4139; baseline 0.001 -16"><span class='ocrx_word' id='word_1_538' title='bbox 414 4084 490 4135; x_wconf 83' lang='lat' dir='ltr'><strong>IV,</strong></span> <span class='ocrx_word' id='word_1_539' title='bbox 518 4071 693 4137; x_wconf 89' lang='lat' dir='ltr'><strong>capite</strong></span> <span class='ocrx_word' id='word_1_540' title='bbox 717 4069 786 4122; x_wconf 72' lang='grc'><strong>25</strong></span> <span class='ocrx_word' id='word_1_541' title='bbox 813 4087 826 4123; x_wconf 89' lang='lat'><strong>:</strong></span> <span class='ocrx_word' id='word_1_542' title='bbox 867 4089 884 4121; x_wconf 78' lang='grc' dir='ltr'><strong>ι</strong></span> <span class='ocrx_word' id='word_1_543' title='bbox 914 4071 1214 4126; x_wconf 90' lang='lat' dir='ltr'><strong>Orientales</strong></span> <span class='ocrx_word' id='word_1_544' title='bbox 1248 4070 1514 4139; x_wconf 63' lang='lat' dir='ltr'><strong>praecipue</strong></span> <span class='ocrx_word' id='word_1_545' title='bbox 1543 4071 1779 4125; x_wconf 87' lang='lat' dir='ltr'><strong>retinent</strong></span> <span class='ocrx_word' id='word_1_546' title='bbox 1811 4070 1993 4125; x_wconf 87' lang='lat' dir='ltr'><strong>hacte-</strong></span> 
     </span>
    </p>
   </div>
   <div class='ocr_carea' id='block_1_74' title="bbox 413 4161 1988 4233">
    <p class='ocr_par' dir='ltr' id='par_1_74' title="bbox 413 4161 1988 4233">
     <span class='ocr_line' id='line_1_74' title="bbox 413 4161 1988 4233; baseline -0.001 -16"><span class='ocrx_word' id='word_1_547' title='bbox 413 4178 515 4218; x_wconf 92' lang='lat' dir='ltr'><strong>nus</strong></span> <span class='ocrx_word' id='word_1_548' title='bbox 548 4163 723 4225; x_wconf 90' lang='lat' dir='ltr'><strong>sedes,</strong></span> <span class='ocrx_word' id='word_1_549' title='bbox 748 4170 805 4216; x_wconf 92' lang='lat' dir='ltr'><strong>ut</strong></span> <span class='ocrx_word' id='word_1_550' title='bbox 833 4163 885 4216; x_wconf 93' lang='lat' dir='ltr'><strong>in</strong></span> <span class='ocrx_word' id='word_1_551' title='bbox 916 4163 1027 4217; x_wconf 90' lang='lat' dir='ltr'><strong>suis</strong></span> <span class='ocrx_word' id='word_1_552' title='bbox 1056 4163 1327 4233; x_wconf 83' lang='lat' dir='ltr'><strong>diptychis</strong></span> <span class='ocrx_word' id='word_1_553' title='bbox 1356 4163 1551 4217; x_wconf 90' lang='lat' dir='ltr'><strong>nullius</strong></span> <span class='ocrx_word' id='word_1_554' title='bbox 1592 4161 1860 4230; x_wconf 86' lang='lat' dir='ltr'><strong>pontiﬁcis</strong></span> <span class='ocrx_word' id='word_1_555' title='bbox 1888 4176 1988 4215; x_wconf 87' lang='lat' dir='ltr'><strong>no-</strong></span> 
     </span>
    </p>
   </div>
   <div class='ocr_carea' id='block_1_75' title="bbox 411 4252 1991 4324">
    <p class='ocr_par' dir='ltr' id='par_1_75' title="bbox 411 4252 1991 4324">
     <span class='ocr_line' id='line_1_75' title="bbox 411 4252 1991 4324; baseline 0.001 -17"><span class='ocrx_word' id='word_1_556' title='bbox 411 4268 537 4308; x_wconf 91' lang='lat' dir='ltr'><strong>men</strong></span> <span class='ocrx_word' id='word_1_557' title='bbox 582 4252 916 4319; x_wconf 89' lang='lat' dir='ltr'><strong>describant,</strong></span> <span class='ocrx_word' id='word_1_558' title='bbox 961 4269 1237 4324; x_wconf 88' lang='lat' dir='ltr'><strong>quousque</strong></span> <span class='ocrx_word' id='word_1_559' title='bbox 1270 4253 1577 4324; x_wconf 87' lang='lat' dir='ltr'><strong>synodicam</strong></span> <span class='ocrx_word' id='word_1_560' title='bbox 1610 4253 1778 4322; x_wconf 88' lang='lat' dir='ltr'><strong>ipsius</strong></span> <span class='ocrx_word' id='word_1_561' title='bbox 1822 4256 1991 4309; x_wconf 86' lang='lat' dir='ltr'><strong>susci-</strong></span> 
     </span>
    </p>
   </div>
   <div class='ocr_carea' id='block_1_76' title="bbox 410 4345 1988 4415">
    <p class='ocr_par' dir='ltr' id='par_1_76' title="bbox 410 4345 1988 4415">
     <span class='ocr_line' id='line_1_76' title="bbox 410 4345 1988 4415; baseline 0.002 -16"><span class='ocrx_word' id='word_1_562' title='bbox 410 4346 593 4414; x_wconf 90' lang='lat' dir='ltr'><strong>piant;</strong></span> <span class='ocrx_word' id='word_1_563' title='bbox 616 4352 671 4399; x_wconf 90' lang='lat' dir='ltr'><strong>et</strong></span> <span class='ocrx_word' id='word_1_564' title='bbox 695 4347 877 4400; x_wconf 88' lang='lat' dir='ltr'><strong>tandiu</strong></span> <span class='ocrx_word' id='word_1_565' title='bbox 903 4346 1215 4401; x_wconf 82' lang='lat' dir='ltr'><strong>defunctum</strong></span> <span class='ocrx_word' id='word_1_566' title='bbox 1246 4346 1550 4415; x_wconf 85' lang='lat' dir='ltr'><strong>pontiﬁcem</strong></span> <span class='ocrx_word' id='word_1_567' title='bbox 1581 4345 1719 4400; x_wconf 90' lang='lat' dir='ltr'><strong>inter</strong></span> <span class='ocrx_word' id='word_1_568' title='bbox 1742 4347 1988 4402; x_wconf 89' lang='lat' dir='ltr'><strong>viventes</strong></span> 
     </span>
    </p>
   </div>
   <div class='ocr_carea' id='block_1_77' title="bbox 410 4439 1990 4507">
    <p class='ocr_par' dir='ltr' id='par_1_77' title="bbox 410 4439 1990 4507">
     <span class='ocr_line' id='line_1_77' title="bbox 410 4439 1990 4507; baseline 0.004 -16"><span class='ocrx_word' id='word_1_569' title='bbox 410 4446 726 4503; x_wconf 90' lang='lat' dir='ltr'><strong>numerent,</strong></span> <span class='ocrx_word' id='word_1_570' title='bbox 757 4439 989 4507; x_wconf 83' lang='lat' dir='ltr'><strong>quandiu</strong></span> <span class='ocrx_word' id='word_1_571' title='bbox 1021 4455 1301 4495; x_wconf 82' lang='lat' dir='ltr'><strong>successor</strong></span> <span class='ocrx_word' id='word_1_572' title='bbox 1331 4440 1470 4495; x_wconf 90' lang='lat' dir='ltr'><strong>illius</strong></span> <span class='ocrx_word' id='word_1_573' title='bbox 1492 4454 1617 4496; x_wconf 90' lang='lat' dir='ltr'><strong>suas</strong></span> <span class='ocrx_word' id='word_1_574' title='bbox 1649 4441 1853 4497; x_wconf 85' lang='lat' dir='ltr'><strong>litteras</strong></span> <span class='ocrx_word' id='word_1_575' title='bbox 1876 4451 1990 4497; x_wconf 88' lang='lat' dir='ltr'><strong>stu-</strong></span> 
     </span>
    </p>
   </div>
   <div class='ocr_carea' id='block_1_78' title="bbox 2099 3247 2681 3320">
    <p class='ocr_par' dir='ltr' id='par_1_78' title="bbox 2099 3247 2681 3320">
     <span class='ocr_line' id='line_1_78' title="bbox 2099 3247 2681 3320; baseline -0.009 -17"><span class='ocrx_word' id='word_1_576' title='bbox 2099 3265 2341 3303; x_wconf 80' lang='lat' dir='ltr'><strong>vivorum</strong></span> <span class='ocrx_word' id='word_1_577' title='bbox 2371 3250 2420 3303; x_wconf 88' lang='lat' dir='ltr'><strong>di</strong></span> <span class='ocrx_word' id='word_1_578' title='bbox 2431 3247 2639 3320; x_wconf 72' lang='lat' dir='ltr'><strong>plycha.</strong></span> <span class='ocrx_word' id='word_1_579' title='bbox 2662 3266 2681 3298; x_wconf 76' lang='grc' dir='ltr'><strong>ι</strong></span> 
     </span>
    </p>
   </div>
   <div class='ocr_carea' id='block_1_79' title="bbox 2181 3334 3690 3395">
    <p class='ocr_par' dir='ltr' id='par_1_79' title="bbox 2181 3334 3690 3395">
     <span class='ocr_line' id='line_1_79' title="bbox 2181 3334 3690 3395; baseline -0.002 -2"><span class='ocrx_word' id='word_1_580' title='bbox 2181 3341 2432 3395; x_wconf 85' lang='lat' dir='ltr'><strong>Vivorum</strong></span> <span class='ocrx_word' id='word_1_581' title='bbox 2483 3350 2537 3395; x_wconf 88' lang='lat' dir='ltr'><strong>et</strong></span> <span class='ocrx_word' id='word_1_582' title='bbox 2590 3349 2923 3394; x_wconf 86' lang='lat' dir='ltr'><strong>mortuorum</strong></span> <span class='ocrx_word' id='word_1_583' title='bbox 2973 3336 3130 3391; x_wconf 87' lang='lat' dir='ltr'><strong>simul</strong></span> <span class='ocrx_word' id='word_1_584' title='bbox 3181 3335 3512 3391; x_wconf 88' lang='lat' dir='ltr'><strong>mentionem</strong></span> <span class='ocrx_word' id='word_1_585' title='bbox 3563 3334 3690 3390; x_wconf 80' lang='lat' dir='ltr'><strong>facit</strong></span> 
     </span>
    </p>
   </div>
   <div class='ocr_carea' id='block_1_80' title="bbox 2102 3428 3699 3502">
    <p class='ocr_par' dir='ltr' id='par_1_80' title="bbox 2102 3428 3699 3502">
     <span class='ocr_line' id='line_1_80' title="bbox 2102 3428 3699 3502; baseline -0.004 -15"><span class='ocrx_word' id='word_1_586' title='bbox 2102 3432 2520 3502; x_wconf 86' lang='lat' dir='ltr'><strong>Chrysostomus</strong></span> <span class='ocrx_word' id='word_1_587' title='bbox 2562 3431 2616 3486; x_wconf 91' lang='lat' dir='ltr'><strong>in</strong></span> <span class='ocrx_word' id='word_1_588' title='bbox 2646 3430 2879 3500; x_wconf 83' lang='lat' dir='ltr'><strong>Liturgia</strong></span> <span class='ocrx_word' id='word_1_589' title='bbox 2910 3444 2922 3487; x_wconf 87' lang='lat'>:</span> <span class='ocrx_word' id='word_1_590' title='bbox 2953 3429 3011 3483; x_wconf 83' lang='grc' dir='ltr'><strong>’Θ</strong></span> <span class='ocrx_word' id='word_1_591' title='bbox 3039 3428 3265 3490; x_wconf 79' lang='grc' dir='ltr'>διάκονος</span> <span class='ocrx_word' id='word_1_592' title='bbox 3287 3432 3438 3500; x_wconf 76' lang='grc' dir='ltr'>θυμιᾷ</span> <span class='ocrx_word' id='word_1_593' title='bbox 3461 3429 3699 3502; x_wconf 70' lang='grc' dir='ltr'><strong>γύρωθη</strong></span> 
     </span>
    </p>
   </div>
   <div class='ocr_carea' id='block_1_81' title="bbox 2096 3519 3691 3597">
    <p class='ocr_par' dir='ltr' id='par_1_81' title="bbox 2096 3519 3691 3597">
     <span class='ocr_line' id='line_1_81' title="bbox 2096 3519 3691 3597; baseline -0.004 -19"><span class='ocrx_word' id='word_1_594' title='bbox 2096 3528 2184 3583; x_wconf 76' lang='grc' dir='ltr'><strong>τήν</strong></span> <span class='ocrx_word' id='word_1_595' title='bbox 2209 3523 2356 3597; x_wconf 65' lang='grc' dir='ltr'>ἁγίαν</span> <span class='ocrx_word' id='word_1_596' title='bbox 2385 3524 2663 3595; x_wconf 80' lang='grc' dir='ltr'><strong>τράπεζαν,</strong></span> <span class='ocrx_word' id='word_1_597' title='bbox 2694 3524 2777 3576; x_wconf 83' lang='grc' dir='ltr'><strong>καὶ</strong></span> <span class='ocrx_word' id='word_1_598' title='bbox 2804 3523 2867 3575; x_wconf 74' lang='grc' dir='ltr'>τὰ</span> <span class='ocrx_word' id='word_1_599' title='bbox 2894 3519 3152 3590; x_wconf 79' lang='grc' dir='ltr'><strong>δίπτυχα,</strong></span> <span class='ocrx_word' id='word_1_600' title='bbox 3181 3526 3279 3575; x_wconf 85' lang='grc' dir='ltr'><strong>τῶν</strong></span> <span class='ocrx_word' id='word_1_601' title='bbox 3306 3540 3360 3573; x_wconf 79' lang='grc' dir='ltr'><strong>τι</strong></span> <span class='ocrx_word' id='word_1_602' title='bbox 3389 3521 3691 3591; x_wconf 77' lang='grc' dir='ltr'>κικοιμημέ·</span> 
     </span>
    </p>
   </div>
   <div class='ocr_carea' id='block_1_82' title="bbox 2046 3612 3689 3687">
    <p class='ocr_par' dir='ltr' id='par_1_82' title="bbox 2046 3612 3689 3687">
     <span class='ocr_line' id='line_1_82' title="bbox 2046 3612 3689 3687; baseline -0.003 -17"><span class='ocrx_word' id='word_1_603' title='bbox 2046 3649 2065 3655; x_wconf 84' lang='grc'><strong>-</strong></span> <span class='ocrx_word' id='word_1_604' title='bbox 2094 3640 2188 3671; x_wconf 89' lang='grc' dir='ltr'>νων</span> <span class='ocrx_word' id='word_1_605' title='bbox 2229 3620 2316 3673; x_wconf 82' lang='grc' dir='ltr'>καὶ</span> <span class='ocrx_word' id='word_1_606' title='bbox 2360 3620 2580 3680; x_wconf 76' lang='grc' dir='ltr'>ζώντων,</span> <span class='ocrx_word' id='word_1_607' title='bbox 2616 3618 2683 3676; x_wconf 80' lang='grc' dir='ltr'><strong>ὡς</strong></span> <span class='ocrx_word' id='word_1_608' title='bbox 2710 3612 2967 3687; x_wconf 76' lang='grc' dir='ltr'>βούλεται,</span> <span class='ocrx_word' id='word_1_609' title='bbox 3003 3614 3335 3686; x_wconf 70' lang='grc' dir='ltr'>μνημονεύεις</span> <span class='ocrx_word' id='word_1_610' title='bbox 3374 3630 3391 3663; x_wconf 84' lang='lat' dir='ltr'><strong>t</strong></span> <span class='ocrx_word' id='word_1_611' title='bbox 3421 3612 3689 3666; x_wconf 81' lang='lat' dir='ltr'><strong>Diaconus</strong></span> 
     </span>
    </p>
   </div>
   <div class='ocr_carea' id='block_1_83' title="bbox 2096 3700 3688 3777">
    <p class='ocr_par' dir='ltr' id='par_1_83' title="bbox 2096 3700 3688 3777">
     <span class='ocr_line' id='line_1_83' title="bbox 2096 3700 3688 3777; baseline -0.005 -13"><span class='ocrx_word' id='word_1_612' title='bbox 2096 3710 2335 3764; x_wconf 89' lang='lat' dir='ltr'><strong>incensat</strong></span> <span class='ocrx_word' id='word_1_613' title='bbox 2363 3708 2416 3761; x_wconf 90' lang='lat' dir='ltr'><strong>in</strong></span> <span class='ocrx_word' id='word_1_614' title='bbox 2453 3706 2659 3777; x_wconf 77' lang='lat'><strong>1027</strong></span> <span class='ocrx_word' id='word_1_615' title='bbox 2692 3704 2917 3760; x_wconf 89' lang='lat' dir='ltr'><strong>circuitu</strong></span> <span class='ocrx_word' id='word_1_616' title='bbox 2964 3718 3172 3757; x_wconf 87' lang='lat' dir='ltr'><strong>sacram</strong></span> <span class='ocrx_word' id='word_1_617' title='bbox 3204 3715 3439 3756; x_wconf 89' lang='lat' dir='ltr'><strong>mensam</strong></span> <span class='ocrx_word' id='word_1_618' title='bbox 3483 3712 3539 3756; x_wconf 90' lang='lat' dir='ltr'><strong>et</strong></span> <span class='ocrx_word' id='word_1_619' title='bbox 3607 3700 3688 3756; x_wconf 84' lang='lat' dir='ltr'><strong>di-</strong></span> 
     </span>
    </p>
   </div>
   <div class='ocr_carea' id='block_1_84' title="bbox 2096 3792 3686 3871">
    <p class='ocr_par' dir='ltr' id='par_1_84' title="bbox 2096 3792 3686 3871">
     <span class='ocr_line' id='line_1_84' title="bbox 2096 3792 3686 3871; baseline -0.005 -18"><span class='ocrx_word' id='word_1_620' title='bbox 2096 3800 2322 3871; x_wconf 80' lang='lat' dir='ltr'><strong>ptycha;</strong></span> <span class='ocrx_word' id='word_1_621' title='bbox 2370 3797 2742 3853; x_wconf 87' lang='lat' dir='ltr'><strong>defunctorum</strong></span> <span class='ocrx_word' id='word_1_622' title='bbox 2784 3806 2965 3850; x_wconf 87' lang='lat' dir='ltr'><strong>autem</strong></span> <span class='ocrx_word' id='word_1_623' title='bbox 3002 3803 3058 3850; x_wconf 89' lang='lat' dir='ltr'><strong>et</strong></span> <span class='ocrx_word' id='word_1_624' title='bbox 3102 3795 3376 3860; x_wconf 87' lang='lat' dir='ltr'><strong>vivorum,</strong></span> <span class='ocrx_word' id='word_1_625' title='bbox 3407 3793 3486 3847; x_wconf 91' lang='lat' dir='ltr'><strong>uti</strong></span> <span class='ocrx_word' id='word_1_626' title='bbox 3535 3792 3686 3858; x_wconf 82' lang='lat' dir='ltr'><strong>vult,</strong></span> 
     </span>
    </p>
   </div>
   <div class='ocr_carea' id='block_1_85' title="bbox 2095 3890 2644 3948">
    <p class='ocr_par' dir='ltr' id='par_1_85' title="bbox 2095 3890 2644 3948">
     <span class='ocr_line' id='line_1_85' title="bbox 2095 3890 2644 3948; baseline -0.016 1"><span class='ocrx_word' id='word_1_627' title='bbox 2095 3892 2418 3948; x_wconf 90' lang='lat' dir='ltr'><strong>memoriam</strong></span> <span class='ocrx_word' id='word_1_628' title='bbox 2449 3890 2593 3944; x_wconf 83' lang='lat' dir='ltr'><strong>facit.</strong></span> <span class='ocrx_word' id='word_1_629' title='bbox 2627 3908 2644 3940; x_wconf 79' lang='grc' dir='ltr'><strong>ι</strong></span> 
     </span>
    </p>
   </div>
   <div class='ocr_carea' id='block_1_86' title="bbox 2163 3975 3684 4052">
    <p class='ocr_par' dir='ltr' id='par_1_86' title="bbox 2163 3975 3684 4052">
     <span class='ocr_line' id='line_1_86' title="bbox 2163 3975 3684 4052; baseline -0.008 -11"><span class='ocrx_word' id='word_1_630' title='bbox 2163 3985 2463 4041; x_wconf 86' lang='lat' dir='ltr'><strong>Permansit</strong></span> <span class='ocrx_word' id='word_1_631' title='bbox 2491 3981 2647 4052; x_wconf 80' lang='lat' dir='ltr'><strong>hujus</strong></span> <span class='ocrx_word' id='word_1_632' title='bbox 2674 3981 2773 4045; x_wconf 89' lang='lat' dir='ltr'><strong>rei,</strong></span> <span class='ocrx_word' id='word_1_633' title='bbox 2807 3990 2913 4035; x_wconf 91' lang='lat' dir='ltr'><strong>tam</strong></span> <span class='ocrx_word' id='word_1_634' title='bbox 2941 3993 3091 4034; x_wconf 81' lang='lat' dir='ltr'><strong>vivos</strong></span> <span class='ocrx_word' id='word_1_635' title='bbox 3118 3992 3273 4049; x_wconf 89' lang='lat' dir='ltr'><strong>quam</strong></span> <span class='ocrx_word' id='word_1_636' title='bbox 3329 3985 3572 4031; x_wconf 90' lang='lat' dir='ltr'><strong>mortuos</strong></span> <span class='ocrx_word' id='word_1_637' title='bbox 3630 3975 3684 4030; x_wconf 89' lang='lat' dir='ltr'><strong>in</strong></span> 
     </span>
    </p>
   </div>
   <div class='ocr_carea' id='block_1_87' title="bbox 2092 4069 3685 4143">
    <p class='ocr_par' dir='ltr' id='par_1_87' title="bbox 2092 4069 3685 4143">
     <span class='ocr_line' id='line_1_87' title="bbox 2092 4069 3685 4143; baseline -0.006 -10"><span class='ocrx_word' id='word_1_638' title='bbox 2092 4080 2252 4133; x_wconf 87' lang='lat' dir='ltr'><strong>missa</strong></span> <span class='ocrx_word' id='word_1_639' title='bbox 2292 4073 2701 4132; x_wconf 85' lang='lat' dir='ltr'><strong>commendandi</strong></span> <span class='ocrx_word' id='word_1_640' title='bbox 2731 4117 2745 4143; x_wconf 82' lang='lat'><strong>,</strong></span> <span class='ocrx_word' id='word_1_641' title='bbox 2777 4071 3105 4127; x_wconf 86' lang='lat' dir='ltr'><strong>consuetudo</strong></span> <span class='ocrx_word' id='word_1_642' title='bbox 3153 4072 3205 4126; x_wconf 87' lang='lat' dir='ltr'><strong>in</strong></span> <span class='ocrx_word' id='word_1_643' title='bbox 3236 4084 3440 4124; x_wconf 85' lang='lat' dir='ltr'><strong>canone</strong></span> <span class='ocrx_word' id='word_1_644' title='bbox 3469 4069 3685 4135; x_wconf 64' lang='lat' dir='ltr'><strong>missa,</strong></span> 
     </span>
    </p>
   </div>
   <div class='ocr_carea' id='block_1_88' title="bbox 2092 4159 3681 4235">
    <p class='ocr_par' dir='ltr' id='par_1_88' title="bbox 2092 4159 3681 4235">
     <span class='ocr_line' id='line_1_88' title="bbox 2092 4159 3681 4235; baseline -0.006 -13"><span class='ocrx_word' id='word_1_645' title='bbox 2092 4184 2211 4222; x_wconf 91' lang='lat' dir='ltr'><strong>cum</strong></span> <span class='ocrx_word' id='word_1_646' title='bbox 2248 4167 2421 4235; x_wconf 89' lang='lat' dir='ltr'><strong>primo</strong></span> <span class='ocrx_word' id='word_1_647' title='bbox 2453 4165 2740 4219; x_wconf 85' lang='lat' dir='ltr'><strong>viventium</strong></span> <span class='ocrx_word' id='word_1_648' title='bbox 2767 4202 2781 4227; x_wconf 95' lang='lat'><strong>,</strong></span> <span class='ocrx_word' id='word_1_649' title='bbox 2811 4162 2934 4217; x_wconf 88' lang='lat' dir='ltr'><strong>inde</strong></span> <span class='ocrx_word' id='word_1_650' title='bbox 2956 4159 3325 4216; x_wconf 80' lang='lat' dir='ltr'><strong>defunctorum</strong></span> <span class='ocrx_word' id='word_1_651' title='bbox 3355 4161 3681 4213; x_wconf 86' lang='lat' dir='ltr'><strong>mentionem</strong></span> 
     </span>
    </p>
   </div>
   <div class='ocr_carea' id='block_1_89' title="bbox 2092 4248 3683 4327">
    <p class='ocr_par' dir='ltr' id='par_1_89' title="bbox 2092 4248 3683 4327">
     <span class='ocr_line' id='line_1_89' title="bbox 2092 4248 3683 4327; baseline -0.006 -14"><span class='ocrx_word' id='word_1_652' title='bbox 2092 4259 2314 4314; x_wconf 90' lang='lat' dir='ltr'><strong>facimus</strong></span> <span class='ocrx_word' id='word_1_653' title='bbox 2364 4272 2457 4327; x_wconf 88' lang='lat' dir='ltr'><strong>per</strong></span> <span class='ocrx_word' id='word_1_654' title='bbox 2504 4257 2703 4325; x_wconf 81' lang='lat' dir='ltr'><strong>duplex</strong></span> <span class='ocrx_word' id='word_1_655' title='bbox 2757 4253 3031 4307; x_wconf 79' lang='lat' dir='ltr'><strong>Memento.</strong></span> <span class='ocrx_word' id='word_1_656' title='bbox 3077 4252 3213 4307; x_wconf 88' lang='lat' dir='ltr'><strong>Vide</strong></span> <span class='ocrx_word' id='word_1_657' title='bbox 3252 4250 3553 4313; x_wconf 85' lang='lat' dir='ltr'><strong>Alcuinum,</strong></span> <span class='ocrx_word' id='word_1_658' title='bbox 3604 4248 3683 4304; x_wconf 79' lang='lat' dir='ltr'><strong>De</strong></span> 
     </span>
    </p>
   </div>
   <div class='ocr_carea' id='block_1_90' title="bbox 2092 4340 3679 4416">
    <p class='ocr_par' dir='ltr' id='par_1_90' title="bbox 2092 4340 3679 4416">
     <span class='ocr_line' id='line_1_90' title="bbox 2092 4340 3679 4416; baseline -0.006 -12"><span class='ocrx_word' id='word_1_659' title='bbox 2092 4350 2200 4404; x_wconf 87' lang='lat' dir='ltr'><strong>div.</strong></span> <span class='ocrx_word' id='word_1_660' title='bbox 2231 4348 2417 4413; x_wconf 85' lang='lat' dir='ltr'><strong>Olﬁc.,</strong></span> <span class='ocrx_word' id='word_1_661' title='bbox 2451 4363 2569 4416; x_wconf 86' lang='lat' dir='ltr'><strong>cap.</strong></span> <span class='ocrx_word' id='word_1_662' title='bbox 2617 4346 2690 4400; x_wconf 90' lang='lat' dir='ltr'><strong>De</strong></span> <span class='ocrx_word' id='word_1_663' title='bbox 2731 4344 3091 4399; x_wconf 89' lang='lat' dir='ltr'><strong>celebratione</strong></span> <span class='ocrx_word' id='word_1_664' title='bbox 3122 4343 3322 4408; x_wconf 60' lang='lat' dir='ltr'><strong>missae,</strong></span> <span class='ocrx_word' id='word_1_665' title='bbox 3355 4351 3411 4396; x_wconf 91' lang='lat' dir='ltr'><strong>et</strong></span> <span class='ocrx_word' id='word_1_666' title='bbox 3455 4340 3679 4395; x_wconf 86' lang='lat' dir='ltr'><strong>Florum</strong></span> 
     </span>
    </p>
   </div>
   <div class='ocr_carea' id='block_1_91' title="bbox 2090 4432 3683 4513">
    <p class='ocr_par' dir='ltr' id='par_1_91' title="bbox 2090 4432 3683 4513">
     <span class='ocr_line' id='line_1_91' title="bbox 2090 4432 3683 4513; baseline -0.006 -16"><span class='ocrx_word' id='word_1_667' title='bbox 2090 4443 2422 4513; x_wconf 82' lang='lat' dir='ltr'><strong>Magistrum,</strong></span> <span class='ocrx_word' id='word_1_668' title='bbox 2493 4440 2584 4508; x_wconf 85' lang='lat' dir='ltr'><strong>qui</strong></span> <span class='ocrx_word' id='word_1_669' title='bbox 2640 4439 2707 4494; x_wconf 88' lang='lat' dir='ltr'><strong>de</strong></span> <span class='ocrx_word' id='word_1_670' title='bbox 2743 4437 2844 4493; x_wconf 90' lang='lat' dir='ltr'><strong>hoc</strong></span> <span class='ocrx_word' id='word_1_671' title='bbox 2902 4435 3271 4508; x_wconf 85' lang='lat' dir='ltr'><strong>diptychorum</strong></span> <span class='ocrx_word' id='word_1_672' title='bbox 3329 4449 3427 4490; x_wconf 88' lang='lat' dir='ltr'><strong>usu</strong></span> <span class='ocrx_word' id='word_1_673' title='bbox 3490 4432 3683 4488; x_wconf 86' lang='lat' dir='ltr'><strong>eadem</strong></span> 
     </span>
    </p>
   </div>
   <div class='ocr_carea' id='block_1_92' title="bbox 408 4530 2310 4595">
    <p class='ocr_par' dir='ltr' id='par_1_92' title="bbox 408 4530 2310 4595">
     <span class='ocr_line' id='line_1_92' title="bbox 408 4530 2310 4595; baseline 0.002 -10"><span class='ocrx_word' id='word_1_674' title='bbox 408 4530 583 4586; x_wconf 89' lang='lat' dir='ltr'><strong>duerit</strong></span> <span class='ocrx_word' id='word_1_675' title='bbox 608 4530 932 4590; x_wconf 67' lang='lat' dir='ltr'><strong>destinare.»</strong></span> <span class='ocrx_word' id='word_1_676' title='bbox 958 4530 1252 4587; x_wconf 90' lang='lat' dir='ltr'><strong>Concilium</strong></span> <span class='ocrx_word' id='word_1_677' title='bbox 1281 4530 1738 4595; x_wconf 87' lang='lat' dir='ltr'><strong>Chalcedonense,</strong></span> <span class='ocrx_word' id='word_1_678' title='bbox 1760 4540 1864 4586; x_wconf 90' lang='lat' dir='ltr'><strong>act.</strong></span> <span class='ocrx_word' id='word_1_679' title='bbox 1885 4534 1908 4588; x_wconf 80' lang='grc'>1</span> <span class='ocrx_word' id='word_1_680' title='bbox 1930 4540 1946 4585; x_wconf 90' lang='lat' dir='ltr'><strong>t</strong></span> <span class='ocrx_word' id='word_1_681' title='bbox 1971 4550 1986 4588; x_wconf 90' lang='lat'><strong>:</strong></span> <span class='ocrx_word' id='word_1_682' title='bbox 2014 4535 2066 4595; x_wconf 86' lang='lat' dir='ltr'><strong>D</strong></span> <span class='ocrx_word' id='word_1_683' title='bbox 2094 4536 2310 4590; x_wconf 80' lang='lat' dir='ltr'><strong>habent.</strong></span> 
     </span>
    </p>
   </div>
   <div class='ocr_carea' id='block_1_93' title="bbox 406 4620 1986 4701">
    <p class='ocr_par' dir='ltr' id='par_1_93' title="bbox 406 4620 1986 4701">
     <span class='ocr_line' id='line_1_93' title="bbox 406 4620 1986 4701; baseline 0.001 -23"><span class='ocrx_word' id='word_1_684' title='bbox 406 4620 637 4688; x_wconf 82' lang='grc' dir='ltr'>Ἐδέξατο</span> <span class='ocrx_word' id='word_1_685' title='bbox 679 4627 781 4701; x_wconf 80' lang='grc' dir='ltr'><strong>γὰρ</strong></span> <span class='ocrx_word' id='word_1_686' title='bbox 830 4625 1001 4688; x_wconf 81' lang='grc' dir='ltr'>αὐτὸν,</span> <span class='ocrx_word' id='word_1_687' title='bbox 1029 4629 1116 4679; x_wconf 80' lang='grc' dir='ltr'><strong>καὶ</strong></span> <span class='ocrx_word' id='word_1_688' title='bbox 1152 4626 1464 4682; x_wconf 79' lang='grc' dir='ltr'>ἐκοινώνησεν</span> <span class='ocrx_word' id='word_1_689' title='bbox 1492 4627 1631 4695; x_wconf 86' lang='grc' dir='ltr'>αύτῷ</span> <span class='ocrx_word' id='word_1_690' title='bbox 1672 4624 1697 4679; x_wconf 87' lang='grc' dir='ltr'>ὁ</span> <span class='ocrx_word' id='word_1_691' title='bbox 1739 4626 1986 4701; x_wconf 75' lang='grc' dir='ltr'>μακάριος</span> 
     </span>
    </p>
   </div>
   <div class='ocr_carea' id='block_1_94' title="bbox 405 4714 1985 4791">
    <p class='ocr_par' dir='ltr' id='par_1_94' title="bbox 405 4714 1985 4791">
     <span class='ocr_line' id='line_1_94' title="bbox 405 4714 1985 4791; baseline 0.004 -24"><span class='ocrx_word' id='word_1_692' title='bbox 405 4715 643 4789; x_wconf 74' lang='grc' dir='ltr'><strong>Πρόκλος,</strong></span> <span class='ocrx_word' id='word_1_693' title='bbox 686 4720 771 4770; x_wconf 85' lang='grc' dir='ltr'><strong>καὶ</strong></span> <span class='ocrx_word' id='word_1_694' title='bbox 807 4718 1009 4774; x_wconf 81' lang='grc' dir='ltr'><strong>ἐποίησε</strong></span> <span class='ocrx_word' id='word_1_695' title='bbox 1059 4714 1290 4771; x_wconf 86' lang='grc' dir='ltr'>συνοδικά</span> <span class='ocrx_word' id='word_1_696' title='bbox 1334 4714 1642 4791; x_wconf 70' lang='grc' dir='ltr'>γράμματα,</span> <span class='ocrx_word' id='word_1_697' title='bbox 1686 4720 1771 4770; x_wconf 83' lang='grc' dir='ltr'>καὶ</span> <span class='ocrx_word' id='word_1_698' title='bbox 1812 4720 1881 4777; x_wconf 77' lang='grc' dir='ltr'><strong>εἰς</strong></span> <span class='ocrx_word' id='word_1_699' title='bbox 1918 4720 1985 4773; x_wconf 86' lang='grc' dir='ltr'>τοὶ</span> 
     </span>
    </p>
   </div>
   <div class='ocr_carea' id='block_1_95' title="bbox 404 4800 1980 4877">
    <p class='ocr_par' dir='ltr' id='par_1_95' title="bbox 404 4800 1980 4877">
     <span class='ocr_line' id='line_1_95' title="bbox 404 4800 1980 4877; baseline 0.003 -19"><span class='ocrx_word' id='word_1_700' title='bbox 404 4800 647 4877; x_wconf 75' lang='grc' dir='ltr'><strong>δίπτυχα</strong></span> <span class='ocrx_word' id='word_1_701' title='bbox 668 4809 821 4863; x_wconf 67' lang='grc' dir='ltr'>αὐτόν</span> <span class='ocrx_word' id='word_1_702' title='bbox 844 4806 1051 4872; x_wconf 58' lang='lat' dir='ltr'><strong>Emissa:</strong></span> <span class='ocrx_word' id='word_1_703' title='bbox 1086 4826 1105 4857; x_wconf 85' lang='grc' dir='ltr'><strong>ι</strong></span> <span class='ocrx_word' id='word_1_704' title='bbox 1129 4807 1374 4877; x_wconf 87' lang='lat' dir='ltr'><strong>Suscepit</strong></span> <span class='ocrx_word' id='word_1_705' title='bbox 1398 4808 1538 4861; x_wconf 86' lang='lat' dir='ltr'><strong>enim</strong></span> <span class='ocrx_word' id='word_1_706' title='bbox 1567 4822 1717 4872; x_wconf 92' lang='lat' dir='ltr'><strong>eum,</strong></span> <span class='ocrx_word' id='word_1_707' title='bbox 1750 4816 1804 4862; x_wconf 90' lang='lat' dir='ltr'><strong>et</strong></span> <span class='ocrx_word' id='word_1_708' title='bbox 1833 4824 1980 4863; x_wconf 92' lang='lat' dir='ltr'><strong>com-</strong></span> 
     </span>
    </p>
   </div>
   <div class='ocr_carea' id='block_1_96' title="bbox 336 4894 1980 4969">
    <p class='ocr_par' dir='ltr' id='par_1_96' title="bbox 336 4894 1980 4969">
     <span class='ocr_line' id='line_1_96' title="bbox 336 4894 1980 4969; baseline 0.004 -23"><span class='ocrx_word' id='word_1_709' title='bbox 336 4902 339 4903; x_wconf 71' lang='lat'><strong><em>&#39;</em></strong></span> <span class='ocrx_word' id='word_1_710' title='bbox 405 4894 694 4949; x_wconf 90' lang='lat' dir='ltr'><strong>municavit</strong></span> <span class='ocrx_word' id='word_1_711' title='bbox 722 4897 770 4950; x_wconf 92' lang='lat' dir='ltr'><strong>ei</strong></span> <span class='ocrx_word' id='word_1_712' title='bbox 801 4897 971 4953; x_wconf 68' lang='lat' dir='ltr'><strong>beata:</strong></span> <span class='ocrx_word' id='word_1_713' title='bbox 1009 4897 1282 4951; x_wconf 65' lang='lat' dir='ltr'><strong>memorim</strong></span> <span class='ocrx_word' id='word_1_714' title='bbox 1313 4896 1554 4959; x_wconf 82' lang='lat' dir='ltr'><strong>Proclus,</strong></span> <span class='ocrx_word' id='word_1_715' title='bbox 1583 4906 1636 4951; x_wconf 92' lang='lat' dir='ltr'><strong>et</strong></span> <span class='ocrx_word' id='word_1_716' title='bbox 1667 4896 1791 4952; x_wconf 85' lang='lat' dir='ltr'><strong>fecit</strong></span> <span class='ocrx_word' id='word_1_717' title='bbox 1819 4913 1980 4969; x_wconf 87' lang='lat' dir='ltr'><strong>syno-</strong></span> 
     </span>
    </p>
   </div>
   <div class='ocr_carea' id='block_1_97' title="bbox 404 4984 1999 5060">
    <p class='ocr_par' dir='ltr' id='par_1_97' title="bbox 404 4984 1999 5060">
     <span class='ocr_line' id='line_1_97' title="bbox 404 4984 1999 5060; baseline 0.004 -23"><span class='ocrx_word' id='word_1_718' title='bbox 404 4984 551 5038; x_wconf 91' lang='lat' dir='ltr'><strong>dicas</strong></span> <span class='ocrx_word' id='word_1_719' title='bbox 580 4986 807 5053; x_wconf 85' lang='lat' dir='ltr'><strong>litteras,</strong></span> <span class='ocrx_word' id='word_1_720' title='bbox 837 4995 892 5043; x_wconf 93' lang='lat' dir='ltr'><strong>et</strong></span> <span class='ocrx_word' id='word_1_721' title='bbox 921 4988 973 5041; x_wconf 93' lang='lat' dir='ltr'><strong>in</strong></span> <span class='ocrx_word' id='word_1_722' title='bbox 1005 4988 1271 5060; x_wconf 84' lang='lat' dir='ltr'><strong>diptychis</strong></span> <span class='ocrx_word' id='word_1_723' title='bbox 1314 5002 1437 5041; x_wconf 91' lang='lat' dir='ltr'><strong>eum</strong></span> <span class='ocrx_word' id='word_1_724' title='bbox 1488 4987 1682 5053; x_wconf 87' lang='lat' dir='ltr'><strong>posuit.</strong></span> <span class='ocrx_word' id='word_1_725' title='bbox 1709 5006 1727 5040; x_wconf 74' lang='grc' dir='ltr'><strong>ι</strong></span> <span class='ocrx_word' id='word_1_726' title='bbox 1766 4987 1834 5041; x_wconf 87' lang='grc' dir='ltr'>Ει</span> <span class='ocrx_word' id='word_1_727' title='bbox 1865 4989 1999 5056; x_wconf 49' lang='grc' dir='ltr'>βιοον</span> 
     </span>
    </p>
   </div>
   <div class='ocr_carea' id='block_1_98' title="bbox 396 5078 1985 5150">
    <p class='ocr_par' dir='ltr' id='par_1_98' title="bbox 396 5078 1985 5150">
     <span class='ocr_line' id='line_1_98' title="bbox 396 5078 1985 5150; baseline 0.004 -21"><span class='ocrx_word' id='word_1_728' title='bbox 396 5089 569 5144; x_wconf 82' lang='lat' dir='ltr'><strong>raque</strong></span> <span class='ocrx_word' id='word_1_729' title='bbox 603 5078 780 5145; x_wconf 87' lang='lat' dir='ltr'><strong>priora</strong></span> <span class='ocrx_word' id='word_1_730' title='bbox 805 5080 1071 5148; x_wconf 81' lang='lat' dir='ltr'><strong>exempla,</strong></span> <span class='ocrx_word' id='word_1_731' title='bbox 1097 5080 1287 5149; x_wconf 89' lang='lat' dir='ltr'><strong>quibus</strong></span> <span class='ocrx_word' id='word_1_732' title='bbox 1319 5089 1437 5147; x_wconf 89' lang='lat' dir='ltr'><strong>post</strong></span> <span class='ocrx_word' id='word_1_733' title='bbox 1469 5088 1697 5134; x_wconf 90' lang='lat' dir='ltr'><strong>mortem</strong></span> <span class='ocrx_word' id='word_1_734' title='bbox 1730 5096 1985 5150; x_wconf 91' lang='lat' dir='ltr'><strong>quorum-</strong></span> 
     </span>
    </p>
   </div>
   <div class='ocr_carea' id='block_1_99' title="bbox 403 5166 1983 5239">
    <p class='ocr_par' dir='ltr' id='par_1_99' title="bbox 403 5166 1983 5239">
     <span class='ocr_line' id='line_1_99' title="bbox 403 5166 1983 5239; baseline 0.003 -19"><span class='ocrx_word' id='word_1_735' title='bbox 403 5166 525 5220; x_wconf 89' lang='lat' dir='ltr'><strong>dam</strong></span> <span class='ocrx_word' id='word_1_736' title='bbox 554 5169 766 5223; x_wconf 86' lang='lat' dir='ltr'><strong>nomina</strong></span> <span class='ocrx_word' id='word_1_737' title='bbox 800 5182 831 5223; x_wconf 89' lang='lat' dir='ltr'><strong>e</strong></span> <span class='ocrx_word' id='word_1_738' title='bbox 860 5169 1125 5239; x_wconf 87' lang='lat' dir='ltr'><strong>diptychis</strong></span> <span class='ocrx_word' id='word_1_739' title='bbox 1154 5176 1417 5238; x_wconf 80' lang='lat' dir='ltr'><strong>expuncta</strong></span> <span class='ocrx_word' id='word_1_740' title='bbox 1450 5168 1698 5233; x_wconf 90' lang='lat' dir='ltr'><strong>docetur,</strong></span> <span class='ocrx_word' id='word_1_741' title='bbox 1730 5171 1861 5227; x_wconf 90' lang='lat' dir='ltr'><strong>satis</strong></span> <span class='ocrx_word' id='word_1_742' title='bbox 1891 5186 1983 5224; x_wconf 86' lang='lat' dir='ltr'><strong>os-</strong></span> 
     </span>
    </p>
   </div>
   <div class='ocr_carea' id='block_1_100' title="bbox 403 5256 1979 5333">
    <p class='ocr_par' dir='ltr' id='par_1_100' title="bbox 403 5256 1979 5333">
     <span class='ocr_line' id='line_1_100' title="bbox 403 5256 1979 5333; baseline 0.006 -24"><span class='ocrx_word' id='word_1_743' title='bbox 403 5256 655 5323; x_wconf 90' lang='lat' dir='ltr'><strong>tendunt,</strong></span> <span class='ocrx_word' id='word_1_744' title='bbox 695 5259 820 5313; x_wconf 90' lang='lat' dir='ltr'><strong>dum</strong></span> <span class='ocrx_word' id='word_1_745' title='bbox 866 5260 1138 5325; x_wconf 89' lang='lat' dir='ltr'><strong>viverent,</strong></span> <span class='ocrx_word' id='word_1_746' title='bbox 1179 5261 1448 5333; x_wconf 86' lang='lat' dir='ltr'><strong>diptychis</strong></span> <span class='ocrx_word' id='word_1_747' title='bbox 1492 5262 1745 5331; x_wconf 86' lang='lat' dir='ltr'><strong>inscripta</strong></span> <span class='ocrx_word' id='word_1_748' title='bbox 1795 5262 1979 5319; x_wconf 90' lang='lat' dir='ltr'><strong>fuisse.</strong></span> 
     </span>
    </p>
   </div>
   <div class='ocr_carea' id='block_1_101' title="bbox 403 5342 1981 5426">
    <p class='ocr_par' dir='ltr' id='par_1_101' title="bbox 403 5342 1981 5426">
     <span class='ocr_line' id='line_1_101' title="bbox 403 5342 1981 5426; baseline 0.005 -26"><span class='ocrx_word' id='word_1_749' title='bbox 403 5342 687 5415; x_wconf 83' lang='lat' dir='ltr'><strong>Gregoras,</strong></span> <span class='ocrx_word' id='word_1_750' title='bbox 721 5348 813 5403; x_wconf 85' lang='lat' dir='ltr'><strong>lib.</strong></span> <span class='ocrx_word' id='word_1_751' title='bbox 836 5365 867 5401; x_wconf 94' lang='lat' dir='ltr'><strong>v</strong></span> <span class='ocrx_word' id='word_1_752' title='bbox 893 5367 905 5403; x_wconf 88' lang='lat'><strong>:</strong></span> <span class='ocrx_word' id='word_1_753' title='bbox 935 5350 1017 5404; x_wconf 88' lang='grc' dir='ltr'>Ἐν</span> <span class='ocrx_word' id='word_1_754' title='bbox 1046 5359 1163 5411; x_wconf 80' lang='grc' dir='ltr'><strong>ταῖς</strong></span> <span class='ocrx_word' id='word_1_755' title='bbox 1185 5352 1347 5426; x_wconf 81' lang='grc' dir='ltr'><strong>ἱεραῖς</strong></span> <span class='ocrx_word' id='word_1_756' title='bbox 1375 5349 1648 5423; x_wconf 73' lang='grc' dir='ltr'>ὑμνῳδίαις</span> <span class='ocrx_word' id='word_1_757' title='bbox 1679 5352 1763 5408; x_wconf 83' lang='grc' dir='ltr'><strong>τόν</strong></span> <span class='ocrx_word' id='word_1_758' title='bbox 1803 5354 1981 5408; x_wconf 83' lang='grc' dir='ltr'>Πάπαν</span> 
     </span>
    </p>
   </div>
   <div class='ocr_carea' id='block_1_102' title="bbox 400 5436 1984 5525">
    <p class='ocr_par' dir='ltr' id='par_1_102' title="bbox 400 5436 1984 5523">
     <span class='ocr_line' id='line_1_102' title="bbox 400 5436 1984 5523; baseline 0.008 -33"><span class='ocrx_word' id='word_1_759' title='bbox 400 5438 475 5496; x_wconf 73' lang='grc' dir='ltr'><strong>εἰς</strong></span> <span class='ocrx_word' id='word_1_760' title='bbox 495 5439 561 5492; x_wconf 83' lang='grc' dir='ltr'>τὰ</span> <span class='ocrx_word' id='word_1_761' title='bbox 585 5436 821 5511; x_wconf 81' lang='grc' dir='ltr'><strong>δίπτυχα</strong></span> <span class='ocrx_word' id='word_1_762' title='bbox 840 5444 1235 5512; x_wconf 77' lang='grc' dir='ltr'>μνημονεύεσθαι</span> <span class='ocrx_word' id='word_1_763' title='bbox 1255 5441 1380 5514; x_wconf 83' lang='grc' dir='ltr'>ὁμοῦ</span> <span class='ocrx_word' id='word_1_764' title='bbox 1403 5452 1509 5504; x_wconf 85' lang='grc' dir='ltr'>τοῖς</span> <span class='ocrx_word' id='word_1_765' title='bbox 1531 5444 1719 5519; x_wconf 79' lang='grc' dir='ltr'>ἑτέροις</span> <span class='ocrx_word' id='word_1_766' title='bbox 1739 5445 1984 5523; x_wconf 80' lang='grc' dir='ltr'>τέτταρσι</span> 
     </span>
    </p>
   </div>
   <div class='ocr_carea' id='block_1_103' title="bbox 400 5531 1983 5607">
    <p class='ocr_par' dir='ltr' id='par_1_103' title="bbox 400 5531 1983 5607">
     <span class='ocr_line' id='line_1_103' title="bbox 400 5531 1983 5607; baseline 0.007 -24"><span class='ocrx_word' id='word_1_767' title='bbox 400 5531 796 5607; x_wconf 66' lang='grc' dir='ltr'><strong>πατριάρχης-ε</strong></span> <span class='ocrx_word' id='word_1_768' title='bbox 833 5550 852 5584; x_wconf 80' lang='grc' dir='ltr'><strong>ι</strong></span> <span class='ocrx_word' id='word_1_769' title='bbox 883 5533 941 5587; x_wconf 91' lang='lat' dir='ltr'><strong>lu</strong></span> <span class='ocrx_word' id='word_1_770' title='bbox 970 5533 1136 5588; x_wconf 84' lang='lat' dir='ltr'><strong>sacris</strong></span> <span class='ocrx_word' id='word_1_771' title='bbox 1179 5535 1485 5606; x_wconf 84' lang='lat' dir='ltr'><strong>hymnodiis</strong></span> <span class='ocrx_word' id='word_1_772' title='bbox 1533 5538 1862 5594; x_wconf 87' lang='lat' dir='ltr'><strong>mentionem</strong></span> <span class='ocrx_word' id='word_1_773' title='bbox 1905 5539 1983 5594; x_wconf 82' lang='lat' dir='ltr'><strong>fa-</strong></span> 
     </span>
    </p>
   </div>
   <div class='ocr_carea' id='block_1_104' title="bbox 399 5617 1979 5702">
    <p class='ocr_par' dir='ltr' id='par_1_104' title="bbox 399 5617 1979 5702">
     <span class='ocr_line' id='line_1_104' title="bbox 399 5617 1979 5702; baseline 0.008 -28"><span class='ocrx_word' id='word_1_774' title='bbox 399 5617 551 5676; x_wconf 89' lang='lat' dir='ltr'><strong>ciunt</strong></span> <span class='ocrx_word' id='word_1_775' title='bbox 582 5637 750 5693; x_wconf 68' lang='lat' dir='ltr'><strong>papae,</strong></span> <span class='ocrx_word' id='word_1_776' title='bbox 774 5638 894 5679; x_wconf 88' lang='lat' dir='ltr'><strong>cum</strong></span> <span class='ocrx_word' id='word_1_777' title='bbox 917 5626 1089 5681; x_wconf 89' lang='lat' dir='ltr'><strong>oratio</strong></span> <span class='ocrx_word' id='word_1_778' title='bbox 1110 5641 1273 5695; x_wconf 82' lang='lat' dir='ltr'><strong>super</strong></span> <span class='ocrx_word' id='word_1_779' title='bbox 1293 5627 1544 5702; x_wconf 79' lang='lat' dir='ltr'><strong>diptycha</strong></span> <span class='ocrx_word' id='word_1_780' title='bbox 1573 5628 1848 5699; x_wconf 90' lang='lat' dir='ltr'><strong>recitatur,</strong></span> <span class='ocrx_word' id='word_1_781' title='bbox 1874 5643 1979 5686; x_wconf 90' lang='lat' dir='ltr'><strong>una</strong></span> 
     </span>
    </p>
   </div>
   <div class='ocr_carea' id='block_1_105' title="bbox 401 5711 1341 5786">
    <p class='ocr_par' dir='ltr' id='par_1_105' title="bbox 401 5711 1341 5786">
     <span class='ocr_line' id='line_1_105' title="bbox 401 5711 1341 5786; baseline 0.01 -22"><span class='ocrx_word' id='word_1_782' title='bbox 401 5722 525 5767; x_wconf 84' lang='lat' dir='ltr'><strong>cum</strong></span> <span class='ocrx_word' id='word_1_783' title='bbox 551 5711 670 5770; x_wconf 84' lang='lat' dir='ltr'><strong>aliis</strong></span> <span class='ocrx_word' id='word_1_784' title='bbox 697 5724 928 5783; x_wconf 85' lang='lat' dir='ltr'><strong>quatuor</strong></span> <span class='ocrx_word' id='word_1_785' title='bbox 958 5716 1295 5786; x_wconf 85' lang='lat' dir='ltr'><strong>patriarcbis.</strong></span> <span class='ocrx_word' id='word_1_786' title='bbox 1321 5739 1341 5773; x_wconf 75' lang='grc' dir='ltr'><strong>ι</strong></span> 
     </span>
    </p>
   </div>
   <div class='ocr_carea' id='block_1_106' title="bbox 2164 4609 3678 4688">
    <p class='ocr_par' dir='ltr' id='par_1_106' title="bbox 2164 4609 3678 4688">
     <span class='ocr_line' id='line_1_106' title="bbox 2164 4609 3678 4688; baseline -0.009 -7"><span class='ocrx_word' id='word_1_787' title='bbox 2164 4627 2238 4681; x_wconf 84' lang='lat' dir='ltr'><strong>Ex</strong></span> <span class='ocrx_word' id='word_1_788' title='bbox 2263 4624 2418 4680; x_wconf 88' lang='lat' dir='ltr'><strong>dictis</strong></span> <span class='ocrx_word' id='word_1_789' title='bbox 2450 4620 2740 4688; x_wconf 83' lang='lat' dir='ltr'><strong>colligitur,</strong></span> <span class='ocrx_word' id='word_1_790' title='bbox 2774 4633 2879 4672; x_wconf 92' lang='lat' dir='ltr'><strong>non</strong></span> <span class='ocrx_word' id='word_1_791' title='bbox 2910 4617 3032 4672; x_wconf 88' lang='lat' dir='ltr'><strong>ideo</strong></span> <span class='ocrx_word' id='word_1_792' title='bbox 3060 4613 3312 4687; x_wconf 83' lang='lat' dir='ltr'><strong>diptycha</strong></span> <span class='ocrx_word' id='word_1_793' title='bbox 3342 4613 3506 4677; x_wconf 90' lang='lat' dir='ltr'><strong>dicta,</strong></span> <span class='ocrx_word' id='word_1_794' title='bbox 3535 4609 3678 4683; x_wconf 86' lang='lat' dir='ltr'><strong>quod</strong></span> 
     </span>
    </p>
   </div>
   <div class='ocr_carea' id='block_1_107' title="bbox 2090 4707 3675 4790">
    <p class='ocr_par' dir='ltr' id='par_1_107' title="bbox 2090 4707 3675 4790">
     <span class='ocr_line' id='line_1_107' title="bbox 2090 4707 3675 4790; baseline -0.013 -16"><span class='ocrx_word' id='word_1_795' title='bbox 2090 4717 2288 4790; x_wconf 90' lang='lat' dir='ltr'><strong>gemini</strong></span> <span class='ocrx_word' id='word_1_796' title='bbox 2313 4724 2496 4770; x_wconf 81' lang='lat' dir='ltr'><strong>essent</strong></span> <span class='ocrx_word' id='word_1_797' title='bbox 2516 4712 2657 4776; x_wconf 89' lang='lat' dir='ltr'><strong>libri,</strong></span> <span class='ocrx_word' id='word_1_798' title='bbox 2677 4724 2812 4764; x_wconf 92' lang='lat' dir='ltr'><strong>unus</strong></span> <span class='ocrx_word' id='word_1_799' title='bbox 2829 4708 3145 4772; x_wconf 87' lang='lat' dir='ltr'><strong>viventium,</strong></span> <span class='ocrx_word' id='word_1_800' title='bbox 3168 4707 3304 4760; x_wconf 86' lang='lat' dir='ltr'><strong>alter</strong></span> <span class='ocrx_word' id='word_1_801' title='bbox 3318 4714 3675 4768; x_wconf 86' lang='lat' dir='ltr'><strong>mortuorum,</strong></span> 
     </span>
    </p>
   </div>
   <div class='ocr_carea' id='block_1_108' title="bbox 2090 4796 3680 4867">
    <p class='ocr_par' dir='ltr' id='par_1_108' title="bbox 2090 4796 3680 4867">
     <span class='ocr_line' id='line_1_108' title="bbox 2090 4796 3680 4867; baseline -0.011 0"><span class='ocrx_word' id='word_1_802' title='bbox 2090 4822 2146 4867; x_wconf 89' lang='lat' dir='ltr'><strong>ut</strong></span> <span class='ocrx_word' id='word_1_803' title='bbox 2183 4807 2517 4865; x_wconf 75' lang='lat' dir='ltr'><strong>existimavit</strong></span> <span class='ocrx_word' id='word_1_804' title='bbox 2544 4803 2802 4860; x_wconf 82' lang='lat' dir='ltr'><strong>Meursius</strong></span> <span class='ocrx_word' id='word_1_805' title='bbox 2831 4802 2884 4856; x_wconf 91' lang='lat' dir='ltr'><strong>in</strong></span> <span class='ocrx_word' id='word_1_806' title='bbox 2934 4814 3031 4855; x_wconf 89' lang='lat' dir='ltr'><strong>suo</strong></span> <span class='ocrx_word' id='word_1_807' title='bbox 3061 4798 3335 4855; x_wconf 87' lang='lat' dir='ltr'><strong>Glossario</strong></span> <span class='ocrx_word' id='word_1_808' title='bbox 3363 4796 3680 4852; x_wconf 65' lang='lat' dir='ltr'><strong>Graecobar-</strong></span> 
     </span>
    </p>
   </div>
   <div class='ocr_carea' id='block_1_109' title="bbox 2087 4887 3678 4966">
    <p class='ocr_par' dir='ltr' id='par_1_109' title="bbox 2087 4887 3678 4966">
     <span class='ocr_line' id='line_1_109' title="bbox 2087 4887 3678 4966; baseline -0.011 -8"><span class='ocrx_word' id='word_1_809' title='bbox 2087 4902 2239 4966; x_wconf 89' lang='lat' dir='ltr'><strong>baro,</strong></span> <span class='ocrx_word' id='word_1_810' title='bbox 2272 4913 2396 4953; x_wconf 90' lang='lat' dir='ltr'><strong>cum</strong></span> <span class='ocrx_word' id='word_1_811' title='bbox 2449 4910 2586 4949; x_wconf 92' lang='lat' dir='ltr'><strong>unus</strong></span> <span class='ocrx_word' id='word_1_812' title='bbox 2641 4893 2887 4962; x_wconf 87' lang='lat' dir='ltr'><strong>idemque</strong></span> <span class='ocrx_word' id='word_1_813' title='bbox 2917 4891 3051 4946; x_wconf 89' lang='lat' dir='ltr'><strong>liber</strong></span> <span class='ocrx_word' id='word_1_814' title='bbox 3080 4898 3432 4955; x_wconf 87' lang='lat' dir='ltr'><strong>utrorumque</strong></span> <span class='ocrx_word' id='word_1_815' title='bbox 3460 4887 3678 4942; x_wconf 86' lang='lat' dir='ltr'><strong>nomina</strong></span> 
     </span>
    </p>
   </div>
   <div class='ocr_carea' id='block_1_110' title="bbox 2086 4978 3674 5054">
    <p class='ocr_par' dir='ltr' id='par_1_110' title="bbox 2086 4978 3674 5054">
     <span class='ocr_line' id='line_1_110' title="bbox 2086 4978 3674 5054; baseline -0.009 -8"><span class='ocrx_word' id='word_1_816' title='bbox 2086 4990 2363 5046; x_wconf 90' lang='lat' dir='ltr'><strong>continere</strong></span> <span class='ocrx_word' id='word_1_817' title='bbox 2415 4985 2678 5054; x_wconf 88' lang='lat' dir='ltr'><strong>potuerit;</strong></span> <span class='ocrx_word' id='word_1_818' title='bbox 2710 4992 2764 5037; x_wconf 92' lang='lat' dir='ltr'><strong>et</strong></span> <span class='ocrx_word' id='word_1_819' title='bbox 2801 4983 2945 5035; x_wconf 91' lang='lat' dir='ltr'><strong>solus</strong></span> <span class='ocrx_word' id='word_1_820' title='bbox 2988 4981 3124 5035; x_wconf 88' lang='lat' dir='ltr'><strong>liber</strong></span> <span class='ocrx_word' id='word_1_821' title='bbox 3169 4980 3491 5040; x_wconf 85' lang='lat' dir='ltr'><strong>viventium,</strong></span> <span class='ocrx_word' id='word_1_822' title='bbox 3542 4978 3674 5032; x_wconf 89' lang='lat' dir='ltr'><strong>item</strong></span> 
     </span>
    </p>
   </div>
   <div class='ocr_carea' id='block_1_111' title="bbox 2087 5068 3678 5142">
    <p class='ocr_par' dir='ltr' id='par_1_111' title="bbox 2087 5068 3678 5142">
     <span class='ocr_line' id='line_1_111' title="bbox 2087 5068 3678 5142; baseline -0.01 -4"><span class='ocrx_word' id='word_1_823' title='bbox 2087 5084 2236 5138; x_wconf 89' lang='lat' dir='ltr'><strong>solus</strong></span> <span class='ocrx_word' id='word_1_824' title='bbox 2264 5090 2618 5140; x_wconf 88' lang='lat' dir='ltr'><strong>mortuorum,</strong></span> <span class='ocrx_word' id='word_1_825' title='bbox 2672 5076 2830 5129; x_wconf 89' lang='lat' dir='ltr'><strong>etiam</strong></span> <span class='ocrx_word' id='word_1_826' title='bbox 2864 5073 3171 5142; x_wconf 85' lang='lat' dir='ltr'><strong>diptychnm</strong></span> <span class='ocrx_word' id='word_1_827' title='bbox 3197 5071 3304 5125; x_wconf 91' lang='lat' dir='ltr'><strong>sint</strong></span> <span class='ocrx_word' id='word_1_828' title='bbox 3329 5070 3493 5124; x_wconf 92' lang='lat' dir='ltr'><strong>dicta.</strong></span> <span class='ocrx_word' id='word_1_829' title='bbox 3529 5068 3678 5122; x_wconf 85' lang='lat' dir='ltr'><strong>Dicta</strong></span> 
     </span>
    </p>
   </div>
   <div class='ocr_carea' id='block_1_112' title="bbox 2090 5161 3679 5244">
    <p class='ocr_par' dir='ltr' id='par_1_112' title="bbox 2090 5161 3679 5244">
     <span class='ocr_line' id='line_1_112' title="bbox 2090 5161 3679 5244; baseline -0.01 -15"><span class='ocrx_word' id='word_1_830' title='bbox 2090 5175 2251 5244; x_wconf 82' lang='lat' dir='ltr'><strong>igitur</strong></span> <span class='ocrx_word' id='word_1_831' title='bbox 2279 5168 2551 5240; x_wconf 89' lang='lat' dir='ltr'><strong>diptycha,</strong></span> <span class='ocrx_word' id='word_1_832' title='bbox 2586 5165 2726 5235; x_wconf 85' lang='lat' dir='ltr'><strong>quod</strong></span> <span class='ocrx_word' id='word_1_833' title='bbox 2758 5165 2894 5219; x_wconf 90' lang='lat' dir='ltr'><strong>liber</strong></span> <span class='ocrx_word' id='word_1_834' title='bbox 2923 5164 3013 5218; x_wconf 78' lang='lat' dir='ltr'><strong>ille</strong></span> <span class='ocrx_word' id='word_1_835' title='bbox 3057 5163 3266 5217; x_wconf 90' lang='lat' dir='ltr'><strong>duobus</strong></span> <span class='ocrx_word' id='word_1_836' title='bbox 3297 5161 3437 5216; x_wconf 77' lang='lat' dir='ltr'><strong>foliis</strong></span> <span class='ocrx_word' id='word_1_837' title='bbox 3464 5175 3561 5214; x_wconf 87' lang='lat' dir='ltr'><strong>seu</strong></span> <span class='ocrx_word' id='word_1_838' title='bbox 3595 5168 3679 5213; x_wconf 83' lang='lat' dir='ltr'><strong>ta-</strong></span> 
     </span>
    </p>
   </div>
   <div class='ocr_carea' id='block_1_113' title="bbox 2089 5255 3676 5328">
    <p class='ocr_par' dir='ltr' id='par_1_113' title="bbox 2089 5255 3676 5328">
     <span class='ocr_line' id='line_1_113' title="bbox 2089 5255 3676 5328; baseline -0.008 -7"><span class='ocrx_word' id='word_1_839' title='bbox 2089 5264 2226 5321; x_wconf 90' lang='lat' dir='ltr'><strong>bulis</strong></span> <span class='ocrx_word' id='word_1_840' title='bbox 2254 5272 2545 5327; x_wconf 87' lang='lat' dir='ltr'><strong>constaret,</strong></span> <span class='ocrx_word' id='word_1_841' title='bbox 2577 5269 2634 5313; x_wconf 93' lang='lat' dir='ltr'><strong>ut</strong></span> <span class='ocrx_word' id='word_1_842' title='bbox 2655 5273 2815 5328; x_wconf 89' lang='lat' dir='ltr'><strong>supra</strong></span> <span class='ocrx_word' id='word_1_843' title='bbox 2839 5258 2970 5312; x_wconf 83' lang='lat' dir='ltr'><strong>dixi.</strong></span> <span class='ocrx_word' id='word_1_844' title='bbox 2989 5256 3140 5313; x_wconf 84' lang='lat' dir='ltr'><strong>Unde</strong></span> <span class='ocrx_word' id='word_1_845' title='bbox 3152 5265 3208 5311; x_wconf 87' lang='lat' dir='ltr'><strong>et</strong></span> <span class='ocrx_word' id='word_1_846' title='bbox 3231 5255 3367 5325; x_wconf 89' lang='lat' dir='ltr'><strong>apud</strong></span> <span class='ocrx_word' id='word_1_847' title='bbox 3386 5255 3676 5324; x_wconf 87' lang='lat' dir='ltr'><strong>Georgium</strong></span> 
     </span>
    </p>
   </div>
   <div class='ocr_carea' id='block_1_114' title="bbox 2088 5344 3676 5419">
    <p class='ocr_par' dir='ltr' id='par_1_114' title="bbox 2088 5344 3676 5419">
     <span class='ocr_line' id='line_1_114' title="bbox 2088 5344 3676 5419; baseline -0.008 -8"><span class='ocrx_word' id='word_1_848' title='bbox 2088 5353 2535 5418; x_wconf 82' lang='lat' dir='ltr'><strong>Alexandrinum,</strong></span> <span class='ocrx_word' id='word_1_849' title='bbox 2567 5365 2688 5419; x_wconf 90' lang='lat' dir='ltr'><strong>cap.</strong></span> <span class='ocrx_word' id='word_1_850' title='bbox 2721 5349 2810 5415; x_wconf 78' lang='grc'><strong>71,</strong></span> <span class='ocrx_word' id='word_1_851' title='bbox 2843 5363 3002 5419; x_wconf 88' lang='lat' dir='ltr'><strong>supra</strong></span> <span class='ocrx_word' id='word_1_852' title='bbox 3052 5349 3233 5414; x_wconf 91' lang='lat' dir='ltr'><strong>citato,</strong></span> <span class='ocrx_word' id='word_1_853' title='bbox 3267 5362 3362 5414; x_wconf 90' lang='lat' dir='ltr'><strong>pro</strong></span> <span class='ocrx_word' id='word_1_854' title='bbox 3390 5344 3676 5415; x_wconf 74' lang='grc' dir='ltr'>διπτύχοις</span> 
     </span>
    </p>
   </div>
   <div class='ocr_carea' id='block_1_115' title="bbox 2084 5432 3675 5514">
    <p class='ocr_par' dir='ltr' id='par_1_115' title="bbox 2084 5432 3675 5514">
     <span class='ocr_line' id='line_1_115' title="bbox 2084 5432 3675 5514; baseline -0.009 -15"><span class='ocrx_word' id='word_1_855' title='bbox 2084 5445 2187 5499; x_wconf 90' lang='lat' dir='ltr'><strong>alia</strong></span> <span class='ocrx_word' id='word_1_856' title='bbox 2213 5443 2371 5497; x_wconf 91' lang='lat' dir='ltr'><strong>lectio</strong></span> <span class='ocrx_word' id='word_1_857' title='bbox 2402 5440 2562 5495; x_wconf 90' lang='lat' dir='ltr'><strong>habet</strong></span> <span class='ocrx_word' id='word_1_858' title='bbox 2607 5437 2856 5514; x_wconf 78' lang='grc' dir='ltr'>διθύροις,</span> <span class='ocrx_word' id='word_1_859' title='bbox 2911 5437 3054 5508; x_wconf 89' lang='lat' dir='ltr'><strong>quod</strong></span> <span class='ocrx_word' id='word_1_860' title='bbox 3118 5436 3256 5491; x_wconf 82' lang='lat' dir='ltr'><strong>liber</strong></span> <span class='ocrx_word' id='word_1_861' title='bbox 3310 5434 3396 5488; x_wconf 89' lang='lat' dir='ltr'><strong>hic</strong></span> <span class='ocrx_word' id='word_1_862' title='bbox 3442 5432 3675 5491; x_wconf 85' lang='lat' dir='ltr'><strong>duarum</strong></span> 
     </span>
    </p>
   </div>
   <div class='ocr_carea' id='block_1_116' title="bbox 2085 5523 3675 5607">
    <p class='ocr_par' dir='ltr' id='par_1_116' title="bbox 2085 5523 3675 5607">
     <span class='ocr_line' id='line_1_116' title="bbox 2085 5523 3675 5607; baseline -0.006 -17"><span class='ocrx_word' id='word_1_863' title='bbox 2085 5534 2238 5607; x_wconf 88' lang='lat' dir='ltr'><strong>quasi</strong></span> <span class='ocrx_word' id='word_1_864' title='bbox 2262 5534 2548 5605; x_wconf 84' lang='lat' dir='ltr'><strong>januarum</strong></span> <span class='ocrx_word' id='word_1_865' title='bbox 2573 5545 2668 5586; x_wconf 89' lang='lat' dir='ltr'><strong>seu</strong></span> <span class='ocrx_word' id='word_1_866' title='bbox 2697 5532 2969 5585; x_wconf 90' lang='lat' dir='ltr'><strong>valvarum</strong></span> <span class='ocrx_word' id='word_1_867' title='bbox 2997 5534 3160 5590; x_wconf 89' lang='lat' dir='ltr'><strong>esset,</strong></span> <span class='ocrx_word' id='word_1_868' title='bbox 3184 5541 3300 5595; x_wconf 89' lang='lat' dir='ltr'><strong>seu,</strong></span> <span class='ocrx_word' id='word_1_869' title='bbox 3324 5535 3384 5581; x_wconf 92' lang='lat' dir='ltr'><strong>ut</strong></span> <span class='ocrx_word' id='word_1_870' title='bbox 3407 5523 3675 5580; x_wconf 76' lang='lat' dir='ltr'><strong>Ausonius</strong></span> 
     </span>
    </p>
   </div>
   <div class='ocr_carea' id='block_1_117' title="bbox 2090 5614 3671 5697">
    <p class='ocr_par' dir='ltr' id='par_1_117' title="bbox 2090 5614 3671 5697">
     <span class='ocr_line' id='line_1_117' title="bbox 2090 5614 3671 5697; baseline -0.009 -14"><span class='ocrx_word' id='word_1_871' title='bbox 2090 5626 2344 5697; x_wconf 89' lang='lat' dir='ltr'><strong>loquitur,</strong></span> <span class='ocrx_word' id='word_1_872' title='bbox 2404 5625 2634 5697; x_wconf 82' lang='lat' dir='ltr'><strong>bipatens</strong></span> <span class='ocrx_word' id='word_1_873' title='bbox 2675 5621 2920 5695; x_wconf 80' lang='lat' dir='ltr'><strong>pugillar.</strong></span> <span class='ocrx_word' id='word_1_874' title='bbox 2969 5620 3250 5687; x_wconf 84' lang='lat' dir='ltr'><strong>Quomodo</strong></span> <span class='ocrx_word' id='word_1_875' title='bbox 3307 5620 3358 5672; x_wconf 91' lang='lat' dir='ltr'><strong>in</strong></span> <span class='ocrx_word' id='word_1_876' title='bbox 3414 5614 3671 5685; x_wconf 81' lang='lat' dir='ltr'><strong>Evagrio,</strong></span> 
     </span>
    </p>
   </div>
   <div class='ocr_carea' id='block_1_118' title="bbox 2093 5708 3677 5789">
    <p class='ocr_par' dir='ltr' id='par_1_118' title="bbox 2093 5708 3677 5789">
     <span class='ocr_line' id='line_1_118' title="bbox 2093 5708 3677 5789; baseline -0.008 -14"><span class='ocrx_word' id='word_1_877' title='bbox 2093 5718 2189 5777; x_wconf 86' lang='lat' dir='ltr'><strong>lib.</strong></span> <span class='ocrx_word' id='word_1_878' title='bbox 2218 5733 2291 5785; x_wconf 82' lang='lat' dir='ltr'><strong>vi,</strong></span> <span class='ocrx_word' id='word_1_879' title='bbox 2324 5716 2471 5774; x_wconf 83' lang='lat' dir='ltr'><strong>Eccl.</strong></span> <span class='ocrx_word' id='word_1_880' title='bbox 2499 5713 2663 5785; x_wconf 75' lang='lat' dir='ltr'><strong>HisL,</strong></span> <span class='ocrx_word' id='word_1_881' title='bbox 2689 5730 2809 5787; x_wconf 88' lang='lat' dir='ltr'><strong>cap.</strong></span> <span class='ocrx_word' id='word_1_882' title='bbox 2836 5716 2928 5782; x_wconf 74' lang='lat'><strong>20,</strong></span> <span class='ocrx_word' id='word_1_883' title='bbox 2958 5714 3239 5789; x_wconf 72' lang='grc' dir='ltr'>ἀμφίθυρον</span> <span class='ocrx_word' id='word_1_884' title='bbox 3266 5710 3492 5776; x_wconf 60' lang='lat' dir='ltr'><strong>Obnxii»,</strong></span> <span class='ocrx_word' id='word_1_885' title='bbox 3522 5708 3677 5780; x_wconf 78' lang='lat' dir='ltr'><strong>capio</strong></span> 
     </span>
    </p>
   </div>
  </div>
