4014 6368
304 278 411 333 ιδτ

986 276 1459 336 DNOMASTICON
1499 279 1743 338 RERUM
1779 280 1868 337 ET
1908 279 2282 339 \‘ERBORUM
2323 283 2825 343 Dll’FIClLlORUil

3460 287 3567 346 438
3586 304 3591 309 ·

301 392 378 449 de
402 388 724 462 aanpltitltyro
762 402 858 448 seu
879 392 1122 463 diptyclto
1152 407 1313 463 opere
1340 392 1543 449 Iluuico
1574 394 1744 461 facto;
1777 395 1879 450 nisi
1908 395 1959 455 Α
1985 394 2180 451 rituum
2204 434 2222 461 ,
2281 413 2437 467 quam
2487 414 2656 453 sacra:
2708 400 2839 470 legis
2879 415 3073 470 gnaros
3118 401 3571 471 obscrvantesquo

302 485 462 539 malis
485 484 557 541 de
582 485 699 539 velo
720 499 840 539 cum
868 486 988 540 aliis
1009 500 1219 554 capere.

377 575 506 630 Tale
534 591 602 630 ex
635 576 800 631 ebore
838 576 1145 646 diptycbum
1179 577 1375 632 vidisse
1432 593 1519 632 me
1572 577 1793 632 memini
1824 578 1877 634 in

302 668 534 723 ecclesia
565 670 732 724 sancti
780 669 1046 723 Lamberti
1094 669 1295 735 Leodii,
1326 672 1407 724 cui
1440 670 1646 736 aliquot
1674 679 1886 725 Sancto-

299 776 425 814 rum
451 769 505 813 et
549 762 900 829 quorumdam
932 762 1303 829 epismporum
1359 763 1573 816 nomina
1630 762 1883 830 inscripta

296 860 447 905 sunt.
483 850 701 905 Videtur
725 867 789 905 ex
820 850 1043 920 profano
1064 853 1328 907 consulari
1381 854 1656 923 diptycho,
1710 853 1882 922 qualia

297 941 357 995 in
386 940 622 996 editione
649 958 928 996 munerum
947 943 1132 998 amicis
1175 942 1387 998 mittere
1413 945 1659 998 consules
1684 945 1879 1009 solent,

294 1047 527 1102 utsupra
542 1036 708 1103 attigi,
724 1034 776 1087 in
794 1034 1211 1089 ecclesiasticum
1226 1035 1532 1106 diplycbum
1549 1036 1879 1090 translatum.

293 1123 441 1182 Sane
473 1143 667 1181 nomen
695 1128 961 1182 Saviniani
993 1144 1085 1182 seu
1118 1128 1392 1183 Sabiniani
1415 1128 1648 1183 consulis
1694 1130 1883 1184 inseri-

296 1227 450 1284 ptum
486 1217 665 1283 habet,
691 1219 780 1287 qui
809 1218 995 1272 consul
1025 1216 1121 1273 fuit
1149 1234 1290 1272 anno
1324 1220 1528 1273 Domini
1560 1217 1681 1281 505.
1710 1222 1881 1275 conti-

292 1318 494 1376 netque
544 1308 720 1362 varias
747 1308 962 1378 ﬁguras,
996 1325 1112 1379 quze
1142 1310 1414 1379 profanam
1447 1309 1688 1365 militiam
1720 1325 1879 1373 snec-

291 1409 431 1461 tant,
480 1415 599 1454 cum
654 1400 751 1454 hac
795 1403 953 1454 etiam
1005 1402 1345 1470 inscriptione
1397 1418 1411 1455 :
1464 1416 1589 1456 con.
1649 1416 1872 1456 oouesr.

288 1505 478 1554 morr.
509 1490 746 1556 Efﬁgiem
773 1490 1009 1559 diptychi
1042 1491 1199 1558 hujus
1236 1491 1320 1545 hic
1350 1491 1721 1559 subjecissem,
1746 1493 1787 1544 si
1810 1492 1875 1547 ad

286 1595 377 1634 tne
404 1593 638 1634 correcta
667 1583 939 1650 inscriptio
971 1582 1281 1636 transmissa
1315 1582 1531 1637 fuisset.
1565 1584 1709 1635 Alias
1737 1583 1874 1638 forte

285 1682 594 1726 correctum
618 1675 917 1742 exprimere
942 1675 1177 1729 dabitur.
1211 1675 1278 1729 Et
1330 1675 1578 1746 diptycha
1622 1677 1873 1731 ecclesia-

285 1781 410 1819 rum
436 1767 546 1821 iere
584 1767 778 1822 eborea
806 1768 988 1832 fuisse,
1020 1770 1271 1839 colligere
1297 1785 1507 1840 quoque
1536 1779 1620 1825 est
1648 1785 1713 1825 ex
1743 1772 1873 1826 For-

285 1864 494 1921 tunato,
529 1857 621 1910 lib.
653 1873 707 1922 χ,
733 1872 897 1911 carm.
930 1859 1015 1913 lO:

411 1945 612 2011 Nomina
638 1956 800 2011 vestra
826 1948 1271 2011 legatipatriarchis
1292 1958 1441 2010 atque
1464 1952 1721 2011 proiihetis
1746 1988 1760 2011 ,

472 2007 560 2057 Cui
588 2008 732 2056 hodie
760 2010 806 2057 in
834 2007 1016 2071 templo
1041 2012 1303 2073 diptycbus
1328 2007 1429 2061 edit
1459 2007 1600 2061 ebur.

279 2087 429 2144 Sane
456 2089 703 2160 diptyclia
727 2092 853 2145 olim
877 2108 937 2145 ex
971 2096 1242 2161 prrrstanti
1268 2095 1487 2149 materia
1515 2094 1695 2161 fuisse,
1722 2096 1791 2150 ita
1817 2105 1872 2151 ut

280 2182 464 2249 capsis
498 2181 918 2250 includerentur,
952 2185 1218 2255 colligitur
1245 2202 1309 2240 ex
1340 2185 1873 2242 Ekkeharilolunin-

280 2286 367 2337 re,
425 2272 692 2327 ctenobita
738 2274 908 2350 sancti
958 2275 1114 2341 Galli,
1173 2276 1243 2332 de
1286 2277 1509 2331 Casibus
1559 2279 1869 2332 monasterii

276 2364 456 2417 sancti
479 2364 680 2418 Galliin
705 2366 1178 2437 Alemannia,cap.
1210 2367 1243 2420 5
1276 2385 1288 2421 :
1327 2386 1346 2419 ι
1381 2366 1592 2435 Capella
1622 2369 1781 2422 citata
1812 2368 1870 2423 ﬁt

274 2456 597 2521 oratorium,
625 2458 679 2511 in
728 2458 868 2528 quod
901 2460 1222 2516 invehuntur
1249 2476 1465 2527 cruces,
1498 2471 1553 2516 ct
1579 2461 1866 2531 diptychiis

273 2563 483 2618 cap~:e,
512 2566 721 2605 necnon
750 2563 802 2606 et
852 2569 986 2622 pene
1013 2556 1209 2621 omnis,
1243 2564 1437 2624 praeter
1460 2554 1624 2611 libros
1654 2557 1865 2625 reposi-

274 2640 471 2706 torios,
504 2642 744 2696 ecclesiae
769 2644 1067 2699 thesaurus.
1108 2665 1129 2697 ι
1181 2645 1314 2710 Qua:
1363 2645 1527 2699 habes
1558 2645 1867 2700 Alemanni-

273 2747 464 2786 carum
493 2749 669 2787 rerum
704 2744 848 2790 tomo
875 2736 912 2800 Ι,
955 2746 1105 2806 parte
1155 2754 1192 2792 ι.
1249 2737 1346 2793 Ubi
1384 2738 1671 2792 Goldastus
1701 2740 1863 2793 scho-

274 2822 467 2878 liastes
502 2841 595 2892 per
622 2826 874 2897 diptycha
898 2828 1148 2899 intelligit
1174 2830 1344 2884 libros
1369 2830 1785 2895 anniversarios,
1812 2831 1863 2885 in

272 2916 467 2984 quibus
491 2932 674 2971 eorum
699 2920 909 2971 nomina
935 2919 1248 2988 perscripta,
1282 2922 1370 2990 qui
1404 2935 1500 2986 pro
1521 2935 1632 2974 sua:
1663 2921 1861 2989 aliquid

272 3006 468 3059 anima:
494 3008 725 3061 remedio
747 3010 1022 3063 monachis
1051 3020 1104 3065 et
1130 3011 1339 3066 clericis
1364 3012 1650 3081 legassent,
1676 3019 1862 3065 custo-

271 3095 377 3149 diae
400 3111 625 3165 quorum
656 3114 830 3169 capsa:
883 3102 997 3156 istae
1029 3111 1244 3170 [πίητε.
1278 3102 1472 3157 Dubito
1502 3119 1567 3157 an
1611 3104 1861 3175 diptycha

271 3186 366 3242 illa
396 3191 699 3248 communia
750 3195 1028 3249 mortualia
1060 3196 1194 3265 apud
1225 3196 1516 3249 monachos
1564 3199 1631 3250 ita
1680 3197 1861 3252 ornari

271 3281 382 3336 sint
406 3281 580 3348 solita,
603 3294 658 3336 ut
683 3284 820 3338 inter
846 3285 1126 3339 thesauros
1150 3288 1417 3340 numerari
1438 3287 1661 3356 possint.
1683 3287 1863 3342 Potius

271 3384 371 3439 per
394 3370 644 3441 diptyctia
674 3389 737 3427 eo
753 3372 871 3429 loco
894 3376 1243 3430 intellexerim
1260 3375 1307 3427 di
1318 3375 1509 3446 ptycha
1534 3386 1859 3445 sanctorum,

273 3463 362 3517 vel
394 3463 586 3517 librum
637 3464 1067 3534 Evangeliorum,
1099 3468 1182 3522 vel
1232 3467 1457 3531 similes,
1492 3483 1720 3535 quorum
1772 3483 1861 3521 eo.

270 3556 601 3624 opertorium
629 3558 957 3630 diptyehum,
1010 3574 1104 3614 seu
1133 3570 1388 3613 extreinze
1438 3558 1627 3613 tabulae
1652 3560 1863 3630 egregie

272 3647 454 3701 ornari
475 3650 669 3711 solent,
696 3665 847 3714 auro,
879 3660 1121 3720 argento,
1148 3650 1348 3719 ﬁguris,
1371 3658 1423 3703 et
1444 3650 1496 3703 in
1522 3651 1861 3718 processioue

273 3737 705 3806 circumgestari.

346 3826 615 3898 Originem
645 3829 800 3898 hujus
850 3829 953 3892 rei,
1009 3831 1245 3894 nomina,
1280 3828 1525 3885 videlicet
1553 3839 1857 3884 sanctorum

270 3930 592 3989 martyrum,
626 3922 1029 3988 imperatorum,
1066 3920 1375 3986 pontiﬁcum
1422 3934 1778 3983 summorum,
1810 3928 1860 3972 et

269 4011 503 4065 oliorum
536 4012 637 4066 ﬁde
666 4027 728 4067 ac
759 4014 973 4067 meritis
1015 4013 1388 4067 excellentium
1434 4013 1665 4065 virorum
1694 4013 1861 4066 sacris

271 4102 539 4171 diptychis
573 4103 862 4167 inserendi,
918 4113 971 4157 et
1019 4104 1157 4155 inter
1202 4101 1518 4171 hymuodias
1577 4104 1860 4169 recitandi,

271 4192 489 4246 lsaacus
513 4193 860 4248 Casaubonus
890 4193 1453 4248 Animadversionibus
1500 4194 1563 4245 ad
1617 4194 1859 4248 Athenmi

272 4285 471 4337 librum
503 4300 577 4349 vr,
632 4300 749 4354 cap.
786 4287 874 4351 li,
928 4296 1202 4355 acceptam
1236 4285 1402 4340 refert
1430 4287 1708 4355 gentilitati
1757 4288 1860 4340 Ru-

273 4389 471 4438 iname,
496 4375 584 4444 qui
616 4390 799 4428 eorum
834 4376 1073 4442 nomina,
1098 4393 1232 4446 quos
1259 4380 1456 4431 eximio
1508 4378 1710 4431 honore
1744 4379 1858 4431 vel-

272 4467 390 4518 teut
413 4466 685 4530 decorare,
719 4466 906 4521 Saliari
937 4469 1172 4522 carmine
1199 4469 1436 4523 canenda
1481 4468 1859 4523 decernebant.

274 4556 350 4608 l'ta
379 4556 722 4621 Germanico,
746 4558 942 4625 inquit,
991 4569 1202 4613 mortuo
1226 4559 1309 4612 hic
1342 4560 1510 4613 honos
1552 4561 1691 4613 inter
1736 4562 1868 4613 alios

275 4648 532 4711 tributus,
562 4660 779 4702 auctore
811 4649 1016 4714 Tacito,
1050 4650 1186 4703 libro
1214 4664 1273 4703 tt.
1305 4649 1375 4703 Et
1422 4651 1490 4702 .u.
1516 4666 1727 4719 quoque
1752 4651 1865 4703 An-

276 4739 495 4790 toninus
519 4739 885 4807 pliilosOphus,
916 4749 1125 4792 mortuo
1156 4741 1260 4792 ﬁlio
1284 4739 1445 4805 Vero,
1475 4739 1635 4808 jussit
1681 4749 1734 4792 ut
1767 4755 1868 4792 uo-

279 4844 404 4882 tnen
431 4830 548 4898 ejus
579 4830 763 4883 Saliari
794 4830 1018 4884 carmini
1066 4832 1414 4894 insereretur,
1464 4841 1601 4884 teste
1634 4831 1871 4896 Spartia-

278 4935 372 4973 no.
405 4919 519 4973 Jam
552 4922 677 4974 olim
710 4922 759 4973 id
790 4921 972 4975 Roma:
1003 4923 1324 4989 institutum,
1360 4933 1414 4975 ut
1442 4938 1505 4975 ex
1538 4922 1600 4975 iis
1634 4932 1863 4986 constat,

280 5026 402 5079 qua:
423 5010 488 5064 de
514 5011 767 5065 Mamurio
800 5012 1017 5065 Veturio
1045 5022 1097 5065 et
1121 5013 1277 5066 Lucia
1306 5012 1582 5065 Volumnia
1620 5013 1869 5065 scribunt

280 5100 475 5167 Varro,
507 5103 748 5168 Ovidius,
801 5104 1011 5170 Festus,
1064 5084 1404 5171 Plutarchus,
1461 5114 1514 5157 ct
1545 5104 1651 5157 alii.
1703 5104 1869 5159 Vetus

283 5208 517 5262 quoque,
549 5195 738 5263 inquit,
769 5194 1009 5249 Ecclesia
1039 5196 1340 5250 Christiana
1367 5198 1528 5261 hunc,
1551 5207 1609 5249 ut
1636 5196 1864 5260 videtur,

284 5298 491 5337 morem
520 5284 583 5335 ad
612 5286 754 5348 pium
788 5300 939 5338 nsum
975 5286 1227 5339 traduxit.
1277 5288 1388 5351 Qua
1441 5285 1510 5339 de
1560 5301 1639 5349 re,
1698 5286 1865 5350 addit,

285 5373 530 5427 dicemus
562 5374 727 5427 multa
758 5376 905 5439 alibi,
934 5375 981 5429 si
1010 5378 1170 5431 vitam
1202 5379 1343 5432 Deus
1370 5376 1696 5445 produxerit,
1728 5379 1863 5431 scitu

286 5465 468 5534 digna,
500 5481 597 5521 nec
628 5470 874 5537 protrita.

360 5561 527 5624 Quam
559 5562 747 5614 vellem
770 5561 1084 5617 t‘Lasaubono
1115 5571 1344 5616 mentem
1370 5562 1648 5616 meliorem
1674 5563 1860 5623 fuisse,

289 5660 359 5701 ne
384 5647 452 5700 ab
481 5648 712 5704 ethnicis
740 5664 890 5705 sacra
923 5661 1107 5707 nostra
1133 5663 1451 5719 arcesseret,
1480 5670 1636 5721 quam
1669 5667 1696 5705 a
1727 5664 1869 5707 vete-

289 5739 361 5794 ris
385 5738 713 5798 Testamenti
732 5744 993 5812 ecclesia,
1028 5761 1096 5801 ne
1126 5746 1308 5802 l’atres
1333 5745 1671 5801 ethnicorum
1701 5746 1871 5818 magis

1989 487 2225 543 faceret!
2288 490 2613 546 Meminisset
2686 494 2824 560 apud
2886 509 3133 562 magnum
3213 496 3562 566 Dionysium,

1987 593 2146 647 quem
2173 581 2362 635 merito
2376 591 2606 635 veterem
2628 583 2833 639 Patrem
2858 586 3049 638 asserit
3074 594 3127 640 et
3150 587 3392 648 inminuit,
3412 601 3532 641 esse
3551 603 3566 650 ;

1988 673 2165 728 Σκόπει
2192 672 2245 727 δὲ
2270 714 2285 738 ,
2318 673 2398 730 ὅτι
2420 678 2505 728 xxi
2530 679 2861 748 μνημοσύναις
2903 678 3062 741 ἱεροῖς
3092 679 3405 734 ἀνατίθενται
3434 717 3448 742 ,
3476 686 3569 740 τῆς

1986 764 2121 822 θείας
2142 769 2332 837 μνήμης
2352 769 2435 819 οὐκ
2458 768 2783 844 ἀνθρωπικῶς
2809 770 2855 821 ἐν
2876 777 2936 844 τῇ
2968 775 3059 824 τοῦ
3075 778 3375 842 μνημονικοῦ
3393 794 3568 842 φανταο

1987 857 2076 929 σίᾳ
2100 853 2420 924 δηλουιειένης.
2444 858 2548 911 ἀλλ’
2571 862 2638 919 ὡς
2660 856 2718 913 ἄν
2739 881 2815 918 τις
2836 863 2974 930 gain,
2998 861 3313 935 θεοπρεπῶς,
3331 865 3461 915 κατὰ
3478 869 3567 921 τήν

1987 948 2033 998 ἐν
2048 955 2158 1019 Θεῷ
2179 955 2276 1000 τῶν
2298 949 2662 1021 τετελεσμένων
2684 950 2910 1006 θεοιιδῶν
2926 955 3095 1023 τιμίαν
3118 957 3198 1006 καὶ
3215 955 3565 1024 ἀμετάστατον

1983 1048 2188 1112 γνῶσιν.
2207 1038 2364 1113 ’Ἔγνω
2386 1044 2505 1118 γὰρ,
2531 1042 2624 1116 ἔφη
2646 1047 2710 1099 τὰ
2734 1045 2906 1114 Aer/ta,
2932 1048 3049 1105 τοὺς
3079 1043 3227 1105 ὄντας
3253 1048 3432 1100 αὐτοῦ·
3456 1051 3562 1109 καὶ.

1983 1130 2157 1200 Τίμιος
2174 1134 2395 1187 ἐναντίον
2418 1136 2593 1207 Κυρίου
2619 1134 2642 1188 ὁ
2660 1137 2869 1194 θάνατος
2888 1144 2986 1190 τῶν
3002 1135 3156 1190 ὁσίων
3178 1138 3356 1191 αὐτοῦ’
3373 1142 3461 1191 τοῦ
3480 1139 3567 1191 Cat-

1983 1224 2142 1279 νὰτον
2155 1232 2255 1279 τῶν
2265 1224 2413 1279 ὁσίων
2425 1229 2532 1280 ἀντὶ
2543 1234 2631 1285 τῆς
2645 1226 2693 1279 ἐν
2711 1226 2939 1284 ὁσιότητι
2951 1228 3256 1288 τελειώσεως
3272 1230 3537 1303 εἰρημένον
3548 1264 3564 1280 .

1988 1352 2007 1386 ι
2037 1334 2140 1389 Sed
2160 1335 2369 1389 animad
2381 1345 2526 1390 verte
2542 1351 2633 1390 eos
2660 1337 2707 1389 in
2721 1338 2886 1391 sacris
2898 1338 3057 1392 etiam
3075 1337 3345 1392 memoriis
3365 1336 3564 1403 inesse,

1982 1443 2088 1482 non
2118 1429 2255 1497 quod
2282 1443 2428 1483 more
2456 1428 2726 1482 hominum
2755 1429 2933 1484 divina
2959 1431 3213 1484 memoria
3244 1430 3293 1483 in
3324 1446 3386 1485 ea
3414 1440 3566 1498 parte

1981 1521 2249 1574 memoriae
2278 1536 2392 1588 qua:
2423 1520 2534 1575 visa
2582 1522 2786 1589 recipit,
2822 1523 2994 1575 inesse
3022 1522 3342 1585 declaretur,
3375 1521 3468 1575 sed
3502 1528 3560 1574 ut

1978 1611 2170 1680 aliquis
2199 1611 2338 1665 dicat
2365 1626 2461 1679 pro
2490 1610 2580 1665 Dci
2612 1613 2889 1682 dignitate,
2918 1613 3225 1680 pretiosam,
3254 1612 3559 1668 immutabi-

1980 1701 2189 1771 lemque
2213 1703 2264 1755 in
2296 1702 2401 1756 Deo
2427 1718 2610 1756 eorum
2641 1704 2730 1772 qui
2757 1703 2991 1758 divinam
3050 1705 3288 1772 speciem
3330 1707 3562 1787 perfecte

1908 1776 1951 1834 Β
1980 1800 2340 1865 ριτειυιοτιιηι,
2374 1801 2645 1857 scientiam
2692 1802 2974 1870 signiﬁcat.
3026 1800 3180 1855 Novit
3202 1804 3354 1869 enim,
3390 1780 3560 1871 inquit

1978 1889 2249 1957 Scriptura
2273 1891 2469 1959 divina,
2497 1892 2581 1958 qui
2603 1902 2720 1944 sunt
2748 1893 2857 1962 ejus
2888 1890 2975 1965 (II
3008 1891 3142 1945 Tim.
3185 1896 3268 1961 tt).
3301 1893 3364 1946 Et
3395 1891 3550 1946 :Pre-

1976 1982 2103 2036 tiosa
2133 1984 2183 2035 in
2208 1996 2475 2054 conspectu
2496 1983 2702 2037 Domini
2732 2002 2867 2038 mors
2895 1997 3189 2040 sanctorum
3237 1992 3349 2056 ejus
3381 1985 3551 2055 (Psal.

1975 2088 2119 2133 cxvi.
2146 2075 2310 2129 lllnrte
2340 2085 2584 2129 sanctoru
2599 2092 2646 2129 in
2682 2077 2847 2141 dieta,
2884 2093 2978 2146 pro
3009 2078 3327 2146 perii-ctione
3359 2077 3409 2131 in
3432 2093 3555 2131 san-

1975 2166 2175 2219 ctitate.
2219 2184 2238 2218 ι
2290 2167 2618 2221 Meminisset
2672 2169 2739 2221 ab
2771 2169 3143 2224 Ecclesiasﬁco
3172 2169 3400 2234 dictum,
3431 2184 3551 2239 cap.

1973 2272 2093 2310 XLIV
2128 2274 2139 2310 :
2180 2256 2477 2311 Laudemus
2521 2260 2653 2313 viros
2691 2260 2944 2328 gloriosos
2991 2269 3040 2313 et
3069 2270 3239 2329 patres
3268 2270 3470 2313 nostros
3497 2261 3553 2313 in

1973 2349 2291 2416 generatione
2318 2366 2432 2405 sua.
2457 2347 2557 2416 Qui
2580 2351 2647 2403 ibi
2671 2360 2724 2405 et
2749 2351 3091 2420 sequentibus
3112 2352 3375 2420 capitibus
3404 2360 3554 2405 cata-

1973 2438 2147 2507 logum
2175 2438 2403 2493 virorum
2424 2440 2686 2507 justorum
2721 2442 2867 2496 texit.
2894 2440 3008 2494 Non
3040 2440 3139 2493 huc
3166 2441 3340 2509 patius
3378 2455 3539 2510 quam

1970 2530 2035 2583 ad
2059 2529 2278 2585 Saliaria
2301 2530 2533 2583 carmina
2562 2532 2794 2599 reSpexit
2812 2540 2960 2585 vetus
2990 2529 3266 2585 Ecclesia?

2045 2639 2200 2705 Quin,
2234 2649 2291 2693 ut
2319 2649 2466 2695 uolat
2498 2641 2813 2695 Brouwerus
2853 2649 3036 2696 noster
3071 2642 3136 2695 ad
3170 2641 3543 2709 Fortunatam,

1970 2731 2021 2786 in
2053 2732 2323 2799 Diptychis
2370 2732 2622 2785 librorum
2673 2734 2792 2787 vitm
2818 2732 3101 2801 quamdam
3136 2733 3307 2786 ideam
3357 2735 3550 2787 adum-

1970 2823 2155 2877 brasse
2179 2827 2407 2891 majores
2430 2823 2697 2877 videntur.
2728 2822 2791 2878 Ut
2812 2824 2952 2877 enim
2977 2822 3027 2877 in
3053 2824 3241 2876 horum
3267 2823 3387 2876 albo
3411 2838 3546 2876 non-

1974 2917 2108 2971 nulli
2141 2914 2402 2979 lnSCripti,
2435 2917 2523 2982 qui
2555 2929 2659 2968 nou
2714 2916 2952 2983 perenni,
3011 2914 3103 2968 sed
3136 2915 3285 2968 brevi
3325 2913 3549 2981 iustitiae

1974 3008 2130 3061 laude
2174 3007 2530 3062 commendati
2573 3024 2587 3072 ;
2645 3008 2734 3060 alii
2783 3006 2874 3076 qui
2922 3017 3068 3062 certo
3120 3015 3174 3060 et
3227 3005 3545 3059 immutabili

1891 3130 1937 3194 Ο
1969 3098 2211 3154 Numinis
2254 3100 2469 3154 decreto
2516 3098 2568 3153 in
2595 3107 2794 3153 sortem
2835 3108 3135 3152 sanctorum
3179 3098 3441 3165 cooptati;
3475 3097 3547 3151 ita

1968 3189 2230 3259 diptychis
2261 3205 2447 3244 eorum
2493 3204 2597 3258 quo
2617 3205 2702 3257 iue
2746 3191 2965 3244 nomina
2997 3188 3274 3258 irrepsisse
3305 3188 3549 3242 tuemini-

1969 3296 2109 3349 mus,
2164 3296 2387 3351 quorum
2443 3281 2507 3334 ad
2560 3289 2768 3349 tempus
2818 3281 3062 3334 simulata
3116 3279 3284 3334 virtus
3340 3279 3391 3333 id
3441 3294 3547 3334 non

1967 3386 2275 3441 meruerat;
2326 3375 2552 3430 aliorum
2602 3390 2733 3430 vi-ro
2760 3375 2962 3430 ﬁrmius
2985 3375 3264 3442 insedisse,
3318 3389 3545 3444 quorum

1965 3474 2215 3519 constans
2238 3466 2467 3530 esstitit,
2492 3474 2547 3520 et
2576 3465 2778 3519 illibata
2812 3466 2933 3521 ﬁdei
2980 3475 3035 3522 et
3060 3481 3265 3520 morum
3324 3468 3542 3530 integri-

1968 3564 2066 3609 tas.
2097 3555 2234 3612 Usus
2264 3557 2441 3625 itaque
2471 3557 2695 3625 liuisque
2721 3557 3095 3627 diptychorum
3145 3558 3240 3610 fuit
3273 3555 3534 3620 insacris,

1932 3658 1937 3661 '
1967 3656 2074 3700 tum
2101 3649 2367 3702 memoria:
2391 3659 2698 3701 sam-torum
2727 3648 3043 3712 retinendae,
3071 3655 3178 3700 tum
3210 3647 3350 3715 pacis
3373 3646 3549 3700 eccle-

1964 3739 2188 3792 siasticm
2213 3748 2266 3792 et
2289 3740 2677 3792 communionis
2698 3739 2999 3792 sancienda:
3020 3755 3034 3793 :
3055 3753 3175 3790 cum
3203 3738 3389 3805 dignos
3408 3735 3547 3790 cmlo

1964 3842 2026 3881 ac
2075 3831 2398 3894 sempiterna
2450 3828 2705 3881 memoria
2755 3828 2897 3881 viros
2946 3830 3267 3892 reciperent,
3298 3826 3551 3894 indignos

1966 3935 2091 3974 vero
2120 3931 2431 3989 respuerent
2454 3931 2505 3974 et
2529 3929 2858 3974 excuterem.
2902 3920 3169 3974 Hactenus
3202 3920 3543 3973 Brouwerus.

2038 4010 2113 4063 De
2137 4010 2401 4080 dipzycliis
2440 4011 2604 4065 sacris
2631 4012 3126 4065 commentariolum
3166 4012 3291 4065 olim
3337 4010 3549 4081 scripsit

1966 4101 2198 4156 Joannes
2225 4101 2457 4168 Baptista
2491 4100 2755 4165 Cardoua,
2780 4101 3061 4169 episcopus
3086 4101 3433 4167 Dertosanus,
3460 4115 3548 4155 ro-

1965 4205 2088 4261 gatu
2118 4192 2382 4247 Gabriclis
2430 4194 2712 4248 cardinalis
2765 4194 2987 4247 Paleotti
3014 4239 3027 4261 ,
3057 4209 3215 4261 quem
3263 4208 3383 4247 cum
3428 4193 3551 4249 aliis

1965 4284 2084 4353 ejus
2107 4286 2561 4339 commentariolis
2584 4286 2858 4355 impressit
2889 4285 3166 4355 Philippus
3197 4286 3313 4355 lliey
3343 4285 3545 4340 Tarra-

1970 4392 2123 4443 Cunc,
2173 4393 2311 4430 anno
2343 4376 2501 4433 1587.
2557 4379 2629 4433 De
2676 4378 2860 4431 iisdem
2914 4379 3073 4433 etiam
3121 4377 3362 4446 quaedam
3391 4376 3548 4433 habet

1901 4490 1946 4549 ι)
1974 4467 2206 4522 Joannes
2238 4468 2539 4535 Stephanus
2588 4467 2871 4533 Durantus,
2925 4469 2989 4521 de
3024 4467 3229 4521 Ritibus
3279 4467 3551 4536 Ecclesiae,

1974 4574 2092 4626 cap.
2119 4558 2206 4623 43,
2240 4561 2325 4626 qui
2359 4561 2559 4613 litteras
2581 4558 2872 4612 Innocentii
2898 4573 3045 4625 papa:
3076 4566 3131 4611 et
3158 4557 3367 4611 Arcadii
3392 4558 3548 4626 imp.,

1975 4662 2106 4717 quas
2135 4663 2292 4717 supra
2319 4648 2503 4713 habes,
2548 4664 2651 4701 non
2698 4650 2795 4701 rite
2819 4654 3089 4702 contrario
3119 4647 3279 4700 modo
3303 4647 3451 4702 citat.
3478 4649 3573 4703 De

1977 4741 2165 4795 iisdem
2214 4742 2370 4795 etiam
2400 4743 2507 4811 agit
2537 4740 2702 4794 frater
2750 4740 2983 4810 Angelus
3014 4740 3187 4794 Rocca
3216 4739 3457 4805 Camers,
3486 4741 3550 4795 ad

1978 4829 2169 4883 librum
2203 4832 2667 4883 Sacramentorum
2694 4828 2800 4881 divi
2825 4827 3086 4898 Gregorii.

2053 4921 2344 4975 llabuimus
2398 4922 2657 4974 hactenus
2708 4920 2960 4991 diptycua
3016 4934 3112 4988 pro
3139 4922 3306 4975 sacris
3353 4921 3548 4975 tabulis

1977 5016 2346 5078 mortualihus,
2390 5029 2507 5083 qua:
2555 5014 2816 5082 duplices,
2869 5027 2963 5067 seu
3004 5014 3229 5067 duorum
3280 5014 3549 5080 foliorum,

1976 5115 2148 5161 erant.
2216 5106 2288 5157 Eo
2342 5115 2586 5173 respectu
2616 5106 2939 5173 Augustinus
2994 5116 3141 5159 tomo
3172 5104 3259 5169 Vl,
3295 5105 3433 5158 libro
3458 5120 3543 5169 xv,

1974 5208 2157 5251 contra
2189 5195 2436 5251 Faustum
2479 5196 2847 5262 Manicheum,
2870 5210 2985 5263 cap.
3021 5195 3077 5263 4,
3120 5187 3325 5251 tabulas
3343 5195 3546 5267 Moysis

1976 5289 2213 5355 lapideas
2241 5296 2393 5341 vocat
2421 5287 2746 5357 diptychium
2778 5302 2792 5339 τ
2840 5304 2859 5337 ι
2896 5286 3025 5341 Nam
3059 5288 3111 5341 in
3142 5288 3231 5341 illo
3276 5287 3553 5357 diptychio

1976 5378 2204 5449 lapideo,
2237 5379 2345 5448 jam
2398 5387 2453 5431 tu
2508 5394 2612 5431 non
2659 5378 2822 5433 corde
2875 5378 3084 5447 lapideo
3128 5377 3379 5447 intelligis
3423 5376 3551 5447 quid

1977 5474 2108 5526 duro
2159 5473 2230 5525 illi
2284 5470 2478 5539 popqu
2524 5469 2869 5540 congruebat.
2926 5490 2945 5522 ι
2995 5470 3122 5524 Item
3176 5472 3334 5540 epist.
3377 5468 3552 5526 sancti

1975 5563 2138 5628 Petri,
2167 5580 2232 5634 ex
2269 5564 2480 5633 1023
2504 5577 2605 5630 qua
2634 5562 2874 5629 qumdam
2905 5560 3097 5617 citarat
3126 5578 3140 5617 :
3177 5578 3198 5613 ι
3240 5560 3380 5627 Lege
3420 5572 3551 5614 sane

1976 5659 2136 5712 etiam
2177 5657 2306 5711 illud
2355 5656 2704 5725 diptychium,
2733 5671 2800 5711 ne
2829 5657 3036 5719 timeas,
3074 5654 3229 5721 plane
3256 5650 3436 5719 Spousi
3469 5648 3573 5702 tui.

1978 5756 2079 5803 est.
2112 5765 2129 5798 ι
2165 5746 2294 5803 item
2322 5764 2333 5799 :
2366 5763 2384 5796 ι
2417 5747 2481 5799 Et
2503 5744 2606 5801 hoc
2627 5746 2898 5817 diptychio
2926 5745 3141 5815 repellis
3161 5741 3482 5799 adulterum.
3524 5755 3569 5791 »Α
