4014 6368
416 272 517 344 (:9

1111 280 1296 338 UNUM
1308 277 1587 335 ASTICON
1628 273 1861 331 IIERUII
1904 271 1989 329 ET

2100 267 2403 327 ERBOIII'IM
2445 263 2976 323 οιρριοιιιυιιυδι.

3566 258 3680 316 ιω

417 403 539 458 Item
574 419 587 457 ι
626 419 643 452 t
683 398 796 454 Nili
820 378 945 467 ergo
978 395 1326 451 reformidare
1366 391 1712 463 diptyrltium,
1759 404 1862 457 quo
1893 386 1986 440 tibi
2020 392 2058 445 Α
2093 383 2374 451 epistolam
2404 380 2527 447 {08,
2555 395 2672 448 qum
2699 387 2783 434 est
2812 378 3050 447 praelatio
3093 378 3145 430 itt
3173 376 3363 432 librum
3398 375 3677 445 Paralipo-

416 494 609 562 rcripta
637 491 787 556 olim,
828 504 945 559 qua:
986 502 1125 539 nunc
1172 498 1512 553 agnosceres,
1556 480 1917 533 mittebantur.
1958 495 1976 527 ι

415 587 543 640 Item
575 603 587 637 :
628 603 645 635 ι
682 584 794 638 Iloc
819 597 946 651 ergo
976 580 1298 651 diptycltium
1332 577 1420 631 ille
1450 573 1727 643 praetttisit,
1773 571 1861 640 qui
1893 570 1985 623 tibi

417 680 530 732 lucc
576 676 684 732 duo
736 682 999 745 prmcepla
1053 672 1267 725 veniens
1297 664 1710 733 commendavit.
1752 681 1771 714 ι
1807 662 1934 714 Item
1969 676 1983 712 :

422 792 441 823 ι
489 770 799 840 Opudicum
850 766 1199 837 diptycltinnt,
1236 764 1286 815 in
1333 777 1439 831 quo
1490 769 1670 813 vetere
1703 757 1867 824 lignra
1897 754 1988 807 ille

418 863 641 916 dileczor
671 869 723 912 et
751 859 977 912 dilectus
1020 869 1137 909 tuus
1170 850 1539 919 pra-nuntiavit
1570 846 1662 901 tibi
1718 844 1987 898 canticum

418 967 638 1014 novum,
666 951 716 1002 in
749 948 1078 1002 decaebordo
1112 942 1378 1010 psalterio.
1422 958 1438 989 ι
1476 939 1602 992 Item
1642 955 1652 989 :
1694 956 1711 987 ι
1741 935 1784 989 Ο
1814 934 1987 1004 dipty-

417 1044 593 1097 citium
618 1040 913 1109 coujngale,
941 1037 1074 1105 quod
1102 1052 1202 1088 non
1229 1037 1343 1087 sine
1364 1047 1518 1085 caus!
1544 1030 1653 1082 odit
1678 1028 1935 1081 adultera.
1964 1044 1982 1076 ι

418 1133 489 1187 Ita
515 1133 675 1186 etiam
730 1137 946 1196 usurpat
988 1127 1239 1191 Isidorus,
1285 1124 1376 1177 lib.
1420 1122 1494 1175 De
1528 1121 1801 1174 vocatione
1850 1118 1991 1170 Gen-

420 1227 570 1289 tium,
592 1241 641 1278 c.
678 1224 736 1277 I4
769 1240 780 1274 :
815 1240 833 1273 ι
869 1223 932 1274 Et
956 1236 1059 1275 non
1087 1219 1295 1288 quidem
1328 1215 1453 1268 foris
1483 1214 1534 1267 in
1568 1211 1788 1281 lapideis
1810 1210 1988 1279 diply-

420 1317 551 1381 cltis,
582 1313 674 1369 sed
703 1313 1020 1367 intrinsecus
1042 1312 1093 1364 in
1125 1308 1321 1363 tabulis
1343 1305 1536 1359 cordis.
1577 1322 1595 1356 ι

490 1428 599 1481 Iloc
630 1431 790 1480 modo
824 1441 852 1478 a
901 1422 1187 1477 Prudentio
1243 1422 1433 1473 librum
1488 1432 1663 1481 suum,
1692 1416 1778 1485 qui
1814 1413 1992 1468 titulos

420 1529 755 1585 historiarum
806 1526 1014 1581 Vttcr‘s
1061 1536 1114 1578 et
1168 1521 1296 1576 Novi
1354 1519 1679 1575 Testamenti
1733 1517 1989 1581 continet,

422 1616 717 1694 Diptyrlton
745 1620 954 1690 quidant
1009 1617 1318 1680 inscriptum
1350 1615 1555 1668 volunt.
1584 1611 1732 1677 Quod
1762 1610 1825 1664 ad
1846 1594 1991 1663 'Pru-
2043 1672 2055 1693 ν

420 1719 659 1772 dentium
683 1730 801 1770 cum
835 1714 974 1766 bono
1004 1712 1112 1764 Deo
1135 1708 1414 1777 aliquando
1441 1706 1883 1761 examinabitnus.

493 1828 649 1885 Aliud
680 1836 762 1882 est
789 1823 1095 1895 diptycltum
1127 1821 1263 1890 apud
1297 1820 1605 1882 Homerum,
1642 1816 1766 1870 Iliad
1795 1838 1829 1870 α
1851 1826 1904 1869 et
1935 1814 1986 1880 ϐ,

420 1921 670 1977 videlicet
696 1919 886 1987 duplex
918 1916 1222 1971 membrana
1246 1929 1338 1968 seu
1366 1913 1542 1966 tunica
1571 1909 1792 1976 omenti,
1824 1917 1880 1961 ut
1909 1908 1991 1960 in-

421 2017 599 2071 sinuat
626 2029 785 2083 supra
813 2013 1025 2066 citatum
1065 2006 1506 2080 Etymologieum.
1537 2004 1652 2071 Quo
1683 2004 1840 2056 etiam
1873 1999 1994 2054 Sui-

422 2106 544 2160 dant
580 2104 826 2158 existimo
866 2102 1126 2168 rCSpiccre
1170 2114 1185 2153 ε
1223 2098 1502 2165 Διπτύχια,
1558 2092 1648 2149 δύο
1693 2091 1991 2167 περιϐόλαια

425 2192 626 2265 ἔχοντα
661 2234 675 2258 ,
742 2194 810 2252 ὡς·
870 2191 927 2246 τὸ
990 2192 1078 2259 μὲν
1135 2186 1542 2262 ὑπεστρῶσθαι,
1604 2185 1662 2238 τὸ
1710 2181 1762 2236 δέ
1825 2180 1995 2256 ἕτερον

424 2284 819 2340 ὑποϐεϐλῆσθαι.
850 2280 978 2346 Quae
1013 2277 1255 2346 Cujacius
1285 2277 1561 2329 Observat.
1614 2274 1705 2327 lib.
1756 2288 1827 2337 tv,
1873 2285 1991 2340 cap.

426 2375 520 2443 27,
543 2373 788 2437 Carrion,
813 2387 990 2442 supra,
1020 2381 1071 2424 et
1096 2369 1379 2436 Dionysius
1406 2364 1780 2429 Gothofredus,
1805 2363 1870 2418 ad
1897 2363 1991 2418 lib.

426 2483 462 2529 t,
505 2464 637 2519 Cod.
669 2464 741 2517 De
771 2478 974 2517 summa
1022 2460 1163 2514 Trin.
1195 2470 1248 2514 et
1276 2458 1365 2511 lid.
1400 2457 1620 2523 catbol.,
1674 2458 1756 2511 tit.
1790 2456 1838 2515 l.
1874 2456 1911 2509 l.
1936 2455 1991 2518 7,

433 2555 459 2623 §
493 2554 546 2619 5,
578 2555 643 2608 de
691 2540 961 2622 diptyeltis
996 2550 1199 2605 tabellis
1256 2549 1562 2619 intelligunt
1587 2555 1643 2602 et
1669 2547 1851 2600 citant.
1878 2542 1993 2600 Sed

426 2654 600 2699 textus
642 2646 779 2711 apud
809 2644 1025 2698 Suidam
1072 2645 1391 2709 depravatus
1446 2649 1526 2693 est
1556 2648 1608 2692 et
1640 2638 1876 2691 mutilus.
1932 2636 1998 2690 Et

424 2735 761 2805 intelligenda
815 2735 971 2788 verba
1027 2733 1111 2786 illa
1169 2731 1236 2785 de
1275 2730 1477 2783 duabus
1529 2728 1727 2782 omenti
1774 2725 1993 2780 tutticis.

422 2829 595 2883 Locus
649 2828 901 2898 integrior
945 2825 1279 2892 exstatapud
1325 2821 1642 2891 Ilesychiunt
1679 2835 1691 2870 :
1726 2821 1989 2886 Δίπτυχα⁶

423 2922 511 2978 δύο
529 2924 762 2984 ἐπιϐολὰς
780 2922 991 2992 ἔχοντα,
1009 2919 1038 2978 ἦ
1055 2918 1283 2982 διπλοῦν,
1300 2919 1428 2971 ὥστε
1446 2923 1516 2984 τῷ
1529 2916 1617 2984 μὲν
1632 2910 2000 2985 ὑπεστρῶσθαι

422 3016 502 3070 τὸν
532 3015 794 3077 ἐπίπλουν,
811 3021 881 3083 τῷ
909 3011 962 3066 δέ
987 3010 1349 3071 ἐπιδιεῖλῆσθαι
1369 3025 1382 3060 :
1405 3024 1423 3056 ι
1447 3004 1810 3074 Diptyclta,sic
1830 3002 1992 3062 dicta,

423 3109 559 3176 quod
596 3108 727 3160 duas
752 3106 1133 3159 commiswras
1162 3102 1421 3164 habeant,
1454 3114 1546 3153 seu
1590 3096 1783 3164 duplex
1815 3093 1992 3163 operi—

421 3208 680 3261 mentum,
710 3198 994 3264 sicut.pars
1023 3210 1124 3247 una
1157 3201 1369 3246 omento
1401 3191 1789 3251 substernatur,
1826 3185 1990 3238 altera

423 3290 596 3346 eidem
628 3288 1019 3356 superjiciatur.
1050 3305 1066 3335 ι
1099 3284 1171 3337 De
1201 3283 1403 3335 duabus
1422 3280 1619 3332 omenti
1658 3274 1850 3329 tunicis
1873 3273 1994 3327 vide

426 3381 685 3435 Joannem
711 3378 1011 3441 Gorrteum,
1045 3376 1098 3429 in
1136 3371 1540 3427 Delinilionibus
1564 3367 1801 3432 Medicis,
1830 3366 1994 3419 verbo

425 3472 693 3529 Ἐπίπλοον
724 3485 818 3523 seu
844 3469 1108 3523 ἐπίπλουν.

497 3584 650 3638 Aliud
702 3598 911 3654 quoque
938 3580 1247 3649 diptycltum
1301 3577 1488 3636 estrei,
1532 3575 1583 3629 id
1636 3581 1741 3636 est,
1798 3569 1992 3639 duplex

426 3677 585 3732 estrei
637 3684 807 3741 testa,
852 3688 1038 3744 quase
1086 3671 1328 3725 includit.
1384 3668 1726 3727 Ambrosius,
1782 3664 1872 3717 lib.
1927 3679 1991 3728 v,

425 3766 756 3833 llexaemeri,
781 3780 897 3834 cap.
918 3765 971 3827 8,
994 3779 1155 3832 agens
1176 3762 1241 3815 de
1262 3775 1457 3815 cancro
1480 3758 1758 3811 insidiante
1780 3764 1992 3807 ostrea:

429 3877 449 3911 ι
478 3858 729 3928 Explorat
772 3858 817 3911 si
861 3855 1073 3926 quando
1119 3866 1296 3909 ostreu
1324 3872 1351 3903 ιι
1398 3849 1614 3903 remotis
1661 3849 1712 3901 in
1745 3846 1874 3900 locis
1924 3847 1990 3896 ab

408 3938 570 4004 omni
594 3960 753 4003 vento
784 3959 966 4002 contra
995 3949 1119 4000 solis
1151 3946 1327 3999 radios
1347 3941 1651 4013 diptychnttt
1681 3938 1808 3993 illud
1839 3953 1994 3991 suum

424 4042 650 4109 aperiat,
673 4040 723 4095 et
744 4039 1185 4107 reseretclaustra
1208 4045 1482 4091 testarum.
1514 4053 1531 4085 t

500 4150 731 4205 DOIIMO.
761 4148 1047 4212 Palladius,
1073 4163 1187 4217 cap.
1215 4148 1303 4212 84,
1337 4146 1412 4198 ait
1436 4145 1779 4212 Serapionem
1803 4142 1995 4195 Sindo-

434 4240 600 4295 nitent
632 4241 813 4295 Iiomte
850 4260 867 4292 ι
898 4240 1151 4293 incidisse
1176 4241 1227 4293 in
1257 4237 1535 4305 quemdam
1568 4234 1939 4288 Domnionem.
1972 4252 1991 4284 ι

426 4334 587 4393 Forte
617 4334 701 4387 hic
747 4334 859 4401 ipse
908 4342 1008 4398 est,
1062 4331 1211 4400 cujus
1262 4328 1517 4383 memoria
1545 4327 1594 4379 itt
1624 4324 1998 4393 Martyrologio

429 4426 688 4491 Romano,
742 4425 809 4479 28
843 4425 1093 4480 Deceml).
1154 4442 1172 4475 ι
1224 4423 1408 4476 Romae
1457 4420 1627 4475 sancti
1688 4420 1997 4473 Domnionis

2093 490 2306 537 menon,
2332 483 2393 550 ,ει
2422 472 2538 539 I09,
2574 488 2692 540 qum
2714 482 2797 525 est
2826 470 3063 540 pra-latio
3085 471 3135 522 itt
3168 470 3389 523 Esdram
3419 480 3473 522 et
3499 468 3679 522 Nelte-

2091 570 2271 623 miant.
2325 566 2590 631 Bullinus,
2611 566 2698 618 lib.
2720 579 2755 617 tt
2781 563 3182 626 InveCtivarutn,
3204 562 3550 617 Ilotauiouent
3571 577 3672 615 vo.

2089 667 2175 713 cat
2206 658 2363 713 beata:
2388 659 2643 710 meritoria
2668 671 2859 708 senem.

2162 769 2447 823 DROIAMES
2496 766 2578 820 vel
2631 765 2936 818 Duousars.
2990 763 3105 815 Vita
3156 760 3466 827 Ililarionis,
3522 776 3671 815 unm.

2090 858 2199 916 EO:
2236 876 2255 910 ι
2290 859 2376 928 qtti
2410 857 2595 910 locatis
2624 855 2966 909 dromadibus
2986 854 3224 908 camelis.
3261 871 3280 906 ι
3308 852 3424 906 Vita
3448 853 3673 916 Malchi,

2092 967 2214 1004 num
2247 952 2358 1005 IO:
2418 968 2435 1000 ι
2473 949 2812 1017 Vidimusque
2855 947 3087 999 camelos
3141 960 3274 1013 quos
3325 946 3395 998 ob
3454 943 3676 998 nimiam

2093 1041 2429 1094 velocitatem
2457 1039 2830 1093 drumedarios
2863 1046 3070 1090 vocant.
3111 1055 3129 1088 ο
3158 1034 3485 1090 Glossarium
3514 1037 3681 1091 Cam-

2095 1131 2391 1185 beronense
2425 1130 2841 1196 tnauuscriptum
2874 1144 2888 1183 :
2948 1147 2966 1178 ι
3004 1128 3320 1192 Dromedus,
3347 1130 3671 1193 etdrouas,

2092 1230 2145 1275 et
2173 1219 2561 1283 dromedarius,
2589 1219 2749 1273 idem.
2784 1218 2988 1272 Animal
3010 1228 3091 1272 est
3119 1222 3293 1272 minus
3315 1220 3544 1285 camelo,
3571 1222 3679 1274 set}

2096 1311 2328 1366 velocius
2359 1323 2517 1379 atque
2547 1312 2870 1366 currentins.
2898 1312 3050 1366 Unde
3077 1323 3128 1364 et
3157 1312 3445 1366 dvomoues
3476 1328 3677 1366 voran-

2097 1412 2180 1455 tur
2212 1402 2380 1469 lingat
2410 1402 2650 1468 quaedam
2692 1417 2854 1454 naves
2900 1401 3135 1455 veloces.
3175 1420 3195 1453 ι
3235 1403 3416 1455 Idem:
3476 1421 3493 1451 ε
3538 1402 3674 1455 Dro—

2094 1491 2315 1544 mednrii
2356 1494 2514 1544 etiam
2569 1491 2817 1544 dicuntur
2846 1491 3158 1543 drntuaduttt
3218 1492 3490 1546 ductores.
3545 1508 3563 1541 ι
3600 1491 3683 1546 De

2095 1584 2374 1638 velocitate
2413 1584 2734 1639 camelorum
2795 1584 3126 1645 Aristotcies,
3159 1584 3297 1637 libro
3322 1624 3336 1647 ,
3372 1599 3423 1635 tu
3462 1583 3669 1641 Ilistor.

2096 1677 2419 1739 animalium,
2480 1690 2529 1728 c.
2584 1675 2650 1728 50
2682 1695 2693 1728 :
2725 1679 2911 1731 Θέουσι
2959 1674 3011 1729 δὲ
3053 1678 3235 1730 θᾶττον
3288 1683 3387 1731 τῶν
3447 1680 3674 1731 Νισαίων

2024 1762 2069 1821 Β
2093 1770 2263 1821 ἵππων
2288 1768 2431 1829 ποὶύ,
2484 1769 2566 1821 ἐὰν
2595 1769 2762 1831 θέωσι,
2796 1766 2882 1822 διὰ
2911 1769 2969 1821 τὸ
2995 1768 3199 1839 μέγεθος
3226 1774 3313 1821 τοῦ
3342 1769 3624 1841 «Spir/picto;
3654 1786 3681 1825 τ

2102 1876 2121 1911 t
2146 1859 2569 1913 Curruntcatmli
2596 1862 2822 1914 Celerius
2844 1875 2999 1927 quant
3024 1862 3143 1928 equi
3164 1860 3336 1923 bismi,
3356 1872 3573 1930 propter
3599 1863 3678 1913 la-

2094 1954 2294 2006 xiorem
2325 1952 2405 2004 sui
2438 1952 2629 2019 gradus
2656 1953 3113 2021 glunterationem.
3155 1971 3173 2003 ι

2170 2043 2433 2097 Lcuesus.
2470 2042 2846 2114 Ilierouytuus,
2894 2044 2946 2097 itt
2980 2043 3091 2096 Vita
3140 2044 3305 2097 sancti
3348 2042 3494 2096 Pauli
3520 2043 3680 2112 primi

2096 2136 2350 2201 eremitte,
2387 2152 2532 2189 nutu.
2566 2135 2639 2188 δι
2674 2154 2693 2188 ι
2724 2136 2863 2190 Inter
2885 2137 3101 2192 eculeos
3150 2138 3482 2206 laminasque
3503 2138 3679 2192 victo-

2098 2240 2232 2280 rem.
2274 2244 2291 2277 ι
2346 2226 2418 2279 De
2448 2227 2630 2279 eculeo
2683 2227 2810 2280 varii
2844 2227 2985 2281 varia
3041 2243 3257 2282 sensere
3304 2240 3357 2283 et
3386 2229 3677 2300 scripsere.

2096 2315 2245 2370 Nunc
2272 2315 2482 2385 quidem
2514 2316 2636 2371 ltuic
2667 2316 2969 2371 tractationi
2998 2318 3378 2386 supersedebo,
3407 2332 3530 2371 cum
3564 2319 3685 2373 obi-

2099 2415 2179 2462 ter
2202 2418 2408 2462 tantum
2443 2408 2527 2460 ltic
2549 2408 2664 2477 ejus
2694 2408 2892 2462 mentio
2917 2410 3027 2474 tiat,
3062 2423 3306 2464 auctores
3337 2411 3562 2480 aliquot,
3589 2414 3679 2481 qui

2096 2497 2163 2551 de
2191 2514 2255 2551 eo
2285 2508 2602 2562 tractarunt,
2628 2500 2926 2567 assignasse
2948 2508 3247 2553 contentus.
3263 2500 3390 2554 Vide
3414 2502 3683 2569 imprimis

2086 2590 2404 2654 'Barontum,
2429 2589 2789 2643 natationibus
2808 2590 2872 2643 ad
2897 2591 3324 2661 ilartyrnloéium
3351 2592 3677 2661 lloutanum,

2097 2677 2169 2732 22
2189 2679 2445 2743 Januarii,
2465 2681 2756 2734 Antonium
2776 2680 3099 2745 Gallonium,
3117 2681 3251 2734 libro
3274 2683 3343 2734 De
3363 2694 3672 2738 sanctorum

2097 2782 2388 2838 martyrum
2413 2770 2776 2834 Cruciatibus,
2822 2768 2995 2839 capite
3018 2772 3071 2835 3,
3104 2781 3156 2825 et
3182 2771 3488 2841 llierouymi
3524 2774 3681 2842 lllagii

2097 2860 2328 2914 libellum
2357 2862 2693 2929 posthumum
2727 2862 3045 2929 singularem
3075 2860 3148 2915 De
3176 2863 3380 2915 eculeo.

2170 2950 2363 3003 Esses.
2395 2950 2590 3003 [larum
2640 2949 2840 3004 Latinis
2869 2961 3175 3018 usurpatum
3214 2951 3554 3018 vocabulum,
3584 2967 3683 3007 nec

2099 3040 2314 3093 memini
2339 3041 2511 3108 legere
2533 3050 2884 3110 praeterquam
2908 3041 2960 3094 in
2983 3039 3115 3094 Vitis
3150 3040 3385 3097 l‘atrutn.
3409 3041 3464 3095 Itt
3489 3042 3689 3112 quibus

2024 3128 2067 3190 C
2101 3143 2274 3187 tamen
2303 3132 2645 3202 depravatum
2678 3144 2793 3188 erat
2820 3135 2870 3187 itt
2900 3150 3069 3187 tenens
3096 3133 3177 3186 vel
3206 3132 3377 3186 Erreus
3409 3136 3681 3202 proprium

2098 3240 2312 3278 nomen.
2362 3224 2477 3277 Vita
2528 3226 2777 3286 Abralttc.
2820 3239 2936 3292 cap.
2980 3226 3051 3276 ὃς
3095 3242 3113 3274 t
3146 3224 3211 3277 Et
3255 3224 3418 3277 nimio
3464 3235 3684 3293 stupore

2096 3317 2322 3384 perculsi
2350 3316 2497 3381 quasi
2527 3317 2646 3371 euei
2676 3316 2889 3384 quidam
2917 3315 3089 3370 ell'ccli
3114 3329 3254 3369 sunt.
3291 3337 3309 3367 ι
3348 3317 3683 3385 Heraclides,

2101 3412 2332 3465 Paradisi
2360 3427 2478 3479 cap.
2508 3413 2574 3466 15
2600 3429 2612 3463 :
2651 3430 2668 3461 ι
2698 3410 2800 3465 Sed
2836 3410 2979 3463 velut
3003 3426 3166 3464 eneus
3196 3421 3469 3463 revertens
3494 3410 3561 3465 de
3586 3427 3683 3480 pu-

2098 3502 2258 3556 blictt.
2295 3522 2312 3552 ι
2352 3502 2640 3573 IIesycltius
2671 3503 2913 3563 εἘωεὸς,
2943 3488 3233 3562 {mission
3269 3519 3285 3550 ι
3322 3500 3554 3564 Entteus,
3588 3502 3683 3555 ob.

2095 3595 2440 3664 stupefactus.
2468 3613 2485 3646 ι
2517 3596 2656 3648 Idem
2684 3612 2695 3648 :
2719 3596 2902 3660 Ἐνώς,
2928 3596 3177 3667 νωχελής,
3199 3598 3473 3670 μετέωροί,
3500 3598 3693 3670 κωφὸςι
3730 3590 3733 3591 ν

2096 3688 2261 3761 βαιὸς,
2276 3690 2468 3763 μωρὸς,
2490 3686 2541 3747 ὃς
2561 3686 2675 3742 οὔτε
2695 3690 2881 3751 ἀκούει,
2904 3686 3019 3742 οὔτε
3032 3689 3199 3742 λαλεῑε
3224 3707 3242 3739 t
3266 3689 3458 3753 Eliens,
3476 3689 3678 3751 tardus,

2097 3793 2384 3847 suspensus
2415 3782 2837 3846 anittto,surdus,
2859 3779 3117 3845 modicus,
3148 3780 3364 3844 Stultus,
3394 3780 3483 3849 qui
3508 3796 3680 3848 neque

2097 3872 2264 3934 audit,
2291 3887 2461 3939 neque
2490 3873 2735 3939 loquitur.
2768 3891 2787 3924 ›
2828 3872 2968 3928 Idem
3000 3872 3203 3937 :‘Eva‘oi,
3236 3870 3438 3945 ἄφωνοι.
3471 3893 3487 3922 ι
3525 3873 3681 3940 Eruci,

2099 3962 2248 4016 muti.
2265 3982 2281 4013 ι
2301 3963 2489 4017 Sttidns
2506 3981 2516 4014 :
2534 3962 2734 4029 Ἐννεὸς,
2752 3961 2963 4035 ἄφωνος,
2980 3965 3163 4036 κωφὸς,
3178 3966 3473 4029 ἐξεστηκὼς,
3497 3964 3679 4031 νωδὸς,

2095 4055 2645 4130 νωχελὴς,μιτέωρος;
2670 4072 2689 4105 ί
2715 4054 3075 4125 Ειιιιιουεάἰιιθ
3096 4068 3243 4118 voce,
3260 4055 3474 4117 surdus,
3505 4064 3680 4108 tuente

2099 4150 2731 4214 contmotus,edentulos,
2750 4151 2946 4212 tardus,
2976 4150 3156 4203 animo
3177 4163 3488 4215 suspensus.
3528 4168 3546 4200 ο

2175 4242 2445 4296 Enxnos.
2475 4241 2753 4311 Pelagius,
2787 4241 2964 4294 libello
2989 4256 3077 4307 χι,
3110 4257 3165 4293 rt.
3188 4240 3223 4292 2
3250 4257 3263 4293 :
3291 4258 3311 4291 ι
3353 4241 3488 4292 Dixit
3517 4239 3696 4293 abbas.

2100 4334 2414 4388 Theodorus
2442 4337 2509 4388 de
2542 4336 2766 4390 Ennato.
2799 4352 2818 4386 ι
2845 4334 3073 4388 Ioannes
3100 4333 3363 4395 Moschus,
3389 4348 3506 4399 cap.
3536 4332 3638 4386 18%
3668 4350 3681 4384 :

2105 4443 2126 4477 ι
2158 4423 2380 4478 Eramus
2400 4428 2449 4478 itt
2468 4424 2615 4479 Nono
2630 4404 2991 4479 Alexandriae.
3024 4444 3042 4476 ι
3063 4423 3236 4484 "oin-rc
3264 4426 3408 4495 ἡμεῖς
3436 4426 3485 4477 ὲν
3516 4424 3683 4488 Ἀλεξ-

429 4517 743 4588 presbyteri,
783 4535 803 4569 t
832 4516 985 4585 cujus
1010 4516 1169 4569 etiam
1198 4512 1441 4567 meminit
1461 4511 1612 4565 divus
1641 4509 1992 4578 Hieronymus

2100 4516 2303 4591 ανδρεὶᾳ
2343 4519 2391 4570 ἐν
2434 4526 2506 4590 τῷ
2536 4521 2759 4590 Ἑννάτῳ,
2797 4518 3013 4586 ΟΟΠῘΒΕ
3045 4514 3166 4569 ltiue
3212 4515 3476 4579 eumdem,
3509 4519 3691 4585 capite

424 4609 647 4678 epistola
682 4607 807 4672 151,
838 4608 902 4663 ad
934 4605 1261 4661 Desideriunt
1297 4620 1311 4657 :
1352 4623 1370 4657 ι
1407 4603 1558 4671 Quod
1604 4603 1648 4657 si
1671 4601 1995 4668 exemplaria

426 4699 638 4754 libuerit
663 4699 908 4762 mutuari,
948 4698 1027 4752 vel
1053 4712 1081 4751 a
1112 4706 1294 4752 sancta
1319 4695 1563 4749 Marcella
1587 4709 1703 4764 quae
1734 4702 1913 4746 manet
1942 4692 1994 4745 in

427 4793 712 4855 Aventino,
738 4790 821 4845 vel
853 4805 880 4843 a
904 4789 1004 4844 Lot
1034 4788 1288 4857 temporis
1341 4786 1508 4841 nostri
1538 4784 1850 4848 Domttione,
1884 4781 1999 4838 viro

427 4879 764 4936 sanctissimo
790 4880 1030 4947 accipere
1054 4878 1271 4947 poteris.
1307 4895 1327 4929 ο
1381 4876 1513 4930 Eum
1539 4875 1697 4927 etiam
1748 4884 1805 4927 ut
1828 4872 1996 4927 virum

427 4972 824 5025 sanctissimum
847 4970 1079 5025 celebrat
1105 4970 1260 5023 divus
1300 4965 1576 5030 Paulinus,
1608 4966 1766 5036 epist,
1818 4962 1909 5027 45,
1931 4962 1998 5017 ad

428 5060 659 5129 Alipium
694 5079 706 5114 ε
744 5080 763 5113 ‹
804 5062 1012 5116 Eusebii
1046 5061 1321 5115 historiam
1352 5060 1523 5128 reperi
1553 5057 1691 5126 apud
1720 5066 1998 5127 parentem

429 5159 669 5207 nostrum
693 5165 820 5206 vere
846 5152 1235 5207 sanctissimum
1260 5150 1634 5205 Domnionem.
1675 5167 1694 5202 ι
1729 5158 1781 5204 et
1809 5157 1931 5218 post
1982 5164 1996 5200 :

435 5259 453 5292 ι
486 5241 543 5297 Si
568 5242 732 5310 ipsam
756 5243 1117 5297 membranam
1147 5244 1316 5298 sancti
1352 5242 1662 5297 Domnionis
1705 5238 1996 5309 acceperis,

428 5335 798 5401 transcriptam
812 5335 964 5389 nobis
983 5336 1252 5389 remittere
1266 5334 1586 5402 dignaberis.
1611 5352 1628 5386 ι
1648 5333 1725 5389 Ad
1751 5331 1996 5387 eumdem

427 5424 615 5480 scribit
647 5424 999 5495 Hieronymus
1047 5426 1322 5495 epistolam
1358 5426 1448 5492 Si,
1477 5441 1597 5494 qua:
1627 5423 1996 5494 apnlogeticon

428 5516 670 5571 continet
713 5523 897 5570 contra
924 5515 1219 5583 Bullinum,
1264 5518 1353 5587 qui
1382 5517 1617 5586 iactabat
1642 5531 1761 5571 eum
1811 5513 1997 5569 matri-

428 5607 613 5662 monio
637 5606 963 5675 detraxisse,
1014 5609 1100 5663 ubi
1132 5610 1484 5681 Hieronymus
1538 5609 1883 5664 Domnionem
1908 5625 1994 5679 pa-

428 5706 556 5755 trem
581 5699 935 5755 citatissimum
968 5710 1143 5756 vocat.
1173 5701 1401 5772 Scripsit
1424 5701 1596 5759 eidem
1623 5710 1676 5759 et
1698 5701 1991 5770 Rogatiano

2106 4606 2226 4659 145.
2243 4618 2363 4682 Ηροε
2373 4609 2581 4681 ϐάλσμεν
2598 4610 2646 4663 ἓν
2659 4616 2732 4677 τῷ
2753 4609 2931 4677 ἐννάτῳ
2946 4604 3340 4680 Ἀλεξανδριὶας.
3364 4607 3434 4665 εἰς
3456 4606 3513 4661 τὸ
3532 4606 3687 4660 κοινό-

2106 4698 2211 4753 ϐιον
2233 4700 2459 4768 ιαλαμὰ.
2494 4717 2512 4750 t
2544 4700 2876 4753 Accessimus
2905 4699 2958 4751 in
2979 4697 3301 4762 cmnobium,
3323 4696 3464 4765 quod
3486 4697 3687 4751 dicitur

2105 4788 2337 4855 Salama,
2372 4806 2510 4844 nono
2535 4791 2601 4845 ab
2626 4789 2754 4844 urbe
2784 4789 3027 4843 milliario
3054 4789 3279 4843 distans.
3310 4807 3329 4840 ι
3358 4786 3689 4856 ltttpressum

2105 4885 2188 4932 est
2213 4880 2261 4933 ἐν
2290 4880 2346 4932 τὸ
2365 4888 2489 4951 ναῷ.
2522 4878 2674 4942 Vide,
2705 4878 2861 4941 infra,
2892 4877 3075 4932 Nonum

2182 4970 2511 5023 Eresovres.
2558 4969 2673 5023 Vita
2702 4968 2938 5035 Antonii,
2969 4985 3087 5037 cap.
3117 4968 3190 5021 25
3223 4986 3235 5018 :
3273 4985 3290 5019 ι
3330 4967 3477 5023 Lavit
3523 4984 3686 5035 epen-

2102 5059 2262 5131 dyten
2301 5075 2477 5115 suum.
2515 5078 2534 5111 ι
2588 5060 2701 5114 Vita
2753 5059 3038 5113 Hilarionis
3080 5074 3224 5112 num.
3261 5056 3339 5112 νίς
3378 5076 3397 5110 t
3436 5059 3500 5111 Et
3529 5061 3685 5127 pelli-

2101 5170 2254 5210 ceum
2288 5154 2490 5210 habens
2520 5153 2841 5225 ependyten,
2878 5171 2897 5205 ι
2931 5152 3131 5207 Graecis
3151 5151 3403 5221 ἐπένδυμα
3427 5150 3514 5206 vel
3535 5154 3682 5206 ἐπεν-

2102 5243 2280 5307 sam.
2312 5259 2472 5300 omne
2502 5259 2668 5312 genus
2694 5243 3009 5297 extimarum
3041 5242 3264 5296 vestium
3290 5240 3503 5294 dicitur.
3530 5241 3687 5308 Apud

2100 5335 2357 5390 asceticos
2386 5334 2676 5402 scriptores
2703 5333 2994 5403 ependytes
3023 5332 3235 5401 prOpria
3276 5329 3443 5383 vestis
3489 5345 3687 5383 mona-

2102 5426 2344 5481 chorum.
2396 5424 2641 5494 Plerique
2692 5424 2998 5478 existimant
3046 5437 3165 5477 esse
3212 5422 3511 5491 scapulare.
3567 5422 3685 5475 Non

2103 5529 2251 5573 recte
2290 5517 2484 5572 Marius
2520 5518 2844 5582 Victorinus,
2870 5517 2936 5571 ad
2963 5516 3133 5570 Vitam
3164 5516 3469 5576 Hilarionis.
3498 5516 3683 5569 existi-

2100 5616 2211 5665 mat
2248 5608 2516 5668 ἐπενδύτην
2572 5624 2691 5667 esse
2747 5610 2984 5663 intimam
3040 5616 3275 5672 vestem,
3333 5621 3451 5673 quae
3496 5606 3729 5667 Latine

2099 5699 2291 5758 dicitur
2346 5700 2568 5756 interula
2621 5702 2702 5757 vel
2747 5700 3044 5767 subucula;
3091 5699 3197 5755 imo
3247 5698 3477 5755 exterior
3518 5700 3680 5754 vestis
