4014 6368
283 305 389 363 HI

1009 297 1489 357 ΟΝΟΜΔΒΤΙΒΟΝ
1529 297 1769 356 BER")!
1810 298 1899 356 ET
1941 298 2315 356 VERBOBUM
2362 300 2890 358 DIFFICHJORUM.

3426 300 3540 363 με

275 394 397 484 eSt,
441 415 527 471 vel
581 414 876 483 scapulare,
930 414 1011 468 vel
1056 415 1297 484 pallium,
1356 414 1440 469 vel
1491 413 1667 468 simile
1712 413 1862 482 quid.
1895 417 1941 472 Δ
2032 414 2119 479 ,De
2142 426 2324 468 eremo
2349 412 2499 483 juxta
2522 413 2758 478 Thecue,
2784 416 2853 467 ita
2882 414 3255 485 Hieronymus,
3285 415 3546 483 prooemio

356 510 618 562 Ειηικτμε.
666 505 784 560 Vita
846 504 1074 574 Epicteti
1119 515 1175 560 et
1244 505 1512 571 Astionis,
1558 518 1676 571 cap.
1732 501 1797 557 21
1843 519 1858 555 :

276 617 300 651 ι
343 600 576 667 Cumque
609 596 806 667 egressi
838 596 905 651 de
935 598 1057 651 navi
1103 597 1325 666 epibatze
1358 596 1600 650 fuissent.
1652 613 1671 647 ι
1708 592 1861 662 Apud

270 690 610 744 Clementem
645 689 962 751 Romanum,
998 688 1221 756 epistola
1260 687 1325 741 ad
1354 686 1610 741 Jacobum
1655 686 1863 753 episco-

270 796 403 849 pum
452 779 979 848 Jerosolymitanum,
1026 787 1149 833 ante
1179 779 1341 832 libros
1388 777 1857 847 ltecognitionnm,

270 868 347 925 ita
381 882 598 925 sanctus
626 869 814 923 Petrus
844 869 1112 937 loquitur:
1151 887 1170 919 ι
1209 868 1409 923 Similis
1441 879 1523 921 est
1552 866 1727 921 omnis
1757 867 1859 920 Ec-

267 962 452 1015 clesia:
481 971 648 1015 status
676 960 792 1013 navi
820 974 1043 1027 magnae,
1066 974 1185 1028 qua:
1208 974 1302 1026 per
1351 958 1609 1011 undosum
1640 958 1861 1026 pelagus

267 1052 502 1106 diversis
528 1066 558 1106 e
587 1051 713 1105 locis
757 1060 812 1105 et
851 1050 1156 1121 regionibus
1186 1050 1327 1104 viros
1361 1058 1555 1118 portat,
1587 1050 1651 1105 ad
1699 1063 1857 1102 unam

270 1138 511 1211 potentis
542 1144 689 1212 regni
720 1142 905 1196 urbem
962 1156 1244 1210 properare
1273 1141 1567 1209 cupientes.
1605 1140 1683 1196 Sit
1730 1155 1875 1209 ergo

265 1236 426 1289 navis
455 1234 611 1304 hujus
642 1234 900 1287 Dominus
932 1233 1043 1302 ipse
1071 1234 1411 1299 omnipotens
1444 1231 1615 1293 Deus;
1662 1230 1856 1299 guber-

264 1339 427 1383 nator
454 1343 600 1391 vero,
630 1326 784 1381 Jesus
814 1327 1074 1381 Christus.
1098 1325 1231 1379 Tum
1264 1326 1477 1378 demum
1510 1322 1855 1392 prorette'ol-

264 1419 450 1474 ﬁcium
494 1421 774 1489 episc0pus
802 1419 1035 1487 impleat,
1085 1418 1379 1488 presbyteri
1413 1428 1711 1480 nautarum,
1743 1416 1856 1469 dia-

264 1513 391 1566 coni
421 1512 846 1580 di~peosatornm
880 1522 1087 1565 teneant
1119 1511 1291 1565 locum
1319 1527 1333 1575 ;
1368 1509 1454 1579 qui
1501 1509 1849 1573 catechizant,

265 1603 572 1671 nantologis
599 1602 960 1668 conferantur,
990 1602 1213 1669 epibatis
1243 1611 1419 1655 autem
1470 1602 1631 1655 totius
1665 1601 1854 1655 frater-

263 1695 454 1747 nitatis
483 1693 763 1746 tnulzitudo
795 1693 861 1745 sit
890 1693 1095 1744 similis.
1131 1711 1146 1742 ι

1966 500 2019 555 in
2053 506 2217 557 Amos
2264 502 2329 556 ad
2366 502 2798 556 Patnmachinm:
2835 521 2853 554 t
2892 504 3013 557 Fuit
3061 506 3129 558 de
3172 504 3368 573 oppido
3396 505 3539 560 Tlte-

1963 606 2082 656 cue,
2114 594 2253 660 quod
2284 608 2374 647 sex
2419 593 2651 647 millibus
2681 594 2745 646 ad
2782 595 3120 649 Meridianam
3155 597 3361 666 plagam
3391 598 3545 652 abest

1961 696 1991 733 a
2016 694 2203 736 sancta
2227 684 2560 749 Bethlehem,
2607 701 2726 754 qua:
2763 687 2940 740 mundi
2968 688 3149 756 genuit
3173 687 3541 742 Salvatoretn:

1964 783 2016 829 et
2042 776 2182 828 ultra
2218 777 2397 830 nullus
2423 786 2507 831 est
2536 778 2761 840 viculus,
2796 794 2863 833 ne
2892 790 3126 849 agrestes
3161 780 3373 850 quidem
3400 796 3541 835 casa:

1960 872 2017 918 et
2061 868 2336 919 turnorum
2376 867 2599 931 similes,
2653 882 2783 931 quas
2813 866 2926 922 Afri
2982 871 3252 938 appellant
3290 870 3539 939 mapalia.

1961 954 2132 1008 Tanta
2188 966 2268 1009 est
2298 958 2460 1009 eremi
2505 960 2745 1019 vastitas,
2796 974 2913 1025 quae
2945 973 3112 1028 usque
3141 959 3206 1012 ad
3257 959 3541 1012 tnarexliu-

1961 1047 2137 1109 brum,
2192 1047 2586 1118 Persarumque
2636 1049 3027 1118 etIEtbioputn
3079 1060 3238 1120 atque
3285 1052 3534 1107 Indorum

1962 1138 2224 1191 terminos
2273 1140 2547 1193 dilatatur.
2603 1141 2665 1193 Et
2704 1143 2824 1210 quia
2868 1141 3009 1196 humi
3056 1143 3207 1196 arido
3234 1154 3393 1212 atque
3420 1159 3541 1199 are-

1960 1243 2093 1282 noso
2118 1228 2250 1283 nihil
2273 1230 2491 1284 omnino
2511 1230 2715 1300 frugum
2738 1234 2988 1301 gignitur,
3011 1246 3201 1289 cuncta
3231 1247 3353 1291 sunt
3382 1244 3538 1305 plena

1961 1320 2284 1391 pastoribus,
2319 1330 2375 1374 ut
2425 1321 2760 1376 sterilitatem
2805 1336 2960 1380 terra:
3003 1336 3351 1395 compensent
3381 1342 3539 1395 peco-

1962 1427 2079 1467 rum
2112 1415 2470 1470 multitudine.
2504 1435 2521 1468 ι

2035 1503 2109 1557 De
2143 1519 2325 1559 eremo
2351 1506 2524 1573 Oasis,
2562 1510 2683 1563 Vide
2727 1510 3034 1577 Baronium,
3070 1511 3429 1567 potationibus
3467 1510 3537 1567 ad

1958 1593 2392 1668 Martyrologium
2424 1599 2743 1669 Romanum,
2775 1602 2840 1655 12
2866 1602 3030 1659 Junii.

1982 1716 1989 1735 ρ
2032 1688 2389 1744 Esoruoatuu.
2433 1690 2550 1745 Vita
2602 1691 2818 1747 Joannis
2866 1693 3311 1764 Eleemosynarii,
3362 1693 3537 1763 capite

344 1784 599 1852 Epihatm,
620 1782 1019 1847 irrisui-mutual
1037 1784 1238 1837 ἀπὸτοῦ
1264 1783 1864 1846 émeuivmmconaren-
1890 1785 1934 1843 Β
1963 1776 2025 1831 91
2064 1794 2078 1832 :
2115 1798 2134 1830 ί
2170 1778 2508 1847 Exspoliavit
2551 1797 2610 1837 se
2661 1783 3000 1853 esophorium
3031 1799 3205 1838 suum.
3232 1804 3250 1837 ι
3290 1784 3398 1838 Vox
3447 1794 3532 1839 est

261 1874 457 1927 dendo.
494 1874 621 1928 Snut
653 1876 845 1927 milites
868 1874 1143 1937 classiarii,
1169 1888 1260 1927 seu
1288 1874 1571 1927 bellatores
1601 1875 1651 1927 in
1676 1888 1732 1927 re
1761 1886 1853 1926 na-

261 1966 394 2019 vali.
429 1965 648 2030 llirtius,
680 1965 814 2017 libro
844 1981 892 2018 tv
923 1964 996 2018 De
1024 1965 1163 2020 bello
1194 1966 1553 2018 Alexandrino
1579 1980 1595 2020 :
1635 1984 1654 2017 ι
1686 1966 1851 2033 Capta

262 2065 351 2110 est
385 2071 485 2109 una
530 2057 756 2109 hostium
807 2057 1181 2125 quadriremis,
1228 2057 1482 2126 depressa
1530 2067 1611 2112 est
1661 2058 1851 2125 altera,

260 2149 542 2218 alteraque
565 2149 893 2217 perturbata;
917 2149 1110 2204 deinde
1131 2165 1317 2203 omnes
1339 2151 1563 2219 epibatis
1581 2151 1812 2203 nudatae.
1829 2168 1849 2203 ι

260 2236 435 2304 Idem,
463 2240 555 2292 lib.
585 2256 616 2293 v
646 2241 718 2293 De
744 2240 882 2295 bello
913 2240 1092 2295 Africo
1124 2258 1137 2290 τ
1176 2257 1195 2291 t
1238 2239 1415 2309 Ibique
1446 2241 1667 2296 Gaetulis
1695 2242 1856 2295 retni-

258 2335 423 2402 gibus
470 2334 795 2402 cpibatisqoe
840 2334 1092 2401 complet.
1132 2351 1150 2383 ι
1198 2333 1290 2386 llic
1335 2334 1540 2401 capitur
1588 2348 1684 2401 pro
1726 2333 1854 2401 ipsis

259 2430 443 2482 nantis
473 2428 552 2482 vel
581 2424 901 2487 vectoribtt=,
933 2426 986 2480 id
1013 2435 1112 2491 est,
1142 2428 1251 2479 ἀντὶ
1295 2433 1394 2481 τῶν
1433 2426 1746 2497 ὀχουμένων,
1800 2433 1857 2479 ut

258 2518 494 2573 Subinde
522 2519 678 2572 etiam
709 2518 844 2585 apud
876 2515 1092 2571 Grarcos
1118 2517 1397 2582 accipitur.

336 2613 653 2665 Eruimus.
687 2612 899 2664 Pratum
928 2611 1202 2677 Spirituale
1227 2608 1447 2663 Joannis
1476 2607 1699 2672 Moschi,
1734 2622 1853 2675 cap.

257 2702 333 2757 78
372 2722 382 2753 ε
428 2723 447 2755 ι
508 2704 572 2759 Ut
602 2718 700 2773 ego
730 2718 960 2771 congrua
1009 2701 1085 2755 illi
1125 2703 1433 2755 admoveam
1484 2699 1718 2768 epitiutia
1762 2714 1858 2754 seu

260 2796 482 2850 multas.
522 2813 542 2846 ι
578 2798 717 2867 Κάγώ
748 2796 961 2854 ταύταις
999 2792 1288 2869 ἁρμόζοντα
1312 2793 1561 2867 προσάγω
1590 2794 1656 2847 τὰ
1694 2793 1856 2845 ἐπιτί-

261 2884 381 2959 pia.
416 2887 469 2941 lu
504 2903 601 2941 usu
632 2887 936 2955 Epitiminm
972 2884 1354 2938 Ecclesiasticis
1383 2882 1730 2951 scriptoribus
1761 2897 1856 2948 pro

262 2981 435 3034 multa
464 2980 843 3033 ecclesiastica.
873 2978 1088 3040 Menara,
1124 2977 1186 3029 15
1216 2977 1481 3037 Octobris,
1517 2976 1568 3029 in
1597 2973 1855 3044 martyrio

262 3073 515 3125 monachi
547 3071 793 3139 attonytni
827 3087 839 3121 :
873 3073 1256 3147 Καταφρονήσας
1305 3072 1390 3121 καὶ
1434 3074 1527 3122 τοῦ
1575 3069 1855 3136 ἐπιτιμίου.

1953 1881 1983 1921 a
2038 1872 2419 1925 recentioribus
2481 1872 2683 1927 Grazcis
2740 1874 3066 1943 composita,
3123 1876 3390 1951 ἄσωφόριον
3434 1891 3534 1930 seu

1953 1961 2267 2034 εἰσωφὸριον,
2292 1962 2429 2030 quod
2444 1964 2654 2017 interius
2674 1973 2918 2032 gestetur,
2935 1964 3174 2017 interula.
3200 1963 3530 2018 Glossarium

1954 2051 2391 2107 Camberonense
2421 2054 2524 2108 Ms.
2564 2074 2583 2107 ‹
2620 2055 2996 2123 Esephorium,
3019 2058 3182 2112 vestis
3210 2057 3449 2117 interior,
3474 2056 3529 2111 id

1956 2149 2076 2205 est,
2108 2143 2347 2205 camisia,
2378 2160 2497 2213 qua:
2536 2160 2565 2198 a
2605 2146 2873 2199 Marciano
2906 2147 3131 2199 interula
3171 2146 3523 2215 appellatur.»

2033 2236 2427 2292 Eccmms'rtu
2461 2256 2600 2294 nano
2631 2255 2862 2295 SUIIERB.
2900 2239 2975 2293 lta
2997 2240 3123 2294 olim
3156 2240 3394 2293 solemne
3415 2239 3531 2305 luit,

1956 2338 2062 2378 non
2090 2327 2464 2382 sacerdotibus
2486 2338 2713 2393 tantum,
2741 2330 2835 2384 sed
2858 2331 3016 2384 etiam
3042 2328 3208 2384 laicts.
3242 2329 3532 2398 Palladius,

1960 2429 2082 2480 cap.
2129 2414 2250 2480 141.
2300 2416 2367 2472 de
2416 2417 2710 2487 Sylvania:
2751 2437 2768 2469 t
2800 2417 2934 2473 Ecce
2976 2434 3076 2488 ago
3122 2434 3317 2473 annum
3364 2419 3536 2473 aetatis

1957 2509 2387 2577 sexagesimum;
2450 2519 2641 2578 praeter
2703 2520 2938 2564 extrema
2987 2526 3238 2564 manuum
3291 2525 3533 2564 mearum

1958 2601 2042 2671 (et
2071 2601 2171 2655 hoc
2200 2613 2412 2669 propter
2432 2600 2885 2670 communionem)
2917 2616 3020 2656 non
3045 2617 3138 2672 pes
3164 2616 3314 2656 meus
3337 2616 3528 2668 aquam

1960 2694 2150 2762 tetigit,
2215 2703 2320 2749 etc.
2369 2694 2751 2761 Tertullianus,
2810 2694 2884 2749 De
2936 2694 3227 2761 llaptistno,
3281 2693 3536 2747 adversus

1952 2785 2304 2852 Quintillam,
2343 2800 2461 2855 cap.
2505 2786 2613 2840 20:
2652 2804 2669 2836 ι
2701 2786 2994 2851 Benedicti,
3044 2800 3177 2853 quos
3225 2784 3394 2853 gratia
3441 2783 3536 2839 Dei

1951 2888 2257 2945 exspectat,
2285 2893 2402 2931 cum
2445 2879 2509 2930 dc
2540 2879 2630 2932 illo
2660 2877 2995 2931 sanctissimo
3032 2878 3247 2930 lavacro
3278 2877 3397 2930 novi
3436 2891 3530 2930 na-

1962 2968 2082 3020 talis
2112 2966 2423 3030 asccnditis,
2455 2980 2501 3021 et
2535 2968 2728 3034 primas
2761 2981 2949 3020 manus
2974 2966 3110 3033 apud
3155 2975 3378 3019 matrem
3409 2981 3529 3019 cum

1965 3058 2221 3111 fratribus
2249 3058 2490 3127 aperitis,
2524 3059 2682 3127 petite
2711 3065 2775 3111 de
2805 3068 2972 3126 patre,
2996 3068 3161 3127 pet.te
3192 3059 3257 3113 de
3286 3059 3530 3126 Domino,

264 3164 580 3233 ἐπιτιμηθεὶς
609 3161 696 3216 διὰ
724 3168 811 3221 τὴν
837 3170 928 3221 τῆς
957 3161 1181 3220 ὑπακοῆς
1202 3162 1456 3216 ἀθέτησιν.
1487 3175 1504 3210 t
1546 3158 1605 3211 Et
1647 3172 1854 3226 ptenun

1964 3150 2191 3218 peculia,
2216 3150 2434 3217 gratias,
2464 3149 2862 3204 distrbntiones
2901 3150 3302 3204 charismatum.
3336 3170 3356 3204 ›

263 3257 492 3326 epitimii
518 3256 616 3310 sibi
640 3258 708 3309 ob
737 3254 1124 3309 contumaciam
1150 3255 1437 3322 irrogatam
1463 3253 1801 3320 contempsit.
1832 3270 1849 3303 ι

262 3348 566 3405 Concilium
604 3362 695 3400 vni
743 3347 1162 3412 wcnmenicum,
1195 3346 1336 3415 qttod
1396 3344 1633 3397 Raderus
1678 3353 1857 3396 noster

262 3441 529 3511 Vulgavit.
560 3440 673 3494 hll'C
705 3440 861 3494 habet
889 3448 993 3494 act.
1018 3439 1072 3504 2,
1102 3438 1169 3493 de
1214 3438 1468 3507 epitimiis
1497 3453 1511 3489 :
1547 3454 1567 3487 r
1602 3436 1855 3490 Prtescri-

263 3546 362 3603 pta
416 3535 771 3602 epitimiorum
832 3548 985 3601 pcena
1039 3534 1244 3586 cunctis
1306 3532 1468 3600 lapsis
1518 3530 1855 3583 audientibus

271 3630 491 3700 1029
518 3628 744 3699 legatur,
785 3635 888 3682 etc.
938 3626 1036 3693 Qui
1080 3627 1328 3679 carnibus
1363 3635 1665 3688 vescuntur,
1702 3638 1857 3691 paena

265 3733 413 3787 esto,
457 3737 555 3775 nec
586 3720 866 3784 carnibus,
898 3734 1076 3785 caseo,
1108 3734 1214 3772 ovo
1245 3728 1544 3772 vescantur.
1578 3714 1678 3781 Qui
1728 3716 1858 3769 alias

267 3827 295 3866 a
333 3810 580 3865 carnibus
608 3811 890 3871 abstinent,
915 3810 1218 3862 abstineant
1246 3808 1313 3861 ab
1337 3822 1460 3871 ovo,
1489 3822 1668 3866 caseo,
1694 3806 1855 3874 pisce,

266 3903 405 3958 feria
437 3914 617 3972 quarta
645 3910 700 3956 et
723 3909 903 3966 sexta;
935 3901 1184 3970 oleraqoe
1206 3911 1257 3953 et
1285 3900 1546 3969 legumina
1571 3899 1857 3953 comedunt

266 4010 399 4049 cum
432 3993 639 4046 modico
667 3992 785 4046 oleo
815 4001 867 4046 et
892 3977 1034 4044 vino.
1069 3991 1121 4044 In
1150 4006 1320 4059 genua
1346 3991 1701 4059 procumbant
1724 4003 1856 4056 quo-

267 4085 407 4141 tidie
448 4084 813 4153 quinquagies,
862 4092 916 4135 et
963 4082 1086 4134 illud
1120 4084 1137 4151 (
1165 4081 1408 4148 Domine,
1442 4083 1655 4149 ignosce
1684 4076 1855 4147 mihi)

269 4176 564 4230 inclamant
583 4174 805 4237 centies,
826 4172 1416 4240 recitentque'Psalmos
1442 4187 1512 4235 vr,
1531 4186 1728 4234 xxxvn,
1753 4186 1805 4224 ι..
1833 4189 1852 4221 ι

271 4269 513 4323 Joannes
545 4268 825 4331 Diaconos,
857 4267 950 4320 lib.
994 4282 1029 4319 n
1060 4265 1193 4321 Viue
1235 4264 1406 4319 sancti
1437 4265 1704 4333 Gregorii,
1735 4279 1853 4332 cap.

270 4359 394 4414 45:
431 4378 448 4410 ι
487 4359 542 4413 In
570 4359 671 4413 hoc
716 4358 891 4427 itaque
938 4373 1043 4411 non
1089 4356 1426 4411 mediocriter
1472 4357 1709 4411 tristatus
1755 4364 1859 4418 est,

272 4451 426 4519 quia,
457 4460 734 4517 antequam
764 4453 934 4505 exiret
964 4450 1029 4502 de
1062 4450 1159 4503 hac
1187 4451 1290 4502 vita
1311 4488 1328 4513 ,
1379 4463 1486 4502 non
1527 4448 1688 4503 solvit
1735 4462 1857 4501 eum

274 4542 348 4596 ab
373 4541 936 4595 excommunicationis
963 4541 1198 4607 epitono.
1236 4558 1256 4591 ι

351 4634 703 4688 Εκλειεετεε.
735 4631 832 4685 Ubi
863 4631 915 4684 itt
961 4630 1080 4684 Vita
1113 4630 1401 4685 llilarionis
1439 4638 1540 4693 est,
1592 4646 1739 4683 num.
1773 4628 1807 4681 ι
1841 4646 1854 4681 :

282 4744 303 4777 ο
339 4726 407 4779 Et
452 4725 731 4794 pelliceum
782 4724 981 4778 habens
1029 4722 1327 4792 ependyten
1355 4766 1369 4789 ,
1406 4740 1427 4775 ι
1486 4721 1633 4775 addit
1683 4720 1859 4776 Editio

278 4820 504 4874 Joannis
549 4817 796 4879 Andreae,
823 4826 871 4869 et
925 4816 1238 4870 erariestem.
1276 4814 1389 4869 Non
1439 4816 1611 4882 capio.
1675 4813 1861 4867 Petrus

286 4918 474 4964 noster
500 4908 799 4963 Lansselius
829 4907 1035 4976 legebat
1064 4906 1361 4969 eriaceuen,
1387 4905 1537 4973 quasi
1569 4906 1739 4957 loriam
1763 4919 1859 4955 acu

278 5009 564 5053 consutam.
587 4999 756 5052 ‘Alteri
779 4999 933 5050 alicui
962 4996 1076 5050 fors
1102 4998 1246 5050 aliud
1276 5006 1543 5051 occurret.
1571 4996 1696 5050 Mihi
1723 5010 1862 5049 nunc

281 5092 435 5155 satis,
467 5091 639 5144 donec
663 5088 860 5143 rectius
882 5088 1084 5156 aliquid
1108 5099 1376 5154 occurrat,
1408 5088 1473 5141 de
1500 5088 1599 5141 hac
1624 5085 1867 5140 lectionis

283 5183 547 5235 varietate
580 5183 869 5234 monuisse.

360 5274 553 5325 Esset.
608 5273 762 5324 Varia
810 5286 1023 5326 eretnus
1067 5272 1300 5324 occurrit
1351 5270 1401 5323 in
1451 5268 1585 5333 Vitis
1622 5270 1857 5323 Patrum.

290 5364 546 5417 Eretuum
576 5364 630 5417 in
656 5378 758 5431 qua
794 5362 987 5416 Paulus
1018 5363 1220 5429 primus
1243 5362 1466 5415 eretnita
1495 5370 1728 5415 versatus
1758 5371 1861 5425 est,

289 5452 601 5521 investigavi
628 5469 691 5505 ex
721 5466 905 5505 eremo
933 5465 1027 5506 seu
1065 5450 1389 5504 habitatione
1417 5452 1585 5506 Sancti
1613 5454 1862 5519 Antonii;

288 5545 504 5599 Antonii
532 5559 657 5598 vero
681 5543 1065 5598 habitationem
1087 5557 1150 5596 ex
1181 5541 1609 5611 peregrinatione
1640 5543 1867 5599 lli'ario-

290 5638 395 5693 nis.
433 5636 560 5691 Vide
587 5635 844 5691 Tabulam
869 5635 1312 5705 Geographicam.

364 5732 442 5787 De
470 5746 653 5788 eremo
674 5730 967 5799 Chalcidis,
1009 5730 1064 5784 in
1114 5744 1219 5798 qua
1257 5736 1500 5783 versatus
1530 5737 1614 5783 est
1652 5737 1865 5787 sanctus

291 5824 648 5896 Hieronymus
667 5833 718 5880 et
736 5822 991 5895 Malcbus,
1024 5820 1141 5877 vide
1171 5820 1224 5874 in
1253 5821 1505 5876 CHALCIS.

2032 3240 2265 3310 Cyrillus
2326 3240 2844 3304 Jerosolvmitanos,
2899 3242 3121 3295 Catcch.
3178 3250 3404 3312 tnystag.
3457 3241 3532 3297 5:

1971 3349 1990 3381 ι
2022 3331 2298 3385 Accedens
2328 3332 2393 3413 ad
2426 3331 2811 3385 ΕιτρΙιιινὶειίιιιη
2846 3348 2951 3386 non
2981 3332 3234 3400 expansis
3285 3348 3535 3385 manuum

1965 3422 2103 3475 volis
2132 3424 2345 3483 accede,
2377 3437 2547 3491 neque
2575 3422 2856 3492 disjunctis
2886 3422 3065 3493 digitis
3096 3439 3111 3477 :
3136 3422 3228 3483 sed
3266 3422 3534 3477 sinistram

1950 3513 2123 3569 veluti
2176 3514 2357 3567 sedem
2407 3518 2685 3582 quannlam
2735 3516 2986 3583 subjicias
3012 3517 3233 3581 dextra),
3269 3532 3389 3584 qua:
3422 3525 3537 3570 tan—

1962 3613 2073 3657 tum
2122 3604 2320 3675 Regem
2355 3615 2664 3673 susceptura
2718 3614 2832 3670 est;
2866 3618 2920 3661 et
2967 3622 3197 3660 concava
3254 3622 3411 3659 manu
3440 3622 3535 3659 su-

1964 3696 2111 3765 scipe
2138 3711 2334 3765 corpus
2362 3696 2580 3762 Christi,
2610 3697 2791 3750 dicens
2818 3713 2831 3749 :
2866 3698 3057 3751 Amen.
3098 3716 3117 3747 i
3146 3697 3538 3750 Formabantur

1959 3800 2138 3841 autem
2171 3803 2361 3841 manus
2391 3789 2441 3839 in
2472 3790 2690 3840 formam
2716 3790 2911 3840 crucis.
2944 3787 3103 3842 Sexta
3126 3787 3383 3857 synodus,
3410 3801 3534 3843 can.

1963 3880 2066 3933 102
2094 3896 2107 3931 :
2137 3898 2154 3930 t
2192 3877 2581 3931 Euchat-istiant
2636 3888 2972 3945 accepturus,
3022 3892 3210 3933 manus
3254 3878 3308 3932 in
3359 3878 3535 3933 crucis

1965 3970 2189 4024 formam
2220 3972 2476 4036 ligurans,
2505 3970 2582 4021 sic
2609 3969 2845 4023 accedat.
2878 3987 2894 4020 ι

2034 4089 2108 4141 lta
2141 4088 2353 4154 quidem
2400 4088 2496 4141 viri
2538 4103 2664 4141 cava
2708 4088 2952 4156 nudaque
3006 4103 3163 4142 manu
3204 4088 3538 4156 excipiebant

1976 4179 2401 4233 Eucharistiam:
2456 4179 2664 4232 femina!
2712 4194 2839 4232 vero
2894 4196 2996 4233 non
3051 4178 3149 4232 ni~i
3211 4180 3537 4234 linteamine.

1968 4273 2230 4327 Maximus
2262 4282 2445 4327 contra
2478 4270 2884 4326 Monmhelitas:
2918 4289 2934 4321 ι
2968 4272 3213 4326 Mulieres
3245 4271 3412 4324 nitida
3444 4285 3539 4325 ex-

1969 4366 2190 4421 hibeant
2220 4366 2549 4432 linteamina,
2576 4365 2660 4418 tibi
2685 4379 2877 4432 corpus
2897 4362 3092 4417 Christi
3120 4363 3384 4430 accipiant
3407 4376 3537 4429 pura

1964 4469 2141 4513 mente
2187 4470 2239 4511 et
2270 4460 2461 4512 munda
2503 4456 2847 4511 conscientia.
2881 4474 2899 4506 ›
2951 4453 3309 4521 Augustinus,
3368 4465 3536 4505 serui.

1887 4559 1941 4618 Ῑ)
1966 4549 2090 4612 252,
2122 4550 2188 4603 de
2232 4549 2496 4616 Tempore
2530 4565 2542 4601 :
2575 4567 2593 4599 ι
2626 4545 2822 4601 Omnes
2854 4544 2954 4598 viri
2985 4542 3195 4611 quando
3236 4540 3535 4595 communi-

1966 4655 2089 4693 care
2118 4638 2443 4704 desiderant,
2473 4637 2650 4690 lavant
2672 4650 2860 4689 manus
2880 4649 3024 4698 suas,
3052 4643 3105 4688 et
3135 4647 3322 4686 omnes
3344 4629 3537 4684 mulie-

1965 4746 2053 4785 res
2093 4729 2259 4783 nitida
2312 4730 2564 4782 exhibent
2594 4727 2929 4788 linteamina,
2985 4725 3070 4778 ubi
3122 4736 3315 4791 corpus
3342 4719 3539 4775 Christi

1966 4822 2296 4890 accipiant.»
2356 4819 2649 4874 Concilium
2714 4818 3190 4880 Antisiodorense,
3243 4830 3363 4868 can.
3423 4812 3538 4868 56:

1973 4930 1992 4963 ι
2029 4913 2144 4967 Non
2175 4912 2334 4965 liceat
2381 4910 2588 4964 mulieri
2626 4908 2765 4962 nuda
2815 4922 2972 4960 manu
3027 4903 3414 4959 Eucharistiam
3452 4916 3543 4955 su-

1970 5016 2135 5055 mere.
2175 5018 2195 5051 i
2226 4999 2359 5053 Hinc
2387 4998 2606 5052 linteum
2631 5012 2725 5051 seu
2753 4996 2941 5049 sindon
2973 4996 3087 5048 lucc
3130 4993 3435 5046 dominicale
3463 4990 3542 5045 di-

1968 5104 2075 5147 eta.
2112 5092 2254 5146 Idem
2288 5091 2593 5155 concilium,
2639 5104 2758 5143 can.
2786 5086 2893 5141 ἃς
2930 5104 2949 5137 t
2979 5085 3322 5154 Unaqumque
3354 5083 3544 5137 mulier

1969 5185 2181 5255 quando
2209 5183 2567 5237 communicat
2608 5178 2976 5234 dominicalem
3008 5192 3160 5231 suum
3202 5176 3410 5228 habeat.
3450 5192 3467 5225 ο

2042 5275 2285 5329 Linteum
2316 5273 2425 5327 hoc
2455 5287 2559 5341 quo
2598 5268 2983 5325 Eocharistiam
3019 5267 3301 5322 sumebant
3337 5266 3544 5319 videtur

1969 5371 2227 5439 μονζὶκιον
2273 5366 2493 5420 dictum.
2536 5364 2752 5417 Pratum
2798 5360 3096 5428 Spirituale,
3139 5376 3257 5426 cap.
3292 5359 3359 5411 7‘)
3403 5375 3419 5413 :
3454 5361 3545 5412 sui

1967 5461 2136 5536 βαλὼν
2180 5462 2268 5516 τήν
2314 5457 2361 5510 ἐν
2406 5456 2647 5528 μουζικίῳ
2696 5455 2901 5508 ἀπέθετο
2948 5459 2995 5505 ιν
3016 5459 3086 5518 τῷ
3132 5451 3239 5521 ἰδίῳ
3286 5452 3543 5525 ἀρμαρίῳ.

1976 5568 1995 5600 ‹
2026 5546 2305 5615 Accipiens
2358 5559 2474 5599 eam
2507 5543 2557 5597 in
2601 5543 2764 5597 linteo
2806 5541 3180 5600 mundissimo,
3221 5541 3271 5591 in
3324 5541 3541 5607 proprio

1970 5639 2202 5692 armario
2247 5635 2505 5705 reposuit.
2537 5652 2554 5684 ι
2587 5632 2778 5688 Nescio
2814 5648 2879 5685 an
2922 5634 3179 5703 μονζίκιον
3224 5630 3426 5683 dictum
3480 5631 3544 5683 sit

1970 5746 2000 5783 a
2036 5736 2233 5801 μοῦσα,
2261 5727 2402 5798 quod
2432 5734 2653 5796 apparet
2682 5726 2733 5780 in
2763 5724 3085 5793 Eucbologio
3107 5722 3225 5791 capi
3251 5737 3344 5789 pro
3373 5720 3528 5774 linteo

1972 5817 2229 5889 Typicutn
2260 5816 2437 5883 Saba,
2461 5829 2577 5887 cap.
2610 5816 2672 5870 -Η
2706 5834 2717 5868 ε
2742 5814 3151 5886 ’Δπογυμνοῦσὰ
3184 5813 3336 5870 αὐτὴν
3363 5829 3532 5866 παντε-
