4014 6368
548 270 657 329 ηδ

1242 269 1723 329 οΝοΜΑδτιςοΝ
1764 265 2007 323 BEBEM
2049 262 2133 320 ET

2235 261 2557 319 ERBOBUM
2601 256 3123 317 DIFFICILIORUM.

3690 259 3778 315 Ml

548 386 665 449 λῶς,
693 387 778 440 καὶ
804 392 1007 461 πρῶτον
1030 386 1405 458 μὲν.σαίρουσιν
1445 386 1603 441 αὐτήν
1630 380 1713 435 διὰ
1741 378 1937 450 μούσης
1978 379 2126 430 καθα·

2305 370 2449 427 Alias
2475 380 2659 424 notum
2681 370 2917 423 ueniunt
2948 366 3064 420 aliis
3091 364 3464 434 scriptoribus,
3502 365 3592 421 sed
3615 362 3797 425 nescio»

549 480 803 557 ρωτάτης.
838 478 1053 532 Nudattt
1102 476 1322 530 omnino
1351 491 1466 531 eam
1505 476 1733 545 (sacram
1781 469 2045 538 mensam)
2072 477 2126 522 et

547 576 722 640 primo
764 570 980 638 quidem
1032 578 1255 639 purgant
1310 582 1459 621 musa
1506 567 1622 634 (seu
1658 561 1845 629 linteo)
1883 560 2125 615 mundis-

548 664 704 718 sima.
743 682 762 715 ι
795 662 995 717 Ibidem
1030 665 1265 733 ειςομίζει
1303 661 1328 715 ὁ
1370 658 1683 731 σκευοφύλαξ
1730 658 1926 725 μούσας
1947 675 2001 710 τι
2045 656 2129 709 καὶ

549 754 790 831 δισκάρια
831 748 898 810 τᾶ
941 761 1117 812 κοινῶς
1142 753 1379 824 λεγόμενα
1398 754 1576 814 τέστα,
1627 746 1651 801 ὁ
1696 750 1893 818 λέγεται
1928 746 2125 812 λεκάνη,

550 854 637 904 καὶ
680 850 1116 919 ἀποσπογγίζεται
1139 847 1168 903 ἠ
1191 845 1311 917 ἁγία
1335 846 1581 922 τράπεζα.
1621 859 1640 892 t
1674 840 1946 907 Pratparat
1974 851 2128 890 vaso-

552 956 669 993 rum
700 950 879 994 custos
912 951 1090 990 musas
1131 938 1247 1005 (seu
1297 934 1482 1000 lintea)
1513 942 1567 987 et
1614 930 1841 986 discaria
1874 929 2033 998 vulgo
2060 926 2130 982 di-

552 1046 636 1087 cta
672 1042 826 1097 testa,
875 1045 994 1099 qua:
1042 1030 1237 1107 dicitur
1288 1027 1487 1096 pelvis;
1534 1034 1586 1079 et
1620 1023 1927 1089 ‘detergitur
1977 1034 2128 1075 sacra

552 1140 757 1179 mensa.
788 1142 805 1175 ι
839 1125 966 1190 Qua:
997 1138 1099 1175 non
1130 1129 1277 1175 recte
1300 1120 1442 1186 cepit
1472 1115 1733 1171 Meursius
1772 1114 1824 1167 in
1855 1111 2129 1169 Glossario

552 1216 990 1280 (:rmcobarbaro,
1022 1212 1342 1267 existimans
1368 1216 1568 1282 μοῦσαν
1597 1222 1717 1261 esse
1750 1205 2003 1259 tenellam
2033 1219 2127 1256 ua.

549 1309 625 1361 για
660 1308 996 1375 picturatam.
1047 1305 1100 1359 Si
1156 1302 1294 1357 forte
1341 1307 1514 1373 μοῦσα
1565 1307 1621 1352 et
1676 1300 1930 1367 μουσίνιον
1967 1296 2127 1350 etiam

551 1399 748 1453 fuerint
789 1397 1075 1464 variegata,
1112 1411 1213 1446 non
1262 1406 1582 1461 magnopere
1612 1402 1942 1458 pugnavere.
1982 1387 2129 1441 Con-

549 1500 656 1544 stat
694 1490 836 1544 enim
860 1505 964 1542 non
991 1488 1164 1542 solum
1193 1499 1436 1539 cameras
1462 1492 1516 1536 et
1542 1478 1807 1546 fornices,
1840 1479 1935 1534 sed
1964 1478 2125 1533 etiam

550 1582 649 1634 alia
683 1580 844 1636 fuisse
872 1594 937 1634 ex
967 1580 1170 1631 musivu
1200 1585 1254 1629 et
1282 1576 1572 1641 variegata.

590 1676 720 1729 ‘ll.c
748 1689 873 1728 usus
901 1675 965 1726 ad
1016 1673 1219 1741 aliquot
1266 1671 1456 1723 sa'cula
1505 1667 1712 1720 duravit
1742 1675 1847 1718 tam
1882 1667 1931 1718 ιιι
1979 1663 2124 1717 Occi-

2233 476 2300 514 an
2322 462 2509 516 eodem
2532 458 2851 530 signiﬁcatu.
2879 457 3050 526 Leges
3077 454 3569 524 Langobardorum,
3591 456 3714 513 libro
3726 474 3776 524 ιι,

2232 554 2314 608 tit.
2349 556 2397 617 l,
2448 553 2483 607 l.
2511 552 2582 605 ϐε
2620 571 2637 598 ο
2668 552 2724 606 Si
2776 550 2967 620 aliquis
3014 564 3081 602 ex
3125 548 3310 601 amicis
3360 555 3582 613 accepto
3605 549 3773 606 exenio

2232 643 2331 711 ipsi
2379 642 2589 697 mulieri
2617 640 2815 711 aliquid
2865 637 3092 693 dederit.
3125 656 3143 689 ι
3177 637 3577 692 Testamentum
3623 641 3771 695 sancti

2231 734 2458 804 Remigii
2490 752 2504 790 :
2541 752 2558 783 ι
2589 736 2654 788 Et
2687 734 2771 788 inc
2796 734 2874 786 lat
2910 731 3011 785 loci
3039 731 3179 784 illius
3200 729 3581 799 multiplicibus
3598 731 3776 786 exeuiis

2229 827 2429 896 gravati
2444 827 2638 880 obnixe
2651 825 3021 894 deprecantes,
3046 822 3184 891 quod
3202 822 3312 891 regi
3334 821 3617 883 debebant,
3631 822 3775 876 eccle-

2229 920 2324 974 site
2348 932 2482 973 mea:
2494 917 2831 985 solvendum,
2851 931 2934 970 me
2949 927 3132 984 petere
3147 915 3543 982 compulerunt.
3565 932 3583 963 ι
3605 914 3669 966 Ita
3690 915 3768 969 Ms.

2231 1012 2348 1066 loco
2391 1011 2609 1079 vulgati,
2640 1011 2824 1063 xeniis.
2861 1009 3169 1063 Baldcricus
3195 1047 3210 1071 ,
3254 1007 3503 1061 llisturim
3533 1005 3774 1078 .lerosoly-

2230 1105 2444 1159 mitanze
2466 1104 2557 1157 lib.
2590 1118 2650 1156 ιιι
2678 1119 2690 1156 :
2723 1120 2741 1154 t
2781 1100 3013 1155 Condito
3037 1114 3264 1168 corpore
3288 1097 3484 1167 quibus
3515 1107 3769 1166 potuerunt

2237 1194 2446 1264 1030
2478 1194 2824 1258 aromatibus,
2847 1190 3208 1260 imperialibus
3225 1190 3432 1243 exeniis
3462 1188 3588 1242 illud
3615 1204 3792 1258 prose-r

2228 1286 2335 1338 cuti
2369 1294 2511 1337 sunt.
2539 1303 2557 1334 ι
2577 1282 2782 1337 Glossm
2812 1291 3020 1336 veteres
3047 1298 3058 1333 :
3088 1277 3362 1345 Ennium,
3395 1280 3665 1332 servitium.
3688 1280 3769 1333 Pa-

2231 1377 2342 1447 pias
2359 1376 2784 1431 VocabulariSIa:
2817 1373 3088 1437 Ennium,
3108 1374 3319 1435 donum,
3341 1372 3617 1425 servitium.
3644 1371 3772 1425 Clos-

2228 1470 2423 1523 sarium
2446 1468 2876 1523 Camberoneuse
2905 1467 3001 1520 Ms.
3029 1483 3042 1518 :
3080 1465 3355 1529 Ennium,
3382 1467 3566 1527 honor,
3597 1482 3772 1519 niuatis.

2303 1562 2381 1612 An
2425 1558 2629 1612 xenium
2661 1557 2872 1626 proprie
2917 1557 3136 1620 donum,
3188 1570 3405 1617 manus,
3438 1564 3563 1607 noto
3600 1554 3770 1622 signifi-

2228 1659 2369 1714 catu,
2403 1660 2457 1705 et
2483 1652 2738 1715 ennium,
2770 1649 3067 1711 Servitium,
3099 1646 3240 1715 quod
3268 1646 3518 1698 subditus
3545 1643 3771 1711 superiori

549 1765 750 1821 dentali
780 1781 938 1834 quam
970 1737 1225 1818 Orientali
1273 1760 1532 1823 Ecclesia,
1560 1762 1631 1812 uti
1661 1758 1827 1825 liquet
1855 1771 1917 1809 ex
1967 1754 2123 1807 Prato

2235 1745 2433 1799 debet?
2462 1743 2607 1797 ldetn
2641 1744 2773 1796 forte
2805 1740 2944 1810 quod
2976 1740 3188 1793 soniaca
3216 1737 3413 1791 dicitur
3444 1737 3681 1790 Anselmo
3701 1750 3772 1790 ca-

549 1857 836 1924 spiritttali,
868 1871 987 1921 cap.
1020 1854 1109 1916 79,
1131 1853 1221 1907 tibi
1250 1852 1590 1914 linteutnquo
1623 1848 2008 1902 Eucltaristiam
2034 1847 2126 1899 do-

549 1962 693 1999 mum
747 1946 1088 2008 deferebant,
1140 1945 1326 1998 Gneo
1352 1945 1611 2012 pwaizm
1638 1934 1875 1992 vocatur.
1931 1938 2129 1991 Auctor

549 2051 725 2095 autem
753 2038 869 2107 ejus
901 2039 1029 2091 vixit
1070 2048 1308 2106 tempore
1347 2036 1602 2099 Zenonis,
1632 2032 1920 2097 Anastasii,
1952 2044 2005 2086 et
2031 2031 2126 2086 Ju-

550 2131 677 2187 stitti
711 2134 902 2201 intpp.,
934 2148 1038 2200 quo
1071 2140 1328 2200 tempore,
1365 2129 1644 2185 llormisda
1678 2128 1950 2198 pontiﬁce,
1981 2127 2126 2181 cele-

550 2226 699 2280 brata
732 2226 827 2278 fuit
855 2225 1091 2295 synodus
1117 2224 1612 2298 Caesaraugustam,
1664 2220 1717 2273 in
1759 2235 1861 2289 qua
1900 2234 1961 2273 ea
2000 2233 2129 2272 cnn-

550 2317 775 2372 suetudo
798 2315 1100 2386 antiquatur
1126 2315 1205 2367 liis
1232 2315 1408 2368 verbis
1433 2331 1445 2366 :
1482 2332 1499 2363 ι
1532 2308 1879 2365 Eucliaristia:
1902 2308 2126 2378 gratiam

549 2409 597 2463 si
623 2408 709 2474 qui
743 2407 995 2476 probatur
1041 2419 1312 2472 acceptam
1349 2419 1451 2457 non
1497 2400 1895 2469 consumpsisse
1943 2400 1993 2452 in
2027 2397 2130 2451 Ec-

550 2500 732 2564 clesia,
764 2499 1043 2553 anathema
1073 2502 1143 2550 sit
1167 2497 1218 2550 in
1248 2506 1584 2565 perpetuum.
1618 2511 1637 2545 ι

625 2591 890 2645 Evt-:crto.
933 2588 1068 2643 Vitae
1089 2589 1326 2652 Antonii,
1356 2600 1474 2652 cap.
1508 2584 1609 2636 l7:
1639 2601 1658 2634 ‹
1688 2581 1909 2637 Secreto
1936 2580 2002 2633 ab
2033 2581 2133 2632 im-

549 2682 1142 2753 peratorecvectiouem
1174 2678 1344 2747 petiit.
1369 2696 1387 2729 ι
1411 2675 1687 2746 Signiﬁcat
1719 2688 1907 2727 cursus
1936 2670 2130 2739 publici

549 2777 955 2831 exbibitionem.
975 2774 1205 2830 Severus
1232 2772 1520 2842 Sulpicius,
1550 2770 1685 2823 libro
1710 2783 1746 2821 ιι
1770 2768 1949 2821 Sacra:
1969 2766 2153 2818 histor

548 2869 642 2923 rite
670 2885 683 2921 :
718 2888 737 2921 c
758 2868 1010 2933 Hilarius,
1037 2867 1159 2921 data
1173 2864 1465 2921 evectionis
1488 2862 1663 2932 copia,
1682 2862 1874 2915 adesse
1889 2857 2131 2927 compel-

553 2959 701 3015 litur.
726 2979 744 3012 ι
765 2959 1041 3023 Paulinus,
1072 2958 1207 3012 libro
1234 2971 1283 3009 tv
1305 2955 1377 3010 De
1405 2954 1676 3009 miraculis
1697 2952 1868 3006 sancti
1885 2947 2128 3006 Martini:

795 3070 955 3132 Dicite
979 3071 1094 3132 quid
1119 3070 1274 3132 vestri
1293 3067 1437 3119 velox
1464 3067 1655 3118 erectio
1677 3064 1833 3127 Regis

796 3131 985 3181 Elliciat
1018 3134 1237 3181 tardante
1262 3131 1388 3180 Deo.

551 3233 929 3305 Symmachus,
975 3235 1107 3288 libro
1134 3248 1175 3299 ι,
1205 3233 1362 3301 epist.
1409 3232 1475 3286 15
1508 3250 1521 3285 :
1551 3249 1569 3283 ι
1599 3228 1791 3299 Accepi
1828 3227 2131 3283 evectiones

553 3334 801 3397 quatuor,
831 3326 1061 3379 immane
1082 3334 1338 3394 quantum
1362 3323 1673 3379 commodas
1699 3321 1750 3375 in
1783 3333 2048 3373 excursus
2076 3327 2133 3373 et

554 3432 804 3472 recursus
826 3433 1086 3472 meorum.
1118 3435 1138 3469 ι
1172 3418 1336 3481 Ideni,
1372 3416 1409 3469 l.
1438 3431 1531 3481 vtt,
1555 3416 1715 3482 epist.
1738 3414 1808 3469 48
1834 3429 1849 3469 :
1879 3430 1898 3465 ι
1930 3411 2134 3467 Favure

556 3518 650 3563 tuo
690 3508 883 3563 factum
932 3518 1015 3562 est
1055 3517 1112 3562 ut
1142 3508 1475 3563 evectionum
1524 3504 1852 3560 adminicula
1895 3517 2135 3557 sumere-

555 3616 696 3656 mus.
729 3619 749 3653 ι
790 3600 985 3655 Eodem
1018 3600 1351 3668 libro,epist.
1381 3598 1492 3653 95:
1522 3616 1540 3649 ι
1570 3597 1626 3653 Si
1658 3596 1819 3665 igitur
1843 3605 1895 3649 et
1929 3596 2031 3648 hoc
2052 3592 2135 3647 in-

555 3695 707 3762 signe
734 3692 1010 3761 detuleris,
1049 3691 1189 3762 quod
1220 3705 1549 3744 annonarum
1581 3697 1636 3744 et
1676 3687 2011 3758 evectionem
2041 3699 2135 3739 cu-

554 3786 721 3843 mulet
748 3785 1000 3856 adjectio.
1032 3805 1049 3836 ι
1093 3784 1289 3838 eodem
1325 3784 1481 3848 libro,
1512 3783 1670 3850 epist.
1703 3779 1805 3834 £05
1830 3796 1845 3834 :
1874 3797 1892 3830 t
1931 3778 2005 3832 De
2035 3778 2135 3830 int-

552 3882 776 3952 petratis
805 3878 1171 3935 evectionibus
1214 3876 1265 3930 in
1296 3875 1675 3930 adminiculum
1720 3873 1980 3943 praetoria:
2012 3870 2130 3923 fun-

556 3976 773 4029 ctionis.
811 3992 829 4025 ι
859 3972 1023 4038 idem,
1072 3972 1207 4025 libro
1240 3986 1315 4035 tx,
1363 3968 1522 4037 epist.
1555 3966 1625 4022 ΞΟ
1656 3982 1670 4021 :
1708 3984 1725 4017 ι
1759 3962 1954 4020 Curam
1992 3971 2133 4017 tuam

554 4079 814 4135 provoco,
862 4074 917 4117 ut
947 4063 1056 4117 illis
1082 4073 1135 4116 et
1166 4062 1419 4115 velocitas
1449 4057 1779 4120 transeundi,
1820 4065 1873 4110 et
1899 4054 2138 4109 evectio-

557 4170 687 4211 nunt
723 4161 1006 4224 praestetur
1034 4151 1287 4220 adjectio.
1321 4168 1340 4202 ι
1374 4151 1578 4219 Saepius
1605 4164 1706 4201 vox
1741 4148 1852 4201 haec
1900 4144 2137 4199 occurrit

560 4246 617 4301 itt
661 4246 809 4300 libris
834 4242 1359 4314 iurisconsultorum.
1408 4240 1541 4295 Vide
1570 4239 1804 4295 Lexicon
1842 4236 2136 4293 Juridicum

561 4340 823 4394 Barnaba:
865 4336 1146 4391 Βιὶεδοιιίἰ.

630 4455 890 4512 Ευιοςιλ.
939 4454 1054 4508 Vita
1110 4454 1408 4518 Frontonii,
1451 4468 1569 4524 cap.
1613 4451 1687 4507 9:
1724 4471 1740 4503 ι
1776 4452 1932 4506 Velut
1977 4449 2129 4505 eulo-

557 4548 670 4619 gias
698 4562 961 4603 revocans
996 4546 1219 4600 Domino
1246 4562 1446 4600 rerum.
1482 4566 1499 4598 ι
1541 4547 1604 4600 Εῑ
1633 4561 1753 4599 mox
1789 4562 1802 4597 :
1838 4563 1855 4595 ι
1894 4542 2139 4597 easdem-

558 4654 661 4709 que
688 4639 927 4708 eulogias
966 4637 1326 4706 indigentibus
1370 4637 1658 4691 distribuit.
1694 4655 1714 4689 ι
1756 4635 2025 4689 Vocantur
2055 4634 2141 4687 hic

558 4731 781 4802 eulogia:
804 4732 1004 4785 cibaria
1036 4729 1425 4783 benedictionis
1446 4730 1612 4799 gratia
1646 4728 1981 4781 transmissa.
2017 4727 2143 4780 Post

560 4824 754 4879 missas
785 4823 944 4877 alicui
972 4837 1061 4876 eas
1091 4821 1222 4875 dare
1261 4820 1344 4875 vel
1370 4822 1756 4885 transiuittere,
1788 4828 1904 4873 crat
1928 4819 2136 4887 signum

563 4915 957 4972 communionis
986 4924 1040 4969 et
1066 4914 1364 4968 cltaritalis.
1396 4913 1683 4984 Gregorius
1716 4911 2063 4975 Turonensis,
2083 4910 2148 4963 li-

565 5008 662 5063 bro
693 5024 723 5060 v
748 5007 883 5062 llist.
910 5006 1127 5073 Franc.,
1150 5021 1198 5060 c.
1225 5004 1325 5061 M:
1358 5022 1376 5055 ι
1414 5005 1538 5058 Post
1570 5006 1759 5058 missas
1788 5013 1963 5057 autem
1996 5003 2147 5070 petiit

567 5109 626 5153 ut
653 5100 701 5153 ei
732 5099 970 5168 eulogias
997 5099 1126 5153 dare
1168 5099 1509 5154 deberemus.
1541 5116 1560 5149 ι
1591 5097 1693 5151 Sed
1738 5094 1866 5150 fecit
1898 5103 2144 5148 accurata

569 5190 808 5246 Gretzeri
842 5191 1016 5247 nostri
1065 5192 1359 5261 diligentia,
1404 5201 1459 5244 ut
1490 5190 1619 5243 nihil
1667 5189 1753 5243 hic
1797 5196 2051 5256 pra-terea
2080 5185 2146 5240 de

572 5280 814 5351 Eulogiis
840 5283 1053 5337 addam.
1085 5283 1210 5352 Ejus
1235 5284 1327 5337 lib.
1359 5282 1435 5337 De
1465 5281 1730 5335 benedict.
1760 5280 1998 5335 consule.

640 5376 911 5429 EXENIUI.
956 5374 1071 5429 Vita
1120 5375 1357 5441 Antonii,
1409 5390 1528 5441 cap.
1571 5372 1639 5426 27
1668 5389 1681 5426 :
1714 5391 1734 5424 ι
1765 5371 2027 5425 Antonius
2058 5369 2150 5423 lat-

568 5466 813 5521 tantibus
866 5465 932 5519 de
971 5465 1202 5523 adventu
1258 5482 1354 5520 suo
1402 5467 1628 5529 cunctis,
1684 5464 1834 5532 quasi
1881 5464 2033 5516 xenia
2081 5461 2147 5515 de

570 5566 754 5615 monte
776 5567 1016 5628 portans,
1041 5557 1355 5627 Spiritualiai
1380 5558 1679 5626 itnpartitur
1699 5558 1969 5609 alimenta.
1993 5574 2011 5605 ι
2043 5551 2147 5608 Ubi

570 5648 699 5704 Mss.
730 5649 965 5721 plerique
993 5662 1045 5704 et
1076 5658 1284 5704 veteres
1318 5649 1587 5703 Editiuncs
1614 5647 1803 5703 habent
1827 5645 2027 5702 exenia.
2062 5641 2144 5698 An

566 5756 596 5795 ι
623 5739 898 5806 praeﬁxum
924 5742 1075 5797 xenia
1090 5742 1117 5794 .’

2231 1837 2427 1890 nonico
2488 1832 2769 1888 Leodiettsi
2826 1832 2875 1884 itt
2935 1830 3109 1883 GeStis
3160 1828 3357 1883 Pontif.
3425 1827 3691 1882 Lcndicns.
3730 1837 3771 1881 et

2230 1928 2587 2000 Trajectens.,
2636 1943 2758 1993 cap.
2791 1924 2898 1978 40:
2932 1942 2949 1974 t
2986 1925 3180 1989 l‘rmccl
3205 1924 3241 1976 it
3281 1938 3349 1976 ne
3400 1923 3655 1975 soniacam
3682 1922 3771 1989 epi-

2229 2023 2409 2089 scotiis
2467 2019 2853 2075 Leodiensibus
2899 2016 3155 2080 debitam,
3210 2016 3276 2068 ab
3328 2014 3519 2068 eodem
3564 2016 3668 2065 loco
3700 2012 3769 2063 ubi

2232 2115 2404 2183 ipsius
2425 2114 2594 2167 sancti
2621 2128 2730 2178 cur,
2752 2126 2815 2165 us
2843 2108 3085 2175 quiescit,
3115 2109 3357 2175 accipere
3394 2112 3769 2174 prmsumeret.i

2231 2206 2329 2263 Ubi
2380 2205 2725 2260 doctissimus
2768 2202 3083 2257 scitoliastes
3122 2200 3354 2254 Joannes
3396 2197 3766 2266 Chappeavillus

2229 2297 2488 2351 souiacam
2503 2299 2709 2350 luerens
2728 2297 3113 2361 interpretatur
3130 2291 3400 2344 obsonium
3418 2288 3652 2355 episcopis
3665 2286 3771 2339 debi-

2230 2398 2358 2443 tum.
2384 2387 2644 2442 Existimo
2675 2383 3430 2456 intclligisert-itiumepiswpo
3449 2380 3678 2441 debitum,
3694 2392 3769 2431 seu

2230 2489 2415 2532 certam
2440 2494 2666 2532 annuam
2694 2479 3006 2545 pensionem,
3028 2491 3147 2545 qua:
3163 2474 3330 2530 Gallis
3350 2473 3576 2544 Essogne
3592 2471 3768 2524 dicitur.

2232 2570 2365 2625 Vide
2415 2570 2683 2624 Francisci
2733 2570 2943 2637 Itageau
2988 2568 3215 2620 Indivem
3262 2565 3475 2620 .lttrium
3533 2562 3766 2633 regalium.

2301 2661 2489 2717 FAUNI.
2533 2663 2887 2732 Hieronymus
2921 2701 2936 2727 ,
2986 2659 3040 2713 iit
3090 2659 3205 2713 Vita
3251 2659 3424 2712 sancti
3467 2657 3607 2713 Pauli
3646 2653 3769 2722 primi

2231 2754 2493 2822 eremitm,
2527 2769 2676 2808 num.
2702 2753 2734 2808 8
2764 2770 2775 2805 :
2808 2772 2824 2804 ι
2854 2754 2998 2819 Quos
3028 2751 3177 2805 vario
3206 2750 3394 2805 delusa
3425 2764 3600 2804 errore
3623 2747 3766 2816 genti-

2232 2844 2354 2899 litas
2395 2844 2630 2912 Faunus,
2661 2845 2986 2915 Satymsque
3023 2854 3075 2897 et
3106 2841 3331 2895 Iucubos
3364 2854 3579 2902 vocans,
3606 2838 3765 2893 colit.»

2230 2934 2311 2991 De
2340 2935 2540 2990 Faunis
2589 2938 2752 2989 multa
2781 2935 3011 2988 collecta
3052 2933 3175 2987 vide
3204 2932 3343 3001 apud
3375 2931 3567 2986 Litium
3606 2926 3769 2998 Grego-

2235 3028 2378 3083 rium
2415 3027 2715 3091 Giralduut,
2749 3036 3082 3097 syntagmate
3120 3023 3180 3078 15
3214 3023 3461 3077 lltstorize
3488 3023 3705 3081 deorum,
3729 3028 3769 3071 et

2161 3118 2207 3181 C
2236 3117 2376 3187 apud
2408 3118 2648 3172 Natalem
2677 3116 2957 3179 Comitem,
3000 3114 3341 3186 Mytbolngia:
3388 3114 3485 3168 lib.
3524 3128 3573 3175 v,
3601 3126 3700 3180 cap.
3727 3109 3766 3165 9.

2234 3208 2368 3264 Vide
2394 3219 2450 3263 et
2476 3208 2940 3263 Conimbricenses
2969 3215 3203 3267 nostros.
3238 3209 3288 3258 in
3318 3204 3461 3260 libro
3491 3219 3529 3259 ιι
3557 3202 3769 3273 Physica-

2232 3319 2374 3370 rum,
2404 3318 2521 3372 cap.
2555 3303 2608 3366 9,
2634 3318 2687 3372 q.
2714 3303 2767 3365 5,
2802 3311 2904 3357 art.
2936 3299 2992 3367 5,
3017 3300 3104 3355 ubi
3130 3306 3383 3369 quaerunt
3406 3314 3473 3352 an
3503 3297 3609 3352 ﬂeri
3635 3292 3768 3365 possit

2234 3403 2294 3449 ut
2316 3411 2380 3450 ex
2415 3394 2649 3448 humana
2671 3403 2726 3449 et
2756 3394 2986 3447 belluina
3016 3393 3195 3461 specie
3226 3389 3474 3446 homines
3503 3396 3765 3444 nascantur.

2235 3488 2368 3544 Vide
2396 3500 2447 3543 et
2475 3489 2707 3544 Delrium
2730 3529 2745 3555 ,
2780 3487 2964 3556 Magia:
2986 3496 3114 3540 tom.
3149 3485 3187 3550 l,
3211 3485 3305 3540 lib.
3334 3500 3466 3555 tt,q.
3486 3475 3764 3550 27,sect.2.

2306 3603 2666 3659 FMGORETICI.
2719 3600 2847 3656 Vide
2875 3600 3026 3655 Tvrt.

2304 3692 2653 3757 FLABELLIII,
2695 3691 2931 3765 ριπίδιον.
2977 3689 3117 3746 Usus
3160 3690 3277 3759 ejus
3325 3689 3378 3744 in
3431 3687 3623 3752 sacris,
3656 3679 3768 3752 quod

2236 3786 2448 3841 diaconi
2502 3786 2805 3855 gestabant.
2858 3786 3071 3838 Pratum
3121 3781 3405 3851 spirituale
3450 3775 3654 3835 Joannis
3687 3774 3771 3827 No-

2237 3880 2377 3947 scbi,
2407 3894 2526 3947 cap.
2585 3880 2688 3933 150
2716 3894 2730 3932 :
2760 3895 2778 3928 ι
2824 3878 3109 3930 Diaconum
3162 3878 3308 3929 illum
3351 3888 3519 3943 prope
3562 3885 3640 3926 me
3676 3867 3771 3921 assi-

2240 3978 2467 4024 stentem
2493 4008 2508 4030 ,
2567 3972 2656 4039 qui
2697 3967 2965 4023 ﬂabellum
3000 3977 3167 4031 tenet,
3214 3966 3281 4021 ab
3339 3966 3493 4020 altari
3524 3975 3770 4018 removed

2240 4062 2425 4119 Graece
2449 4064 2575 4117 :Tov
2597 4061 2819 4118 διάκονον
2848 4062 2931 4116 τὸν
2954 4064 3242 4131 κατέχοντα
3262 4060 3321 4116 τὸ
3342 4057 3579 4137 ῥιπίδιον.
3599 4054 3773 4110 Simeon

2241 4155 2758 4214 Thessalonicensis,
2790 4151 2861 4206 De
2882 4152 3061 4205 divino
3085 4153 3304 4219 templo,
3327 4150 3418 4203 ubi
3462 4150 3566 4218 agit
3585 4146 3647 4201 de
3673 4143 3773 4198 Pro-

2239 4251 2487 4302 cessiune
2515 4260 2638 4301 ante
2672 4248 2887 4300 missam
2910 4262 2923 4298 :
2944 4263 2962 4295 ι
3000 4244 3122 4299 Ideo
3151 4253 3205 4298 et
3232 4244 3507 4320 ὠμοφόριον
3526 4255 3635 4295 cum
3649 4248 3774 4293 cruce

2244 4340 2529 4410 praecedit;
2558 4354 2662 4408 quo
2689 4339 2910 4392 docetur
2932 4335 3115 4390 Jesum
3145 4346 3193 4389 et
3224 4335 3435 4403 signum
3456 4336 3568 4404 ejus
3586 4332 3647 4385 de
3662 4326 3773 4383 eicio

2245 4445 2521 4485 osrensnm
2552 4431 2642 4484 iri.
2672 4429 2823 4495 Quod
2856 4420 2977 4481 mox
3004 4438 3312 4496 ,sequuntur
3334 4426 3562 4490 diaconi,
3588 4420 3668 4492 qui
3694 4433 3767 4471 att-

2241 4523 2483 4593 gelorum
2529 4523 2770 4577 ordinem
2803 4524 3044 4574 referunt
3073 4536 3086 4572 :
3117 4520 3166 4573 id
3199 4518 3339 4588 quod
3376 4528 3432 4572 et
3463 4515 3655 4572 [labella
3680 4522 3775 4580 qua

2242 4618 2513 4682 dicuntur,
2546 4625 2600 4669 et
2622 4631 2653 4669 a
2686 4624 2873 4669 sancto
2903 4612 3156 4683 Dionysio
3185 4611 3286 4665 ala:
3313 4619 3583 4671 vocantur,
3608 4598 3775 4671 signiﬁ-

2242 4714 2387 4762 cant.
2417 4725 2435 4759 ι
2471 4708 2701 4762 Sanctus
2727 4704 3044 4766 Germanus,
3078 4704 3133 4757 in
3160 4702 3392 4757 Tlteoria
3426 4714 3600 4756 rerum
3629 4687 3775 4749 Eccle-

2245 4798 2580 4853 siasticarum
2608 4815 2621 4851 :
2656 4817 2673 4850 ι
2700 4797 2738 4851 F
2746 4798 2934 4851 labella
2967 4810 3097 4850 vero
3138 4806 3321 4865 typum
3371 4793 3604 4848 referunt
3627 4786 3779 4840 cheru-

2250 4895 2380 4949 bim.
2418 4912 2435 4945 ι
2468 4891 2832 4956 Hildebertus,
2875 4888 3300 4943 Cenoinanensis
3329 4886 3623 4955 episcopus,
3646 4875 3771 4945 epist.

2253 4988 2283 5041 7
2317 5006 2327 5038 :
2364 5004 2383 5037 ι
2420 4984 2716 5039 Flabellum
2767 4982 2884 5035 misi
2912 4981 3004 5033 tibi
3043 4992 3336 5047 congruum
3376 4977 3576 5030 scibcet
3602 4961 3775 5037 νιορυι·

2250 5080 2434 5132 sandis
2464 5078 2662 5131 muscis
2688 5075 3129 5129 instrumentum.
3158 5070 3252 5123 Est
3279 5076 3438 5122 etiam
3459 5063 3590 5136 quod
3618 5062 3661 5115 itt
3686 5068 3776 5110 ωυ·

2251 5172 2476 5225 nusculo
2501 5178 2687 5222 nostro
2714 5164 3052 5235 interpretari
3078 5173 3127 5215 te
3146 5168 3414 5230 oporteat.
3445 5152 3658 5214 Attende
3672 5157 3774 5215 ergo

2249 5264 2442 5332 quibus
2474 5259 2666 5313 muscis
2716 5257 3058 5311 immolantes
3089 5250 3312 5307 Domino
3351 5248 3640 5303 sacerdotes
3673 5250 3771 5308 gra-

2254 5358 2370 5408 vius
2398 5355 2739 5416 infestentur,
2770 5350 2962 5418 quibus
2990 5345 3300 5415 frequenter
3342 5339 3675 5411 impediantur
3703 5339 3772 5382 sa-

2254 5447 2443 5501 lutaria
2473 5445 2658 5499 altaris
2689 5441 2886 5496 ofﬁcia.
2921 5439 3066 5494 Mille
3092 5448 3215 5492 sunt
3242 5431 3621 5491 occursantium
3643 5421 3775 5492 phan-

2256 5547 2480 5594 t:tsniata
2531 5535 2937 5605 cogitationum,
2996 5530 3143 5584 mille
3188 5528 3386 5583 diaboli
3437 5516 3774 5593 suggestions.

2257 5639 2406 5695 mille
2456 5634 2769 5690 mortalium
2810 5627 3129 5684 tentationes
3174 5626 3494 5680 animorum.
3524 5637 3543 5672 ι
3580 5605 3772 5671 Subdit:

2197 5759 2200 5762 ~
2273 5750 2291 5783 t
2352 5730 2483 5785 Dum
2537 5727 2700 5797 igitur
2745 5721 3016 5779 destinato
3059 5719 3151 5776 tibi
3193 5717 3405 5776 ﬂabello
3438 5704 3781 5772 descende!!!“
