4014 6368
236 333 347 390 ηδ
987 334 1471 392 οΝοιιΑετιοοΝ
1510 335 1749 393 RERUM
1787 336 1821 391 E

1928 337 2300 395 VERBORUII
2339 337 2873 396 DIFFICILIORUM.
3398 342 3511 401 M8

243 467 410 525 super
427 451 686 509 sacriﬁcia
704 465 912 509 muscas
928 452 1193 523 abegeris,
1221 469 1251 507 a
1268 453 1617 509 sacrificantis
1637 463 1817 509 mente
1842 459 1892 517 Α
1920 455 2115 511 davera
2142 464 2353 510 servata
2374 497 2389 521 ,
2443 455 2531 510 ubi
2578 456 2858 511 commode
2910 457 3021 511 fleri
3074 465 3307 527 poterat.
3358 461 3505 517 alias

241 544 737 616 supervenientium
788 545 1034 600 incursus
1084 544 1440 599 tentationum
1472 584 1487 608 ,
1542 543 1822 599 catholicas
1924 545 2109 615 quavis
2136 545 2290 600 obvia
2319 561 2379 601 re
2398 546 2654 602 cadavera
2684 546 2835 602 fuere
2857 547 3221 603 involuta.Sic
3248 551 3298 604 in
3322 565 3511 609 eremo

242 638 374 694 ﬁdei
417 638 714 693 ventilabro
759 638 1031 692 exturbari
1075 636 1367 707 oportebit.
1402 654 1421 687 ι
1470 635 1823 706 Hieronymus

245 745 464 799 quoque
495 731 758 784 muscaria
788 738 1150 783 matronarum
1182 728 1283 782 huc
1312 728 1492 791 trahit,
1524 737 1579 783 et
1610 729 1826 796 spirita-

243 817 372 874 liter
401 819 631 889 explicat
659 818 881 889 epistola
911 819 1002 883 20,
1032 819 1099 872 ad
1131 818 1431 873 Marcellam
1460 836 1475 875 :
1504 837 1522 870 ι
1550 818 1699 884 Quod
1732 833 1827 872 au-

244 925 361 985 tem
420 921 473 964 et
527 910 788 966 matronis
841 909 1048 966 offertis
1102 911 1363 965 muscaria
1419 924 1602 979 parva,
1648 909 1825 979 parvis

249 1007 574 1061 animalibus
601 1005 981 1073 eventilaudis,
1011 1004 1229 1073 elegans
1258 1004 1575 1073 signillcatio
1602 1013 1703 1069 est,
1733 1004 1831 1058 de-

245 1098 383 1153 bere
408 1098 672 1151 luxuriam
703 1097 811 1150 cito
840 1097 1193 1163 restinguere,
1222 1096 1344 1163 quia
1377 1108 1571 1147 IIIIISCiB
1603 1094 1830 1148 moritu-

243 1202 324 1244 ra:
348 1189 529 1243 oleum
560 1189 836 1242 suavitatis
867 1186 1246 1241 exterminant.
1275 1203 1293 1236 ι

321 1279 712 1333 Adnmbratum
744 1278 846 1333 hoc
890 1278 942 1332 in
993 1275 1227 1331 Ecclesia
1270 1289 1337 1329 ex
1370 1275 1510 1328 facto
1536 1271 1827 1327 Abraham.

243 1370 397 1426 Idem
446 1370 866 1425 Hilddeberlus:
909 1387 928 1421 ι
960 1368 1165 1422 Talium
1220 1375 1461 1433 portenta
1521 1378 1829 1420 muscarum

242 1464 558 1533 patriarcha
606 1462 870 1519 Abraham
902 1460 1255 1530 propulsanda
1301 1459 1661 1529 prmsignavit,
1707 1472 1830 1511 cum

244 1569 278 1609 a
311 1554 592 1609 sacrificiis
648 1568 771 1608 aves
821 1553 998 1623 abegit
1043 1552 1401 1606 incursantes.
1431 1567 1450 1601 ι
1506 1550 1670 1603 Erant
1717 1548 1832 1602 haec

246 1645 462 1700 ﬂabella
494 1660 589 1700 seu
620 1643 886 1699 muscaria
920 1643 1003 1698 vel
1034 1657 1099 1697 ex
1132 1640 1369 1695 tenuibus
1392 1640 1717 1705 membranis,
1749 1639 1834 1694 vel

244 1752 314 1792 ea:
358 1737 539 1806 pennis
575 1737 806 1807 pavonis,
859 1745 953 1789 aut
998 1749 1063 1790 ex
1107 1734 1284 1801 linteo,
1342 1742 1400 1786 ut
1435 1733 1662 1787 habetur
1688 1730 1829 1802 apud

243 1824 604 1890 Clementem,
635 1826 672 1879 l.
705 1840 798 1880 vni
829 1824 1058 1879 Constit.
1088 1823 1356 1894 Aposto|.,
1378 1838 1497 1893 cap.
1533 1822 1620 1875 η.

321 1915 517 1971 Fusus.
551 1917 765 1985 Aliquot
798 1915 1047 1969 funebres
1075 1916 1209 1969 ritus
1235 1915 1287 1968 in
1326 1913 1455 1969 Vitis
1485 1914 1568 1969 his
1605 1921 1820 1969 notatos

243 2006 455 2073 habes;
488 2010 744 2077 quosdam
775 2008 986 2063 uberius
1015 2008 1314 2077 explicabo.

318 2098 519 2154 Linteo
545 2100 964 2155 obvolvebantur
1005 2098 1259 2152 nobilium
1287 2108 1342 2152 et
1369 2106 1662 2167 martyrum
1705 2110 1829 2150 cor-

241 2204 382 2260 pora
414 2193 553 2260 apud
585 2191 887 2262 Egyptios.
920 2190 1036 2245 Vita
1068 2190 1318 2256 Antonii,
1357 2203 1478 2256 cap.
1509 2189 1575 2243 5'1
1604 2206 1617 2241 :
1658 2206 1677 2239 ι
1715 2187 1828 2242 Mos

241 2282 518 2354 Egyptiis
545 2294 649 2348 est,
677 2284 961 2347 nobilium,
987 2292 1040 2337 et
1072 2284 1339 2350 praecipue
1370 2280 1649 2334 beatorum
1684 2294 1829 2332 mar-

238 2384 424 2447 tyrum
451 2390 673 2444 corpora
702 2374 1011 2430 linteamine
1037 2373 1345 2427 obvolvere.
1378 2390 1397 2423 ι
1424 2371 1514 2427 Sic
1537 2371 1604 2424 de
1628 2370 1829 2425 Christi

238 2482 508 2535 corpore,
556 2466 776 2522 Ioannis
825 2481 923 2521 si:
964 2464 1274 2536 Ligaverunt
1322 2463 1455 2517 illud
1503 2465 1673 2518 lineis
1711 2479 1827 2516 cum

235 2559 581 2612 aromatibus.
605 2557 733 2612 Acta
758 2557 913 2611 Ahihi
936 2555 1206 2626 martyris,
1225 2555 1365 2623 apud
1388 2553 1823 2621 Metapbrastem,

238 2650 315 2706 15
336 2649 655 2706 Novembris
686 2668 701 2705 :
737 2668 757 2702 ι
794 2648 1037 2704 Pretioso
1080 2646 1244 2701 linteo
1286 2661 1407 2699 eum
1449 2643 1821 2699 circumdede-

236 2754 395 2810 runt,
445 2753 500 2799 et
546 2742 831 2814 unguentis
873 2748 1163 2796 unxerunt.
1196 2756 1217 2791 ι
1243 2736 1595 2803 Prudentius,
1624 2735 1826 2805 hymno

235 2834 312 2891 ιο
342 2834 653 2891 Cathemer.

584 2944 800 2995 Candore
826 2945 1030 2993 nitentia
1053 2942 1180 2991 claro

583 3006 903 3056 Praetendere
927 3004 1081 3053 lintea
1105 3017 1209 3053 mos
1233 3009 1326 3052 est.

242 3109 538 3175 Eusebius,
564 3108 659 3164 lib.
690 3124 783 3177 vn,
813 3106 986 3175 capite
1011 3107 1099 3173 Π,
1124 3106 1193 3160 de
1221 3103 1417 3159 Asterii
1462 3103 1516 3158 in
1557 3102 1820 3158 Marinum

1933 636 2084 691 Pauli
2119 636 2271 705 primi
2304 638 2542 692 eremitze
2570 653 2762 707 corpus
2787 639 2966 707 pallio.
3001 639 3117 694 Vita
3148 640 3289 709 ejus,
3317 657 3366 697 c.
3396 643 3503 698 10:

1932 744 1951 778 ι
1981 726 2225 793 Pallium,
2256 728 2395 797 quod
2427 729 2517 784 tibi
2550 729 2872 785 Athanasius
2910 734 3195 801 episcopus
3220 733 3397 801 dedit,
3437 735 3514 793 ad

1926 817 2310 875 obvolvendum
2359 822 2729 889 corpusculum
2774 832 2948 877 meum
2993 823 3162 877 defer.
3202 842 3222 876 ι
3260 825 3507 881 Macrine:

1927 928 2138 983 quoque
2178 916 2384 983 corpori
2437 910 2650 983 pallium
2697 914 3085 986 superiectum,
3136 931 3203 972 ne
3243 920 3509 975 ascititius

1928 1017 2150 1062 ornatus
2188 1008 2520 1076 splendidior
2558 1013 2913 1077 quorumdam
2969 1011 3155 1065 oculos
3191 1012 3507 1068 offenderet.
3574 1008 3591 1009 ί

1930 1099 2218 1169 Gregorius
2246 1100 2535 1169 Nyssenus,
2562 1101 2614 1155 in
2650 1101 2765 1156 Vita
2795 1103 2962 1157 sancti
2988 1103 3255 1158 Μαρτίων,

2002 1190 2134 1244 Cum
2165 1192 2380 1259 psalmis
2410 1199 2466 1245 et
2509 1190 2721 1259 hymnis
2752 1193 2978 1246 deducta
3010 1193 3137 1247 olim
3163 1195 3421 1249 cadavera
3454 1202 3510 1251 et

1932 1281 2162 1345 condita,
2195 1281 2618 1350 frequentissime
2646 1282 2697 1336 in
2730 1283 2811 1337 his
2838 1283 2970 1337 Vitis
3004 1285 3216 1339 Patrum
3246 1288 3509 1342 occurrit.

1933 1369 2009 1423 De
2034 1370 2135 1424 hoc
2164 1358 2583 1426 Christianarum
2613 1372 2718 1426 ritu
2748 1373 2868 1427 vide
2896 1373 3206 1429 Gretzerum
3233 1384 3507 1444 nostrum,

1933 1460 1999 1514 de
2032 1459 2236 1515 Funere
2264 1460 2585 1525 Christiano,
2617 1478 2735 1530 cap.
2762 1464 2816 1518 5.
2847 1462 2955 1518 Cur
2982 1473 3167 1519 autem
3189 1507 3203 1532 ,
3240 1467 3421 1536 hymni
3454 1475 3512 1522 et

1934 1550 2123 1619 psilmi
2165 1556 2213 1604 in
2258 1550 2531 1606 funeribus
2560 1552 2827 1607 decantati
2879 1554 3029 1629 ξγιὶιιιι
3065 1555 3200 1611 hanc
3244 1559 3509 1612 rationem

1933 1643 2107 1698 reddit
2128 1644 2791 1715 Chrysostomus,homilia
2809 1644 2843 1698 4
2862 1646 2913 1698 in
2938 1646 3106 1714 Epist.
3134 1647 3199 1700 ad
3226 1646 3508 1704 Hebraeos:

1933 1739 1993 1790 Τὶ
2012 1734 2065 1791 δὲ
2093 1737 2139 1790 οἱ
2166 1735 2340 1805 ὕμνος
2363 1738 2489 1806 οὐχὶ
2509 1737 2592 1792 τὸν
2614 1737 2735 1792 Θεὸν
2755 1735 3043 1808 δοξάζομεν,
3068 1742 3149 1793 καὶ
3169 1741 3511 1813 εὐχαριστοῦ-

1856 1834 1905 1893 Β
1928 1851 2040 1903 μιν,
2073 1828 2149 1885 ὅτι
2178 1831 2347 1885 λοιπὸν
2376 1833 2684 1903 ἐστεφάνωσε
2722 1831 2805 1886 τὸν
2830 1830 3107 1887 ἀπελθόντα
3127 1874 3142 1897 ,
3176 1829 3257 1887 ὅτι
3283 1839 3382 1888 τῶν
3420 1833 3512 1887 πό-

1930 1944 2028 1976 νων
2049 1922 2354 1985 ἀπήλλαξεν,
2372 1918 2451 1975 ὅτι
2466 1930 2555 1981 τῆς
2579 1920 2764 1983 δειλίας
2785 1922 3003 1976 ἐκϐαλὼν
3024 1921 3053 1977 ἕ
3057 1943 3146 1992 χει
3171 1922 3298 1999 παρ’
3312 1925 3511 1995 ἐαυτῷ;

1931 2014 1988 2067 οὐ
2028 2010 2110 2067 διὰ
2156 2017 2306 2067 τοῦτο
2333 2010 2515 2081 ﬁrmet;
2565 2013 2623 2066 οὐ
2666 2007 2751 2067 διὰ
2793 2018 2946 2069 τοῦτο
2998 2012 3318 2084 deliquerim;
3348 2021 3512 2073 ταῦτα

1930 2105 2097 2156 πάντα
2119 2102 2412 2173 χαιρόντων
2449 2102 2589 2157 ἐστὶν
2614 2118 2627 2155 :
2658 2119 2675 2151 ι
2705 2102 2839 2166 Quid
2878 2105 3037 2156 etiam
3076 2103 3294 2173 hymni?
3323 2103 3516 2160 Nonne

1930 2202 1987 2247 nt
2017 2192 2180 2247 Deum
2214 2192 2571 2261 glorificcmus
2596 2233 2611 2256 ,
2644 2194 2800 2261 eique
2830 2194 3026 2263 gratias
3065 2209 3283 2263 agamus
3307 2234 3322 2258 ,
3365 2197 3509 2265 quod

1927 2282 2035 2353 jam
2067 2284 2342 2338 coronavit
2371 2284 2735 2338 discedentem
2757 2325 2770 2349 ,
2791 2285 2931 2354 quod
2959 2302 2988 2339 a
3016 2286 3282 2340 laboribus
3314 2286 3514 2341 libera-

1930 2374 2025 2439 vit,
2055 2374 2196 2443 quod
2226 2390 2254 2427 a
2288 2375 2482 2429 timore
2513 2374 2792 2429 liberatum
2821 2375 2961 2446 apud
2999 2391 3059 2431 se
3104 2376 3301 2431 habet?
3327 2379 3513 2434 Nonne

1930 2474 2149 2534 propter
2194 2466 2292 2521 hoc
2337 2466 2549 2534 hymni?
2571 2466 2759 2523 Nonne
2788 2477 3005 2536 prepter
3032 2469 3132 2523 hoc
3176 2470 3513 2538 psalmodia?

1929 2558 2115 2613 Omnia
2168 2560 2373 2631 1031
2423 2560 2523 2615 ista
2573 2561 2912 2630 gaudentium
2962 2574 3106 2618 sunt.
3154 2581 3173 2614 ι
3220 2564 3376 2618 Plura
3430 2564 3513 2619 hic

1928 2649 2048 2703 addi
2080 2658 2330 2718 possent;
2358 2652 2452 2706 sed
2479 2667 2594 2705 eam
2622 2655 2850 2721 remjam
2874 2662 3161 2709 exsecutus
3178 2663 3263 2709 est
3280 2655 3512 2711 Iacobus

1930 2737 2218 2796 Gretzerns
2241 2750 2423 2796 noster
2444 2743 2696 2813 singulari
2721 2745 2856 2798 libro
2880 2744 2956 2799 De
2969 2744 3153 2800 funere
3173 2746 3506 2803 Christiano.

1999 2852 2273 2906 CABBARA.
2318 2851 2448 2907 Vide
2480 2853 2547 2907 de
2594 2854 2660 2906 iis
2688 2852 2828 2906 dicta
2858 2853 2924 2907 ad
2954 2852 3124 2908 Vitam
3156 2855 3326 2909 sancti
3351 2857 3514 2908 Anto-

1927 2943 2023 3011 nii,
2047 2958 2094 2997 c.
2122 2944 2211 3007 57,
2242 2942 2330 2997 ubi
2360 2958 2421 2997 ea
2452 2942 2771 2997 Athanasius
2799 2944 3072 3009 describit,
3103 2954 3155 2998 et
3186 2946 3517 3016 Augustinus

1928 3047 2121 3087 nomen
2173 3032 2422 3102 prodidit.
2465 3029 2791 3088 Vocabulum
2838 3035 3018 3103 paucis
3048 3044 3255 3088 notum.
3289 3034 3513 3101 Planius,

1929 3126 2023 3181 lib.
2050 3142 2142 3191 vn,
2174 3140 2290 3194 cap.
2320 3124 2385 3180 l6
2431 3145 2443 3180 :
2489 3143 2509 3177 ί
2560 3124 3001 3181 I’rocerissimnm
3054 3127 3321 3182 hominem
3386 3136 3514 3183 aetas

234 3213 533 3273 martyrem
561 3202 756 3271 pietate
779 3218 793 3254 :
816 3200 1136 3275 Περιστείλας
1156 3218 1208 3254 τε
1231 3193 1285 3252 εὖ
1307 3198 1440 3267 μάλα
1458 3197 1738 3259 πλουσίως,
1760 3205 1821 3269 τῇ

1930 3226 2110 3272 nostra
2164 3218 2289 3271 divo
2331 3216 2553 3272 Claudio
2598 3218 2874 3288 principe,
2915 3218 3214 3273 Gabbaram
3271 3220 3512 3290 nomine,

231 3298 567 3371 προσηκούσῃ
597 3301 728 3367 ταφῇ
766 3291 1095 3371 παραδίδωσι
1120 3308 1132 3343 :
1169 3308 1187 3341 ι
1222 3290 1375 3355 Quod
1397 3304 1517 3343 cum
1544 3286 1823 3356 magnilico

232 3399 293 3446 et
334 3400 647 3459 sumptuoso
693 3387 858 3442 linteo
908 3385 1261 3451 involvisset,
1311 3381 1519 3437 decenti
1574 3382 1823 3450 sepulcro

232 3483 499 3539 condidit.
539 3500 558 3533 ο
594 3482 736 3537 Idem
761 3522 778 3546 ,
809 3481 998 3535 eodem
1038 3479 1155 3543 lib.,
1196 3492 1317 3547 cap.
1352 3476 1419 3531 10
1440 3483 1495 3530 et
1524 3472 1589 3528 18
1613 3516 1629 3540 ,
1662 3475 1822 3529 lintea

232 3576 332 3630 illa
360 3583 516 3629 vocat
544 3574 871 3650 περιστολάς.
894 3571 1274 3641 Hieronymus,
1304 3569 1462 3636 epist.
1493 3566 1582 3633 49,
1616 3566 1685 3620 de
1712 3580 1825 3619 mu-

232 3669 376 3725 liere
420 3668 618 3738 septies
643 3666 745 3721 icta
775 3682 790 3718 :
827 3685 845 3717 ι
878 3664 1101 3728 Clerici,
1144 3663 1336 3730 quibus
1376 3660 1429 3714 id
1468 3659 1632 3714 officii
1667 3668 1818 3724 erat,

230 3758 465 3815 cadaver
489 3767 763 3812 cruentum
794 3756 957 3811 linteo
985 3754 1296 3808 obvolvunt.
1335 3770 1355 3803 ι
1390 3750 1455 3804 Et
1482 3749 1698 3819 quidem
1729 3764 1821 3803 ve—

231 3850 564 3906 tustissimus
592 3863 709 3904 mos
734 3847 832 3903 fuit
863 3848 1122 3902 cadavera
1152 3847 1315 3899 linteo
1351 3839 1680 3897 involvendi.
1715 3840 1821 3896 llo-

232 3956 445 4005 merus,
480 3940 649 3995 llliad.
684 3950 735 4005 Σ,
766 3940 832 3994 de
864 3938 1095 3993 Patrocli
1124 3936 1347 3990 funere:

305 4040 382 4086 Ἐν
408 4032 655 4099 λεχέεσσι
682 4029 735 4085 δὲ
762 4032 922 4090 θέντες
947 4030 1070 4099 ἑανῷ
1095 4029 1196 4083 λιτὶ
1213 4023 1463 4099 κᾷλυψαν,

305 4053 382 4086 ’δν
410 4053 460 4085 At
511 4053 655 4086 εεσσι
682 4053 735 4085 οε
762 4053 922 4090 σεντες
947 4053 1070 4099 εανῳ
1098 4053 1196 4083 Λιτι
1213 4053 1463 4095 καλυψαν,

302 4099 390 4162 Ἐς
412 4053 575 4163 rmiger;
602 4104 656 4156 ἐκ
686 4103 916 4176 κεφαλῆς.
941 4102 1218 4173 καθύπερθε
1248 4098 1301 4153 δὲ
1332 4096 1479 4173 φάρει
1505 4098 1689 4172 λευκῷ.

331 4192 386 4242 In
411 4192 591 4242 lectum
615 4200 778 4240 autem
803 4192 1110 4252 imponentes
1134 4188 1284 4237 linteo
1303 4188 1466 4252 subtili
1492 4197 1727 4241 texerunt

329 4254 405 4302 Ad
428 4258 581 4317 pedes
601 4268 628 4303 a
650 4259 840 4315 capite;
865 4255 1081 4313 desuper
1103 4256 1268 4300 autem
1292 4251 1399 4298 alba
1425 4259 1581 4301 veste.

228 4336 451 4391 Auratis
495 4337 654 4391 etiam
708 4335 948 4390 vestibus
992 4332 1415 4388 obvolvebantur
1464 4335 1816 4404 quorumdam

174 4490 181 4495 κ
228 4440 482 4495 serpere.
512 4426 627 4481 Vita
652 4426 796 4479 Pauli
824 4424 979 4498 primi
1002 4423 1265 4489 eremitae,
1290 4438 1406 4493 cap.
1437 4424 1503 4476 14
1533 4442 1546 4478 :
1580 4444 1598 4477 σ
1636 4426 1744 4480 Cur
1765 4435 1818 4481 ct

227 4528 475 4571 mortuos
503 4524 712 4569 vestros
741 4514 939 4568 auratis
969 4514 1254 4568 obvolvitis
1282 4515 1562 4571 vestibus?
1596 4535 1615 4570 ι
1643 4517 1813 4585 Quem

1926 3324 1994 3364 ex
2020 3308 2214 3363 Arabia
2263 3309 2567 3375 advectum,
2612 3324 2804 3363 novem
2839 3309 3053 3377 pedum,
3083 3318 3139 3364 et
3171 3309 3389 3365 totidem
3421 3326 3514 3364 un-

1923 3403 2124 3456 ciarum
2156 3401 2304 3455 vidit.
2345 3422 2363 3454 ›
2411 3406 2539 3469 Quae
2567 3402 2828 3458 exscribit
2851 3403 3086 3469 Solinus,
3117 3417 3236 3474 cap.
3270 3401 3342 3456 5:
3374 3401 3517 3460 Cave

1923 3494 2223 3549 Gabbaram
2271 3495 2549 3550 existimes
2598 3497 2874 3563 proprium
2922 3495 3023 3549 viri
3054 3510 3273 3550 nomen.
3325 3495 3521 3554 Omnia

1923 3599 2252 3641 mortuorum
2283 3587 2545 3642 cadavera
2573 3587 2787 3641 condita
2827 3589 2896 3641 ita
2928 3587 3273 3643 vocabantur.
3306 3589 3515 3645 Glossa)

1924 3677 2108 3733 lsidori
2136 3698 2147 3731 :
2180 3699 2198 3730 ι
2236 3679 2516 3754 Οτιιιηιεθε,
2566 3696 2893 3734 mortuorum
2942 3681 3157 3735 condita
3202 3697 3449 3748 corpora.
3488 3700 3511 3735 ι

1922 3768 2084 3838 Lege,
2112 3767 2371 3824 Gabbares
2399 3771 2481 3824 vel
2505 3768 2759 3824 Gabbam.
2793 3770 2989 3825 Eadem
3023 3788 3036 3823 :
3076 3790 3093 3821 ι
3133 3771 3395 3837 Gabnrus,
3427 3771 3514 3825 in-

1921 3861 2120 3923 sulsus,
2144 3861 2424 3927 barbarus,
2444 3862 2583 3915 unde
2610 3861 2845 3915 Gabares
2867 3871 3219 3917 mortuorum.
3246 3881 3265 3914 ›
3292 3862 3514 3930 Papias':

1929 3971 1947 4004 ι
1979 3952 2230 4015 Gabbari,
2278 3953 2472 4007 inclusi
2515 3954 2749 4009 barbari.
2785 3952 2937 4008 Unde
2963 3953 3234 4010 Gabbares
3275 3965 3515 4009 mortuo-

1922 4060 2040 4098 rum
2088 4058 2315 4111 corpora
2369 4045 2602 4098 condita.
2646 4063 2664 4095 ›
2704 4042 2804 4099 Ubi
2856 4045 2995 4115 lege,
3043 4046 3247 4112 insulsi,
3289 4045 3513 4101 barbari.

1924 4134 2012 4191 Sic
2056 4133 2109 4188 in
2151 4134 2425 4189 Glossario
2469 4135 2889 4191 Camberonensi
2916 4137 3018 4191 Ms.
3071 4156 3089 4189 ι
3130 4136 3363 4193 Cabator
3398 4139 3512 4193 sive

1920 4227 2149 4297 gabitor,
2175 4227 2373 4282 dicitur
2396 4227 2556 4282 homo
2574 4228 2813 4298 jocosus.
2847 4247 2865 4280 ι
2892 4227 3225 4284 Teutonibus
3244 4230 3511 4300 gabbcren,

1922 4320 2117 4384 ridere,
2146 4319 2333 4388 iocari.

1993 4414 2255 4470 GALth.
2295 4414 2371 4468 Ita
2391 4414 2517 4467 olim
2540 4411 2826 4468 Christiani
2848 4412 2972 4468 dicti
3005 4428 3101 4482 per
3122 4420 3511 4479 contemptum.

1923 4504 2057 4561 Vitae
2089 4506 2311 4575 Epicteti
2343 4515 2398 4561 et
2425 4505 2681 4570 Astionis,
2713 4518 2832 4571 cap.
2862 4503 2891 4556 7
2921 4522 2933 4557 :
2966 4522 2984 4555 ι
3020 4504 3085 4557 Ει
3112 4518 3141 4555 a
3165 4501 3399 4557 Galilacis
3431 4500 3511 4557 fu-

226 4621 431 4660 vanum
462 4606 642 4660 saeculi
673 4620 875 4659 morem
899 4608 996 4659 etsi
1032 4604 1389 4676 Hieronymus
1416 4606 1491 4660 ibi
1522 4608 1816 4673 reprehen-
1845 4593 1899 4654 D
1923 4607 2070 4652 ratus
2096 4612 2176 4653 es.
2211 4616 2229 4648 ι
2266 4596 2475 4667 Plangit
2505 4605 2677 4649 mater
2702 4594 2960 4650 Astionis.
2988 4593 3277 4657 anianus,
3304 4591 3356 4644 in
3389 4591 3513 4645 l'hi-

226 4699 353 4761 dat.
383 4710 603 4754 ornatus
642 4708 817 4754 tamen
859 4698 1189 4766 Splendidior
1234 4714 1340 4753 non
1382 4701 1687 4768 repudiatus
1716 4699 1815 4757 fuit

226 4790 286 4846 in
319 4790 503 4846 funere
532 4800 860 4845 sanctorum.
890 4790 1177 4861 Gregorius
1208 4792 1505 4862 Nyssenus,
1527 4793 1594 4847 de
1624 4793 1812 4848 Macri-

226 4896 302 4937 na
327 4896 556 4937 sorore:
594 4900 613 4935 r
650 4883 798 4937 Nunc
825 4882 1039 4951 quidem
1082 4882 1400 4937 invidiosum
1446 4899 1550 4937 non
1597 4886 1728 4949 erit,
1766 4885 1812 4939 si

226 4970 496 5027 defunctae
543 4972 959 5039 Splendidiorem
1014 4972 1371 5043 adjecerimns
1420 4981 1706 5042 ornatum,
1758 4982 1813 5027 et

226 5078 419 5133 puram
473 5062 616 5118 illam
667 5064 1167 5133 imrnacnlatamque
1219 5078 1436 5118 carnem
1491 5065 1811 5120 clarioribus

229 5155 568 5211 vestimentis
592 5155 945 5210 induerimus.
974 5173 994 5206 ι
1026 5155 1307 5217 Eusebius,
1331 5170 1490 5223 supra
1511 5173 1524 5210 :
1548 5156 1816 5230 ’Δστύριος

229 5250 389 5322 ἀνὴρ,
420 5254 519 5303 τῶν
546 5249 631 5304 hri
654 5250 843 5319 Ῥώμης
870 5248 1246 5321 συγκλητικῶν,
1284 5248 1367 5303 τὸν
1412 5244 1543 5319 ὧμδν
1584 5248 1811 5314 ὑποθεὶς,

230 5340 317 5394 ἐπὶ
344 5340 587 5417 λαμπρᾶς
615 5360 667 5396 τε
696 5342 776 5395 καὶ
804 5339 1103 5400 πολυτιλοῦς
1125 5342 1330 5400 ἐσθῆτος
1361 5338 1485 5415 ἆραι,
1517 5343 1577 5396 τὸ
1610 5342 1814 5407 arrives.

229 5430 550 5506 ὶπιφέριταιε
582 5448 600 5482 ι
639 5430 880 5485 Asterius
912 5432 995 5485 vir
1033 5447 1063 5484 e
1102 5439 1407 5485 senatorum
1445 5432 1809 5486 Romanorum

230 5535 458 5577 numero
499 5521 730 5576 cadaver
775 5521 979 5590 (Marini
1013 5520 1283 5589 martyris)
1323 5522 1494 5585 tollit,
1526 5521 1802 5590 splendida

231 5619 287 5666 et
317 5615 546 5680 pretiosa
582 5612 783 5684 obtegit
822 5622 1000 5679 veste,
1032 5621 1191 5683 atque
1222 5612 1461 5668 humeris
1496 5614 1807 5683 impositum

232 5703 359 5761 inde
389 5705 655 5777 deportat.
696 5726 715 5759 ι

305 5793 427 5853 llaec
454 5797 768 5854 obvolvendt
797 5797 983 5865 linteo,
1007 5795 1088 5853 vel
1119 5804 1308 5853 ornatu
1333 5794 1689 5866 splendidiore
1717 5810 1807 5856 ca-

1922 4692 2136 4759 lopatr.,
2159 4690 2432 4763 deﬁancto
2456 4690 2617 4745 Paulo
2640 4703 2801 4757 agens
2827 4704 2841 4741 :
2865 4687 3036 4744 Ἥνίκα
3055 4686 3106 4744 δέ
3130 4708 3215 4759 μοι
3241 4687 3513 4746 Γαλιλαῖος

1921 4784 2189 4855 ἐνέτυχεν,
2241 4783 2643 4856 ἀναφαλαντίας,
2685 4782 2968 4854 ἆπὶῥρινος,
3010 4781 3061 4841 ἒς
3096 4782 3266 4854 τρίτον
3306 4780 3512 4854 οὐρανὸν

1921 4877 2314 4953 ἀεροϐατήσαςε
2356 4896 2372 4926 ι
2412 4876 2635 4943 Quando
2664 4883 2840 4928 autem
2872 4888 2958 4929 me
2988 4873 3236 4928 Galilazus
3261 4873 3349 4927 ille
3378 4886 3511 4926 con-

1922 4968 2072 5021 venit
2119 4967 2444 5022 recalvaSIer
2488 4981 2618 5020 naso
2647 4966 2847 5033 aquilo,
2878 4964 2966 5034 qui
2998 4965 3049 5017 in
3079 4963 3293 5017 tertium
3341 4977 3512 5028 usque

1921 5059 2118 5113 cmlum
2151 5073 2242 5125 per
2272 5072 2450 5113 aerem
2494 5056 2762 5126 ingressus
2793 5064 2893 5109 est.
2932 5071 2951 5104 ι
3007 5053 3081 5108 De
3106 5069 3210 5121 quo
3244 5053 3363 5108 loco
3392 5053 3513 5108 vide

1920 5153 2232 5211 Bar0nium.
2268 5161 2413 5205 temo
2468 5151 2508 5214 Ι,
2558 5166 2697 5204 anno
2724 5150 2918 5204 Christi
2944 5148 3033 5204 68.
3084 5149 3325 5204 Julianus
3354 5150 3513 5205 Miso-

1922 5232 2127 5311 pogone
2156 5260 2166 5294 :
2194 5242 2453 5314 Ἐμισηνοὶ
2483 5246 2700 5317 Χριστὶν
2732 5241 2957 5303 ἐπόθουν,
3001 5241 3046 5294 οἱ
3074 5248 3179 5315 πῦρ
3209 5240 3511 5313 ἐμϐαλόντες

1918 5342 2023 5395 τοῖς
2050 5336 2222 5407 τάφοις
2246 5341 2345 5388 τῶν
2388 5333 2691 5397 Γαλιλαίων;
2746 5349 2766 5383 ι
2811 5335 2889 5385 An
2921 5346 3052 5386 vero
3092 5332 3327 5387 Emiseni
3356 5333 3482 5388 Chri

1920 5436 2058 5481 stum
2110 5426 2401 5489 amabant,
2448 5426 2537 5494 qui
2578 5425 2921 5480 Galilmorum
2967 5425 3210 5493 sepulcra
3260 5424 3511 5482 incende-

1920 5517 2081 5572 runt?
2112 5535 2129 5568 ι
2166 5516 2308 5571 Idem
2344 5516 2542 5569 ibidem
2578 5524 2698 5586 post
2723 5533 2735 5568 :
2759 5521 2879 5572 Νυνί
2908 5515 2962 5571 δὲ
2995 5522 3132 5589 ὑμῶν
3155 5517 3366 5578 ἕκαστος
3395 5519 3508 5572 ἐπι·

1914 5611 2092 5684 τρέπει
2129 5611 2221 5679 μὲν
2257 5618 2319 5684 τῇ
2360 5611 2558 5680 ’γυναικί
2595 5609 2757 5664 πάντα
2796 5610 3011 5681 ἐκφέρειν
3048 5605 3240 5663 ἕνδόθιν
3277 5610 3349 5668 εἰς
3384 5610 3508 5672 τσὺς

1913 5700 2207 5759 Γαλιλαίους
2237 5715 2250 5751 :
2288 5716 2306 5750 ι
2336 5698 2492 5753 ιΝυηα
2522 5713 2653 5754 vero
2697 5698 3058 5769 unusquisque
3087 5706 3320 5753 vestrum
3353 5711 3507 5752 nian-

1914 5792 2005 5849 dat
2032 5792 2183 5849 uxori
2211 5800 2268 5850 ut
2302 5793 2477 5850 omnia
2501 5792 2738 5849 Galilreis
2770 5792 3043 5863 largiatur.
3086 5807 3105 5844 ι
3142 5787 3309 5856 Idem,
3338 5789 3505 5861 epist.
