4014 6368
219 295 319 353 469

973 280 1453 343 ONOMASTlCON
1492 275 1734 337 RERUM
1776 280 1816 336 Ε

1918 276 2277 337 νειιιιοιιωι
2319 277 2847 337 DlFFlClLIORUM.

3369 276 3474 333 ιδο

214 408 329 466 se!
364 426 382 459 ι
412 404 583 470 Idem,
634 400 891 456 adversus
933 399 1252 455 Marcionem
1279 442 1294 463 ,
1351 396 1442 450 lib.
1471 410 1552 459 in,
1577 408 1627 448 c.
1668 391 1730 446 l8
1764 407 1778 444 :
1810 393 1862 452 Α
1888 390 2037 445 nefas
2054 390 2321 454 ducimus.
2354 391 2437 446 vel
2458 391 2527 447 de
2558 392 2819 463 geniculis
2849 391 3109 460 adorare;
3144 392 3330 448 eadem
3376 393 3480 447 im-

229 520 249 552 σ
284 501 397 556 1am
422 509 553 550 vero
575 494 785 563 Moyses
812 491 934 561 quid
968 490 1147 559 utique
1177 499 1301 542 tunc
1324 495 1525 540 tantum
1550 499 1670 538 cum
1701 480 1791 536 Je-

214 607 307 648 sus
335 591 590 644 adversus
613 584 871 641 Amalech
890 584 1249 651 pra~liabatur,
1274 578 1523 647 expansis
1541 576 1789 630 manibus

216 683 400 737 orabat
420 680 681 742 residens,
702 675 913 746 quando
941 676 991 727 in
1016 674 1174 727 rebus
1198 682 1303 725 tam
1334 672 1598 734 attonitis,
1625 668 1793 736 magis

217 776 397 843 utique
431 771 657 841 genibus
680 769 889 837 positis,
939 775 991 819 et
1043 765 1285 818 manibus
1338 763 1665 816 exedentibus
1704 776 1793 828 pe-

200 852 358 921 etus.
387 873 440 918 et
462 863 594 916 facie
613 860 757 913 ltutni
787 860 1076 922 volutante,
1102 855 1395 909 orationem
1419 853 1795 907 commendare

208 950 569 1011 debuisset?»
626 950 938 1005 Ambrosius
988 950 1078 1002 lib.
1109 963 1159 1000 vt
1220 947 1499 1012 llexacm.,
1560 961 1681 1009 cap.
1715 944 1791 997 9:

222 1063 242 1099 ε
280 1044 539 1100 Flexibile
568 1057 727 1111 genu,
758 1056 863 1107 quo
899 1056 1003 1107 prae
1029 1038 1238 1092 caneris
1282 1037 1491 1091 Domini
1523 1035 1793 1104 mitigatur

206 1134 445 1203 ‘oll'ensa,
479 1153 554 1191 ira
581 1138 734 1189 mufci
761 1143 866 1197 tttr,
897 1135 1063 1203 gratia
1096 1142 1437 1200 provocatur.
1497 1130 1606 1184 l’loc
1654 1128 1796 1185 enim

221 1229 392 1282 Patris
422 1227 615 1280 summi
647 1241 771 1295 erga
809 1223 1000 1276 Filium
1032 1222 1228 1275 donum
1260 1234 1359 1287 est,
1396 1232 1450 1274 ut
1482 1224 1530 1274 itt
1582 1222 1799 1275 nomine

222 1321 343 1377 Jesu
378 1335 534 1375 omne
559 1336 697 1387 genu
741 1332 1012 1371 curve;ur.
1051 1337 1070 1368 ι
1132 1316 1481 1383 Augustinus,
1542 1317 1676 1370 libro
1726 1316 1802 1369 De

225 1428 353 1467 cura
388 1428 481 1480 pro
513 1412 735 1465 mortuis
757 1411 985 1478 agenda,
1017 1426 1134 1479 cap.
1276 1427 1293 1459 t
1331 1408 1460 1462 Nam
1494 1419 1549 1463 et
1587 1418 1803 1463 orantes

223 1505 285 1558 de
316 1503 573 1555 membris
600 1501 680 1553 sui
711 1517 820 1564 cori
844 1500 953 1552 oris
981 1502 1198 1567 faciunt,
1222 1499 1359 1570 quod
1384 1499 1804 1566 supplicantibus

206 1592 485 1664 congruit,
518 1610 634 1647 cum
664 1608 830 1663 genua
868 1593 1051 1662 ﬁgunt,
1097 1608 1219 1645 cum
1262 1593 1555 1647 extendunt
1586 1608 1795 1657 manus,

228 1689 305 1741 vel
333 1691 495 1741 etiam
522 1695 932 1753 prosternuntur
954 1686 1092 1747 solo,
1122 1694 1176 1737 et
1203 1685 1245 1736 si
1270 1683 1395 1751 quid
1429 1683 1571 1737 aliud
1611 1684 1803 1738 visibi-

1899 485 2159 540 nmnitate
2181 501 2207 536 a
2233 485 2320 539 die
2355 484 2578 543 Pascha
2614 488 2665 539 in
2697 488 3045 541 Pentecosteu
3078 478 3245 554 usque
3278 487 3478 557 gaude-

1900 596 2040 634 mus.
2080 601 2097 631 ι
2135 581 2390 645 Hilarius,
2424 582 2650 653 Prnlogo
2692 584 2743 635 in
2768 582 3102 637 Psalmorunt
3134 580 3473 649 explanatio-

1897 687 2016 725 nem
2043 690 2071 745 τί
2097 692 2116 724 ‹
2156 675 2217 726 Et
2250 673 2362 728 lucc
2388 674 2602 742 quidem
2657 673 2874 727 sabbata
2920 672 3259 727 sabbatorum
3303 687 3365 726 ea
3406 672 3475 727 ab

1896 768 2153 836 apostolis
2178 766 2434 837 religione
2455 767 2724 821 celebrata
2752 774 2905 828 sunt,
2939 774 2996 818 ut
3024 765 3106 818 his
3134 765 3467 835 iptinquage-
3522 800 3527 809 π

1898 863 2049 914 sima:
2083 859 2272 914 diebus
2303 860 2475 912 nullus
2503 873 2673 927 neque
2723 858 2772 911 in
2799 866 2994 911 terram
3026 866 3195 911 strato
3251 872 3478 926 corpore

1899 956 2169 1016 adoraret,
2204 968 2378 1020 neque
2406 952 2608 1021 jejunio
2640 950 3286 1019 festivi'atemspiritualis
3320 950 3479 1019 hujus

1901 1044 2244 1099 beatitudinis
2275 1046 2578 1111 impediret.
2622 1043 2772 1109 Quod
2820 1044 2868 1095 id
2915 1043 3084 1112 ipSuui
3137 1045 3478 1097 extrinsecus

1899 1138 2059 1191 etiam
2088 1136 2140 1189 in
2172 1135 2361 1190 diebus
2392 1134 2678 1188 Dt~milllCiS
2705 1148 2785 1188 est
2823 1136 3188 1199 constitutum,
3214 1137 3300 1201 qui
3334 1134 3472 1187 ultra

1901 1228 2107 1282 sabbati
2138 1243 2415 1279 numerum
2452 1243 2544 1291 per
2574 1224 2951 1294 plenitudinem
2988 1225 3306 1293 evangelica:
3338 1240 3480 1292 pra:-

1902 1321 2184 1376 dicationis
2208 1319 2487 1372 accedunt.
2522 1338 2538 1368 ι
2571 1318 2943 1388 llieronymns,
2968 1317 3227 1385 prooemio
3252 1318 3316 1369 ad
3349 1318 3485 1370 Pau-

1906 1411 2012 1466 lam
2071 1419 2125 1463 et
2178 1396 2518 1463 Eustochium
2575 1410 2625 1462 in
2677 1409 2967 1476 Epistolam
3034 1410 3099 1461 ad
3153 1409 3411 1476 Ephesios
3470 1425 3485 1461 :

1912 1524 1930 1558 ι
1967 1504 2265 1561 Permansit
2315 1512 2490 1556 autem
2541 1502 2733 1568 Ephesi
2767 1516 2929 1569 usque
2976 1502 3042 1553 ad
3095 1501 3483 1562 Pentecosten;

1910 1606 2119 1661 ten-grus
2149 1593 2347 1647 laetitize
2370 1603 2525 1661 atque
2555 1593 2812 1655 victoriae,
2838 1606 2946 1659 quo
2980 1607 3082 1643 non
3118 1588 3375 1645 ﬂectimus
3397 1605 3489 1657 ge-

1910 1701 2035 1751 nua,
2067 1701 2163 1738 nec
2202 1699 2487 1737 curvantur
2510 1686 2558 1735 in
2587 1690 2808 1748 terrain,
2838 1681 2929 1735 sed
2963 1696 3082 1734 cum
3109 1680 3334 1735 Domino
3384 1696 3487 1735 re—

228 1778 350 1832 liter
391 1777 628 1840 faciunt;
664 1779 903 1846 quamvis
934 1792 1118 1830 eorum
1152 1776 1437 1831 invisibilis
1466 1779 1709 1830 voluntas
1750 1784 1884 1845 et'B
1912 1788 2194 1847 surgentes
2223 1779 2286 1831 ad
2311 1777 2569 1830 ccelorum
2599 1776 2706 1826 alta
2738 1772 3088 1827 sustollimur.
3129 1792 3147 1824 ι
3179 1772 3345 1839 ldem,
3378 1771 3491 1825 dia-

216 1870 402 1923 'cordis
430 1868 657 1921 intentio
680 1870 785 1921 Deo
810 1878 933 1921 nota
964 1868 1055 1932 sit,
1088 1883 1186 1920 nec
1211 1868 1299 1921 ille
1324 1868 1555 1940 indigeat
1592 1868 1673 1921 bis
1722 1868 1805 1920 in-

207 2055 469 2123 ‘seipautn
503 2052 698 2107 excitat
748 2053 909 2107 homo
956 2050 1020 2105 ad
1077 2051 1336 2107 orandum
1383 2052 1808 2122 gemendumque

208 2144 479 2201 humilius
531 2156 689 2214 atque
756 2144 1070 2199 ferventius.
1120 2143 1183 2196 Et
1228 2144 1410 2199 nescio
1462 2161 1568 2212 quo
1622 2145 1806 2211 modo,

225 2255 345 2295 cum
378 2240 431 2292 lii
460 2239 701 2308 corporis
727 2246 902 2293 motus
936 2235 1048 2290 lieri
1081 2234 1181 2290 nisi
1228 2250 1377 2290 m0tu
1406 2236 1567 2290 animi
1610 2253 1808 2307 prtere-

220 2330 392 2385 dente
422 2346 526 2384 non
556 2329 784 2398 pttSSiul,
811 2329 997 2381 iisdem
1026 2333 1210 2380 rursus
1240 2327 1479 2381 exterius
1523 2326 1809 2381 visiliiliter

210 2420 392 2475 lactis
422 2421 516 2474 ille
538 2420 758 2475 interior
785 2418 1090 2483 invisibilis,
1123 2417 1212 2488 qui
1240 2434 1331 2471 eos
1359 2417 1500 2483 fecit,
1550 2429 1810 2484 augetur;

228 2528 286 2569 ac
314 2530 412 2582 per
436 2516 535 2566 hoc
557 2512 733 2565 cordis
757 2511 997 2573 allectus,
1023 2512 1133 2577 qui,
1177 2519 1233 2562 ut
1258 2510 1447 2563 fierent
1477 2509 1572 2562 ista
1593 2524 1812 2577 praeces-

214 2600 319 2672 sit,
358 2605 477 2673 quia
507 2601 640 2656 facta
673 2609 813 2665 sunt,
869 2602 1084 2654 crescit.
1116 2617 1135 2650 ι
1180 2598 1559 2669 HierOnymtts,
1607 2599 1657 2650 in
1692 2613 1810 2667 cap.

230 2710 282 2750 tu
314 2695 389 2748 ad
425 2692 625 2763 Epln-s.
657 2710 669 2745 :
710 2710 728 2743 ε
769 2692 894 2746 llzrc
917 2698 1091 2744 autem
1119 2691 1428 2758 spiritaliter
1458 2703 1810 2761 exponentes,

212 2788 347 2841 non
383 2788 560 2840 statim
582 2784 731 2854 juxta
765 2784 992 2837 litteram
1017 2782 1202 2835 orandi
1234 2784 1676 2838 consuetudinem
1712 2785 1810 2837 tot.

231 2879 423 2941 limus,
454 2892 554 2945 qua
580 2877 742 2930 Deum
770 2889 905 2943 genu
939 2875 1113 2944 posito
1140 2876 1457 2945 suppliciter
1504 2876 1814 2942 adoramus,

234 2981 287 3024 et
316 2970 427 3023 ﬁxo
454 2968 505 3022 in
530 2978 730 3023 terram
751 2968 969 3036 poplite,
1021 2968 1187 3036 magis
1208 2968 1346 3036 quod
1375 2968 1441 3023 ab
1462 2983 1527 3022 eo
1556 2971 1819 3037 poscimus

236 3062 612 3130 impetramus.
649 3060 894 3127 Legimus
922 3059 1064 3113 enim
1097 3067 1149 3111 et
1181 3059 1398 3111 l‘aulum
1434 3062 1483 3112 in
1518 3058 1694 3113 littore
1741 3059 1820 3113 sic

1844 1935 1853 1945 .
1912 1872 2034 1940 lego
2056 1870 2316 1923 adversus
2344 1867 2733 1931 Lucilerianos,
2756 1879 2877 1934 cap.
2905 1863 2935 1915 τι
2964 1881 2975 1915 :
3008 1882 3025 1914 ι
3064 1864 3155 1916 Die
3188 1863 3487 1926 Dominico,

226 1962 382 2016 diciis
415 1970 473 2014 ut
498 1961 760 2014 humanus
783 1960 829 2013 ei
862 1959 1122 2028 pandatur
1145 1961 1380 2024 animus;
1409 1960 1503 2013 sed
1524 1956 1614 2012 his
1639 1962 1806 2031 magis
1845 1947 1855 1959 ’

1909 1973 1962 2018 et
1993 1976 2086 2030 per
2108 1976 2322 2015 omnem
2359 1959 2708 2012 Pentecosten
2728 1999 2743 2023 ,
2780 1971 2876 2009 nec
2906 1955 2972 2008 de
3012 1956 3270 2025 geniculis
3300 1956 3492 2008 adora-

1910 2069 1991 2119 re,
2023 2051 2357 2123 etjejunium
2399 2050 2609 2104 solvere
2631 2090 2646 2115 ,
2701 2048 2972 2116 multaque
3004 2047 3102 2101 alia
3146 2062 3263 2109 qua:
3293 2048 3488 2114 scripta

1911 2164 2017 2201 tton
2057 2154 2202 2210 sunt,
2236 2143 2569 2198 rationabilis
2608 2142 2707 2197 sibi
2752 2139 3054 2195 observatio
3109 2140 3411 2193 vindicavit.
3458 2156 3479 2192 ε

1912 2235 2251 2299 Ambrosius,
2283 2250 2446 2286 serm.
2473 2230 2564 2301 Gl,
2596 2231 2662 2285 de
2695 2230 3034 2296 Pentecoste,
3090 2232 3176 2298 qui
3228 2240 3308 2284 est
3334 2230 3494 2284 etiam

1914 2329 2055 2398 apud
2083 2326 2367 2380 Maximum
2392 2323 2782 2377 Taurinetrem
2820 2341 2831 2374 :
2867 2340 2886 2374 ε
2925 2324 3074 2376 Scire
3103 2321 3260 2375 debet
3301 2324 3498 2375 sancti—

1915 2430 1995 2474 tas
2026 2426 2197 2473 vestra
2226 2417 2362 2469 hanc
2392 2424 2633 2470 sanctam
2665 2415 3008 2468 l’entecostcs
3036 2413 3175 2467 diem
3208 2430 3308 2481 qua
3336 2414 3498 2467 ratio-

1916 2529 1984 2567 ne
2007 2526 2276 2575 curcuius,
2318 2508 2402 2565 vel
2432 2524 2527 2564 cur
2578 2510 2800 2562 istorum
2853 2509 3233 2577 quinquaginta
3288 2508 3496 2560 dierum

1898 2619 2141 2679 numero
2171 2605 2242 2656 sit
2273 2601 2423 2657 nobis
2448 2601 2594 2673 jugis
2623 2611 2676 2656 et
2708 2599 3019 2655 continuata
3074 2598 3372 2663 festivitas;
3425 2600 3494 2653 ita

1918 2710 1974 2752 ut
2004 2698 2104 2752 hoc
2126 2698 2273 2751 omni
2309 2706 2548 2765 tempore
2579 2710 2751 2766 neque
2780 2695 2843 2747 ad
2878 2694 3270 2747 observandum
3299 2692 3502 2746 indica-

1918 2805 2037 2845 mus
2061 2789 2280 2859 jejunia,
2310 2804 2482 2857 neque
2510 2789 2577 2842 ad
2608 2786 2934 2842 exorandum
2970 2786 3133 2839 Deum
3160 2799 3331 2855 genua
3377 2799 3497 2838 suc-

1918 2882 2158 2936 cidanms
2188 2899 2199 2943 ;
2228 2881 2323 2935 sed
2351 2881 2488 2934 sicut
2520 2880 2790 2933 Dominica
2820 2878 3055 2931 Solemus
3078 2875 3276 2940 facere,
3327 2879 3490 2931 erecti

1919 2980 1975 3027 ct
2001 2971 2171 3026 feriati
2202 2970 2650 3025 resurrectionem
2680 2968 2886 3023 Domitii
2920 2969 3274 3024 celebramus.
3316 2988 3335 3021 ι
3381 2970 3498 3025 Au.-

1921 3062 2188 3133 gustinus,
2233 3064 2459 3132 epistola
2506 3062 2645 3129 119,
2681 3064 2853 3131 capite
2883 3060 2987 3116 15:
3052 3080 3073 3115 ε
3108 3061 3502 3133 Quinquaginta

218 3156 223 3162 ’
251 3166 463 3212 orasse.
515 3161 567 3205 et
606 3151 1024 3221 geniculatioues
1070 3150 1119 3201 in
1149 3151 1391 3204 oratione
1440 3160 1755 3220 prteCeptsts.
1794 3170 1813 3203 ι
1846 3164 1892 3225 c
1924 3156 2040 3210 dies
2068 3157 2412 3210 celebrantur
2441 3165 2562 3226 post
2585 3154 2795 3210 Doiuini
2825 3156 3291 3218 resurrectionem,
3313 3155 3424 3225 jam
3454 3154 3506 3209 in

240 3243 582 3313 Theophilus
607 3246 890 3312 episc0pus
908 3241 1315 3309 Alexandrinus,
1339 3244 1561 3311 epistola
1589 3242 1821 3300 Pascha-

234 3336 269 3391 li
296 3337 359 3402 Ξ,
400 3345 582 3391 contra
614 3336 893 3402 Origene-in
924 3352 935 3386 :
996 3352 1014 3385 ι
1052 3334 1204 3388 Genu
1237 3332 1450 3389 ﬂeetere
1495 3334 1740 3389 sollicita:
1769 3346 1822 3388 et

238 3428 557 3483 humillima:
590 3429 778 3481 mentis
803 3425 1053 3479 iudicium
1082 3436 1183 3479 est.
1222 3443 1241 3476 ι

310 3516 421 3573 Sed
451 3535 571 3573 cum
596 3535 732 3588 genu
774 3517 1067 3571 ﬂectendus
1093 3517 1250 3570 simul
1304 3517 1539 3584 animus,
1574 3517 1824 3573 interiora

214 3611 493 3666 ‘videlicet
520 3625 693 3679 genua
725 3626 738 3676 ;
774 3626 955 3675 parum
988 3610 1119 3663 alias
1146 3609 1361 3677 prodest
1402 3610 1706 3676 genuﬂexio
1730 3626 1824 3664 cx-

239 3703 430 3758 terior.
468 3702 841 3771 Hieronymus,
892 3700 943 3753 in
995 3715 1113 3769 cap.
1147 3714 1205 3753 ιιι
1232 3700 1297 3753 ad
1324 3701 1583 3768 Ephesios
1615 3717 1627 3755 :
1668 3720 1684 3752 t
1717 3702 1825 3757 Sed

240 3796 383 3849 sicut
405 3793 536 3848 illud
566 3794 797 3848 aediﬁcat
824 3793 1118 3861 simplices,
1171 3793 1307 3845 sicut
1338 3808 1523 3847 veram
1554 3794 1827 3862 genicula-

242 3885 447 3940 tionetn
481 3901 603 3940 esse
626 3885 880 3939 docemus
906 3890 955 3938 in
978 3886 1179 3948 animo,
1204 3887 1324 3952 quia
1359 3884 1506 3938 multi
1546 3886 1828 3953 corporale

239 3976 529 4032 ﬂectentes
558 3992 718 4047 genu,
752 3977 943 4030 animae
989 3990 1325 4044 nequaquam
1349 3976 1600 4044 poplitem
1641 3992 1830 4029 curva-

243 4075 470 4132 verunt;
520 4078 572 4122 et
601 4078 805 4133 contra,
860 4066 1161 4121 alii'ervcto
1189 4067 1355 4121 Deum
1388 4083 1613 4134 corpore
1638 4068 1830 4136 deprc-

214 4170 453 4222 ‘rantes,
506 4160 670 4226 magis
696 4172 753 4213 se
780 4158 956 4211 animo
1007 4166 1382 4212 cttrvaverunt.
1414 4175 1432 4209 ι
1494 4160 1661 4223 Quem
1705 4158 1829 4212 vide

243 4249 449 4305 ibidem
481 4250 852 4314 disserentem,
879 4248 1153 4319 quomodo
1185 4261 1496 4320 peccatores
1525 4265 1695 4320 genua
1727 4250 1825 4305 lle-

244 4348 401 4395 ctant
432 4349 666 4408 peccato.

322 4433 390 4485 Et
418 4432 631 4501 quidem
657 4432 741 4485 hic
771 4431 905 4486 ritus
935 4443 1045 4486 toto
1062 4433 1187 4486 anni
1221 4444 1461 4502 tempore
1493 4435 1542 4487 in
1579 4434 1827 4489 oratiOue

1929 3246 2094 3315 ligura
2144 3260 2250 3299 non
2296 3245 2514 3311 laboris,
2569 3244 2660 3299 sed
2694 3246 2886 3314 quietis
2930 3255 2985 3300 et
3015 3247 3244 3311 laetitiaz;
3292 3257 3508 3317 propter

1914 3338 2026 3415 hoc
2050 3337 2325 3408 etje,unia
2350 3338 2676 3401 relaxantur,
2703 3347 2756 3392 et
2776 3347 2976 3392 stantes
2998 3353 3234 3404 oramus,
3263 3340 3401 3410 quod
3428 3349 3510 3394 est

1928 3430 2136 3502 signum
2162 3431 2576 3485 resurrectionis
2610 3446 2625 3484 :
2674 3430 2813 3484 unde
2842 3431 3002 3484 etiam
3046 3430 3507 3485 omnibusdiebtts

1930 3521 2218 3577 Dominicis
2246 3521 2296 3576 id
2328 3521 2393 3575 ad
2422 3522 2593 3576 altare
2626 3521 2968 3575 observatur.
3006 3539 3024 3572 ι
3066 3520 3131 3573 Et
3159 3535 3208 3575 c.
3238 3520 3299 3574 17
3335 3538 3347 3571 :
3388 3538 3406 3571 ε
3445 3518 3512 3575 Ut

1928 3625 2103 3670 autem
2136 3625 2343 3668 stantes
2372 3616 2424 3667 in
2455 3613 2557 3667 illis
2585 3613 2988 3684 (Pentacostes)
3019 3612 3227 3678 diebus,
3262 3621 3317 3665 et
3340 3613 3512 3667 omni-

1928 3706 2027 3761 bus
2058 3705 2351 3759 Dutninicis
2374 3718 2614 3765 oremus,
2662 3715 2837 3756 utrum
2872 3703 3065 3771 ubique
3090 3710 3335 3756 servetur
3365 3702 3514 3770 igno-

1930 3812 2024 3861 ro;
2074 3809 2249 3849 tamen
2283 3795 2504 3862 quodin
2543 3809 2608 3848 eo
2652 3803 2904 3860 sequatur
2954 3792 3209 3857 Ecclesia,
3262 3792 3395 3859 dixi,
3453 3800 3513 3847 ut

1930 3888 2099 3960 potui,
2129 3898 2183 3959 et
2212 3876 2443 3939 arbitrer
2471 3900 2591 3939 esse
2622 3882 2987 3938 manifestum.
3020 3903 3039 3936 ι

2019 3977 2186 4032 CauSa
2209 3976 2428 4045 hujusce
2457 3976 2889 4030 cominutatiouis
2914 3977 3213 4044 assignatur
3244 3976 3383 4045 apud
3413 3975 3510 4032 Ju-

1931 4069 2154 4133 stinum,
2181 4069 2478 4137 quaestione
2498 4076 2553 4121 et
2576 4068 2927 4137 responsione
2956 4082 3112 4136 supra
3143 4070 3302 4122 citata
3338 4086 3352 4123 :
3384 4081 3436 4124 Ἥ
3461 4070 3513 4124 ἐν

1928 4169 2042 4221 ταῖς
2074 4160 2125 4225 ἓξ
2150 4162 2361 4233 ἡμέραις
2390 4162 2527 4229 ἡμῶν
2557 4160 2848 4232 γονυχλισία
2889 4160 3142 4230 σύμϐολόν
3181 4162 3295 4216 ἐστὶ
3328 4169 3418 4221 τῆς
3466 4162 3517 4216 ἐν

1932 4260 2045 4313 ταῖς
2070 4252 2345 4327 ἁμαρτίαις
2371 4253 2620 4309 πτώσεως-
2646 4252 2803 4322 ἠμῶν.
2834 4251 2901 4303 Τὸ
2924 4249 2976 4304 δὲ
3021 4252 3070 4304 ἑν
3100 4259 3160 4325 τῇ
3206 4259 3421 4327 κυριακῇ
3444 4256 3517 4320 μή

1932 4344 2104 4397 κλίνειν
2123 4342 2263 4413 γόνυ,
2292 4342 2484 4411 omnia)
2494 4342 2547 4394 όν
2568 4343 2678 4395 ἐστι
2693 4348 2786 4401 τῆς
2806 4342 3151 4405 ἀναστάσεως,
3174 4339 3242 4395 δι’
3262 4339 3320 4402 ἧς
3339 4350 3399 4416 τῇ
3426 4347 3518 4395 τοῦ

1930 4442 2151 4509 Χριστοῦ
2177 4436 2376 4505 χάριτι,
2406 4441 2506 4488 τῶν
2533 4454 2586 4488 τε
2611 4430 3009 4508 ἁμαρτημάτων,
3035 4434 3225 4488 καὶτοῦ
3250 4432 3325 4489 ἐπ’
3355 4435 3521 4490 αὐτῶν

249 4522 594 4587 servabatur,
628 4526 869 4591 exceptis
902 4523 1189 4578 Dominicis
1218 4535 1264 4576 et
1298 4533 1537 4593 tempore
1565 4525 1703 4579 inter
1734 4526 1816 4579 Pa-

1934 4528 2341 4595 τεθανατωμένου
2372 4526 2586 4579 θανάτου
2610 4526 3033 4599 ἠλευθερώθημεν,
3062 4534 3167 4577 etc.
3188 4562 3204 4588 ,
3237 4524 3284 4577 ἐν
3374 4529 3515 4592 (Πεν-

244 4616 379 4665 scha
410 4622 463 4666 et
488 4611 867 4667 Peutecosten.
893 4614 1149 4678 Videliic,
1181 4616 1318 4668 libro
1349 4632 1418 4679 tv,
1449 4631 1569 4685 cap.
1602 4616 1700 4685 19,
1760 4632 1825 4670 ex

246 4706 345 4761 lib.
382 4722 417 4758 ιι
444 4707 616 4761 lnstit.
648 4707 909 4772 Cassiani,
934 4723 1050 4775 cap.
1090 4707 1173 4762 ll.
1206 4708 1504 4763 Concilium
1536 4710 1829 4775 Nicaeuum,

247 4811 371 4850 cali.
389 4796 459 4849 20
479 4813 491 4848 :
510 4795 706 4857 Ἐπειδή
725 4800 856 4858 τινές
880 4801 1004 4853 εἰσιν
1032 4800 1079 4852 ἐν
1105 4808 1167 4872 τῇ
1188 4808 1411 4873 κυριακῇ
1430 4799 1547 4872 ’γόνυ
1566 4801 1829 4865 κλίνοντες,

248 4895 337 4946 καὶ
367 4892 416 4943 ἐν
444 4898 557 4951 ταῖς
582 4901 671 4951 τῆς
694 4899 1037 4952 Πεντηκοστῆς
1058 4893 1286 4961 ἡμέραις’
1314 4892 1445 4966 ὑπὲρ
1467 4900 1562 4945 τοῦ
1592 4894 1756 4947 πάντα
1782 4895 1833 4946 ἓν

250 4983 402 5054 πάσῃ
446 4984 683 5055 παροικίᾳ
724 4981 903 5051 ὁμοίως
940 4978 1276 5054 φυλάττεσθαι
1301 5022 1315 5045 ,
1393 4981 1619 5042 ἑστῶτας
1692 4980 1832 5047 ἔδοξε

258 5081 327 5147 τῇ
392 5072 514 5146 ἁγίᾳ
575 5072 770 5144 σινόδῳ
816 5076 913 5132 τὰς
976 5074 1139 5142 εὐλὰς
1192 5070 1487 5127 ἀποδιδόναι
1532 5080 1603 5143 τῷ
1647 5080 1757 5145 Θεῷ
1820 5087 1837 5126 :

264 5180 282 5211 ι
317 5165 579 5227 Quoniam
611 5175 735 5218 sunt
765 5164 980 5232 quidam
1012 5164 1097 5232 qui
1123 5163 1207 5217 die
1233 5163 1507 5217 Dominico
1550 5178 1721 5234 gentia
1746 5163 1838 5216 lle-

258 5265 434 5319 ctunt,
453 5267 505 5311 et
531 5258 581 5311 in
612 5257 801 5312 diebus
824 5258 1203 5323 l’entecostes;
1228 5268 1281 5312 ut
1304 5258 1478 5312 omnia
1505 5259 1752 5313 similiter
1784 5257 1838 5312 in

258 5350 411 5403 omni
453 5349 683 5418 parmcia
710 5359 1012 5415 serventur,
1047 5349 1213 5403 visum
1253 5360 1334 5405 est
1382 5359 1581 5405 sancta:
1612 5351 1841 5422 synodo,

253 5450 465 5497 stantes
492 5441 596 5496 Deo
623 5440 893 5496 orationes
927 5441 1258 5509 persolvere.
1297 5459 1314 5492 ι
1363 5441 1514 5506 Quod
1542 5441 1719 5511 ipsum
1747 5457 1835 5497 re-

253 5534 459 5604 petitur
487 5537 537 5589 in
559 5535 784 5589 concilio
806 5533 1203 5603 Carthaginensi
1226 5549 1296 5599 vt,
1321 5548 1442 5588 can.
1460 5532 1551 5587 20.
1583 5534 1645 5588 Et
1670 5535 1831 5590 habe-

255 5637 348 5683 tur
376 5641 495 5682 can.
522 5627 803 5696 Quoniam,
822 5627 896 5680 De
911 5640 1182 5687 conseer.,
1205 5625 1332 5680 dist.
1361 5625 1418 5679 5.
1450 5625 1834 5695 Tertullianus,

257 5718 343 5775 De
368 5733 562 5775 corona
583 5720 763 5781 inilit.,
788 5733 905 5785 cap.
936 5716 970 5771 5
1004 5735 1016 5771 :
1053 5734 1073 5770 t
1127 5717 1218 5773 Die
1260 5717 1537 5774 Dominico
1576 5719 1835 5787 jejunium

1936 4626 2159 4691 τηκοστῇ
2184 4617 2201 4686 )
2251 4619 2307 4671 οὐ
2348 4617 2569 4687 κ).ἱνομεν
2590 4617 2728 4688 γόνυ,
2754 4615 2925 4675 ἐπειδὴ
2948 4615 3248 4689 ἰσοδυναμεῖ
3267 4626 3329 4690 τῇ
3354 4620 3519 4696 ἡμέρᾳ

1937 4718 2029 4770 τῆς
2074 4718 2320 4785 Κνριακῆς
2344 4749 2359 4773 ν
2408 4705 2539 4764 γατά
2595 4714 2684 4767 τήν
2720 4709 2959 4780 ῥηθεῖσαν
2992 4712 3110 4783 περὶ
3151 4712 3305 4770 αὐτῆς
3332 4712 3516 4765 αἰτίαν.

1946 4823 1964 4855 ε
2000 4804 2241 4859 Genuum
2268 4818 2360 4869 per
2383 4817 2475 4857 sex
2502 4800 2615 4854 dies
2646 4801 2918 4855 inclinatio
2942 4841 2956 4863 ,
2988 4803 3286 4872 symbolum
3313 4812 3368 4858 et
3396 4812 3520 4857 nota
3570 4852 3579 4865 ,

1940 4908 2024 4951 est
2051 4897 2231 4964 lapsus
2262 4910 2357 4965 per
2391 4903 2608 4963 peccata
2640 4892 2825 4946 nostri.
2860 4892 3011 4958 Quod
3052 4908 3179 4947 vero
3209 4893 3294 4947 die
3342 4893 3521 4963 Demi-

1940 4990 2059 5044 nico
2084 5003 2253 5056 genua
2286 5001 2390 5040 non
2419 4984 2759 5046 inHeClitttus,
2792 4983 3001 5051 signum
3034 4991 3117 5037 est
3145 4990 3200 5036 et
3224 4983 3520 5053 designatio

1941 5077 2378 5142 resurrectionis,
2399 5091 2494 5145 per
2515 5090 2673 5143 quam
2695 5075 2863 5144 gratia
2886 5073 3108 5139 Christi,
3139 5084 3192 5129 et
3214 5091 3239 5127 a
3265 5076 3520 5145 peccatis,

1939 5184 1994 5227 et
2024 5187 2052 5224 a
2087 5168 2402 5224 mortiﬁcata
2431 5170 2481 5221 in
2513 5168 2592 5221 eis
2620 5175 2792 5223 morte
2818 5166 3025 5221 liberati
3069 5183 3271 5222 sumus.
3301 5169 3359 5224 In
3387 5168 3523 5225 Pcu-

1943 5273 2146 5318 tecoste
2176 5276 2349 5331 genua
2379 5276 2482 5313 non
2508 5259 2849 5321 inllectimus,
2875 5261 3125 5327 quoniam
3151 5260 3260 5329 pari
3286 5271 3369 5315 est
3395 5277 3518 5317 cum

1944 5354 2031 5409 die
2063 5352 2341 5407 Dominico
2383 5358 2663 5421 potestate,
2692 5350 2837 5418 juxta
2884 5363 3001 5404 eam
3049 5366 3170 5421 qua:
3214 5352 3285 5407 de
3325 5353 3411 5409 illa
3444 5364 3526 5409 est

1948 5445 2087 5499 dicta
2117 5457 2355 5496 causam.
2400 5459 2416 5490 ι

2026 5535 2092 5588 Et
2121 5532 2431 5602 profundius
2462 5531 2545 5584 hic
2565 5531 2739 5586 adhuc
2780 5534 3090 5605 mysterium
3118 5534 3403 5605 investigat
3425 5535 3529 5588 Ba-

1945 5625 2115 5687 silius,
2169 5622 2375 5694 1033
2439 5621 2572 5675 libro
2627 5621 2700 5678 De
2742 5623 2939 5692 Spiritu
2991 5634 3197 5691 sancto,
3249 5638 3366 5693 cap.
3412 5624 3521 5676 27:

1946 5716 2244 5787 Ἀναγκαῖον
2272 5709 2357 5768 οὖν
2387 5716 2484 5773 τὰς
2522 5714 2571 5768 ἐν
2612 5716 2737 5791 αὖτῇ
2785 5719 3093 5790 προσευχὰς
3131 5717 3358 5775 ἑστῶτας
3398 5716 3528 5771 ἄπο·
