4014 6368
460 367 561 425 ιει

1146 362 1621 424 ONOMASTICON
1660 359 1897 417 REllUM
1940 357 2028 413 ET
2069 355 2444 415 VERBORUM
2485 357 3014 418 DlFFIClLIORUM.

3634 357 3768 413 13?.

460 485 685 557 πληροῦν
703 485 820 543 τοὺς
848 480 1033 543 εαυτῆς
1046 483 1322 558 τροφίμους
1341 482 1371 539 ἠ
1391 477 1660 537 Ἐκκλησία
1684 474 1939 541 παιδεύει,
1959 474 2044 528 ἷνά
2072 472 2121 530 Α
2147 477 2246 525 τῶν
2272 472 2642 531 ’Δποστολικῶν
2671 473 2724 531 δὲ
2757 475 2956 550 χρόνων
2989 478 3018 534 ἠ
3057 475 3266 533 τοιαύτη
3305 478 3543 535 συνήθεια
3573 466 3767 534 me;

458 583 522 650 τῇ
543 583 766 645 συνεχεῖ
782 575 1068 643 ὑπομνήσει
1093 582 1183 635 τῆς
1231 573 1570 631 ἀτελευτήτου
1614 575 1746 635 ζωῆς
1785 576 1885 622 τῶν
1912 566 2044 642 πρὸς

458 676 551 729 τὴν
570 671 882 740 μετάστασιν
910 669 1093 725 εκείνην
1130 665 1330 736 ἐφοδίων
1356 671 1423 738 μὴ
1447 664 1729 736 ἁμελῶμεν.
1761 665 1849 715 Καί
1897 666 2046 715 πᾶσα

460 760 513 817 δί
537 764 567 821 ἠ
596 766 929 822 Πεντηκοστὴ.
952 768 1041 819 τῆς
1070 759 1117 811 ὶν
1144 766 1217 828 τῷ
1243 761 1384 813 αἰῶνι
1412 755 1856 832 προσδοκωμένης
1887 754 2046 806 ἀνασ-

458 855 651 913 τάσεὼς
673 852 809 907 ἔστιν
838 850 1127 920 ὑπόμνημα⁶
1177 850 1206 906 ri
1245 851 1345 922 γάρ
1394 853 1486 919 μία
1538 849 1691 903 εκείνη
1738 847 1821 898 καί
1868 844 2043 919 πρώτη

460 946 623 1020 ἡμέρα
649 942 859 1002 ἑπτάκις
888 941 1420 1006 έπταπλασιασθεῑσα,
1466 939 1559 997 τὰς
1605 939 1735 991 ἔπτά
1783 944 1874 997 τῆς
1904 935 2045 1008 ίερὰς

454 1042 800 1093 ῃεντηκοστῆς
824 1029 1110 1101 έξδομάδας
1131 1032 1384 1086 ἀποτελεῖ.
1411 1029 1492 1082 Ἐκ
1516 1031 1724 1102 πρώτης
1750 1030 1848 1101 γὰρ
1878 1028 2046 1099 ἀρχο-

461 1130 575 1201 μένη
600 1133 671 1188 εἰς
692 1133 783 1185 τὴν
811 1130 981 1204 ἀρχὴν
1006 1126 1295 1198 καταλήγει.
1324 1123 1584 1189 δι’ὁνοίων
1612 1129 1711 1176 τῶν
1741 1123 1787 1174 ἐν
1805 1128 1876 1190 τῷ
1903 1122 2044 1190 μέσῳ

459 1221 794 1292 ἔξελιττομένη
821 1221 1230 1279 πεντηκοντάκιν
1276 1215 1354 1273 διὸ
1400 1220 1483 1270 καί
1523 1219 1680 1270 αἰῶνα
1706 1220 1934 1286 μιμεῖται

459 1311 734 1383 ὁμοιότητι.
761 1314 936 1387 ὥσπερ
970 1313 1015 1364 ἐν
1047 1311 1250 1382 κυκλικῇ
1274 1316 1480 1371 κινήσει,
1514 1308 1614 1361 ἀπὸ
1634 1313 1733 1361 τῶν
1764 1307 1931 1360 αὐτῶν
1961 1307 2045 1380 ἀρ-

459 1405 649 1473 χομένη
680 1405 924 1472 σημείων,
959 1405 1041 1456 καί
1062 1406 1132 1461 εἰς
1159 1402 1223 1453 τὰ
1245 1400 1375 1453 αὐτά
1397 1397 1765 1469 καταλήγουσα.
1792 1392 1867 1449 Ἐν
1987 1396 2043 1450 τὸ

457 1491 619 1568 ὄρθιον
677 1503 866 1563 σχῆμα
913 1500 1005 1554 τῆς
1054 1498 1363 1568 προσευχῆς
1388 1494 1638 1563 προτιμᾲν
1668 1487 1713 1540 οί
1749 1489 1925 1557 θεσμοὶ
1952 1493 2043 1545 τῆς

454 1585 744 1647 Ἐκκλησίας
773 1589 907 1655 ἡμᾶς
937 1583 1323 1650 ἑξεπαίδευσαν,
1367 1582 1418 1634 ἐκ
1443 1590 1533 1639 τῆς
1554 1578 1792 1655 ἐναργοῦς
1816 1580 2044 1649 ὑπομνή-

455 1699 607 1741 σεως,
639 1679 788 1732 οἰονεί
808 1679 1175 1747 μετοικίζοντες
1201 1677 1339 1743 ἡμῶν
1359 1675 1446 1728 τὸν
1470 1677 1584 1725 νοῦν
1607 1672 1705 1725 ἀπὸ
1726 1679 1823 1726 τῶν
1857 1670 2045 1743 παρὸν-

446 1792 556 1825 των
575 1770 741 1823 ἰπίτὰ
768 1771 1029 1839 μέλλοντα.
1074 1769 1165 1821 Καί
1214 1765 1323 1819 καθ’
1372 1765 1589 1821 ἑκάστην
1631 1761 1685 1816 δί
1720 1763 2044 1833 γονυκλισίαν

2145 566 2233 620 τήν
2260 564 2454 639 ἀρχὴν,
2478 567 2639 626 inﬁdi;
2660 589 2804 639 φησιν
2851 567 2876 621 ὁ
2906 568 3152 642 μακάριος
3179 570 3444 642 Εἰρηναῖος
3475 569 3501 624 ὁ
3527 574 3769 643 μάρτυς

2144 659 2230 712 καί
2251 654 2529 719 ἐπίσκοπος
2554 658 2892 730 Λουγδούνου,
2919 663 2969 714 ἰν
2989 668 3061 731 τῷ
3086 663 3204 732 περί
3228 667 3318 715 τοῦ
3339 662 3533 732 Πάσχα
3553 663 3715 734 λόγῳ
3744 676 3764 715 ζ

2150 764 2170 797 ι
2207 748 2249 800 Α
2281 748 2607 816 temporibus
2639 760 2816 803 autem
2849 750 3207 816 apostolorum
3247 753 3578 805 consuetudo
3616 752 3768 807 talis

2144 840 2348 908 accepit
2399 841 2640 907 initium,
2697 853 2848 909 prout
2904 843 2978 896 ait
3024 840 3208 896 beatus
3237 842 3487 910 Irenaeus,
3520 852 3767 911 martyr

2144 939 2200 984 et
2230 930 2515 1000 episcopus
2543 931 2932 1000 Lugdunensis,
2993 932 3043 985 in
3082 932 3215 985 libro
3268 932 3342 986 De
3389 931 3690 987 Paschate.
3734 950 3759 983 ο

2219 1021 2372 1089 Quod
2407 1040 2533 1079 vero
2558 1024 2774 1088 Paulus,
2804 1027 2923 1079 Act.
2953 1040 3045 1089 xx,
3078 1024 3267 1093 legitur
3295 1026 3476 1094 positis
3498 1025 3768 1095 genibus

2149 1126 2333 1167 orasse
2358 1121 2598 1181 tempore
2631 1114 2770 1168 inter
2810 1114 3009 1168 Pascha
3039 1122 3094 1168 et
3124 1114 3496 1183 Pentecosten,
3555 1115 3767 1169 Baro-

2146 1202 2287 1269 nius,
2324 1216 2467 1260 tomo
2491 1206 2532 1273 l,
2551 1221 2691 1259 anno
2714 1205 2912 1260 Christi
2941 1206 3035 1272 58,
3056 1207 3324 1262 existimat
3346 1210 3573 1265 nondum
3610 1219 3769 1265 tunc

2145 1295 2433 1350 lnvaluisse
2461 1312 2577 1351 eam
2606 1296 2673 1352 de
2699 1297 2956 1366 geniculis
2978 1315 3083 1353 non
3107 1300 3363 1355 adorandi
3386 1316 3449 1355 eo
3479 1308 3585 1357 tem
3597 1317 3765 1370 pore

2146 1389 2613 1453 c0iisut-tudinem,
2656 1391 2748 1443 sed
2806 1391 2966 1459 paulo
3006 1402 3144 1459 post.
3176 1392 3402 1449 Lorinus
3440 1405 3637 1450 naster
3694 1395 3764 1448 in

2147 1494 2270 1533 eum
2327 1481 2498 1535 locum
2554 1482 2624 1534 nil
2656 1481 2874 1536 obstare
2916 1483 3183 1537 existimat
3222 1484 3419 1537 dictum
3449 1500 3514 1538 eo
3561 1484 3761 1538 etiam

2146 1585 2389 1639 tempore
2410 1573 2566 1626 ritum
2592 1572 2704 1642 jam
2738 1585 3010 1641 receptum
3043 1574 3223 1639 fuisse,
3259 1586 3633 1632 verumtamen
3704 1576 3770 1630 in

2148 1665 2372 1734 publicis
2396 1665 2830 1732 solemnibusque
2850 1665 3115 1734 precibus,
3143 1668 3327 1735 quales
3352 1684 3455 1721 non
3477 1668 3771 1724 videntur

2147 1759 2311 1814 fuisse
2341 1774 2459 1828 quis
2490 1757 2621 1812 fusae
2645 1766 2772 1812 sunt
2802 1759 2853 1812 in
2884 1759 3057 1813 littore
3084 1759 3229 1828 Tyri.

457 1862 543 1915 καί
569 1858 896 1915 διαναστασιν
913 1857 1042 1935 ἴργῳ
1063 1858 1341 1928 δείκνυμεν,
1360 1853 1438 1910 ὅτι
1467 1854 1549 1910 διὰ
1577 1863 1666 1914 τῆς
1690 1855 1944 1925 ἁμαρτίας
1967 1855 2038 1912 εἰς

2212 1850 2382 1919 Quam
2443 1850 2615 1907 sancti
2686 1852 2901 1922 quidam
2971 1854 3394 1922 genuﬂexionem
3473 1854 3770 1925 frequen-

448 1958 547 2024 γῆν
567 1971 687 2005 κατε
694 1950 938 2022 ῥρύημιν,
961 1952 1043 2003 καί
1063 1946 1146 2003 διὰ
1160 1956 1249 2007 τῆς
1270 1946 1640 2021 φιλανθρωπίας
1663 1950 1753 1998 τοῦ
1774 1946 2041 2001 κτίσαντος

451 2044 614 2113 ἡμᾶς,
643 2044 711 2102 εἰς
733 2042 938 2116 οὐρανὸν
965 2041 1312 2109 ἀνεκλήθημεν.
1351 2057 1368 2090 (
1401 2035 1771 2091 Necessarium
1804 2035 1961 2105 igitur
1986 2032 2040 2089 in

460 2133 565 2187 hoc
607 2134 693 2187 die
723 2134 964 2188 Ecclesia
997 2148 1121 2187 suos
1150 2133 1395 2186 alumnos
1424 2130 1580 2185 docet
1609 2137 1811 2183 stantes
1855 2128 2038 2182 absol-

458 2240 589 2281 vere
619 2241 806 2295 preces
842 2241 989 2290 suas,
1035 2234 1092 2279 ut
1135 2223 1348 2278 assidua
1379 2221 1798 2278 commonitione
1826 2222 1948 2273 vita:
1979 2218 2045 2274 il-

460 2317 563 2372 lius
587 2334 854 2385 nunquam
886 2319 1138 2373 desitum:
1163 2358 1178 2382 ,
1210 2332 1313 2369 non
1347 2315 1672 2383 negligamus
1698 2312 1761 2364 ad
1801 2326 1917 2365 eam
1947 2310 2042 2365 de-

458 2415 836 2486 migrationem
871 2428 1057 2481 parare
1083 2410 1358 2465 viaticum.
1389 2407 1525 2474 Quir.
1549 2416 1599 2461 et
1631 2416 1797 2461 totum
1832 2414 2043 2473 tempus

460 2520 639 2575 usque
676 2504 742 2558 ad
773 2505 1143 2561 Pentecosten,
1172 2500 1465 2554 admonitio
1493 2506 1577 2554 est
1608 2496 2041 2561 resurrectionis,

455 2610 619 2666 quam
660 2595 712 2650 in
765 2594 857 2649 illo
904 2594 1101 2648 sacculo
1124 2599 1531 2660 exspectamus;
1567 2603 1687 2641 nam
1718 2603 1856 2641 unus
1876 2587 1964 2641 ille
1992 2596 2047 2643 et

461 2686 671 2755 primus
692 2686 810 2741 dies
840 2687 1040 2753 septies
1061 2682 1461 2751 multiplicatus,
1483 2690 1686 2748 septem
1712 2693 1880 2733 sacrm
1909 2678 2047 2733 Pen-

461 2785 697 2831 tecostes
749 2774 1111 2830 hebdomadas
1155 2771 1407 2826 absolvit.
1453 2773 1493 2825 A
1531 2771 1705 2840 primo
1735 2770 1877 2825 enim
1918 2768 2047 2822 inci-

460 2871 613 2940 piens
636 2871 687 2924 in
720 2868 1037 2939 principium
1060 2867 1278 2934 desinit,
1318 2880 1413 2936 per
1440 2865 1641 2919 similes
1664 2863 1753 2934 qui
1785 2862 1837 2917 in
1866 2861 2044 2916 medio

456 2960 799 3018 intercedunt
827 2960 943 3013 dies
971 2960 1321 3029 quinquagies
1347 2957 1611 3012 evolutus.
1640 2955 1791 3011 Unde
1812 2962 1865 3008 et
1887 2962 2023 3007 aiter.

460 3053 682 3109 nitatem
728 3050 1078 3106 similitudine
1116 3048 1300 3115 refert,
1329 3047 1455 3103 dum
1488 3048 1635 3102 velut
1666 3047 1718 3101 in
1762 3056 1910 3100 motu
1937 3043 2048 3099 clr-

452 3144 623 3200 vculari
655 3144 721 3198 ab
750 3142 939 3198 iisdem
970 3156 1124 3196 orsus
1164 3140 1331 3211 signis
1379 3138 1432 3193 in
1475 3137 1664 3193 eadem
1717 3135 1941 3191 desinit.
1990 3132 2048 3189 ln

2140 1945 2335 2007 tarint,
2390 1953 2602 1999 constat
2644 1941 2726 1998 vel
2776 1958 2842 1998 ex
2891 1943 3087 1998 tabulis
3148 1944 3445 2009 excavatis,
3523 1946 3615 2001 vel
3686 1961 3773 2003 ex

2142 2036 2389 2106 gentibus
2420 2034 2701 2089 induratis.
2743 2033 2817 2089 De
2845 2032 3019 2089 tabula
3046 2048 3125 2095 ,ex
3156 2034 3545 2104 geniculatione
3569 2051 3771 2091 exca-

2144 2137 2292 2196 vata,
2326 2126 2489 2181 habes
2516 2125 2656 2196 apud
2686 2124 2948 2181 Joannem
2980 2126 3275 2193 Moschum,
3310 2127 3447 2182 Prati
3477 2130 3771 2197 spiritua-

2144 2220 2212 2274 lis
2245 2220 2417 2288 capite
2449 2217 2572 2274 185.
2627 2219 2703 2275 De
2743 2219 2912 2274 sancti
2960 2218 3141 2274 Jacobi
3174 2219 3415 2290 gentibus
3445 2220 3769 2288 induratis,

2147 2312 2529 2385 Hieronymus,
2567 2311 2641 2367 De
2670 2311 2799 2366 viris
2823 2312 3011 2379 illust.,
3034 2326 3153 2380 cap.
3178 2311 3214 2364 2
3244 2328 3257 2365 :
3311 2330 3329 2363 ι
3370 2311 3546 2367 Flexis
3569 2317 3769 2381 geni—

2153 2407 2254 2462 bus
2283 2423 2378 2477 pro
2409 2406 2604 2477 p0pulo
2625 2406 3032 2476 deprecabatur,
3072 2403 3126 2458 in
3150 2413 3374 2470 tantum,
3411 2417 3465 2459 ut
3492 2405 3773 2459 camelo-

2152 2515 2268 2554 rum
2323 2499 2574 2554 duritiem
2634 2496 2865 2551 traxisse
2909 2495 3025 2565 ejus
3078 2512 3247 2565 genua
3300 2499 3691 2551 crederentur.
3736 2516 3767 2550 ο

2151 2592 2318 2656 Idem,
2342 2593 2499 2659 epist.
2530 2590 2618 2659 l5,
2643 2589 2710 2643 ad
2742 2588 3071 2653 Marcellam,
3107 2587 3179 2643 De
3211 2588 3454 2643 laudibus
3490 2590 3718 2644 Asella
3750 2608 3769 2643 :

2154 2701 2173 2736 ι
2205 2684 2370 2754 Cujus
2400 2683 2567 2738 oculis
2590 2682 2813 2737 durities
2839 2681 2905 2736 de
2934 2679 3160 2750 genibus
3187 2681 3507 2735 camelorum
3540 2681 3592 2733 in
3650 2681 3774 2736 illo

2149 2787 2335 2831 sancto
2357 2776 2682 2845 corpusculo
2730 2788 2840 2844 prae,
2868 2771 3055 2828 orandi
3087 2772 3380 2842 frequentia
3410 2772 3775 2831 obcalluisse

2151 2878 2434 2939 perspecta
2460 2877 2561 2922 est.
2601 2887 2617 2920 ι

2221 2961 2520 3016 ϐηυτΑιιιΑ.
2557 2958 2778 3013 Palladii
2804 2958 3082 3024 Lausiaca,
3134 2973 3198 3015 ex
3234 2958 3393 3013 veteri
3416 2956 3772 3025 interprete,

2156 3066 2274 3121 sap.
2304 3051 2358 3116 9,
2385 3052 2452 3105 de
2480 3051 2711 3105 Macario
2729 3049 3089 3105 Alexandrino
3114 3066 3128 3102 :
3160 3066 3181 3099 ι
3220 3048 3365 3104 Alius
3397 3062 3520 3102 vero
3544 3060 3775 3119 grata-

2152 3142 2229 3196 ria
2258 3141 2515 3197 vendens.
2558 3161 2578 3195 ι
2615 3140 2943 3205 Heraclides,
2974 3155 3096 3211 cap.
3138 3139 3191 3206 6,
3223 3139 3567 3208 simpliciter:
3592 3156 3617 3189 ε
3653 3155 3775 3194 ue-

461 3250 571 3304 quo
599 3237 844 3305 corporis
875 3242 1059 3287 erecto
1089 3231 1269 3286 habitu
1304 3228 1509 3298 precari
1532 3230 1707 3299 potius
1738 3244 1835 3283 uos
1860 3227 2047 3282 Ecclc-
2073 3220 2126 3286 C
2157 3238 2387 3307 gotiator
2415 3244 2550 3293 erat.
2590 3254 2609 3289 ι
2649 3234 2746 3290 Ubi
2780 3242 2956 3288 tamen
2977 3232 3105 3287 Mss.
3138 3232 3374 3286 addunt:
3408 3248 3428 3282 ι
3456 3229 3547 3300 qui
3578 3244 3775 3299 poma

460 3326 560 3379 sia:
589 3325 721 3379 ritus
741 3323 1062 3387 docuerunt,
1080 3322 1329 3375 nimirum
1357 3336 1450 3390 per
1476 3321 1779 3375 evidentem
1803 3334 2049 3374 commo-

462 3417 729 3472 nitionem
759 3413 911 3485 quasi
935 3414 1319 3470 transferentes
1346 3423 1578 3468 mentem
1607 3424 1841 3467 nostram
1866 3428 1891 3464 a
1916 3428 2054 3481 pra:-

466 3510 709 3565 sentibus
730 3507 795 3563 ad
829 3507 1026 3562 futura.
1058 3507 1278 3575 Insuper
1317 3515 1370 3560 et
1411 3505 1617 3574 quoties
1664 3520 1837 3573 genua
1884 3503 2054 3559 flecti-

458 3616 583 3659 mus
616 3644 630 3668 ,
676 3609 732 3657 et
768 3615 954 3656 rursus
986 3599 1245 3670 erigimur
1269 3641 1284 3664 ,
1318 3597 1435 3666 ipso
1473 3598 1613 3652 facto
1662 3597 1995 3651 ostendimus
2030 3637 2046 3663 ,

458 3696 606 3766 quod
623 3693 692 3749 ob
708 3701 982 3764 peccatum
1010 3691 1062 3745 in
1093 3701 1287 3745 terram
1312 3688 1511 3758 delapsi
1542 3703 1743 3752 smnus,
1768 3696 1821 3743 et
1850 3702 1942 3756 per
1966 3686 2055 3741 hu-

462 3788 779 3844 manitatem
804 3787 919 3855 ejus
948 3786 1036 3854 qui
1067 3783 1415 3847 creavitnos,
1463 3783 1515 3836 in
1566 3782 1760 3836 cmlum
1822 3780 2052 3834 revocati

463 3894 667 3934 sumus.
685 3897 704 3931 ι
729 3879 859 3945 Qum
883 3877 1070 3932 eadem
1093 3877 1318 3945 repetita
1347 3874 1513 3929 habes
1543 3873 1681 3943 apud
1710 3874 2050 3927 Anastasium

462 3969 763 4032 Mannum,
790 3969 991 4037 Quaest.
1026 3971 1076 4023 iu
1103 3984 1309 4023 sacram
1342 3967 1700 4036 Scripturam,
1724 3984 1781 4037 q.
1816 3968 1905 4022 91.
1932 3963 2055 4020 Ger-

468 4075 680 4125 manus,
714 4061 1016 4128 patriarcha
1046 4060 1484 4126 (Σοιιειςιιιιῑυορ.⁵
1514 4059 1566 4111 iu
1593 4057 1824 4112 Tlteoria
1870 4073 2047 4111 rerum

470 4149 969 4205 Ecclesiasticarum
1010 4167 1024 4203 :
1058 4151 1125 4203 Τὸ
1172 4156 1241 4221 μὴ
1268 4152 1440 4204 κλίνειν
1472 4151 1591 4223 γὸνυ
1633 4158 1693 4223 τῇ
1723 4152 2055 4219 ἀναστασίμῳ

466 4241 633 4315 ἣμερα
657 4249 747 4300 τῆς
770 4240 917 4312 ἁγίας
934 4248 1201 4315 Κυριακῆς,
1221 4244 1450 4312 σημαίνει
1472 4245 1559 4299 τήν
1579 4242 2057 4300 τῆςκαταπτὼσεως

464 4336 611 4407 ἡμῶν
638 4334 908 4409 ἆνὸρθωσιν
922 4337 1203 4405 γενομένην,
1219 4331 1301 4387 διὰ
1323 4342 1410 4393 τῆς
1430 4337 1701 4407 τριημέρον
1721 4339 1813 4388 τοῦ
1830 4338 2054 4405 Χριστοῦ

464 4427 817 4485 ἀναστάσεως·
840 4426 897 4479 τὸ
924 4425 977 4479 δὲ
998 4426 1163 4500 μέχρι
1184 4434 1274 4485 τῆς
1304 4436 1646 4486 Πεντηκοστῆς
1678 4431 1747 4497 μή
1778 4426 1951 4479 κλίνειν
1971 4426 2056 4499 ’γό-

464 4537 551 4581 w,
577 4514 693 4571 ἔστι
720 4517 817 4577 τὰς
841 4516 973 4572 ἔπτά
1002 4518 1191 4591 ἡμέρας
1212 4519 1342 4588 μετά
1374 4519 1430 4573 τὸ
1462 4517 1604 4590 ἅγιον
1660 4519 1851 4589 Πάσχα
1898 4517 2059 4572 ἕπτα-

2153 3328 2237 3382 vel
2267 3327 2554 3397 legumina,
2584 3339 2857 3393 nucesque
2887 3323 3173 3379 vendebat.
3206 3340 3225 3373 ε
3263 3319 3527 3375 Palladius
3550 3334 3622 3374 ex
3657 3320 3769 3376 in-

2152 3420 2535 3491 terpretatione
2585 3417 2819 3484 llerveti,
2879 3433 2899 3467 ι
2948 3416 3038 3485 qui
3094 3414 3356 3468 vendebat
3406 3414 3672 3469 bellaria.
3740 3432 3767 3467 ι

2157 3513 2344 3568 Graece
2372 3521 2475 3578 est,
2515 3515 2843 3587 τραγήματα.
2892 3507 3053 3563 Forte
3078 3507 3219 3567 alius
3267 3515 3437 3560 textus
3466 3505 3773 3575 habuerit,

2158 3613 2386 3684 γροῦττα
2401 3607 2479 3660 vel
2493 3613 2679 3679 γρῦτα,
2696 3603 2837 3658 ttnde
2862 3612 3016 3657 vetus
3041 3602 3302 3670 interpres
3316 3600 3533 3655 Palladii
3561 3612 3777 3672 gruta—
3842 3658 3847 3661 λ

2160 3702 2237 3753 ria
2262 3700 2468 3754 fecerit.
2502 3697 2648 3752 Facit
2674 3696 2778 3751 huc
2800 3696 2941 3766 quod
2973 3695 3171 3749 habent
3194 3694 3397 3748 Glossa:
3422 3692 3775 3752 (Irascebat-

2157 3791 2295 3845 barze
2312 3808 2324 3842 :
2341 3790 2662 3862 ’Λναγηστίς,
2676 3790 2833 3860 μάζα,
2850 3786 3093 3858 σῖημηδία,
3109 3784 3774 3863 γροῦτα,παννάδα.1ιεω;

2168 3884 2293 3940 Ἰδέα
2334 3882 2621 3955 σημηδίας,
2658 3881 2688 3941 ἦ
2723 3882 2965 3957 γρου-τας.
3011 3877 3243 3934 Lexicon
3274 3877 3726 3947 Latinugraecum
3753 3896 3775 3935 :

2164 3976 2368 4042 Cresia,
2401 3981 2588 4050 αγρῦτα.
2617 3974 2671 4026 In
2723 3973 2914 4027 Lexico
2946 3964 3298 4025 Grzccolutino
3335 3970 3520 4037 babes,
3546 3973 3771 4045 Γρύτη,

2160 4078 2352 4122 scruta.
2387 4067 2503 4134 Quo
2537 4066 2681 4129 facit,
2715 4064 2855 4134 quod
2888 4063 3043 4116 habet
3071 4061 3365 4133 Hesychius
3388 4060 3438 4114 in
3459 4064 3777 4138 Γρυμναίᾳ,

2158 4156 2244 4226 qui
2290 4159 2451 4212 λεπτὰ
2483 4158 2732 4228 σκευάρια
2763 4157 2833 4206 ait
2863 4155 3049 4230 γρύτην
3100 4152 3264 4217 dicta,
3320 4150 3455 4221 ppud
3500 4166 3680 4219 quem
3714 4160 3779 4207 et

2157 4252 2369 4327 Γρύται,
2413 4251 2595 4308 σκεύη.
2628 4248 2777 4312 Item,
2800 4248 3138 4321 Γρυτεύεται,
3159 4246 3639 4318 παρασκευάζεται.

2233 4340 2544 4395 llsaoouott.
2586 4339 2713 4393 Vide
2738 4339 3036 4393 SEPTIMUM.

2233 4431 2657 4486 llsaonummu.
2691 4429 2817 4483 Vide
2842 4428 3243 4483 SEPTIMANARII.

2237 4521 2631 4575 llEMIPIIOBIUM.
2663 4519 2954 4585 Palladius,
2985 4534 3102 4585 cap.
3140 4517 3263 4581 H9,
3308 4515 3374 4568 de
3407 4513 3635 4568 Melania
3668 4516 3780 4585 ju-

466 4608 754 4680 πλουμένας
794 4617 990 4684 κρατεῖν
1034 4618 1096 4685 τῇ
1152 4608 1510 4683 διακινησίμῳ·
1567 4613 1624 4666 τὸ
1653 4612 1856 4672 ἑπτάκις
1903 4611 2050 4676 ἔπτὰ,

2166 4614 2335 4680 niore,
2370 4608 3152 4680 exinterpretationellerveti:
3183 4625 3203 4659 ι
3239 4605 3429 4660 Omnia
3451 4619 3543 4657 sua
3573 4607 3781 4661 serica

464 4704 1006 4777 ασσαρακωταεννέα,
1050 4705 1131 4756 καί
1175 4704 1205 4760 ἡ
1246 4707 1466 4778 Κυριακή
1489 4709 1817 4761 πεντήκοντα.
1851 4720 1868 4751 t
1906 4701 2058 4755 Genu

469 4808 580 4849 non
630 4793 847 4849 flectere
889 4803 1075 4848 sancto
1128 4794 1215 4847 die
1262 4794 1539 4848 Dominico
1591 4792 2003 4847 resurrectionis
2033 4834 2050 4862 ,

469 4884 739 4955 significat
765 4888 1005 4955 lapsuum
1048 4896 1355 4940 nostrorum
1383 4886 1710 4940 erectionem
1747 4886 1937 4939 factam
1969 4900 2063 4955 per

471 4976 776 5031 triduanam
798 4976 995 5031 Christi
1021 4977 1494 5031 resurrectionem.
1528 4977 1641 5030 Non
1673 4976 1889 5031 ﬂectere
1920 4992 2058 5046 genu

470 5065 546 5120 ad
578 5065 929 5121 Pentecosten
958 5080 1147 5135 usque,
1178 5074 1262 5119 est
1285 5078 1491 5135 septem
1516 5067 1631 5120 dies
1660 5076 1779 5133 post
1810 5076 2055 5119 sanctum

478 5155 686 5212 Pascha
718 5158 770 5211 in
800 5167 1003 5225 septem
1036 5156 1419 5225 multiplicatos
1467 5155 1736 5210 contineri
1764 5157 1853 5209 die
1882 5156 2059 5209 Pente-

472 5257 677 5306 costes.
707 5250 837 5305 Nam
863 5250 1062 5319 septies
1090 5260 1297 5317 septem
1347 5248 1699 5319 quadraginta
1749 5262 1963 5312 novem,
2006 5255 2062 5300 et

480 5340 762 5398 Dominico
788 5342 971 5395 addito
994 5341 1392 5411 quinquaginta.
1434 5357 1452 5392 ι
1491 5338 1625 5393 Vide
1664 5347 1717 5392 et
1757 5335 1929 5391 Ofﬁcii
1976 5351 2063 5391 ec-

480 5433 769 5489 clesiastici
798 5434 1107 5502 scriptores,
1135 5433 1416 5496 lsidorum,
1450 5430 1543 5485 lib.
1573 5430 1791 5492 nume,
1826 5444 1944 5497 cap.
1969 5427 2059 5495 55;

480 5524 931 5589 RhabanumJib.
956 5540 991 5578 ιι
1016 5526 1089 5578 De
1118 5525 1345 5578 institut.
1370 5524 1578 5588 cleric.,
1597 5520 1713 5593 c'ap.
1732 5519 1800 5574 44
1830 5531 1883 5577 et
1907 5522 2064 5588 alios;

484 5619 616 5676 item
635 5615 1121 5685 Turrecrematam,
1138 5615 1190 5669 in
1215 5616 1385 5670 locum
1404 5616 1608 5672 Decreti
1634 5630 1794 5684 supra
1821 5615 2064 5669 citatum.

560 5728 722 5800 Origo
737 5729 895 5800 hujus
921 5728 998 5783 rei
1019 5743 1111 5784 seu
1127 5727 1433 5782 mutationis
1453 5728 1516 5782 ad
1533 5727 1822 5798 apostolica
1841 5728 2072 5782 refertur

502 5831 769 5891 tempora,
800 5824 937 5893 apud
954 5820 1247 5885 Justinum,
1271 5836 1324 5888 q.
1358 5817 1478 5886 115,
1495 5819 1558 5877 ad
1585 5820 1925 5876 Ortbodoxos
1952 5837 1963 5872 :
1991 5823 2076 5873 Ἐκ

2134 5111 2139 5115 «
2168 5079 2350 5122 contra
2378 5068 2762 5132 Ariomauitas,
2793 5067 2860 5121 de
2888 5066 3010 5119 Ario
3042 5084 3054 5119 ε

2164 4702 2618 4772 superltutuet'alia
2651 4706 2950 4765 tegumenta
2975 4699 3123 4752 dedit
3148 4697 3426 4751 altaribus.
3456 4717 3473 4748 ι
3508 4696 3563 4748 lu
3598 4693 3779 4752 Grc-

2165 4810 2230 4851 co
2285 4805 2367 4849 est
2410 4811 2423 4849 :
2465 4797 2630 4850 Πάντα
2652 4795 2809 4853 αὐτῆς
2837 4796 2902 4848 τά
2943 4794 3126 4867 σηρικὰ
3162 4792 3398 4869 ὀμιῖόρια
3436 4791 3781 4862 καλύμματι

2165 4897 2269 4947 τοῖς
2292 4890 2671 4961 Gnatam-rapiet;
2694 4883 3006 4960 ἐδωρήσατο.
3040 4902 3058 4935 ι
3086 4882 3275 4937 Omnia
3306 4898 3396 4935 sua
3428 4896 3595 4935 serica
3660 4882 3783 4936 he-

2167 4978 2427 5046 niiphoria
2483 4977 2708 5030 amicula
2763 4975 3018 5029 altaribus
3068 4975 3236 5028 dedit.
3294 4992 3313 5026 ε
3369 4972 3714 5041 Epiphanius
3751 5020 3770 5041 ,

3089 5067 3365 5141 Ἠμιφόριον
3389 5066 3465 5118 ἀεί
3492 5066 3575 5120 καί
3603 5066 3770 5120 7010-

2168 5163 2326 5219 ϐίωνα
2349 5160 2775 5233 ἕνδιδυσκόμενος,
2801 5161 2988 5232 γλυκὺς
3009 5156 3067 5219 ἧν
3087 5161 3498 5233 τῂπροσηγορία.
3527 5174 3546 5207 ι
3585 5159 3780 5214 Arius

2176 5255 2570 5325 bemiphorium
2599 5264 2652 5308 et
2680 5254 2941 5309 colobium
2962 5254 3194 5318 indutus,
3222 5252 3275 5306 itt
3294 5250 3572 5318 colloquiis
3593 5247 3781 5304 blan-

2170 5346 2271 5401 dus
2300 5355 2435 5399 erat.
2467 5362 2485 5396 ι
2522 5346 2783 5415 llesychio
2804 5346 3089 5418 ήμιφάριον,
3140 5345 3299 5414 ἥμισυ
3327 5343 3549 5413 ἱματίου,
3582 5339 3782 5393 hemi-

2174 5438 2434 5509 pharium,
2463 5437 2736 5490 dimidium
2760 5438 2929 5498 uestis,
2960 5449 3074 5498 seu,
3100 5435 3366 5486 dimidiata
3396 5431 3562 5485 restis.
3595 5428 3785 5486 Vide-

2173 5544 2259 5589 tur
2287 5535 2547 5589 llervetus
2586 5531 2636 5585 in
2670 5529 2905 5584 Palladio
2960 5529 3155 5598 legisse
3202 5527 3480 5600 ὠμοφόρια,
3534 5532 3783 5580 vertens

2174 5625 2636 5696 superhuiitcralia.
2670 5621 2774 5676 Sed
2807 5636 2927 5674 cum
2958 5618 3326 5687 Itemipltorium
3360 5618 3514 5671 luerit
3545 5624 3783 5672 tantum

2176 5722 2449 5778 dimidiata
2466 5720 2649 5784 vestis,
2673 5717 2808 5772 forte
2842 5726 3042 5771 tantum
3061 5722 3221 5782 caput
3244 5720 3298 5765 et
3320 5710 3591 5781 paululum
3617 5710 3783 5770 ultra

2180 5816 2433 5871 humeros
2447 5812 2593 5869 texit.
2620 5811 2685 5868 Et
2700 5824 2765 5866 eo
2782 5823 2941 5865 sensu
2957 5804 3113 5863 etiam
3130 5804 3409 5874 ὠμοφὸριον
3428 5800 3532 5856 dici
3548 5810 3781 5869 posset.
