4014 6368
262 342 379 400 453

940 342 1421 402 ONOMASTICON
1465 343 1709 402 DERUM
1750 341 1838 399 ET
1879 340 2262 399 VERBORUM
2303 340 2831 399 DiFFIClLIORUM.

3429 342 3538 400 ιδι

342 456 747 513 Ηιιιῐτιιηιιι.
777 454 913 510 Vita:
937 454 1225 510 llilarionis
1255 472 1382 511 num
1410 437 1476 512 11
1500 472 1514 510 :
1553 474 1573 509 ι
1606 457 1853 511 Hemitri-
1881 459 1925 519 Α
1959 457 2176 525 piebant
2196 456 2392 512 calices
2420 474 2539 514 cum
2572 458 2869 513 reverentia
2894 466 2947 513 et
2973 456 3334 516 taciturnitate
3355 500 3370 526 ,
3431 474 3534 516 nec

257 556 369 602 uno
401 547 598 613 pariter
632 547 827 614 arrepti
852 561 1084 602 omnesa
1115 546 1338 602 medicis
1358 546 1625 617 desperati
1654 556 1797 602 sunt.
1820 565 1839 600 ι

263 638 369 691 Est
397 637 761 693 semitertiana
794 638 979 694 febris.
1008 640 1121 694 Vox
1141 638 1678 715 ϐιωςνιιμιτριταῖος
1698 654 1844 694 usur-

254 738 390 798 pata
418 728 643 783 Latinis.
672 729 946 796 Martialis,
981 731 1074 786 lib.
1108 747 1168 796 tt,
1202 733 1341 802 epig.
1366 730 1473 799 40:

360 843 443 893 Uti
468 842 722 907 Tongilius
744 845 869 894 male
892 845 1071 895 dicitur
1094 846 1411 897 hemitritmo.

255 922 432 988 Idem,
466 928 560 985 lib.
586 943 662 991 tv,
692 929 858 998 epigr.
886 926 949 981 81
981 945 994 981 :

357 1017 616 1068 Declamas
637 1031 792 1081 aeger,
818 1018 1063 1068 declamas
1085 1019 1434 1070 hemitritaeos.

257 1098 439 1165 Idem,
477 1102 568 1155 lib.
598 1116 691 1167 ιιι,
725 1103 896 1169 epigr.
920 1102 988 1154 92
1020 1120 1033 1155 :

355 1191 444 1242 Cui
471 1194 635 1254 gravis
659 1199 710 1243 et
736 1192 939 1243 fervens
958 1193 1284 1246 hemitritreus
1307 1202 1430 1246 erat.

252 1278 473 1349 Celsus,
500 1283 594 1337 lib.
623 1299 704 1349 ιιι,
731 1299 849 1352 cap.
881 1285 935 1339 5.
970 1285 1121 1350 ltem,
1150 1300 1268 1354 cap.
1301 1285 1334 1338 8
1365 1302 1379 1338 :
1414 1302 1433 1338 ι
1471 1286 1535 1338 At
1558 1285 1648 1339 ubi
1678 1286 1728 1339 id
1758 1298 1847 1354 ge-

253 1390 362 1430 nus
392 1376 633 1430 tertiana!
660 1385 762 1438 est,
782 1376 922 1447 quod
950 1375 1323 1431 hemitritzeum
1340 1376 1845 1448 mediciappellant,

253 1482 451 1536 magna
490 1482 617 1521 cura
647 1481 781 1535 opus
832 1478 934 1533 εει,
991 1484 1059 1521 ne
1090 1468 1140 1521 id
1171 1467 1336 1522 fallat.
1383 1486 1402 1520 ι
1441 1467 1614 1522 Latini
1645 1468 1843 1522 medici

253 1570 446 1614 vocem
475 1560 609 1614 hanc
639 1558 878 1614 Graecam
902 1561 1190 1624 retinuere,
1221 1560 1307 1614 vel
1334 1561 1476 1630 quod
1524 1560 1711 1615 Latine
1736 1578 1846 1616 non

255 1659 446 1717 posset
468 1652 744 1705 commode
766 1650 1067 1717 eﬂerri,jvel
1087 1650 1226 1719 quod
1251 1651 1439 1707 Cra-co
1456 1652 1723 1705 malebant
1747 1652 1845 1705 uti.

254 1740 325 1806 Q.
357 1742 593 1797 Serenus
619 1744 1019 1809 Sammonicus,
1054 1744 1139 1797 ubi
1172 1742 1600 1812 superstitiosum
1630 1741 1844 1814 1034

255 1834 419 1888 simul
454 1843 637 1888 contra
666 1849 782 1889 eam
814 1834 1003 1889 febrim
1055 1834 1352 1888 remedium
1394 1833 1669 1902 suggerit:

357 1945 660 2010 Hortiferum
684 1938 836 2009 magis
858 1956 950 2006 est,
975 1948 1103 2010 quod
1125 1948 1310 1998 Grrecis
1334 1948 1694 2010 Hemitritaaum

357 2006 595 2072 Vulgatur
628 2006 821 2072 verbis;
845 2011 933 2059 hoc
957 2006 1311 2072 nostradiccre
1335 2009 1497 2072 lingua

356 2068 463 2133 ῌοη
488 2080 695 2133 potuere
719 2071 826 2133 ulli,
852 2081 987 2133 puto.
1006 2085 1100 2121 nec
1124 2071 1326 2121 Vulnere
1354 2068 1603 2132 pai'entes,

361 2130 569 2181 lnscribi
586 2133 790 2195 chartae,
811 2130 940 2196 quod
964 2135 1143 2183 dicitur
1165 2130 1525 2183 Abracadahra.

339 2212 835 2269 "IPPOCBNTAUBUS.
862 2216 1236 2287 Hieronymus,
1268 2216 1317 2271 in
1351 2216 1466 2269 Vita
1498 2216 1665 2271 sancti
1699 2215 1845 2271 Pauli

259 2305 425 2373 primi
456 2306 716 2371 eremitaz,
750 2322 893 2362 nttm.
922 2308 952 2361 7
981 2325 995 2361 :
1034 2325 1054 2359 ι
1088 2308 1359 2377 ConSpicit
1384 2307 1655 2362 hominem
1709 2323 1849 2375 equo

258 2393 508 2461 mislum,
531 2395 613 2449 cui
653 2395 833 2463 opinio
861 2405 1134 2464 poetarum
1160 2396 1591 2464 Hippocentauro
1612 2397 1847 2452 vocabu-

258 2483 378 2539 lum
408 2484 616 2539 indidit.
646 2504 663 2536 ι
691 2485 803 2540 Non
834 2501 1117 2556 congeram
1147 2485 1234 2540 hic
1261 2500 1537 2541 auctorum
1590 2486 1660 2541 dc
1712 2487 1845 2556 Ilip-

261 2580 613 2645 pocentauris
644 2579 775 2634 loco.
832 2577 1116 2633 Remittam
1148 2578 1212 2631 ad
1266 2587 1514 2634 auct0res
1541 2579 1627 2646 qui
1660 2577 1727 2632 de
1780 2577 1847 2633 iis

259 2670 485 2736 copiose
505 2680 685 2735 agunt.
719 2670 845 2725 Vide
875 2671 924 2723 itt
944 2671 1170 2737 primise
1199 2669 1464 2723 veteribus
1498 2669 1844 2737 Phlegoutetn

264 2760 320 2813 in
341 2760 687 2813 Mirabilibus.
714 2760 754 2813 Ε
778 2762 1163 2815 recentioribus
1189 2760 1566 2830 Hieronymum
1594 2761 1844 2829 Magium,

260 2848 727 2904 Miscellaneoru-n
762 2850 851 2904 lib.
877 2866 912 2915 ι,
946 2851 1117 2920 capite
1144 2851 1238 2913 20,
1284 2861 1337 2904 et
1371 2849 1705 2903 Franciscum
1737 2849 1840 2905 Sa-

261 2940 476 3001 binum,
502 2938 762 2994 Floridor.
789 2941 927 2993 libro
944 2956 1002 3006 tt,
1035 2956 1149 3011 cap.
1186 2943 1250 3004 6;
1283 2942 1681 3009 Covarruviant,
1716 2941 1843 2999 Var.

261 3032 493 3087 resolut.
520 3033 610 3086 lib.
641 3049 711 3099 tv,
741 3048 859 3100 cap.
891 3032 946 3086 2.

336 3123 807 3179 JIROSOLVMITANA
836 3137 1241 3181 PBDBCBINATIO.
1258 3126 1450 3181 Crebra
1471 3125 1627 3198 hujus
1645 3126 1753 3195 jam
1781 3129 1847 3181 ab

1949 547 2221 612 dicebant,
2248 550 2384 602 sicut
2415 566 2531 602 mos
2553 561 2656 615 est,
2683 548 2925 620 ignosce.

2020 641 2193 696 lautia.
2253 640 2373 695 Vita
2413 642 2622 707 Malchi,
2658 658 2808 697 num.
2843 642 2917 697 5:
2981 661 3000 695 ι
3042 642 3265 699 Perveni
3323 644 3539 701 tandem

1948 731 2011 784 ad
2042 747 2281 786 eremum
2320 729 2622 799 Chalcidos,
2652 750 2773 804 qua:
2805 738 2946 790 inter
2993 736 3187 791 lmmas
3214 746 3269 791 et
3295 737 3535 793 Bermam

1948 822 2119 890 magis
2152 824 2218 873 ad
2254 828 2506 877 Austrum
2559 825 2657 877 sita
2687 834 2792 879 est.
2826 843 2844 877 ι
2874 827 3042 895 Syria:
3074 836 3157 881 est
3182 827 3391 891 civitas,
3432 828 3540 881 cir-

1948 925 2010 965 ca
2043 928 2201 974 quam
2234 929 2450 968 eremus
2500 915 2805 970 Chalcidos.
2842 916 3147 971 Chronicon
3174 916 3413 986 Eusebii,
3447 936 3544 973 an-

1950 1017 2019 1057 no
2046 1001 2082 1055 2
2146 1007 2415 1060 Aureliani
2442 1025 2454 1060 :
2494 1026 2512 1058 t
2548 1007 2780 1063 Zenohia
2800 1010 2936 1079 apud
2969 1011 3181 1076 lmmas,
3208 1011 3343 1064 hattd
3376 1013 3534 1080 longe

1956 1096 2016 1149 τι)
2039 1096 2323 1150 Antiochia
2351 1098 2600 1153 vincitur.
2630 1099 2979 1167 plornandes,
3009 1100 3081 1155 De
3106 1116 3387 1169 regnorum
3412 1117 3539 1157 suc-

1952 1185 2216 1248 cessione,
2238 1187 2290 1239 itt
2314 1188 2633 1241 Aureliano:
2661 1206 2679 1239 ι
2713 1188 2907 1243 Contra
2936 1205 3091 1260 quam
3120 1192 3366 1259 (uxorem
3392 1190 3539 1247 Ode-

1952 1276 2126 1346 nathi)
2170 1277 2566 1341 expeditionem
2625 1280 2925 1346 suscipiens
2979 1283 3341 1353 Aurelianus,
3396 1284 3538 1355 apud

1953 1367 2150 1423 ltntnas
2184 1368 2356 1422 vicum
2396 1369 2687 1424 Antiochia:
2716 1371 3015 1440 superavit.
3050 1390 3068 1424 ι

2033 1460 2362 1515 Ιδελιιουιιιι.
2417 1461 2610 1515 Palma:
2660 1463 2913 1517 medulla.
2961 1464 3193 1520 Joannes
3228 1508 3243 1530 ,
3294 1466 3471 1523 libello
3500 1481 3540 1531 ι,

1958 1568 2106 1607 num.
2141 1551 2174 1607 6
2209 1570 2222 1607 :
2262 1572 2280 1605 ι
2319 1555 2410 1608 Est
2434 1569 2561 1607 vero
2606 1555 2657 1608 in
2691 1556 2863 1624 palma
2922 1573 3083 1610 unum
3118 1557 3429 1613 incarduum
3485 1570 3543 1614 et

1955 1644 2126 1713 ipsum
2152 1645 2457 1698 candidum.
2491 1663 2509 1696 ›
2546 1643 2721 1699 Credo
2760 1661 2828 1700 ex
2862 1646 3049 1700 ϐιωοο
3081 1646 3357 1723 ἐγκάρδιον.
3394 1648 3548 1705 Dios-

1956 1734 2186 1798 corides,
2232 1733 2325 1788 lib.
2374 1736 2425 1802 1,
2457 1749 2573 1804 cap.
2628 1736 2751 1803 150,
2808 1749 2972 1801 agens
3016 1736 3082 1790 de
3127 1738 3298 1803 palma
3348 1737 3537 1793 elate:

1877 1844 1924 1906 Β
1956 1828 2110 1881 Καὶτὸ
2131 1825 2392 1901 ἐγκάρδιον
2415 1825 2467 1881 δέ
2479 1833 2566 1881 τοῦ
2586 1828 2811 1902 πρέμνον
2834 1828 3132 1897 λευκὸν,καί
3161 1832 3281 1885 αὐτὸ
3303 1830 3545 1905 πρόσφα-

1950 1938 2059 1979 τον,
2084 1918 2514 1994 βιϐρωσκὸμενον,
2544 1923 2632 1973 καὶ
2653 1918 2980 1992 ἀφιψὸμενον,
3026 1929 3166 1977 ποιεῖ
3190 1926 3317 1997 πρὸς
3345 1922 3444 1977 ὅσα
3464 1925 3549 1978 καί

1950 2008 1977 2064 ὁ
1999 2011 2339 2085 βάρασσσςξ(
2370 2012 2633 2065 Caeterum
2665 2011 2783 2065 alba
2808 2027 3021 2081 quoque
3049 2014 3282 2067 caudicis
3312 2013 3545 2085 (palmae)

1950 2103 2179 2158 medulla
2211 2113 2319 2157 tum
2352 2119 2539 2160 recens
2576 2117 2834 2171 comesta,
2868 2112 2977 2159 tum
3010 2105 3227 2159 decocta
3260 2105 3323 2159 ad
3357 2107 3548 2160 eadem

1953 2192 2097 2258 facit,
2122 2194 2188 2248 ad
2219 2209 2337 2264 quae
2367 2196 2528 2249 etiam
2560 2196 2830 2250 barassns.
2862 2213 2882 2247 ι
2930 2195 3029 2250 Ubi
3063 2195 3397 2250 Dioscorides
3429 2212 3545 2251 me-

1950 2286 2151 2339 dullam
2188 2285 2363 2341 trunci
2386 2300 2478 2339 seu
2506 2286 2740 2341 caudicis
2768 2298 2923 2341 vocat
2949 2287 3227 2364 ἐγκάρδιον,
3261 2289 3545 2343 corculum.

1957 2378 2086 2433 Vide
2120 2380 2191 2432 ibi
2222 2379 2415 2433 Janum
2453 2380 2738 2434 Antonium
2769 2380 3120 2445 Saracenum,
3141 2392 3194 2435 et
3221 2380 3548 2436 Dalecham-

1953 2474 2124 2542 pium,
2152 2474 2216 2527 ad
2252 2472 2342 2527 lib.
2378 2487 2494 2537 χιιι,
2538 2488 2585 2527 c.
2613 2474 2666 2535 4,
2700 2471 2878 2542 Plinii,
2933 2474 3019 2528 ubi
3075 2474 3143 2529 de
3183 2474 3405 2529 cerebro
3452 2489 3548 2531 seu

1950 2569 2204 2642 ἒγκεφὰλῳ
2253 2568 2441 2637 palma:
2472 2570 2610 2637 agit;
2664 2571 2804 2638 quod
2858 2578 3032 2624 tamen
3061 2572 3127 2623 ab
3165 2571 3416 2647 ἐγκαρδὶῳ
3460 2570 3544 2626 di-

1966 2658 2222 2712 stinctum
2279 2674 2399 2714 esse
2454 2660 2613 2715 ducet
2677 2659 2838 2714 Janus
2891 2662 3212 2717 Saraccnus.
3258 2664 3346 2718 Sic
3378 2663 3548 2720 fertur

1962 2747 2270 2824 ἀνακάρδιον
2313 2751 2472 2803 arbor
2496 2749 2668 2803 Indica
2693 2767 2884 2804 nomen
2921 2755 3127 2813 sortita,
3175 2768 3205 2806 a
3236 2753 3405 2808 fructu
3434 2755 3549 2810 avi-

1952 2841 2087 2896 cula:
2109 2842 2331 2895 corculo
2361 2857 2465 2894 non
2507 2842 2777 2895 dissimili.
2814 2841 2944 2896 Vide
2966 2843 3263 2898 Gnrrmttm.

2032 2933 2383 2987 lucztvrtvou.
2412 2933 2528 2987 Vita
2564 2935 2730 2988 sancti
2760 2935 2974 2989 Antonii
2997 2934 3244 3005 capJS:
3307 2955 3327 2989 ι
3368 2936 3546 2992 Lubri-

1953 3039 2031 3079 ca:
2058 3026 2235 3078 carnis
2258 3023 2546 3078 incentiva.
2586 3043 2603 3076 ›
2642 3026 2797 3090 Saepe
2820 3040 2881 3078 ea
2914 3041 3043 3080 voce
3072 3027 3233 3080 utitur
3255 3026 3406 3081 divus
3426 3027 3545 3083 llic-

1952 3130 2230 3187 ronymus.
2261 3117 2349 3171 Sic
2379 3115 2536 3185 epist.
2566 3119 2621 3180 4,
2644 3117 2709 3171 ad
2743 3116 3018 3173 Rusdcum
3057 3137 3109 3171 :t
3150 3120 3215 3173 Et
3235 3119 3545 3176 adolescen-

260 3218 509 3286 antiqttis
537 3216 863 3287 temporibus
913 3220 1357 3289 peregrinationis
1386 3220 1589 3273 mentio
1631 3220 1683 3273 in
1712 3218 1844 3273 Vitis

1958 3208 2061 3272 tias,
2096 3208 2202 3261 imo
2253 3207 2548 3276 pubertatis
2609 3208 2871 3263 incentiva
2913 3210 3241 3265 calcantem.
3298 3228 3317 3263 ι
3365 3210 3544 3267 Item:

260 3309 506 3363 Patrum.
564 3308 939 3378 Hieronymus,
990 3313 1142 3377 epist.
1201 3310 1288 3375 17,
1344 3309 1407 3362 ad
1459 3311 1764 3365 Marcellam
1819 3327 1833 3363 :

267 3415 288 3449 ι
330 3396 570 3465 Longum
621 3408 867 3453 estnunc
907 3400 974 3452 ab
1037 3415 1259 3454 ascensu
1304 3398 1514 3453 Domini
1562 3415 1730 3467 usque
1778 3399 1846 3454 ad

262 3497 588 3554 praesentem
621 3487 757 3541 diem
820 3503 912 3556 per
959 3488 1195 3557 singulas
1245 3495 1430 3541 mtatcs
1470 3503 1706 3550 currere,
1753 3487 1844 3557 qui

263 3577 661 3645 epi5t20p0rum,
722 3579 812 3646 qtti
855 3589 1169 3649 martyrum,
1225 3579 1312 3647 qui
1380 3578 1742 3645 eloquentium
1795 3580 1848 3633 in

254 3668 507 3721 doctrina
535 3669 895 3723 ecclesiastica
916 3670 1145 3723 virorum
1167 3671 1406 3723 venerint
1431 3669 1842 3740 Jcrosolymatn,

263 3769 518 3827 putantes
546 3776 605 3816 se
632 3760 807 3815 minus
835 3761 1125 3830 religionis,
1159 3763 1335 3815 minus
1356 3762 1555 3817 habere
1583 3764 1846 3829 scientia),

262 3864 371 3903 nec
393 3867 674 3918 summam,
709 3862 767 3904 ut
787 3850 999 3918 dicitur,
1032 3868 1241 3905 manum
1267 3856 1537 3921 accepisse
1566 3855 1844 3922 virtutum,

264 3941 378 3996 nisi
414 3943 464 3994 in
507 3942 611 3994 illis
662 3942 935 3996 Christum
980 3943 1294 3997 adora~scnt
1344 3946 1508 4007 locis,
1562 3945 1629 3998 de
1657 3945 1849 4013 quibus

260 4033 503 4103 primum
562 4033 905 4099 Evangt-lium
960 4035 1026 4089 de
1084 4035 1320 4104 patibulo
1366 4046 1757 4091 coruscavcrat.
1824 4055 1843 4089 ι

262 4123 438 4189 Idem,
495 4123 699 4191 pruriat.
747 4125 799 4180 in
851 4127 944 4179 lib.
995 4142 1046 4180 tv
1103 4126 1461 4182 Comtnentar.
1510 4129 1558 4181 in
1604 4127 1845 4183 Jerem.:

265 4234 288 4268 ι
345 4216 523 4271 Multis
550 4225 603 4269 et
651 4217 718 4273 de
744 4228 854 4270 toto
876 4217 1005 4272 orbe
1030 4219 1131 4273 huc
1153 4218 1536 4273 conﬂuentium
1580 4221 1773 4285 turbis,
1797 4229 1851 4275 et

261 4319 575 4363 sanctorum
608 4310 851 4374 fratrum,
906 4311 1321 4379 monasteriique
1369 4312 1513 4365 curis
1537 4321 1847 4380 occupatus,

260 4402 683 4457 eortttttentarios
706 4402 757 4454 itt
785 4399 1070 4456 Jeremiam
1101 4417 1192 4469 per
1236 4402 1514 4456 intervalla
1555 4402 1844 4471 dictabam,

260 4501 331 4548 ut
369 4492 510 4561 quod
537 4492 747 4545 deesset
775 4493 905 4557 otio,
939 4503 1242 4561 superesset
1271 4494 1570 4547 industrtaa.
1610 4512 1629 4545 ι

1960 3316 1981 3351 ι
2039 3298 2172 3353 Dum
2225 3300 2488 3353 incentiva
2542 3298 2916 3355 adolescentia:
2961 3303 3160 3355 calcas.
3220 3320 3239 3353 ι
3296 3303 3541 3358 Ibidem:

1960 3406 1978 3441 ι
2016 3390 2283 3445 lnccntiva
2316 3390 2587 3455 vitiorum,
2622 3391 2976 3459 ardoremque
3031 3402 3236 3447 natura:
3265 3393 3404 3448 l‘crre
3433 3410 3542 3450 non

1953 3490 2215 3550 poteram.
2253 3500 2271 3533 ι
2304 3482 2464 3547 Idem,
2497 3484 2655 3549 epist.
2686 3483 2741 3547 ‘2,
2773 3483 2838 3537 ad
2881 3485 3261 3553 Nepotianum,
3294 3488 3546 3543 incentiva

1953 3573 2211 3626 vitiorum.
2241 3574 2296 3626 In
2320 3572 2467 3627 [snite
2498 3589 2622 3627 Lvttt
2657 3592 2669 3627 :
2701 3592 2719 3624 ι
2754 3575 3006 3644 Corporis
3036 3592 3124 3631 tne
3153 3579 3423 3646 superavit
3459 3595 3545 3634 ar-

1953 3667 2071 3729 dor,
2101 3668 2482 3722 adolescentia:
2526 3667 2797 3722 incentiva
2847 3673 3114 3724 vicerunt.
3177 3689 3195 3722 ι
3256 3670 3307 3723 In
3348 3672 3544 3726 Ezech.

1952 3773 2040 3811 xvt
2063 3774 2075 3811 :
2100 3758 2206 3812 llac
2232 3759 2389 3828 bysso
2414 3758 2765 3829 accinguntur
2793 3775 2967 3822 renes,
3000 3761 3209 3830 quoties
3242 3762 3448 3831 pinguia
3483 3763 3544 3816 li-

1952 3846 2147 3901 bidinis
2173 3849 2439 3901 incentiva
2472 3849 2733 3901 tcuuandi
2765 3858 2907 3913 sunt,
2935 3850 3170 3919 nihilque
3191 3853 3241 3904 in
3264 3853 3344 3907 eis
3371 3854 3539 3908 crassi

1957 3940 2194 3993 humoris
2219 3939 2558 4008 relinquitur.
2591 3958 2609 3990 ι
2646 3940 2842 3992 Ibidem
2875 3930 2996 3994 mox
3025 3958 3037 3994 :
3076 3961 3094 3993 t
3128 3944 3255 4009 Qum
3289 3943 3540 3999 vitiorum

1954 4032 2224 4088 incentiva
2288 4032 2657 4101 suppeditant.
2718 4050 2738 4085 ι
2795 4033 3074 4088 Rursum:
3126 4054 3143 4087 t
3183 4036 3377 4090 Levcm
3412 4052 3543 4105 pun-

1962 4133 2105 4179 ctum
2139 4140 2414 4187 sensuum,
2441 4133 2495 4178 et
2525 4123 2793 4178 incentiva
2810 4126 3074 4180 vitiorum.
3119 4145 3137 4178 ι
3175 4126 3337 4185 Item:
3375 4145 3395 4178 ι
3430 4128 3542 4182 δειξ-

1954 4216 2058 4269 culi
2082 4215 2237 4285 hujus
2263 4215 2555 4270 incentiva.
2595 4233 2615 4268 ι
2651 4216 2817 4282 Idem,
2852 4218 2905 4270 in
2947 4233 3069 4282 cap.
3100 4233 3265 4272 χχχιιι
3298 4217 3493 4272 Ezech.
3526 4236 3541 4272 :

1967 4326 1987 4360 ι
2018 4309 2131 4364 Non
2161 4311 2341 4361 omnia
2373 4310 2757 4377 cogitationum
2799 4309 3068 4362 incentiva
3097 4311 3367 4378 suscipiat.
3410 4328 3429 4361 ι
3488 4310 3541 4367 In

1942 4401 2143 4475 .Matth.
2178 4416 2230 4455 tv
2265 4417 2278 4453 :
2311 4420 2328 4452 ι
2358 4399 2713 4468 Snppeditare
2737 4402 3002 4454 incentiva
3029 4400 3297 4454 vitiorum.
3330 4418 3348 4451 ι
3408 4401 3540 4455 Item

1956 4494 2006 4548 in
2039 4494 2280 4563 ejusdem
2334 4508 2454 4560 cap.
2498 4506 2567 4545 xv
2620 4508 2634 4545 :
2696 4509 2716 4543 ι
2771 4492 3097 4545 lncentivnm
3140 4490 3363 4545 diaboli.
3406 4509 3425 4542 ι
3484 4491 3539 4550 In

344 4581 581 4637 IGNDSCE.
599 4583 1335 4656 zuyxéipnaovﬁremitarum
1350 4600 1465 4639 mos
1484 4584 1852 4654 loquendiUsi-
1881 4596 1936 4657 Ῑ)
1959 4588 2355 4642 Commentario
2384 4585 2448 4639 ad
2482 4584 2656 4639 Galat.
2692 4600 2742 4637 vt
2778 4603 2790 4637 :
2846 4602 2864 4635 t
2900 4584 3001 4638 Pcr
3032 4584 3271 4655 singulos
3302 4599 3541 4639 commo-

267 4676 591 4743 tatissimus,
623 4678 711 4745 qui
752 4678 1047 4744 smpissime
1079 4677 1130 4730 in
1164 4677 1247 4731 his
1285 4678 1418 4732 Vitis
1466 4680 1716 4733 occurrit.
1748 4678 1853 4732 Νο-

266 4769 401 4819 tavit
441 4766 490 4820 id
522 4768 869 4832 Sozomenus,
917 4770 1010 4824 lib.
1040 4786 1153 4833 vttt,
1199 4786 1318 4839 cap.
1352 4772 1455 4825 l7:
1494 4774 1853 4847 Ταραχθέντες

264 4856 320 4914 δὲ
342 4862 585 4930 μοναχοί,
612 4863 861 4914 καὶτοῦτο
882 4869 1075 4935 χρῆναι
1100 4870 1259 4917 ποιεῖν
1283 4868 1611 4936 νομίσαντες,
1662 4865 1852 4919 πολλῶν

246 4944 564 5007 ’ἐπισκόπων
599 4956 1003 5025 προκαθημένων,
1036 4962 1187 5010 τοῦτο
1223 4953 1283 5010 δὴ
1328 4957 1386 5009 τὸ
1420 4957 1631 5015 σύνηθες
1680 4957 1852 5017 αὐτοῖς

266 5044 428 5118 λέγειν
449 5039 539 5097 κᾶν
578 5044 871 5109 ἀδικῶνται,
912 5048 1254 5119 Συγχὼρησον
1287 5044 1494 5118 ἔφασαν.
1557 5063 1575 5097 ι
1613 5045 1849 5099 Monachi

274 5137 594 5203 perturbati,
620 5149 779 5206 atque
805 5139 905 5190 hoc
923 5139 1081 5207 plane
1112 5138 1227 5191 tieri
1255 5148 1500 5206 oportere
1527 5138 1648 5203 rati,
1673 5136 1851 5193 multis

268 5225 537 5297 episcopis
594 5229 1023 5297 prmsidentihus,
1074 5230 1204 5284 illud
1252 5233 1477 5298 scilicet,
1527 5231 1667 5298 qttod
1721 5231 1850 5301 ipsis

248 5312 455 5373 dicere
507 5321 748 5375 solemne
793 5337 920 5377 eSt:
973 5322 1188 5378 Etiamsi
1239 5325 1483 5394 injuriam
1524 5323 1845 5391 fecerimus,

268 5407 515 5478 Ignosce,
545 5410 855 5480 inquiunt".
892 5432 910 5465 ι
946 5414 1095 5482 Quod
1128 5414 1296 5469 Gallis
1318 5416 1580 5485 pardonue
1612 5418 1730 5469 moi.
1762 5415 1850 5470 Vi-

275 5500 435 5555 detur
480 5504 777 5557 moshicin
808 5505 1138 5559 aulicismutn
1162 5506 1377 5570 abiisse,
1429 5522 1547 5560 cum
1579 5509 1675 5561 sibi
1718 5510 1851 5562 invi-

272 5604 388 5645 cem
416 5595 780 5661 propinareut,
808 5597 891 5650 vel
920 5599 1079 5650 etiam
1106 5598 1323 5651 calicem
1348 5613 1410 5651 ex
1442 5598 1662 5651 alterius
1689 5615 1848 5652 manu

270 5680 597 5751 acciperent.
624 5683 891 5752 Pelagius,
923 5685 1101 5739 libello
1127 5701 1223 5753 xv,
1255 5688 1402 5739 nittn.
1434 5686 1546 5741 2t):
1583 5705 1601 5738 t
1628 5689 1849 5755 Quando

172 5809 185 5819 .
270 5772 437 5830 abbas
489 5775 804 5832 Theodorus
856 5793 978 5833 cum
1012 5779 1264 5835 fratribus
1298 5780 1672 5849 tnanducabat,
1712 5784 1847 5837 acci-

1959 4678 2118 4731 tionis
2148 4677 2353 4741 oculos,
2385 4688 2432 4729 et
2461 4677 2729 4729 incentiva
2756 4675 3027 4728 vitiorum.
3070 4693 3088 4726 ι
3144 4676 3346 4728 Eodem
3376 4690 3539 4733 sensu

1954 4773 2141 4827 eadem
2159 4788 2258 4826 vox
2283 4782 2332 4826 et
2352 4771 2469 4825 aliis
2497 4772 3122 4839 nsurpa:a.Atnbrosius,
3154 4769 3310 4822 lib.vr
3334 4769 3540 4823 Hexae-

1955 4878 2087 4917 Dlt‘l‘.
2122 4900 2137 4925 ,
2191 4878 2309 4931 cap.
2352 4859 2385 4912 4
2414 4902 2428 4926 ,
2478 4861 2726 4915 Odiorttm
2779 4863 3053 4915 incenlira.
3111 4860 3342 4924 Eidem,
3395 4858 3539 4914 Psal.

1956 4973 2142 5024 cxvttt,
2176 4968 2228 5013 et
2252 4974 2415 5011 serm.
2452 4956 2540 5019 15,
2583 4957 2848 5010 lncentt'va
2879 4956 3203 5009 delictorum.
3231 4954 3535 5017 Cassianus,

1955 5054 2136 5106 collat.
2163 5067 2219 5115 tt,
2244 5064 2363 5117 cap.
2399 5051 2485 5114 15,
2519 5048 2894 5107 lncentirorum
2922 5048 3136 5100 stimuli.
3198 5046 3372 5115 ldettt,
3421 5044 3535 5100 col-

1956 5142 2053 5199 lat.
2084 5159 2173 5209 vtt,
2206 5158 2256 5198 c.
2292 5142 2344 5210 1,
2378 5142 2714 5196 Naturalibtts
2737 5140 2999 5194 incentivis
3020 5140 3324 5211 inquietari;
3349 5148 3536 5208 etcap.

1952 5234 1986 5286 2
2020 5252 2033 5289 :
2070 5253 2088 5286 t
2132 5235 2269 5288 Ecce
2306 5234 2570 5288 incentiva
2594 5233 2771 5286 carnis
2796 5242 2896 5285 tua:
2925 5231 3131 5286 abscisa
3164 5241 3308 5285 sunt.
3344 5248 3362 5281 ι
3408 5229 3537 5297 Qua

1953 5329 2061 5383 duo
2088 5330 2203 5383 loca
2237 5329 2529 5397 posteriora
2556 5326 2718 5380 habes
2746 5341 2930 5395 supra,
2965 5325 3055 5379 lib.
3086 5342 3137 5378 tv
3178 5326 3254 5379 De
3282 5314 3405 5380 vitis
3435 5326 3539 5377 Pa-

1956 5430 2118 5485 trum,
2149 5420 2325 5487 capite
2355 5418 2445 5472 Ξυ.
2485 5418 2825 5484 Prudentius,
2859 5418 3177 5485 Aputlteosi,
3217 5414 3537 5472 Incentivum

1950 5515 2277 5582 pccraiiiinis.
2321 5512 2594 5574 Sidonius,
2655 5509 2791 5564 libro
2822 5525 2895 5573 vt,
2923 5511 3129 5577 episl.‘l
3171 5529 3186 5565 :
3248 5529 3267 5562 ι
3306 5511 3415 5565 Nec
3441 5527 3536 5580 per

1952 5604 2246 5657 carnalium
2272 5602 2518 5655 vitiorum
2549 5601 2811 5655 incentiva
2843 5601 3097 5654 llamtttati
3116 5600 3180 5652 ad
3210 5599 3377 5653 altare
3417 5599 3534 5655 Do-

1952 5696 2080 5749 tnitti
2114 5696 2287 5764 ignem
2323 5693 2519 5747 diutius
2547 5692 2903 5745 accendemus
2929 5691 3185 5745 alienum.
3228 5708 3251 5742 ι

2033 5788 2419 5857 Nonnunquam
2452 5783 2506 5838 in
2526 5782 2683 5838 aliam
2717 5792 2921 5855 partem
2962 5780 3189 5852 capitur.
3240 5778 3527 5848 Arnobius,

334 5888 350 5908 '
373 5886 585 5943 Consule
610 5900 768 5943 notam
800 5896 989 5957 pagina
1007 5895 1068 5945 55
1089 5894 1203 5948 tomi
1230 5896 1553 5957 praecedentis
1572 5894 1858 5957 subjec'am.
1885 5899 2016 5950 Enrr.
