4014 6368
522 339 631 396 ιεε

524 442 619 507 lib.
651 468 703 507 vt
750 469 764 506 :

522 545 599 603 De
639 544 792 601 laude
817 545 1077 616 martyrii,
1111 550 1360 602 mercedes
1384 547 1710 602 incentivum.

599 657 860 712 lscuonts.
918 658 1152 713 Joannes
1184 659 1573 724 Sobdiaconus,
1626 660 1718 715 lib.
1755 670 1807 713 Vt
1866 660 2101 716 Vitarnm

519 742 763 812 Patrum,
817 747 1055 810 lihellot.
1091 764 1237 802 num.
1274 750 1337 802 l2
1380 767 1390 802 :
1441 769 1459 801 ι
1505 750 1618 804 Duo
1664 751 1855 805 fratres
1877 754 2102 808 eranlei

520 837 702 900 vicini,
736 852 872 890 unus
904 838 1236 905 peregrinus,
1270 847 1323 891 et
1351 855 1486 892 unus
1517 839 1775 903 inchoris,
1802 860 1820 893 ι
1856 857 1884 894 a
1910 842 2099 899 Graeco

517 927 774 1000 ὶγχωρὴς.
821 930 948 980 Μιιιι
979 932 1130 1005 χώρα
1156 939 1237 983 est
1269 930 1437 996 regio,
1478 932 1617 985 unde
1640 932 1902 1005 ἐγχωρής,
1937 934 2022 1004 qui
2049 935 2102 987 in

506 1020 741 1085 regione
769 1035 863 1073 sua
895 1035 1108 1088 semper
1137 1032 1334 1086 manet,
1369 1033 1422 1076 et
1469 1026 1757 1092 opponitur
1788 1028 2097 1096 peregrino.

527 1106 689 1161 Divus
720 1108 1054 1173 Ambrosius,
1079 1111 1218 1164 lib.v
1252 1110 1642 1179 llesaemeron,
1669 1129 1789 1182 cap.
1824 1114 2105 1178 1ι,σηε1ιοο

515 1200 650 1252 rium
675 1211 861 1253 vocat:
926 1220 944 1253 t
980 1202 1095 1255 Alia
1144 1220 1355 1273 quoque
1377 1205 1551 1258 avium
1594 1221 1786 1273 genera
1819 1211 2098 1270 enchoria.

514 1305 633 1354 quae
660 1300 869 1343 tuanent
899 1292 948 1344 in
994 1293 1123 1347 locis
1162 1307 1409 1363 semper;
1472 1297 1571 1349 alia
1602 1298 1916 1367 adventitia,
1976 1318 2099 1369 qum

515 1381 712 1433 obeunt
741 1384 984 1447 regiones
1019 1385 1185 1446 alias,
1228 1396 1281 1437 et
1333 1396 1542 1453 peracta
1596 1386 1769 1442 hieme
1812 1402 2091 1445 revertun-

513 1482 617 1528 tur.
652 1494 670 1524 ι
706 1473 795 1527 Sic
819 1476 1102 1551 ἆπιχώριον
1126 1477 1444 1530 vocabulum
1481 1476 1654 1532 Gra'ci
1682 1489 1893 1545 vocant,
1955 1484 2098 1552 quod

510 1565 779 1619 familiare
799 1576 880 1620 est
907 1567 1133 1635 alicujus
1159 1569 1392 1633 regionis
1425 1585 1519 1624 seu
1544 1572 1665 1626 loci.
1710 1573 1874 1628 Divus
1916 1575 2100 1631 Hiero-

510 1671 725 1727 nymus,
759 1658 917 1725 epist.
949 1658 1086 1712 HO:
1126 1677 1144 1710 ι
1187 1659 1289 1714 Pro
1311 1676 1377 1714 eo
1396 1663 1538 1730 quod
1572 1680 1669 1718 nos
1706 1668 2094 1734 transtulimus,

507 1750 740 1802 domibus
764 1751 1014 1815 eburneis,
1043 1751 1163 1820 quia
1192 1753 1242 1804 in
1271 1753 1456 1806 Crmcii
1479 1756 1732 1824 scriptum
1772 1762 1873 1813 αἱπό
1896 1762 2093 1837 βαρέων

1206 339 1686 400 οΝΟΜΑΞΤΙΕΟΝ
1726 338 1963 399 RERUM
2006 340 2079 399 E1

2187 342 2514 404 EBBORUM
2552 347 3088 407 DIFFICIUORL‘M.

828 471 847 504 ι
896 451 1168 508 incentivo
1196 455 1454 510 estollitis
1478 454 1670 509 laudis.
1714 473 1732 507 ι
1779 454 2100 525 Cyprianus,
2132 455 2181 517 Α
2214 456 2475 514 illustrari
2520 458 2832 527 mendaciis,
2857 462 2945 531 qui
2980 463 3205 533 propriis
3234 463 3512 520 virtutibus
3535 467 3789 524 decoran-

3686 352 3784 410 456

2210 555 2314 603 tur.
2352 548 2618 606 Hactenus
2650 552 2931 609 Daronius.

2278 641 2576 693 Annotator
2625 641 2835 709 quidam
2870 642 3073 711 (nescio
3103 659 3170 697 an
3224 643 3423 701 Fronto
3474 650 3684 716 noster)
3735 666 3785 705 tn

2205 726 2440 783 editione
2472 730 2759 786 Parisiensl
2796 734 3149 789 Graecolntina
3205 735 3428 792 Joannis
3458 739 3686 806 Moschi,
3720 742 3787 795 ita

2206 836 2318 873 rem
2349 820 2484 876 hanc
2512 827 2795 891 temperari
2841 840 2997 891 posse
3023 830 3301 883 censebat.
3337 830 3559 897 Verum,
3596 835 3785 903 inquit,

2205 927 2486 968 monemus
2534 931 2746 985 quoque
2793 919 3053 989 ejusmodi
3098 922 3454 977 revelationes
3488 925 3775 979 interdum

2204 1002 2319 1057 ﬁeri
2352 1020 2455 1059 non
2486 1007 2551 1059 ad
2581 1008 2967 1063 ostendendam
3001 1012 3260 1080 majorem
3316 1015 3368 1067 in
3410 1015 3661 1068 omnibus
3690 1014 3785 1070 ali-

2202 1093 2355 1163 cujus
2381 1097 2548 1151 sancti
2577 1097 2821 1166 gloriam,
2851 1101 2945 1155 sed
2972 1102 3037 1154 ad
3066 1101 3402 1157 indicandam
3431 1106 3780 1160 excellentem

2201 1187 2486 1254 quamdam
2516 1199 2569 1242 et
2614 1191 2936 1257 peculiarem
2958 1192 3254 1261 cujnspiant
3286 1195 3425 1248 beati
3476 1196 3788 1264 praerogati-

2202 1291 2342 1342 vam,
2393 1294 2493 1346 qua
2543 1281 2665 1334 aliis
2711 1280 3093 1349 prazctninuit:
3135 1285 3430 1351 cnjnsutodi
3487 1287 3581 1339 fuit
3641 1288 3787 1339 zelus

2196 1367 2551 1440 jnstitize,qui
2586 1372 2637 1424 iit
2688 1383 2900 1440 pectore
2937 1375 3308 1445 Chrysostotui
3363 1376 3499 1431 adeo
3558 1379 3783 1442 exarsit,

2201 1467 2260 1514 ut
2302 1461 2494 1514 merito
2534 1473 2815 1531 propterea
2851 1465 2902 1518 in
2935 1466 3139 1521 visione
3165 1467 3340 1521 divina
3371 1470 3548 1522 dictus
3587 1470 3659 1523 sit
3703 1485 3786 1523 as-

2197 1556 2390 1608 sistere
2417 1559 2611 1609 throno
2637 1556 2753 1612 Dei.
2780 1558 2947 1629 Ilujns
2970 1564 3178 1629 generis
3210 1563 3343 1615 visio
3375 1563 3462 1614 illa
3494 1562 3589 1615 iuit
3615 1565 3785 1618 sancti

2199 1642 2340 1699 Petri
2376 1644 2650 1701 Dominico
2679 1648 2877 1712 oblata,
2924 1665 3043 1704 cuin
3074 1653 3199 1705 visis
3252 1652 3590 1707 diversorum
3643 1654 3786 1708 ordi-

2201 1750 2328 1790 num
2388 1736 2653 1807 religiosis
2705 1740 2757 1795 in
2808 1740 2967 1809 creto,
3022 1743 3222 1796 nullum
3269 1757 3334 1798 ex
3385 1744 3496 1797 suis
3552 1744 3786 1799 alumnis

506 1842 845 1913 ἕλεφαντίνων,
863 1841 1073 1910 quidam
1095 1843 1400 1899 Latinorum
1425 1847 1493 1901 ob
1507 1848 1650 1902 verbi
1669 1828 2079 1919 ambiguitatem,

2201 1842 2410 1901 aspexit
2465 1848 2479 1887 :
2526 1849 2665 1902 quos
2728 1843 2903 1889 tamen
2964 1853 3114 1891 sacra
3178 1839 3401 1920 Qeipara
3465 1842 3671 1917 esimio
3734 1852 3785 1897 et

505 1947 537 1983 (ι
567 1933 824 1998 gravibus,
848 1932 1178 2000 interpretati
1209 1946 1361 2001 sunt;
1412 1951 1530 1991 cum
1553 1939 1733 2013 βάρεις
1772 1945 1989 1998 verbum
2022 1946 2090 1999 sit

505 2025 836 2086 epichoriunt
865 2025 1177 2091 Palmstinm,
1222 2037 1277 2082 et
1334 2044 1500 2099 usque
1550 2032 1730 2097 hodie,
1782 2034 1978 2091 domus
2022 2052 2087 2093 cx

507 2118 653 2169 ottini
687 2126 838 2181 parte
866 2118 1229 2188 Conclusw,;et
1254 2122 1302 2173 itt
1330 2123 1834 2181 ntodunttedilicalte
1861 2129 2085 2184 turrium

504 2224 567 2263 ac
595 2211 848 2264 ntmnium
883 2211 1234 2277 publicorum,
1263 2215 1438 2289 βάρεις
1467 2219 1856 2285 appellentur.»

577 2301 774 2356 lNCUBl.
809 2303 1178 2375 Hieronymus.
1206 2306 1258 2360 in
1290 2307 1403 2360 Vita
1435 2314 1766 2366 sanctil’uuli
1787 2316 1942 2384 primi
1970 2334 2087 2373 ere-

500 2399 666 2462 Initm,
701 2417 844 2456 nttnt.
878 2407 911 2457 8
947 2420 959 2455 :
996 2422 1013 2454 ι
1045 2404 1195 2472 Quos
1226 2410 1371 2460 vario
1398 2409 1582 2465 di-lusa
1610 2427 1793 2467 errore.
1816 2416 2084 2480 gentilitas

500 2489 713 2546 Faunos
740 2493 1067 2564 Satyrosque
1088 2508 1139 2551 et
1168 2499 1393 2555 Incubos
1420 2518 1622 2559 vocans
1650 2505 1794 2558 colit.
1837 2525 1856 2559 ι
1896 2507 1972 2563 De
2000 2508 2083 2562 ln-

503 2583 657 2637 cuhis
680 2584 897 2653 copiose
929 2587 1148 2640 disserit
1196 2589 1450 2644 Martinus
1480 2603 1661 2646 noster
1707 2594 1906 2662 Delrio,
1936 2612 2083 2651 coin-

498 2676 762 2727 ntettiario
786 2676 835 2729 itt
853 2675 1071 2731 Senecae
1104 2678 1261 2733 llcrc.
1299 2681 1430 2747 ἴω..
1463 2692 1613 2752 parte
1642 2700 1720 2754 Ill,
1753 2687 1881 2741 etin
1914 2687 2081 2756 Magi-

496 2762 571 2815 cis
596 2765 728 2825 suis,
763 2765 856 2818 lib.
889 2779 1158 2835 tt,qtta:st.
1189 2770 1275 2823 l5.

566 2853 795 2910 Joittses
814 2856 1255 2914 Cunvsosrouus.
1290 2860 1506 2917 Pratum
1550 2864 1829 2933 spirituale
1855 2866 2078 2927 Joannis

493 2943 717 3009 Moschi,
751 2962 871 3015 cap.
909 2948 1031 3014 128,
1064 2950 1347 3020 quamdam
1378 2953 1757 3011 revelatiooetn
1789 2973 1882 3014 seu
1913 2963 2077 3017 visio-

492 3050 617 3089 nem
670 3036 739 3092 de
777 3038 943 3105 gloria
992 3039 1217 3096 Joannis
1268 3042 1638 3115 Chrysostomi
1684 3064 1843 3117 supra
1885 3067 2076 3109 omnes

495 3125 751 3181 Ecclesiae
782 3130 1028 3185 doctores
1058 3133 1246 3193 refert.
1276 3134 1343 3189 ad
1366 3151 1524 3205 quam
1551 3138 1665 3194 haec
1706 3155 1893 3197 severe
1917 3145 2077 3199 Baro-

2195 1925 2448 1993 Bittgulari
2501 1924 2685 1982 favoi-e
2735 1928 2835 1983 sub
2887 1930 3049 1998 pallio
3102 1945 3199 1984 suo
3227 1934 3546 2001 occultatis,
3605 1935 3782 1989 é‘tlent

2195 2018 2534 2087 postmodum
2599 2022 2857 2076 ostendit.
2916 2023 3119 2079 Deinde
3176 2024 3329 2080 facile
3388 2027 3441 2080 in
3491 2029 3782 2095 epistolam

2192 2111 2555 2183 Chrysostomi
2602 2129 2798 2169 nomen
2829 2114 2993 2179 Treii,
3029 2133 3123 2185 pro
3152 2118 3416 2184 Adelphio
3447 2120 3625 2188 potuit
3658 2122 3783 2175 irre-

2192 2215 2351 2269 pere,
2384 2202 2465 2255 vel
2506 2202 2600 2256 luit
2650 2204 2919 2259 hinomius
2947 2206 3138 2261 Treins
3185 2209 3500 2277 Ailelpltius.
3534 2209 3778 2280 Denique

2192 2295 2412 2347 verbum
2447 2296 2632 2350 ntansit
2662 2313 2757 2351 cur
2786 2298 3091 2354 HGCt?!~6.tri0
3131 2301 3470 2356 referendum
3501 2303 3568 2356 ad
3604 2303 3780 2372 hospi-

2191 2386 2355 2449 tium?
2409 2388 2473 2441 Et
2551 2398 2634 2443 est
2699 2391 2986 2446 verisimile
3056 2392 3501 2464 ChrySostomnnt
3557 2394 3780 2449 domum

2187 2481 2425 2551 episcopi
2455 2482 2719 2538 iiivisisse.
2753 2484 2877 2539 ll;ec
2927 2500 3022 2554 pro
3052 2487 3347 2541 assertione
3392 2488 3513 2541 libri
3543 2489 3778 2556 alioquin

2186 2578 2497 2645 praemonitis
2522 2576 2874 2631 auctoritatis.
2909 2577 2979 2631 Ita
3011 2580 3309 2632 Antiotator
3337 2578 3443 2633 ille.

2254 2667 2402 2734 Quod
2437 2667 2482 2721 si
2515 2667 2641 2721 mihi
2696 2670 2853 2723 liccat
2902 2670 3039 2723 inter
3083 2680 3260 2724 tantos
3313 2672 3456 2724 viros
3507 2670 3777 2738 judicium

2182 2755 2544 2827 interponere,
2602 2775 2879 2814 censerem
2933 2777 3032 2830 ego
3086 2762 3216 2815 nihil
3273 2764 3358 2815 hic
3421 2762 3487 2815 de
3552 2762 3778 2816 Joannis

2181 2848 2549 2919 Chrysostomi
2589 2852 2755 2920 gloria
2788 2852 3075 2907 ittdthllllll
3133 2854 3387 2907 divinitus
3410 2895 3423 2916 .
3453 2854 3547 2907 sed
3605 2856 3777 2921 potius

2181 2940 2247 2996 de
2274 2942 2494 2997 Joannis
2535 2942 2785 3012 Baptistze
2819 2947 3167 3013 praerogativa
3211 2960 3529 3012 responsum
3564 2950 3775 2999 datum.

2180 3039 2312 3092 Cnttt
2342 3038 2483 3092 enim
2512 3039 2689 3091 divina
2721 3039 3052 3105 providentia
3087 3039 3169 3092 vel
3215 3053 3486 3105 nuijquam
3533 3040 3619 3092 vel
3655 3054 3776 3092 raro

2181 3132 2352 3184 soleat
2390 3131 2676 3185 curiosulis
2729 3130 2812 3183 vel
2847 3130 3198 3183 eontentiosis
3240 3128 3307 3183 de
3335 3137 3646 3183 sanctorum
3697 3128 3776 3182 in-

492 3215 633 3281 nius,
661 3226 807 3272 tomo
835 3236 884 3283 ν,
917 3236 1058 3276 anno
1080 3222 1276 3279 Christi
1318 3229 1447 3294 ἀοῖ,
1506 3230 1801 3287 Innocenti;
1862 3237 2074 3308 1035
2105 3208 2149 3267 (ἶ
2184 3232 2264 3274 tcr
2300 3236 2358 3275 se
2391 3221 2736 3291 pt‘ml’ogtliiva
2784 3221 3007 3289 prtecisc
3038 3222 3398 3289 respondere;
3456 3221 3550 3275 sed
3597 3223 3774 3290 potius

488 3328 641 3384 papa:
670 3314 722 3382 6,
751 3316 963 3373 Arcadii
983 3330 1039 3374 et
1062 3322 1283 3377 llonorii
1316 3325 1479 3394 iinpp.
1507 3330 1595 3394 l3,
1629 3331 1699 3385 ita
1726 3342 1874 3387 notat
1900 3352 1915 3389 :
1945 3336 2082 3391 Sunt

489 3408 805 3464 autetnlnec
826 3426 1009 3478 parum
1046 3413 1150 3466 tide
1196 3424 1328 3480 tuta,
1384 3427 1564 3486 utpote
1599 3437 1717 3489 que
1778 3426 1830 3477 in
1886 3427 2073 3494 primis

489 3497 728 3567 ejusdem
752 3500 975 3555 Joannis
992 3501 1360 3574 Chrysostotni
1387 3510 1691 3565 testimonio
1707 3514 1966 3569 mendacii
1994 3532 2081 3570 ar-

488 3601 715 3657 guantur
766 3594 1074 3665 (Cltrysost.,
1106 3599 1259 3663 epist.
1288 3600 1430 3664 liti),
1489 3602 1613 3657 dnnt
1667 3606 1735 3656 ah
1767 3622 1832 3658 eo
1865 3609 2077 3676 ponitur

487 3679 677 3737 Tt‘eins
706 3685 993 3755 episcopus
1026 3688 1284 3753 Arahissi,
1311 3704 1360 3743 et
1398 3706 1503 3745 non
1530 3692 1841 3762 Adelphius.

555 3774 660 3831 Sed
692 3786 746 3831 et
767 3792 887 3830 cum
923 3778 1092 3832 tradat
1124 3792 1309 3834 auctor
1340 3782 1391 3835 in
1437 3783 1597 3837 domo
1626 3787 1870 3855 Adelphii
1897 3791 2078 3858 hospi-

485 3875 653 3920 talitm
678 3883 798 3923 esse
824 3869 1249 3933 Joannem,cunt
1284 3873 1552 3929 Cucusntn
1586 3878 1637 3932 iu
1666 3880 1914 3933 exsilium
1940 3882 2072 3935 mis-

484 3971 578 4010 sus
607 3968 781 4021 esset,
814 3960 966 4027 plane
984 3963 1185 4017 erroris
1208 3967 1486 4033 arguitur;
1521 3984 1641 4022 natn
1665 3969 1791 4024 licet
1817 3970 1870 4024 id
1903 3974 2076 4040 ipsum

490 4051 558 4104 de
587 4050 817 4118 hospitio
832 4053 1023 4108 Cncusi
1053 4057 1231 4109 dicant
1256 4057 1362 4112 Leo
1379 4067 1434 4111 et
1464 4059 1869 4127 Metapltrastes.
1897 4072 2075 4119 tamen

488 4140 604 4209 ipse
627 4141 1315 4215 Chrysostontuswpistota
1338 4147 1421 4218 15)
1443 4151 1659 4206 discitis
1685 4154 1866 4207 verbis
1894 4166 2079 4211 narrat

484 4246 516 4286 a
548 4231 805 4287 Dioscoro
834 4249 893 4289 se
935 4250 1239 4305 susceptum
1275 4240 1506 4308 hospitio
1528 4282 1540 4305 ,
1587 4249 1642 4295 et
1686 4257 1792 4296 non
1837 4245 1906 4298 ab
1934 4245 2073 4310 aliis,

484 4323 612 4380 licet
634 4325 684 4381 id
715 4325 1019 4395 complures
1044 4330 1384 4397 expetieriot.
1412 4331 1545 4385 Cum
1582 4342 1760 4388 autem
1786 4336 1899 4390 haec
1933 4353 2079 4391 com-

492 4421 757 4490 pittgatea
784 4423 1086 4478 narratione
1107 4426 1403 4491 mendacia,
1434 4442 1552 4497 qua:
1586 4427 1716 4482 lides
1739 4429 1791 4483 in
1825 4431 2078 4501 reliquis?

556 4511 696 4567 Sane
738 4513 952 4582 quidem
982 4525 1037 4569 et
1063 4516 1147 4570 illa
1184 4518 1446 4573 invidiosa
1499 4520 1657 4574 nimis
1688 4523 1914 4577 assertio
1958 4536 2071 4592 ρει,

483 4619 676 4661 omnes
704 4608 792 4675 qui
845 4623 1076 4677 utiquam
1113 4612 1324 4665 fuerunt
1354 4613 1403 4665 in
1439 4613 1677 4668 Eculesia
1711 4614 1983 4685 doctores,
2014 4618 2068 4673 itt

484 4695 742 4752 inferiore
775 4713 973 4765 ponere
1005 4700 1197 4769 gradu,
1230 4711 1283 4755 et
1314 4718 1475 4771 super
1522 4722 1710 4761 omnes
1749 4707 2071 4780 Chrysosto-

483 4802 627 4843 nium
673 4789 961 4854 collocare,
1022 4806 1140 4845 eum
1191 4797 1486 4858 przesertitn
1542 4813 1603 4849 ex
1652 4797 1715 4850 iis
1766 4800 2069 4867 complures

483 4890 746 4948 martyres
788 4880 979 4935 iuerint
1030 4886 1294 4952 coronati,
1331 4901 1381 4937 ιιι
1417 4886 1557 4939 inter
1587 4890 1720 4942 alios
1754 4890 2067 4961 Hippolytus

483 4981 540 5029 et
566 4973 900 5040 Methodius;
928 4988 983 5031 ut
1002 4988 1204 5031 taceam
1238 4980 1305 5033 de
1338 4981 1558 5049 reliquis
1583 4982 1785 5051 absque
1811 4985 2065 5051 sanguine

490 5064 594 5117 vita
629 5064 822 5121 functis
863 5071 1081 5132 sanctis,
1115 5086 1306 5139 nempe
1356 5072 1574 5136 Basilio,
1625 5073 1829 5128 duobus
1862 5073 2069 5144 Grego-

484 5157 597 5221 riis,
632 5158 1030 5229 Thautttaturgo
1060 5177 1219 5232 atque
1273 5163 1572 5231 Theologo,
1607 5164 1840 5234 itemque
1892 5170 2065 5224 omni-

484 5250 585 5302 bus
613 5250 730 5303 sine
752 5251 945 5305 invidia
982 5255 1313 5320 prstiterendo
1344 5254 1534 5324 Magno
1575 5257 1887 5314 Athanasio.

552 5344 656 5396 Sed
683 5354 731 5395 et
757 5358 876 5411 quae
907 5344 993 5397 ila
1014 5345 1215 5413 absque
1244 5349 1447 5403 ratione
1469 5349 1766 5418 distinctio,
1798 5362 1853 5406 ut
1872 5368 2061 5408 omnes

480 5434 729 5488 ductores
761 5432 957 5489 iuerint
1009 5438 1178 5491 oculis
1210 5454 1271 5492 ea
1319 5439 1549 5494 videntis
1581 5444 1867 5512 perapicui,
1913 5445 2061 5501 solus

479 5535 657 5577 ante-in
688 5524 925 5580 Joannes
954 5527 1022 5580 oh
1069 5531 1417 5585 excellentem
1467 5533 1689 5601 gloriam
1742 5535 2060 5590 invisibilis?

484 5614 705 5682 perinde
735 5632 797 5671 ac
829 5619 873 5670 si
913 5618 1057 5671 solus
1106 5620 1247 5675 inter
1295 5626 1540 5677 dot-tores
1588 5624 1701 5693 ipse
1743 5624 2060 5696 Chrysosto-

480 5723 601 5766 inus
625 5711 781 5764 luerit
804 5712 1095 5781 perlectam
1124 5714 1350 5781 gloriam
1384 5730 1725 5771 consecutus.
1756 5715 1862 5774 Sed
1891 5720 2058 5775 iaces-

482 5801 725 5867 sautjam
759 5802 977 5867 istlnec;
1027 5818 1129 5858 non
1160 5803 1302 5858 enim
1354 5804 1590 5876 indigent
1636 5810 1802 5863 sancti
1856 5813 2057 5866 nostris

2184 3312 2264 3367 vel
2291 3313 2523 3383 generali
2557 3327 2836 3382 responso,
2870 3312 3067 3365 nullius
3120 3312 3431 3381 dignitatem
3477 3313 3546 3365 de
3578 3313 3775 3381 ιιιιιιιιις

2180 3400 2593 3461 controvertitur
2626 3406 2989 3475 praferendo;
3038 3405 3119 3460 vel
3149 3406 3254 3459 alio
3283 3405 3472 3475 quovis
3509 3406 3672 3459 modo
3708 3407 3773 3459 iis

2180 3502 2520 3564 satistacere;
2552 3499 2761 3553 videtur
2804 3500 2890 3553 hic
2916 3500 2983 3553 tle
3012 3500 3215 3553 Joanne
3244 3496 3597 3568 Cltrysostont
3622 3519 3660 3564 ι,
3700 3500 3766 3553 ile

2181 3609 2288 3660 quo
2325 3592 2701 3646 instituebatur
2744 3592 2989 3660 qumStio,
3024 3592 3188 3646 luisse
3235 3591 3669 3653 dissimulatum;
3722 3602 3774 3643 et

2185 3684 2403 3739 Joannis
2438 3685 2683 3751 llaptisti-
2719 3686 2786 3753 (is
2824 3683 3222 3755 enimprOprie
3269 3684 3604 3753 pmoitemia:
3638 3683 3768 3748 dot)

2180 3782 2403 3851 gradum
2431 3790 2484 3834 et
2528 3779 2749 3847 gloriam
2804 3780 2977 3832 obiter
3034 3777 3410 3832 introductam.
3470 3776 3601 3830 Nam
3650 3794 3772 3829 cuin

2181 3874 2474 3943 postuiatio
2538 3870 2787 3939 Adelphii
2844 3872 2990 3925 clara
3048 3870 3250 3934 fuerit,
3312 3884 3416 3922 non
3479 3869 3627 3921 clara
3691 3878 3772 3921 ta-

2180 3981 2301 4021 tnen
2330 3966 2427 4019 iuit
2460 3979 2740 4032 responSio
2768 3965 2844 4017 vel
2878 3964 3137 4016 ostensio.
3176 3962 3305 4015 Nam
3348 3960 3543 4014 ductor
3568 3959 3772 4028 primus

2180 4074 2284 4113 non
2317 4058 2577 4111 satisfecit
2618 4070 2740 4111 vozo
2770 4058 2907 4124 ejus.
2945 4056 3171 4110 Petierat
3207 4056 3304 4110 sibi
3352 4052 3564 4108 ostendi
3608 4053 3771 4106 Joan-

2181 4167 2301 4207 nem
2353 4152 2816 4222 (ὶιιτςεοειυιειιιηι,
2861 4149 2948 4204 ille
3004 4149 3239 4203 ostendit
3295 4147 3431 4200 alios
3480 4147 3770 4211 doctores;

2179 4260 2347 4316 quare
2400 4245 2563 4299 tristis
2616 4244 2818 4297 recedit
2870 4259 2974 4297 non
3024 4244 3139 4298 viso
3186 4258 3283 4297 suo
3323 4242 3561 4305 Joanne,
3614 4243 3770 4310 cujus

2180 4335 2404 4406 gloriam
2460 4334 2644 4389 videre
2694 4334 2927 4387 amabat.
2977 4334 3236 4387 Ostiarius
3302 4349 3429 4387 κει-0
3479 4349 3604 4387 cunt
3648 4349 3769 4385 cunt

2181 4428 2387 4481 tristem
2431 4426 2657 4488 videret,
2708 4425 3079 4493 intellectaque
3124 4440 3281 4477 causa
3336 4426 3769 4477 animadveitens

2180 4515 2547 4572 curiositatem
2602 4516 2688 4570 hic
2741 4517 3095 4580 intercedere,
3148 4516 3437 4569 declinavit
3482 4531 3511 4568 a
3559 4513 3769 4569 Joanne

2180 4608 2561 4677 Chrysosmtno
2590 4607 2655 4659 ad
2679 4605 2938 4659 Joannem
2978 4607 3285 4672 Ilaptistani.
3316 4592 3542 4666 ἰωάιῖνην
3562 4608 3650 4660 τὸν
3673 4614 3765 4666 τῆς

2176 4705 2439 4771 μετανοίας
2464 4701 2657 4772 ).έγεις;
2684 4718 2701 4748 ι
2727 4697 2983 4752 Joanth
3001 4699 3473 4767 tlitriSptBnitcntiac
3496 4700 3719 4753 ducent?
3740 4718 3757 4748 ι

2178 4793 2591 4861 licstiouiletquc
2618 4794 2913 4858 interrupte
2938 4791 2987 4843 itt
3006 4792 3211 4853 Grmco,
3231 4807 3334 4843 non
3367 4791 3762 4860 interloquente

2172 4884 2564 4951 interrogatore
2585 4880 2902 4955 ξ”Δνθρωπος
2927 4885 3110 4934 ἐκεῖνον
3128 4882 3174 4934 ἐν
3195 4886 3344 4956 σαρκὶ
3366 4883 3422 4934 οὐ
3443 4880 3661 4936 δύναται
3678 4882 3759 4936 αὖα

2171 4977 2255 5032 τὸν
2296 4975 2437 5032 ἰδεῖν·
2461 4978 2565 5030 ἐκεῖ
2579 4978 2677 5050 γὰρ
2704 4978 3013 5048 inspira-arat
3038 4971 3167 5028 ὅπου
3190 4973 3215 5027 ὁ
3236 4975 3405 5051 Θρόνος
3426 4971 3754 5033 δεσποτικός.

2178 5088 2196 5119 ι
2240 5070 2411 5135 Ipsum
2455 5067 2617 5122 homo
2650 5070 2702 5121 in
2733 5083 2893 5121 carne
2941 5070 3125 5121 vivens
3171 5068 3351 5120 vivere
3398 5082 3503 5119 non
3548 5075 3757 5133 potest;

2172 5163 2280 5216 illic
2307 5162 2447 5216 enim
2478 5161 2701 5219 assiS'it.
2734 5159 2820 5212 tibi
2851 5160 3074 5212 thronus
3103 5170 3181 5212 est
3216 5158 3443 5211 Domini.
3475 5175 3500 5217 ι
3522 5157 3672 5225 Quod
3703 5158 3756 5208 in

2169 5268 2412 5308 sanciunt
2435 5251 2698 5305 Joannem
2732 5250 3021 5319 llaplistant
3041 5251 3285 5315 quadrat,
3311 5264 3415 5317 quo
3444 5250 3578 5301 inter
3605 5256 3758 5301 natos

2169 5347 2455 5402 mtilietunt
2485 5346 2654 5413 major
2688 5360 2790 5397 non
2814 5345 3067 5405 surrexit,
3094 5342 3332 5397 Veritate
3359 5343 3469 5411 ipsa
3491 5352 3757 5397 attestan-

2173 5449 2244 5495 te.
2270 5439 2516 5492 Christus
2549 5439 2706 5490 etiam
2750 5437 3043 5505 discipulos
3072 5441 3137 5488 ile
3170 5436 3517 5504 pra-rogativa
3568 5435 3619 5488 itt
3662 5451 3753 5487 re-

2170 5550 2275 5605 gno
2302 5533 2561 5588 animum
2594 5542 2897 5601 qt'a'rcntcs
2926 5531 3277 5600 compescuit,
3307 5543 3362 5583 et
3400 5529 3592 5583 duhios
3621 5530 3755 5580 reli-

2168 5628 2300 5697 quit.
2333 5626 2509 5693 Qnare
2539 5625 2739 5693 optime
2769 5624 3003 5678 Thomas
3042 5641 3070 5676 a
3105 5623 3339 5690 lietnpis,
3389 5622 3523 5675 libro
3574 5626 3629 5675 tit
3674 5621 3754 5674 De

2167 5720 2464 5775 imitatione
2493 5718 2715 5784 Christi,
2740 5731 2861 5788 cap.
2894 5718 2985 5782 58,
3020 5727 3237 5770 tnonet:
3277 5735 3295 5767 ι
3322 5715 3438 5769 Noli
3482 5714 3755 5793 inquirere

2166 5828 2263 5869 nec
2312 5811 2587 5884 disputare
2632 5811 2699 5867 de
2730 5812 2934 5866 meritis
2977 5818 3316 5875 sanctorum,
3357 5807 3475 5877 quis
3523 5807 3625 5860 alio
3675 5806 3753 5860 sit
