4014 6368
567 318 673 374 ιὲθ

1257 319 1567 378 ΟΝΟΜΑΒΊ
1582 319 1741 375 ICON
1783 319 2020 375 RERUM
2066 318 2130 374 E'l

2242 319 2568 379 ERBORUM
2611 316 3136 378 DIFFICILIORUM.
3706 332 3788 387 ιω

570 429 664 483 Vix
693 428 878 485 dubito
908 430 959 493 in
990 428 1177 486 Grieco
1226 430 1392 488 fuisse
1439 432 1726 504 ἀπόδεσμος
1754 450 1768 498 ;
1800 444 1947 489 certe
1974 433 2043 488 ita
2092 433 2145 486 in
2174 434 2221 493 Α
2251 433 2448 490 Christi
2478 433 2583 489 259
2609 448 2673 489 ex
2711 433 2806 488 Ms.
2836 443 2988 490 eruta
3018 452 3031 488 :
3075 452 3095 487 ι
3138 433 3206 489 Et
3246 434 3429 491 relicta
3458 446 3576 495 sunt
3600 454 3787 512 corpora

568 521 930 591 Metaphraste
972 534 1074 577 εει.
1107 524 1494 592 Curnpalates,
1539 526 1611 580 De
1652 524 1797 581 ofﬁc.
1838 525 1975 580 aulae
2012 523 2145 589 CP.,

2253 525 2445 580 eodem
2479 525 3029 595 loco,joxtainsulam
3056 524 3399 597 Lycaoniam.
3434 547 3454 581 ι
3487 529 3581 584 Ubi
3602 537 3786 605 margini

559 614 749 685 quales
799 613 881 669 ba:
927 615 1171 683 ligaturae
1222 616 1440 683 fuerint,
1493 618 1757 686 explicat,
1806 618 1893 672 ubi
1924 617 2031 687 agit
2081 615 2148 672 de
2252 616 2472 671 ascribit
2506 615 2768 672 Baronius
2799 634 2815 672 :
2847 616 3115 688 Lycaonia
3154 618 3293 673 dicta
3322 620 3495 675 insula
3524 620 3654 678 inter
3676 624 3785 681 duos

565 705 856 760 missilibus
886 721 981 759 seu
1029 707 1344 776 epicombiis
1383 708 1434 762 in
1468 708 1716 777 populum
1746 708 1882 762 milli
1931 707 2140 762 solitis:

2252 716 2442 778 pontes
2471 709 2606 773 sita;
2640 708 2719 762 sic
2741 709 3028 778 appellata,
3056 709 3201 780 quod
3224 711 3295 765 ibi
3326 711 3476 767 Jovis
3495 727 3688 785 quoque
3703 716 3785 788 Ly-

557 792 712 852 Ἐστι
741 794 794 852 δέ
822 802 1073 852 τοιοῦτον.
1121 800 1374 869 Τμήματα
1409 800 1461 851 ἐκ
1508 800 1698 853 πανίων
1743 797 2035 864 κόπτοντες,
2064 818 2126 851 κα

2247 800 2451 854 caonis.
2468 797 2722 868 templum
2752 808 2915 855 esset.

556 888 603 939 ἄν
626 887 821 959 ἑκάστῳ
859 891 1087 959 τμήματι
1117 890 1412 959 νομίσματα
1442 895 1623 962 χρυσᾶ
1653 891 1754 959 ρμέν
1779 890 1918 961 τρία,
1942 890 2145 963 ἀργυρᾶ

559 978 613 1033 δὲ
638 987 888 1039 τοσαῦτα,
922 981 1007 1034 καὶ
1027 981 1142 1050 τρία
1163 980 1211 1044 ἐξ
1242 967 1431 1034 ὖϐὀλων
1477 978 1843 1053 περιδήσαντες
1873 978 2144 1053 ῥίπτουσιν

558 1092 579 1125 ι
593 1077 630 1131 ῖς
645 1072 704 1125 τὸ
725 1071 929 1130 πλῆθος.
952 1068 1213 1125 Ῥἱπτουσι
1234 1067 1287 1124 δὲ
1306 1068 1571 1129 τοιούτους
1591 1068 1917 1137 ἀποδέσμους
1939 1067 2144 1142 ἀριθμὸν

556 1163 804 1234 χιλιάδων
827 1162 947 1219 ὅσον
970 1158 1028 1217 ἂν
1056 1164 1337 1238 προσ-τάξω
1360 1161 1384 1216 ὁ
1406 1162 1651 1234 βασιλεύς
1683 1178 1695 1214 :
1731 1178 1749 1211 ι
1788 1160 1843 1214 Id
1869 1160 2142 1229 hujusmo-

554 1258 610 1312 ili
649 1267 731 1315 est
760 1258 1087 1348 :'Segmenta
1125 1271 1191 1312 ex
1240 1270 1419 1327 panno
1468 1257 1634 1322 liunt,
1669 1265 1726 1309 et
1764 1254 1818 1308 in
1862 1260 2140 1323 segmento

556 1345 882 1418 unoquoque
913 1349 1240 1403 nomismata
1283 1361 1444 1402 aurea
1477 1345 1693 1416 quidem
1730 1345 1852 1409 tria,
1883 1351 2138 1411 argentea

534 1432 681 1495 vero
709 1441 952 1505 totidem,
984 1448 1038 1496 et
1066 1440 1168 1494 tria
1210 1438 1453 1493 obolaria
1492 1438 1814 1507 colligantes
1853 1427 2142 1505 proficiunt

555 1533 607 1585 itt
639 1532 1056 1587 multitudinem.
1079 1530 1484 1601 Projiciuntque
1512 1530 1792 1585 fasciculos
1820 1544 1916 1584 seu
1946 1529 2138 1598 ligatu-

550 1637 640 1678 ras
669 1621 977 1691 hujusmodi
1012 1637 1109 1692 pro
1137 1637 1204 1676 eo
1245 1636 1471 1677 numero
1495 1620 1810 1687 chiliadum,
1843 1636 2003 1690 quem
2033 1624 2134 1675 im-

552 1723 766 1783 perator
792 1717 1133 1784 praeceperit.

2323 891 2740 946 MACISTBIANUS.
2764 889 3048 958 Palladius,
3070 904 3193 960 cap.
3222 890 3325 947 με)
3355 908 3369 946 :
3399 910 3418 943 ι
3454 892 3661 961 Quidam
3685 896 3785 953 ado-

2252 984 2462 1040 lescens
2489 984 2865 1054 Magistrianus
2895 984 3075 1055 specie
3114 984 3402 1049 formosus,
3432 996 3605 1043 mente
3635 990 3746 1058 pius.
3764 1010 3781 1045 ι

2250 1074 2425 1130 Utitur
2454 1076 2611 1131 etiam
2643 1089 2709 1130 eo
2755 1075 3019 1130 vocabulo
3047 1076 3099 1130 in
3132 1076 3508 1147 Martyrologio
3532 1094 3623 1133 suo
3648 1080 3743 1135 Atto
3769 1123 3782 1146 ,

2244 1164 2279 1219 2
2305 1166 2430 1222 Julii
2457 1185 2468 1220 :
2500 1185 2519 1219 i
2558 1166 2760 1221 Natalis
2790 1178 3098 1222 sanctorum
3133 1164 3382 1223 Processi
3425 1181 3476 1224 et
3502 1170 3780 1241 Martiniani,

2247 1260 2335 1327 qui
2369 1273 2492 1312 cum
2524 1266 2711 1315 essent
2737 1258 3062 1329 Magistriani
3086 1258 3539 1330 Mclloprincipes.
3562 1280 3580 1314 ι
3609 1263 3694 1319 ilbi
3730 1266 3783 1319 ita

2244 1348 2376 1402 olim
2408 1350 2685 1403 annotavi.
2718 1348 2856 1406 Sunt
2884 1358 3064 1405 autem
3096 1349 3423 1418 Magistriani
3456 1366 3548 1407 seu
3585 1353 3784 1423 Magiste-

2241 1437 2382 1493 riani
2418 1454 2487 1494 ex
2522 1439 2705 1495 ofﬁcio
2737 1441 2939 1504 militia:
2971 1440 3238 1509 palatinas,
3281 1443 3372 1511 qui
3422 1452 3477 1499 et
3519 1446 3723 1514 Agentes
3744 1448 3781 1502 in

2246 1530 2443 1586 rebus.~
2477 1528 2683 1586 Glossa:
2728 1530 3113 1602 Latinogrmcai
3166 1550 3180 1586 :
3238 1534 3487 1605 Agansiu
3515 1537 3782 1604 κόκκω-

2240 1623 2559 1699 γιστριανὸς.
2573 1622 2719 1690 Quos
2732 1623 2948 1678 eosdem
2964 1639 3087 1680 cum
3118 1623 3437 1682 Castrensiis
3462 1642 3553 1682 seu
3572 1628 3780 1685 Castren-

2250 1711 2418 1766 sianis
2466 1712 2667 1769 faciunt
2714 1712 2915 1768 Glossm
2963 1713 3312 1770 Basilicarum
3340 1756 3358 1782 ,
3390 1717 3445 1771 in
3474 1718 3652 1786 quibus
3695 1732 3780 1775 Ila-

618 1760 853 1860 Ιιὴιιτὲιι
884 1760 1174 1877 [νὲιιανεη
1207 1801 1428 1877 manu]
1460 1820 1716 1861 IIITTERB.
1740 1803 1877 1859 Vitae
1910 1804 2130 1860 Hilario-

2241 1804 2558 1878 γιστριανὸτ,
2590 1803 2615 1858 ὁ
2645 1808 3000 1876 Καστρίνσιος.
3033 1804 3215 1861 Codex
3255 1760 3570 1873 lustius]...
3608 1808 3681 1873 η,
3718 1809 3780 1864 dio

532 1899 656 1964 quis,
690 1914 834 1952 num.
868 1898 939 1952 25
968 1915 983 1951 :
1022 1914 1041 1949 ς
1080 1896 1194 1951 Νοη
1220 1896 1367 1965 prius
1396 1897 1547 1952 abire
1578 1897 1720 1965 passi
1759 1906 1884 1952 sunt
1911 1938 1925 1960 ,
1972 1911 2134 1969 quam

549 1988 744 2043 fotum
792 1987 1038 2043 ecclesia:
1070 1987 1292 2042 limitem
1336 1988 1593 2042 mitteret.
1629 2007 1646 2040 ι
1686 1988 1755 2041 lta
1786 1987 2137 2043 vetustissimi

551 2078 923 2148 Manusrripti,
951 2088 1111 2148 atque
1137 2092 1200 2133 ea
1227 2092 1349 2132 vera
1379 2077 1591 2134 videtur
1621 2076 1799 2132 lectio.
1829 2076 1946 2133 Alia
1978 2077 2137 2133 habet

537 2164 738 2222 'lineam
784 2168 1005 2223 mittere.
1060 2168 1348 2236 Desumpta
1381 2179 1604 2236 utraque
1635 2168 1848 2238 phrasis
1877 2184 1907 2223 a
1952 2168 2136 2223 ﬁnium

549 2259 907 2330 regendorum
936 2260 1310 2330 scriptoribus.
1338 2260 1587 2333 Hygenus
1614 2261 1689 2317 De
1718 2260 1972 2315 limitibus
2002 2275 2134 2317 con-

546 2350 834 2407 stituendis
866 2367 878 2405 :
920 2369 939 2404 t
976 2354 1040 2407 Et
1068 2352 1283 2421 quidam
1315 2367 1384 2406 ne
1411 2352 1768 2422 proximarum
1802 2351 2132 2406 coloniarum

547 2444 804 2501 limitibus
824 2445 1100 2501 ordinatos
1125 2445 1323 2500 limites
1351 2446 1645 2503 mitterent.
1682 2463 1703 2498 ι
1729 2444 1972 2510 Ovidius,
2004 2444 2040 2498 Ι.
2076 2456 2134 2498 tu

540 2537 829 2611 Amorum,
860 2537 997 2606 eleg.
1028 2536 1058 2588 7
1082 2553 1097 2589 :

636 2646 745 2709 Nec
767 2647 924 2697 valido
948 2648 1203 2709 quisquam
1228 2652 1410 2709 terram
1434 2646 1689 2709 scindel‘at
1708 2654 1873 2697 aratro
1893 2686 1907 2702 .

728 2708 1117 2771 Signabatnullo
1141 2708 1296 2758 limite
1323 2708 1475 2757 fossor
1495 2708 1712 2758 humum.

546 2790 653 2845 Lex
699 2789 898 2846 Tiberii
954 2790 1184 2845 Cresaris
1238 2808 1252 2845 :
1302 2791 1461 2846 Juxta
1519 2807 1807 2860 perennem
1867 2794 2129 2849 rationem

541 2898 702 2939 unam
734 2882 929 2938 lineam
959 2880 1199 2938 mittunt.

609 2975 963 3031 Locorns'rtt.
995 2973 1111 3028 Vita
1143 2974 1365 3028 Joannis
1393 2973 1813 3044 Eleemosynarii
1843 3017 1857 3039 ,
1912 2988 1960 3029 c.
2008 2973 2078 3028 ιθ
2112 2992 2124 3027 :

545 3084 568 3121 ε
620 3064 990 3138 Apprehendit
1037 3065 1323 3121 consilium
1374 3064 1662 3135 lognthetaa
1689 3074 1744 3120 et
1782 3067 2069 3121 mconomi.
2104 3084 2124 3119 ι

2244 1909 2402 1950 verso
2435 1894 2590 1950 titulo
2619 1894 2857 1967 Agentes
2884 1896 2937 1951 in
2973 1897 3134 1952 rebus
3162 1911 3192 1950 a
3218 1895 3604 1954 Castrensianis
3627 1899 3780 1955 distiu-

2241 1989 2374 2057 guit.
2425 1986 2789 2042 Castrensiani
2823 1998 2999 2043 tamen
3030 1989 3192 2045 etiam
3227 1989 3486 2061 Magistro
3530 1991 3777 2061 ciliciorum

2240 2077 2497 2133 suberant
2526 2076 2625 2150 (uti
2658 2078 3037 2149 Magistriani),
3071 2090 3129 2135 ut
3155 2060 3531 2137 habettitulus
3574 2060 3655 2137 ἢὸ.
3697 2083 3779 2137 Alii

2237 2178 2364 2224 sunt
2396 2168 2757 2241 Magisteriani
2785 2171 2924 2240 apud
2953 2170 3171 2228 Suidam
3196 2207 3216 2239 ,
3266 2173 3357 2241 qui
3414 2182 3470 2228 et
3512 2179 3779 2249 κανστρίσιοι

2235 2260 2388 2325 dicti,
2421 2276 2451 2315 a
2482 2264 2740 2339 κανστρίῳ
2763 2302 2781 2332 ,
2811 2264 3055 2326 canistro,
3086 2262 3176 2332 qui
3208 2262 3551 2332 magistratus
3590 2272 3661 2319 est
3697 2264 3777 2319 Ec-

2236 2351 2597 2409 clesiasticus.
2662 2351 2789 2407 Vide
2838 2352 3129 2408 Meursium
3154 2393 3171 2419 ,
3204 2353 3258 2408 itt
3287 2353 3565 2410 Glossario
3607 2352 3777 2410 Greco-

2237 2443 2493 2499 barbaro.
2528 2443 2736 2515 1037
2756 2443 2812 2498 ln
2844 2442 3049 2499 Classis
3076 2444 3433 2500 Basilicarum
3461 2449 3777 2523 μαγιστριανὸς

2236 2536 2433 2593 dicitur
2475 2551 2687 2607 quoque
2716 2537 3009 2611 μανθὸπωρ.
3054 2537 3391 2607 Magistriani
3435 2547 3699 2595 occurrunt
3734 2538 3774 2592 in

2235 2628 2386 2684 Actis
2412 2624 2584 2682 sancti
2614 2626 2829 2681 Abercii
2858 2627 3095 2699 episcopi
3128 2627 3536 2696 Hierapolitani,
3564 2628 3628 2680 ἓξ
3646 2628 3775 2682 Octo-

2236 2721 2369 2786 bris,
2388 2719 2530 2788 apud
2547 2717 2990 2789 Metaphrastem,
3020 2720 3109 2775 ubi
3133 2722 3441 2777 Antoninus
3470 2720 3594 2789 imp.
3616 2736 3628 2773 :
3655 2736 3672 2770 t
3697 2717 3775 2772 Va-

2233 2811 2421 2866 lerium
2444 2820 2495 2865 et
2515 2809 2829 2864 Bassianum
2851 2808 3263 2880 Magisterianos
3283 2811 3584 2867 divinorum
3601 2819 3774 2864 nostro-

2236 2917 2354 2957 rum
2381 2900 2687 2956 ofliciorunt
2712 2898 2979 2954 misimus.
3010 2919 3038 2953 -ι
3076 2901 3142 2955 Et
3162 2901 3303 2970 apud
3336 2901 3635 2972 Evagrium,
3659 2899 3691 2953 l.
3715 2913 3774 2964 Ill,

2233 2996 2407 3063 capite
2442 2995 2503 3049 16
2531 3010 2545 3048 :
2575 2996 2648 3049 Οὐ
2674 2994 2818 3068 παρὰ
2843 2995 2964 3053 τοὺς
3008 2998 3424 3073 Μαγιστριανούς
3447 2995 3773 3052 ἀπεστάλησαν.

2242 3085 2479 3141 Milichus
2512 3086 2564 3140 itI
2597 3084 2903 3156 Byzanticis
2934 3102 2950 3138 :
2977 3085 3302 3153 ’Δδεμάντοις
3330 3087 3387 3143 δὲ
3421 3095 3581 3144 ταῦτα
3597 3087 3774 3158 πυθόμ-

541 3158 981 3217 Ecclesiasticum
1011 3156 1101 3212 hic
1130 3166 1212 3212 est
1241 3156 1477 3211 ofﬁcium
1511 3155 1656 3225 quod
1685 3156 1943 3211 describit
1968 3156 2129 3211 Codi—

2238 3198 2339 3242 νος,
2371 3179 2667 3253 προπέμπει
2687 3184 2788 3232 τῶν
2811 3175 3005 3232 ἱππέων
3032 3185 3132 3235 τῶν
3156 3179 3433 3250 βασιλικῶν
3453 3202 3577 3247 τινα,
3607 3178 3681 3239 οὓς
3696 3190 3774 3234 Μαι

541 3265 663 3316 nus,
696 3249 770 3305 De
795 3249 939 3305 oflic.
970 3247 1107 3303 aula:
1142 3244 1554 3316 Constantinop.
1594 3254 1649 3301 et
1702 3262 1908 3316 magna:
1956 3248 2128 3303 eccle-

540 3341 634 3401 sim
652 3324 742 3397 :.'0
757 3341 1043 3413 λογοθέτης,
1075 3338 1145 3400 εἰς
1172 3340 1232 3394 τὸ
1270 3338 1617 3413 λογογραφεῖν,
1647 3340 1731 3392 καὶ
1753 3339 1825 3399 εἰς
1845 3338 1937 3399 τὰς
1968 3336 2129 3409 δημο-

541 3433 725 3495 σιακάς
744 3434 828 3486 καὶ
857 3430 1168 3505 ἀρχοντικάς
1194 3428 1459 3489 ὑποθέσεις
1488 3428 1814 3500 λογογραφεῖν
1846 3444 1860 3483 :
1904 3446 1922 3479 ι
1961 3427 2131 3498 Logo—

541 3527 713 3591 theta,
745 3520 1046 3580 scribendis
1068 3520 1384 3584 rationibus,
1416 3528 1472 3574 et
1492 3520 1711 3587 quidem
1738 3519 2033 3575 rationibus
2062 3523 2127 3574 ad

543 3618 799 3691 populum
853 3614 1256 3685 principemque
1318 3611 1662 3666 sacerdotum
1740 3612 2129 3679 pertinentibus

540 3704 971 3779 prmscribendis.
996 3723 1015 3757 ι
1037 3703 1206 3760 Simul
1230 3702 1497 3758 oeconomi
1514 3700 1866 3757 ecclesiastici
1885 3701 2124 3757 ofﬁcium

540 3800 761 3866 obiisse,
784 3798 1044 3853 discimus
1070 3810 1137 3851 ex
1167 3794 1286 3850 Vita
1318 3794 1542 3849 Joannis
1574 3793 2019 3865 Eleemosynarii.

612 3892 781 3948 LOTIO
805 3904 1049 3945 IANUUII.
1081 3886 1317 3943 Antonio
1348 3883 1399 3940 in
1432 3899 1625 3940 manus
1654 3899 1792 3955 aqua
1816 3884 1917 3939 fuit
1936 3883 2126 3940 affusa.

539 3986 599 4040 in
653 3981 963 4052 praefatione
1005 3979 1143 4036 Vitae
1192 3979 1347 4049 ejus:
1387 3994 1405 4030 ι
1440 3977 1543 4046 Qui
1585 3976 1651 4032 ad
1699 3976 2047 4046 praebendam
2079 3976 2128 4032 ei

540 4087 752 4143 aquam,
779 4085 883 4127 non
908 4070 1178 4139 paululum
1223 4069 1484 4138 temporis
1532 4082 1655 4122 cum
1695 4082 1761 4122 en
1792 4069 1939 4123 fecit.
1975 4087 1994 4121 ι
2039 4067 2127 4124 Sic

544 4165 721 4221 Eliseo
745 4177 957 4233 quoque
979 4175 1142 4230 super
1171 4174 1360 4215 manus
1390 4159 1506 4229 ejus
1527 4174 1662 4227 aqua
1686 4157 1875 4225 effusa,
1903 4158 1964 4213 IV
1992 4158 2123 4229 Reg.

541 4273 620 4322 nt,
655 4256 745 4312 11.
774 4256 832 4310 ιη
863 4253 1241 4324 Martyrologio
1273 4252 1534 4313 Romano.
1557 4250 1628 4305 Ἡ
1656 4248 1821 4317 Junii,
1867 4251 1934 4305 de
1961 4251 2127 4307 Galli-

539 4362 676 4403 cano
728 4347 866 4401 inter
910 4352 1108 4399 cratera
1137 4340 1517 4413 hosnitalitatis
1544 4340 1761 4398 ofﬁcia:
1802 4360 1821 4395 r
1862 4342 2128 4397 Videbam

538 4439 1003 4510 aquatnmanibos
1032 4436 1452 4492 attondentem.»
1492 4436 1647 4490 Varia
1682 4437 1854 4490 varias
1881 4437 1952 4490 ob
1985 4450 2125 4491 cau-

2232 3270 2558 3344 γιστριανούς
2582 3269 2811 3331 καλοῦσι,

2304 3358 2655 3415 MAGNIPICUS.
2693 3360 2810 3415 Vita
2840 3360 3113 3418 Simeonis
3141 3359 3368 3432 Stylitm,
3407 3375 3523 3431 cap.
3550 3360 3615 3414 ετ
3647 3376 3665 3411 ι
3688 3356 3773 3411 Ibat

2232 3448 2285 3503 in
2317 3451 2697 3506 monasterium
2727 3453 2899 3507 sancti
2926 3451 3195 3508 Timothei
3218 3451 3487 3522 magniﬁci
3528 3450 3637 3505 viri.
3666 3466 3683 3500 ι
3711 3446 3773 3501 ln-

2234 3538 2495 3609 telligitur
2526 3541 2613 3595 hic
2644 3555 2741 3610 per
2770 3542 3104 3612 magniﬁcum
3132 3542 3223 3612 qui
3257 3557 3449 3613 magna
3493 3543 3629 3611 signa
3651 3535 3768 3599 facit,

2239 3632 2647 3708 θαυματουργός,
2677 3635 3036 3707 μεγαλοποιὸς.

2304 3720 2581 3776 Μλιοιιυε.
2642 3722 2755 3777 Vita
2811 3722 3024 3787 Malchi,
3075 3738 3128 3778 e.
3197 3725 3269 3779 i:
3323 3742 3342 3776 ι
3375 3723 3550 3779 Senes
3600 3719 3773 3776 nomine

2233 3811 2489 3877 Malcbus,
2519 3829 2677 3887 quem
2708 3828 2807 3870 nos
2833 3814 3018 3870 Latine
3039 3814 3238 3888 Regem
3260 3829 3544 3888 possumus
3562 3814 3731 3869 dicere.
3753 3828 3769 3861 ο

2245 3902 2538 3973 Eunapius,
2586 3905 2639 3960 in
2670 3906 3007 3978 Porpltyrio:
3042 3908 3258 3979 Μάλχος
3286 3906 3340 3965 δέ
3364 3911 3495 3965 κατὰ
3518 3913 3602 3966 τήν
3639 3902 3771 3979 Σύρων

2241 3999 2385 4055 πόλιν
2408 4001 2496 4068 (an
2519 4000 2735 4073 φωνήνῖ)
2759 3999 2785 4055 ὁ
2805 4002 3083 4078 Πορφύριος
3103 4002 3329 4058 ἐκαλεῖτο
3355 4005 3425 4059 τὰ
3445 4008 3633 4076 πρῶτα,
3652 4001 3772 4053 τοῦτο

2233 4089 2286 4146 δέ
2310 4089 2526 4148 δύναται
2564 4092 2778 4163 βασιλέα
2801 4091 2959 4166 λέγειν
2987 4108 3000 4145 :
3033 4090 3361 4163 Porphyrius
3382 4090 3537 4162 juxta
3560 4088 3771 4159 Syrorum

2240 4195 2426 4235 vocem
2450 4182 2598 4250 prius
2627 4180 2864 4237 Malchus
2895 4181 3068 4236 dictus
3096 4191 3199 4247 est,
3244 4180 3384 4252 quod
3419 4194 3589 4252 regem
3626 4188 3771 4245 p058“.

2245 4289 2364 4327 mus
2391 4273 2590 4330 dicere.
2626 4292 2647 4326 ι
2692 4273 2828 4330 llinc
2867 4272 3221 4328 Naarmalcha
3249 4313 3265 4340 ,
3315 4273 3366 4327 id
3408 4282 3491 4329 est
3518 4269 3772 4343 regiusﬂu-

2235 4366 2365 4421 vius.
2397 4365 2453 4422 In
2495 4367 2799 4435 Ammiano,
2850 4367 2955 4432 lib.
2996 4382 3156 4422 xstv:
3211 4386 3229 4419 ι
3260 4366 3375 4421 Alia
3427 4380 3544 4437 pars
3582 4357 3773 4417 ﬂuminis

2237 4454 2590 4511 Naarmalcha
2622 4459 2855 4526 nomine,
2905 4458 3045 4528 quod
3096 4456 3312 4514 Fluvius
3343 4474 3525 4531 regum
3555 4458 3770 4521 interpre~

537 4546 623 4587 sas
650 4532 749 4586 fuit
777 4530 919 4600 apud
952 4538 1163 4585 veteres
1196 4543 1450 4583 manuum
1480 4528 1639 4583 lotio.
1690 4526 1963 4583 Lavabant
1998 4538 2124 4583 ante

2238 4556 2391 4613 tatur,
2423 4548 2772 4619 Ctesiphonta
2796 4526 3154 4620 praetermeat.
3184 4570 3203 4604 ι
3239 4526 3438 4607 Eodem
3466 4550 3628 4605 libro:
3658 4545 3769 4599 Vetto

537 4640 797 4691 mensam,
830 4621 1077 4678 levabant
1110 4633 1231 4692 post
1260 4621 1788 4688 mensam,|avaliant
1801 4620 2026 4688 oraturi,
2046 4621 2125 4674 la-

537 4713 1111 4769 vabantsacrilicaturi.
1127 4711 1301 4767 Credo
1324 4713 1613 4767 Antonium
1640 4712 1837 4768 lavisse
1857 4723 1983 4767 ante
2003 4728 2125 4768 ora—

537 4806 754 4860 tionem.
784 4802 839 4858 Id
859 4804 998 4859 enim
1015 4802 1331 4859 Christianis
1348 4804 1590 4858 solemne
1605 4813 1743 4858 erat.
1762 4802 2124 4859 Tertullianus

539 4896 869 4968 Apologetici
885 4914 934 4951 c.
949 4895 1017 4950 39
1035 4914 1081 4950 τι
1102 4896 1225 4951 Post
1240 4910 1430 4968 aquam
1447 4895 1749 4950 manualem
1771 4906 1824 4950 et
1842 4896 2126 4961 lumina,nt

538 4988 766 5056 quisque
804 4986 871 5041 de
905 4987 1195 5057 Scripturis
1216 4987 1438 5053 sanctis,
1465 4984 1548 5040 vel
1575 4986 1646 5041 de
1675 4986 1891 5056 praprio
1910 4988 2123 5060 ingenio

538 5086 735 5145 potest,
774 5088 1094 5149 provocatur
1137 5080 1188 5133 in
1238 5079 1473 5134 medium
1521 5079 1632 5135 Deo
1681 5094 1893 5136 canere.
1931 5099 1950 5133 ι
1991 5080 2122 5138 Vide

535 5167 732 5226 Julium
763 5168 1072 5240 Nigronium
1103 5180 1348 5225 nostrum
1379 5171 1447 5226 ad
1478 5170 1709 5242 Regulus
1738 5183 1948 5227 nostras
1978 5212 1992 5237 ,
2024 5172 2124 5229 hac

537 5263 605 5319 dc
636 5279 694 5320 re
723 5264 839 5320 fuse
862 5265 1240 5322 disserentem.

609 5357 874 5413 chaonnt
901 5372 1105 5416 INSULA.
1133 5358 1255 5415 Vita
1286 5360 1558 5431 Eugeniae,
1601 5377 1650 5417 c.
1700 5362 1771 5440 28
1804 5380 1819 5422 :
1855 5382 1873 5416 ι
1915 5363 2119 5421 Haecin

540 5449 714 5506 insula
746 5449 1017 5523 Lycaonia
1046 5460 1195 5523 gesta
1226 5463 1350 5508 sunt
1379 5468 1560 5509 coram
1591 5457 1841 5512 omnibus
1867 5498 1881 5523 ,
1914 5457 2006 5529 qui
2035 5473 2124 5515 se-

537 5540 837 5611 quebantur
866 5555 1091 5612 agonem
1126 5541 1401 5612 Eugeniae.
1440 5562 1460 5596 ι
1495 5544 1686 5603 Insula:
1735 5547 1893 5618 hujus
1922 5551 2124 5605 mentio

534 5633 694 5688 etiam
725 5632 959 5689 occurrit
989 5634 1043 5687 in
1068 5633 1217 5688 Actis
1234 5643 1542 5691 sanctorum
1574 5647 1870 5711 martyrum
1907 5638 2122 5695 Eusebii

536 5731 592 5779 et
618 5726 910 5792 sociorum,
940 5739 1166 5796 quorum
1213 5726 1402 5783 natalis
1439 5727 1738 5785 celebratur
1780 5729 2139 5795 20e‘cembr.

540 5817 715 5876 Habes
742 5834 803 5876 ea
834 5820 973 5890 apud
1006 5819 1313 5885 Baronium,
1340 5828 1482 5876 tomo
1525 5823 1566 5879 ll
1611 5827 1918 5891 Annalium,
1979 5842 2122 5883 anno

2230 4647 2340 4694 tum
2371 4649 2453 4695 est
2484 4640 2607 4696 hinc
2651 4642 2717 4696 ad
2748 4641 2932 4699 fossile
2964 4643 3160 4698 flumen
3199 4642 3543 4697 Naarmalcha
3575 4636 3768 4699 ηοιιιίηερ

2231 4729 2373 4797 quod
2417 4733 2604 4789 Amnis
2647 4749 2833 4804 regum
2866 4735 3264 4804 interpretatur.
3293 4754 3312 4787 ι
3347 4733 3520 4789 Simili
3546 4725 3770 4795 composi-

2232 4821 2377 4878 tione
2407 4824 2544 4896 apud
2578 4826 2856 4893 eumdem,
2888 4829 3077 4884 eodem
3111 4828 3269 4895 libro,
3321 4824 3674 4897 Brmnialdta
3696 4821 3768 4875 ha-

2233 4919 2364 4983 bes:
2416 4937 2434 4971 c
2466 4919 2692 4974 Ventum
2748 4923 2927 4977 estad
2978 4922 3155 4978 locum
3213 4915 3769 4978 Braxamalchanlteut

2234 5008 2659 5077 Maiozamalcha,
2688 5016 2876 5067 eodem
2926 5013 3104 5069 libro:
3151 5031 3171 5065 ι
3200 5013 3443 5083 Cumque
3484 5002 3767 5067 Maiozamal-

2230 5099 2385 5155 cham
2421 5101 2673 5167 venisset,
2719 5102 2908 5159 urbem
2941 5118 3187 5175 magnam
3230 5114 3284 5163 et
3306 5103 3489 5160 validis
3516 5095 3767 5157 circumda-

2232 5200 2336 5245 tam
2368 5192 2657 5251 mmnibus.
2690 5176 2709 5245 ί

2304 5283 2624 5341 Μηειιηυιι.
2657 5285 3013 5343 VitaJoannis
3050 5286 3489 5361 Eteemosynarii.
3523 5277 3764 5353 capiteil:

2236 5392 2254 5425 ι
2289 5373 2356 5429 Et
2381 5375 2579 5431 animal
2603 5386 2823 5445 portans
2846 5378 3085 5448 siligines
3102 5394 3131 5433 a
3161 5379 3445 5450 mancipio,
3472 5389 3618 5432 causa
3639 5382 3766 5441 pran-

2232 5465 2306 5522 dii
2330 5464 2518 5538 ipsius.
2542 5486 2560 5521 i
2596 5467 2691 5523 Est
2720 5468 2806 5524 liic
2837 5467 3159 5541 Mancipium
3188 5468 3361 5541 ipsum
3389 5468 3659 5541 pistrinum.
3688 5458 3765 5515 So-

2228 5566 2425 5624 crates,
2458 5557 2549 5614 lib.
2579 5574 2613 5613 v
2642 5558 2843 5615 Histor.
2888 5560 3120 5629 Eccles.,
3167 5574 3287 5630 cap.
3336 5561 3442 5629 18,
3495 5558 3558 5613 de
3605 5561 3764 5625 panum

2230 5645 2517 5716 praefectis,
2544 5650 2653 5716 qni,
2680 5649 2883 5720 inquit,
2923 5652 3251 5724 μὰνκιπιςτῇ
3296 5651 3541 5724 Ῥωμαίων
3591 5643 3764 5717 γλώσσῃ

2229 5738 2487 5795 καλοῦνται
2517 5781 2532 5803 .
2604 5741 2867 5815 mancipes
2904 5739 3286 5815 Romanorum
3339 5754 3562 5796 sermone
3616 5732 3766 5787 άίαίη·

2233 5837 2335 5884 tur.
2377 5828 2570 5886 Paulus
2628 5831 2899 5888 Diaconos
2933 5813 2974 5897 ,“
3010 5830 3365 5891 Historiarum
3415 5830 3502 5891 lib.
3549 5820 3762 5891 suum
