4014 6368
295 400 398 456 161

988 395 1472 455 OXOMASTICON
1516 396 1755 454 RERUM
1800 397 1887 453 ET
1928 396 2301 454 VERBOR'UM
2347 397 2874 455 DlFFlClLIORUM.

3456 403 3558 459 462

288 519 516 580 perante
557 509 887 567 Theodosio:
938 528 956 561 ι
993 511 1121 568 Erat
1162 511 1231 565 ab
1270 510 1422 565 initio
1452 511 1502 567 in
1549 511 1680 565 urbe
1710 511 1876 564 Roma
1903 512 1958 572 Α
1986 509 2068 565 los
2112 525 2338 581 gerens,
2374 526 2404 565 a
2437 526 2686 566 manuum
2741 513 3078 582 impositione
3134 523 3186 571 et
3234 517 3501 589 unctione.
3528 541 3549 574 ο

278 604 481 656 domus
525 601 722 674 ingenti
767 602 1125 672 magnitudine
1170 601 1458 667 fabricata,
1490 602 1542 655 in
1572 616 1675 671 qua
1718 602 1868 669 panis

289 695 473 750 ﬁebat.
509 694 706 749 llorum
737 694 1031 763 mancipes,
1055 701 1294 762 tempore
1322 692 1663 763 procedente,
1698 690 1873 761 pistri-

283 799 361 838 sta
395 784 602 852 publica
647 780 918 837 latrocinia
949 796 1070 839 esse
1096 781 1361 849 fecerunt,
1388 792 1499 837 etc.
1548 782 1659 836 lloc
1690 795 1873 851 agnos-

278 892 419 932 cens
450 878 766 945 imperator,
816 883 870 929 et
916 872 1188 944 mancipes
1232 872 1507 942 suppliciis
1552 871 1764 936 occidit,
1818 880 1874 925 et

280 970 463 1038 ipsum
500 968 778 1037 pistrinum
822 965 1101 1021 destruere
1147 966 1386 1020 funditus
1415 964 1685 1035 pracepit.
1732 982 1756 1015 λι
1794 964 1870 1018 Eo

284 1073 450 1112 sensu
482 1058 750 1127 Mancipes
793 1056 1124 1126 accipiuntur
1171 1056 1222 1111 in
1253 1056 1291 1111 l.
1343 1072 1380 1121 ι,
1404 1070 1461 1111 c.
1493 1054 1571 1111 De
1614 1056 1868 1110 lrumeat.

286 1154 409 1208 urb.
448 1154 848 1223 Constantinop.
877 1170 892 1220 ;
935 1154 1028 1209 lib.
1056 1169 1152 1219 xu,
1182 1166 1242 1209 ut
1269 1154 1384 1209 etl.
1417 1170 1450 1208 ll
1475 1164 1529 1210 et
1561 1154 1597 1208 l.
1629 1153 1748 1217 ult.,
1775 1168 1867 1208 eo-

278 1244 408 1300 dem
435 1246 514 1298 tit.
546 1244 597 1299 in
624 1244 757 1298 Cod.
788 1244 1033 1311 Theod.;
1063 1255 1117 1299 et
1146 1246 1197 1298 iu
1232 1245 1266 1299 l.
1295 1245 1464 1309 unic.,
1491 1258 1542 1299 c.
1595 1244 1674 1299 De
1705 1246 1867 1313 pisto-

283 1337 413 1399 rib.,
444 1336 537 1390 lib.
572 1352 645 1390 XI.
679 1335 733 1389 In
762 1351 864 1407 qua
912 1345 1087 1391 tamen
1135 1337 1401 1406 mancipiis
1429 1337 1605 1403 vulgo.
1658 1338 1863 1402 vitiose,

281 1445 381 1496 pro
410 1428 728 1494 mancipibua
754 1428 853 1495 legi
881 1428 991 1481 vult
1036 1428 1359 1492 Brissonius,
1400 1430 1450 1482 in
1482 1428 1675 1481 Lexico
1700 1427 1862 1482 iuris.

285 1519 500 1574 Sttitlus:
514 1520 894 1594 ’Δρτοπω).εῐον,
908 1522 965 1575 τὸ
977 1530 1283 1589 μανκιπιῐον,
1301 1521 1350 1575 ἐν
1363 1516 1455 1594 ᾧοὶ
1472 1518 1614 1599 ἄρτοι
1624 1523 1862 1594 ﬂuctv-rat:

275 1626 308 1659 η
335 1608 621 1663 Pistrinum
644 1624 738 1664 seu
766 1612 1105 1679 mancipium,
1123 1611 1293 1680 inquo
1315 1626 1480 1680 panes
1503 1611 1807 1667 coniiciunt.
1839 1631 1857 1661 ι

354 1701 580 1758 ΜΑΝειο.
610 1703 730 1757 Vita
755 1704 995 1771 Antonii,
1026 1721 1145 1776 cap.
1165 1704 1264 1760 Si:
1300 1725 1321 1759 ι
1351 1706 1429 1761 Ad
1460 1710 1682 1777 primam
1715 1724 1863 1763 man-

268 1792 487 1847 sionem
520 1794 875 1861 Alexandria),
905 1812 1024 1865 quae
1054 1797 1350 1865 appellatur
1375 1798 1675 1855 Cbrrreum.
1710 1818 1730 1852 ι
1769 1800 1861 1854 Est

1977 599 2198 670 Optatus
2225 602 2559 657 Milevitanus
2579 644 2595 670 ,
2642 602 2737 659 lib.
2779 619 2837 658 t:
2871 622 2891 656 ι
2924 603 2981 659 lu
3013 603 3273 660 Donatum
3302 618 3429 664 sunt
3474 611 3558 665 hae

1974 696 2265 751 sententiae
2307 697 2462 751 latae:
2493 694 2941 764 quod‘conlessus
2979 696 3051 751 sit
3092 711 3152 752 se
3171 698 3557 767 rebaptizasse,

1977 796 2034 842 et
2063 786 2502 857 episcopislapsis
2527 803 2720 843 manus
2747 787 3084 857 imposuisse,
3109 791 3249 859 quod
3278 792 3346 847 ab
3373 792 3560 848 Eccle-

1976 877 2054 933 sia
2096 879 2326 933 alienum
2371 889 2473 934 est.
2505 897 2524 931 ι
2579 880 2733 945 Quod
2781 881 3204 951 intelligendum,
3255 898 3361 940 non
3414 887 3557 965 quod

1970 969 2253 1039 episcOpos
2300 984 2557 1025 manuum
2598 970 2940 1039 impositione
2989 972 3413 1030 reconciliavcrit
3456 974 3557 1030 Ec-

1971 1058 2147 1114 clesite
2170 1060 2315 1129 (quae
2358 1069 2411 1117 et
2445 1060 2559 1129 ipsa
2606 1060 2862 1117 solemnis
2905 1064 3221 1118 eteremonia
3247 1066 3383 1134 erat)
3412 1107 3427 1133 ,
3459 1067 3555 1121 sed

1972 1146 2251 1216 episcopos
2265 1149 2432 1203 semel
2455 1164 2552 1218 per
2578 1165 2826 1205 manuum
2858 1151 3247 1219 impositionem
3279 1155 3379 1209 rite
3402 1169 3554 1211 crea-

1972 1246 2075 1299 tos,
2104 1251 2288 1291 rursus
2308 1238 2468 1293 simili
2514 1240 2828 1294 cmremornia
2852 1256 2946 1297 eos
2970 1245 3252 1299 creaverit.

2051 1330 2390 1399 Mltruontuu,
2415 1331 2527 1386 sive
2567 1332 2859 1399 Maron'rs,
2893 1336 3006 1389 sive
3057 1335 3337 1392 Mavoare.
3373 1338 3548 1394 Palla-

1967 1420 2108 1488 dius,
2141 1437 2192 1477 c.
2228 1420 2360 1477 l58:
2396 1441 2418 1474 ι
2450 1423 2520 1476 Ea
2552 1433 2751 1478 vestem
2779 1440 3004 1490 novam,
3034 1435 3129 1479 aut
3153 1429 3398 1503 μαφόριον
3424 1471 3439 1494 ,
3465 1439 3554 1484 aut

1966 1512 2202 1567 calceum
2224 1513 2397 1566 noluit
2424 1513 2685 1577 accipere.
2720 1532 2743 1566 s
2768 1516 2916 1582 Quod
2944 1517 3234 1572 llaraclidis
3264 1520 3552 1589 interpres,

1974 1615 2026 1654 c.
2076 1599 2146 1655 48
2169 1638 2189 1667 ,ν
2232 1603 2422 1658 vertit:
2476 1620 2500 1654 ι
2535 1602 2649 1657 Non
2691 1605 2902 1671 tunica,
2942 1621 3065 1659 'uon
3097 1616 3337 1662 mavorte
3368 1610 3414 1674 ,'
3446 1625 3550 1662 non

1958 1691 2343 1746 calceamentis
2373 1709 2602 1763 unquam
2654 1696 2808 1749 novis
2837 1696 2911 1750 uti
2954 1698 3141 1753 voluit.
3171 1717 3189 1750 ι
3223 1699 3353 1753 Item
3389 1699 3551 1755 llera-

1963 1782 2151 1851 clides,
2173 1797 2292 1852 cap.
2325 1782 2458 1839 49a
2495 1786 2759 1857 Quidquid
2794 1788 3016 1843 vestium
3048 1792 3338 1846 sericarum
3365 1792 3414 1846 in
3447 1807 3550 1847 ma-

274 1875 470 1933 αγρεε
489 1883 636 1952 μονή,
668 1882 885 1946 mansio,
910 1889 1087 1935 certus
1116 1892 1169 1936 et
1195 1891 1365 1936 status
1395 1885 1445 1937 in
1478 1885 1670 1940 hinc";
1698 1887 1862 1940 inter...
1892 1886 1938 1946 Β
1964 1875 2202 1931 vortibus
2248 1875 2450 1930 Ιιεὼυὶι.
2484 1896 2503 1930 ι
2563 1878 2659 1933 [ibi
2719 1881 2980 1935 "CI‘VCIIIS
3029 1882 3081 1936 in
3128 1883 3380 1950 Palladio,
3426 1899 3546 1954 cap.

278 1971 596 2040 quiescendi
613 1971 780 2037 locus,
799 1988 918 2042 quae
936 1974 1091 2027 dicta:
1103 1975 1264 2028 etiam
1274 1976 1506 2050 ἂλλαγαὶ,
1524 1982 1857 2046 συστήματα,

268 2062 348 2115 ad
362 2078 483 2117 eum
502 2063 715 2117 modum
732 2079 836 2132 quo
853 2065 1006 2119 hodie
1017 2080 1294 2120 cursorum
1309 2068 1511 2120 stabula
1526 2066 1855 2136 digeruntur.

350 2154 428 2209 De
455 2153 728 2210 Mansione
758 2155 826 2210 ita
853 2155 1051 2211 Fronto
1081 2168 1261 2213 noster
1285 2200 1299 2223 ,
1328 2158 1386 2212 in
1426 2157 1672 2213 Editione
1706 2157 1861 2213 Pari-

271 2244 440 2300 siensi
470 2244 689 2300 Palladii
715 2263 727 2299 :
759 2252 913 2313 Μονὴ,
941 2247 1302 2302 habitationem
1330 2257 1376 2303 et
1406 2248 1723 2303 domicilium
1768 2262 1859 2305 so-

271 2346 371 2388 nat
391 2336 779 2403 monachorum;
802 2337 921 2393 ideo
939 2337 1508 2408 scripserat‘Hervetus
1525 2340 1660 2409 apud
1685 2339 1856 2393 Palla—

267 2427 581 2496 dium,cap.
609 2429 708 2483 28:
735 2449 753 2482 ι
779 2431 1060 2499 pet-transit
1093 2442 1216 2486 octo
1237 2432 1580 2488 monasteria.
1613 2450 1632 2486 ι
1668 2431 1773 2487 Sed
1802 2442 1859 2487 ut

266 2517 605 2589 intelligatur
617 2535 871 2590 quantum
885 2522 987 2576 iter
1001 2537 1250 2578 emensus
1266 2524 1421 2578 fuerit
1438 2524 1651 2592 Paulus,
1675 2524 1857 2579 verisi-

266 2610 851 2666 miliusestPalladium
865 2614 1171 2684 designasse
1190 2620 1495 2681 mansiones,
1513 2631 1626 2681 quae
1652 2629 1703 2670 et
1725 2617 1854 2685 ipsa!

264 2704 425 2771 μοναὶ
466 2701 795 2757 dicebantur.
828 2702 985 2760 Unde
1019 2704 1323 2760 lleraclides
1355 2721 1370 2759 :
1400 2724 1422 2757 ‹
1460 2706 1713 2761 Ascendit
1733 2717 1853 2762 octo

265 2792 545 2860 proximas
567 2794 890 2850 mansiones.
923 2796 1006 2850 slu
1032 2794 1149 2849 Vita
1174 2797 1386 2850 Antonii
1418 2812 1432 2850 :
1468 2813 1489 2847 ί
1524 2795 1601 2852 Ad
1626 2799 1848 2866 primam

254 2883 606 2937 mansionem
634 2884 995 2953 Alexindrim,
1024 2902 1144 2956 qua:
1169 2890 1464 2957 appellatur
1492 2887 1799 2944 Cltaareum.
1824 2909 1842 2942 ι

342 2975 450 3030 Sed
498 2976 892 3046 distinguuntur
920 2996 949 3032 a
980 2981 1359 3037 mutationibus
1401 2983 1707 3038 mansiones
1735 3025 1749 3049 ,
1792 2994 1849 3039 ut

264 3078 415 3121 recte
440 3068 692 3122 admonet
720 3070 1059 3126 doctissimus
1090 3072 1350 3144 Pythmus
1376 3073 1427 3131 in
1457 3073 1766 3144 praefatione
1795 3076 1845 3129 in

252 3154 602 3212 ‘ltinerarinm
630 3159 991 3232 Jerosolymit.
1014 3162 1149 3217 Sunt
1175 3167 1316 3219 enim
1346 3166 1665 3220 mutationes
1696 3181 1847 3221 vere-

1961 1964 2091 2020 H9:
2118 1982 2139 2015 ι
2165 1967 2340 2020 omnia
2377 1970 2546 2024 serica
2569 1986 2665 2023 sua
2689 1973 3148 2040 superlmmeralia
3172 1985 3499 2044 tegumenta.
3523 1996 3543 2030 s

1959 2054 2061 2123 Qui
2092 2055 2301 2111 videtur
2326 2058 2379 2111 in
2411 2059 2605 2114 Cra-co
2634 2076 2731 2115 suo
2775 2072 2923 2116 textu
2958 2064 3223 2119 invenisse
3252 2067 3546 2142 ὠμοφόριας

1956 2148 2013 2203 in
2044 2147 2235 2202 Graeco
2268 2157 2412 2202 textu
2443 2150 2647 2205 Veneto
2686 2162 2786 2217 est,
2814 2153 3078 2228 ἡμιφόρια.
3114 2154 3242 2210 Vide
3282 2171 3463 2223 supra,
3495 2157 3546 2210 in

1957 2237 2352 2293 Hsmruoatuu.
2381 2243 2662 2315 Ἦμιφόριον
2691 2243 3069 2311 interpretatus
3098 2260 3215 2300 sum
3250 2258 3544 2309 mavortent,

1957 2332 2101 2401 quod
2130 2333 2199 2387 ita
2249 2333 2543 2389 Heraclidis
2582 2334 2932 2403 interpretem
2975 2339 3204 2392 vertisse
3259 2340 3542 2408 aspiciam.

1956 2418 2111 2480 Unde
2163 2441 2377 2496 quoque
2406 2425 2707 2497 colligimus
2756 2437 3050 2483 mavortem
3095 2429 3258 2486 fuisse
3298 2433 3460 2486 breve
3490 2444 3544 2486 et

1958 2515 2111 2583 quasi
2151 2517 2430 2573 dimidium
2465 2517 2763 2585 palliolum,
2799 2520 2939 2574 unde
2961 2521 3223 2598 ἡμιφόριον
3254 2523 3469 2577 dicitur.

2030 2604 2108 2661 De
2138 2622 2206 2662 eo
2246 2610 2317 2662 ita
2354 2609 2635 2672 Barouius,
2668 2618 2814 2665 tomo
2846 2611 2981 2677 Vlll,
3016 2627 3155 2667 anno
3180 2613 3376 2669 Christi
3406 2613 3541 2671 .595.

1956 2696 2029 2752 Ea
2056 2713 2190 2755 voce
2213 2700 2411 2756 diversi
2430 2702 2649 2773 generis
2668 2702 3055 2761 indumentum
3089 2722 3186 2776 pro
3208 2709 3541 2765 diversarum

1948 2802 2308 2857 personarum
2347 2793 2652 2847 conditione
2680 2796 2984 2863 reperimus
3016 2798 3331 2867 signiﬁcari.
3365 2801 3541 2870 Atque

1952 2881 2005 2935 in
2053 2882 2237 2950 primis
2263 2883 2571 2948 Cassianus,
2605 2886 2739 2940 lih.t
2768 2887 2964 2952 lnSliL,
2995 2902 3113 2958 cap.
3144 2890 3176 2942 7
3194 2929 3212 2955 ,
3245 2891 3315 2946 de
3358 2892 3540 2947 habitu

1950 2973 2197 3026 monachi
2215 2973 2451 3029 declarat
2477 2976 2638 3030 luisse
2653 2978 3077 3044 superhumeros
3105 2983 3300 3050 apponi
3321 2983 3536 3038 solitum

1951 3059 2189 3117 habitum
2208 3066 2472 3131 monachi,
2494 3068 2580 3122 ubi
2599 3068 2692 3131 ait;
2717 3085 2736 3120 ι
2751 3070 2875 3127 Post
2888 3070 3002 3127 brec
3015 3083 3238 3143 angusto
3252 3076 3410 3143 pallio
3432 3085 3539 3131 tam

1947 3152 2176 3208 amictus
2216 3154 2600 3221 humilitatem,
2631 3173 2790 3229 quam
2819 3158 3073 3217 vilitatem
3110 3166 3266 3232 pretii
3291 3180 3543 3236 compen-

263 3252 458 3303 dorum
491 3250 573 3306 vel
610 3253 917 3308 animalium
948 3254 1014 3309 ad
1045 3256 1161 3320 iter,
1209 3273 1327 3327 quae
1360 3257 1621 3314 vehiculis
1650 3267 1705 3313 et
1731 3259 1842 3313 ani-

1962 3244 2200 3316 liumque
2217 3257 2488 3304 sectantes
2507 3288 2523 3314 ,
2554 3250 2691 3304 colla
2720 3251 2918 3319 pariter
2944 3262 3001 3307 et
3026 3253 3283 3311 humeros
3307 3264 3493 3327 tegunt
3520 3274 3538 3312 :

262 3340 497 3393 malihus
528 3341 799 3397 instructae
829 3345 1185 3412 reperiuntur,
1209 3347 1299 3401 sed
1322 3362 1424 3401 non
1453 3348 1661 3405 caeteris
1686 3350 1846 3405 rebus

262 3430 333 3484 ad
361 3416 515 3486 usutit
563 3433 684 3487 vita:
724 3435 966 3490 humanae
1016 3438 1476 3507 peregrinantibus
1505 3443 1843 3507 necessariis,

262 3536 326 3575 ut
354 3524 676 3587 mansiones,
707 3525 928 3594 ideoque
951 3526 1343 3598 distinguuntur
1374 3530 1423 3583 iu
1459 3529 1608 3584 libris
1633 3532 1847 3587 Codicis

262 3612 620 3669 Theodosiani
639 3631 689 3682 v,
709 3632 782 3683 χι,
800 3617 879 3670 tit.
903 3620 1012 3673 l.c.
1029 3619 1082 3674 9.
1115 3619 1294 3690 Itaque
1315 3622 1569 3676 utvidere
1584 3623 1729 3676 estin
1759 3623 1841 3677 lti-

263 3703 480 3757 iteratio
516 3705 769 3759 Antonini
789 3716 845 3761 et
868 3708 1145 3762 ItT-nerario
1172 3710 1532 3781 Burdigaleusi
1563 3711 1630 3769 ab
1658 3715 1844 3769 eodem

254 3793 491 3863 'Pythaao
519 3796 685 3863 edito,
745 3800 1051 3854 mansiones
1095 3816 1125 3854 a
1156 3804 1535 3859 mutatis-nibus
1582 3807 1846 3862 distinctae

254 3896 423 3949 sunt;
448 3872 567 3940 nam
590 3901 620 3939 a
646 3886 921 3955 Burdigala
956 3891 1166 3946 Arelate
1190 3908 1353 3961 usque
1384 3896 1700 3951 mutationes
1723 3906 1847 3951 sunt

261 3990 401 4040 xxx,
454 3982 758 4033 mansiones
790 3995 880 4043 'xt,
928 3989 981 4034 et
1009 3996 1036 4034 a
1082 3982 1300 4036 Sardica
1330 3983 1844 4057 Constantinopolim

262 4069 591 4122 mutationes
622 4084 729 4135 χιι,
766 4071 1071 4125 mansiones
1097 4088 1185 4126 xv.

338 4151 479 4212 Sunt
518 4168 573 4213 et
602 4161 690 4228 qui
724 4175 819 4229 pro
853 4163 1044 4216 itinere
1074 4164 1228 4217 unius
1273 4164 1377 4219 diei
1419 4168 1533 4220 sine
1563 4168 1716 4222 diaeta
1747 4186 1848 4224 una

262 4254 599 4307 mansionem
626 4265 841 4322 ponant,
867 4265 922 4309 ut
948 4271 1067 4310 cum
1095 4257 1167 4310 ait
1191 4256 1415 4326 Plinius,
1446 4258 1539 4315 lib.
1566 4277 1657 4326 xu,
1684 4276 1733 4316 c.
1762 4262 1847 4329 Η,

258 4345 637 4400 mansionibus
692 4356 814 4401 octo
867 4348 1070 4403 distare
1123 4349 1437 4405 thurileram
1492 4354 1762 4422 regionem
1820 4372 1850 4411 a

264 4445 448 4511 monte
460 4436 692 4502 excelso,
710 4437 762 4491 in
783 4454 887 4507 quo
916 4454 1084 4510 pagus
1107 4449 1192 4495 est
1216 4441 1526 4497 Sabaeorum
1550 4447 1845 4502 Atramitaz.

345 4528 640 4581 Arbitraria
666 4531 897 4595 mansio,
914 4530 982 4584 de
1004 4547 1104 4599 qna
1130 4531 1181 4585 in
1210 4532 1321 4587 Vita
1348 4534 1653 4603 Hilarionis,
1678 4540 1851 4607 capite

1944 3337 2086 3406 quod
2116 3337 2368 3393 malortes
2398 3339 2536 3407 (sive
2566 3340 2862 3412 mavortes)
2889 3351 2995 3398 tam
3026 3353 3211 3400 nostro
3256 3361 3417 3418 quam
3459 3350 3543 3420 ip-

1949 3445 2135 3487 sorum
2162 3442 2499 3501 nuncupatur
2526 3432 2762 3521 eloquio.
2786 3452 2814 3488 ο

2015 3542 2286 3597 Cancrum
2331 3544 2432 3598 etsi
2468 3544 2711 3613 ejusdem
2758 3547 3014 3614 nominis,
3061 3549 3201 3605 haud
3253 3551 3394 3607 idem
3426 3563 3544 3608 erat

1944 3631 2051 3689 boc
2103 3632 2512 3701 indumentum,
2567 3640 2635 3692 de
2683 3655 2787 3705 quo
2834 3639 2887 3692 in
2921 3640 3017 3693 hac
3047 3643 3291 3710 synodali
3320 3646 3539 3713 epistola

1940 3726 2137 3796 synodi
2186 3726 2558 3795 Pictaviensis,
2612 3729 2752 3798 apud
2803 3728 3117 3801 Gregorium
3149 3734 3537 3802 Tumuensem,
3600 3800 3607 3805 _

1951 3816 2092 3872 libro
2118 3834 2174 3881 ς,
2202 3820 2379 3888 capite
2408 3820 2517 3875 16:
2546 3830 2573 3871 ι
2605 3820 2679 3875 De
2711 3820 2848 3889 palla
2883 3822 3024 3889 quod
3049 3834 3380 3891 reputarent,
3412 3840 3537 3893 pro-

1947 3913 2073 3967 tulit
2101 3915 2416 3968 monacham
2452 3914 2665 3985 1038
2711 3914 2970 3981 nobilem,
3004 3931 3122 3984 quae
3159 3916 3207 3972 ei
3253 3919 3537 3974 mafortcm

1951 4006 2313 4062 bolosericum
2341 4049 2356 4072 ,
2388 4024 2546 4077 quem
2596 4008 2663 4065 de
2691 4010 2999 4078 parentibus
3042 4011 3249 4075 detulit,
3294 4012 3536 4067 muneris

1951 4113 2108 4155 causa
2138 4101 2494 4166 concesserit,
2524 4110 2580 4155 et
2610 4100 2736 4156 inde
2767 4094 2974 4169 partem
3008 4101 3348 4167 abscidisset,
3396 4102 3539 4158 unde

1950 4191 2089 4259 quod
2120 4190 2277 4246 vellet
2306 4201 2359 4247 et
2382 4193 2618 4257 laceret;
2665 4194 2732 4245 de
2761 4191 2967 4261 reliquo
2993 4207 3121 4250 vero
3147 4203 3405 4264 quantum
3433 4209 3535 4264 op-

1952 4293 2237 4352 portunum
2269 4282 2388 4347 fuit,
2418 4284 2484 4337 ad
2510 4293 2761 4338 ornatum
2805 4284 2992 4339 altaris
3034 4286 3227 4354 pallam
3270 4286 3540 4353 condigne

1952 4374 2291 4440 condiderit;
2325 4386 2379 4428 et
2407 4374 2477 4429 de
2504 4374 2595 4429 illa
2627 4375 2881 4440 scissura,
2910 4390 3029 4443 quae
3060 4375 3217 4443 palla:
3245 4376 3531 4444 superfuit,

1953 4478 2236 4535 purpuram
2281 4465 2428 4532 nepti
2472 4480 2582 4520 suae
2613 4467 2666 4520 in
2725 4467 2901 4520 tunica
2952 4466 3211 4534 posuerit.
3250 4483 3273 4517 υ
3325 4466 3537 4520 Etenim

1956 4556 2174 4609 minime
2200 4561 2321 4608 erat
2359 4554 2487 4618 vile,
2535 4556 2678 4622 quod
2722 4554 3081 4609 liolosericum
3132 4561 3311 4617 esset;
3367 4568 3542 4622 neque

265 4619 329 4672 2|
352 4637 366 4674 :
387 4620 516 4672 «Vix
535 4619 781 4673 abinvito
802 4621 1129 4690 impetravit,
1153 4632 1210 4675 ut
1232 4638 1382 4677 suum
1408 4641 1619 4695 (proque
1634 4643 1847 4683 monas-
1880 4612 1932 4671 Ι)
1956 4646 2139 4707 ιιι-θνα,
2171 4659 2238 4698 εχ
2268 4658 2376 4712 quo
2402 4612 2636 4698 ρι’[αξω
2672 4652 2762 4698 εει
2811 4628 2994 4697 δεκέτει
3032 4642 3194 4712 palla,
3223 4655 3277 4697 et
3300 4612 3545 4711 insuper

265 4714 459 4765 terium
486 4711 535 4765 iu
554 4715 884 4766 mansionum
904 4712 1089 4768 ordine
1107 4725 1349 4782 poneret.
1376 4736 1394 4768 ι
1417 4717 1569 4784 Apud
1593 4719 1849 4787 quosdam

265 4804 412 4857 enim
452 4802 699 4856 manebat
726 4802 981 4866 llilarion,
1009 4803 1267 4871 quosdam
1299 4813 1500 4859 tantum
1530 4808 1579 4861 in
1622 4810 1847 4863 transitu

269 4896 539 4949 vi~itabat.
567 4893 760 4949 Ibidem
785 4905 907 4949 ante
932 4910 975 4949 ει
998 4893 1348 4965 Etdigereret
1369 4897 1421 4951 in
1438 4899 1688 4953 schedula
1712 4902 1848 4970 apud

268 5000 403 5057 quos
432 5000 671 5051 manere,
698 5000 832 5054 quos
862 4986 915 5039 iu
947 4986 1171 5041 transitu
1198 4986 1416 5041 visitare
1437 4987 1673 5044 deberet.
1697 5010 1715 5041 ι

355 5078 583 5133 Mutuus
609 5091 889 5133 IIIPOSITIO.
909 5077 1285 5143 VitaAhralne,
1310 5093 1428 5147 cap.
1453 5078 1486 5131 5
1503 5096 1547 5134 ;‹
1570 5080 1850 5150 Perimpo-

268 5168 519 5223 sitionem
546 5181 734 5222 manus
762 5168 1037 5237 presbyter
1061 5166 1358 5223 ordinatus.
1390 5188 1409 5221 ι
1442 5167 1558 5223 lam
1602 5170 1670 5224 ab
1699 5186 1855 5240 apos-

264 5260 502 5314 tolorum
536 5258 864 5327 temporibus
916 5258 1286 5327 episcOporum
1316 5267 1371 5313 et
1417 5260 1851 5331 presbyterorum

270 5348 536 5405 ordinatio
567 5364 817 5403 manuum
850 5347 1189 5417 impositione
1225 5365 1318 5404 seu
1362 5352 1658 5426 χειροθεσίᾳ
1691 5350 1855 5407 facta.

275 5440 439 5495 Divus
466 5439 681 5503 Paulus,
709 5440 724 5491 l
753 5438 987 5494 Timotlt.
1020 5455 1072 5494 tv
1109 5449 1165 5494 et
1194 5454 1253 5502 v;
1296 5438 1583 5510 Gregorius
1628 5444 1854 5499 Nazian-

268 5550 457 5597 zenus,
490 5541 627 5587 orat.
660 5533 751 5601 20,
782 5532 834 5586 in
865 5532 1075 5588 laudem
1120 5533 1324 5599 Basilii,
1351 5534 1418 5589 de
1461 5546 1607 5606 patre
1636 5552 1733 5592 suo
1767 5552 1850 5594 re-

273 5629 470 5684 deuote
513 5628 581 5682 ab
630 5628 892 5682 electione
932 5628 1164 5696 episcopi
1199 5628 1582 5684 Caesariensis:
1618 5618 1853 5690 ἐπάνιις

272 5741 355 5774 σιν
385 5719 643 5785 tuaehuic,
676 5714 779 5773 ἄνω
812 5717 1031 5789 βλέπων,
1056 5719 1268 5792 ῥωσθεὶς
1302 5720 1356 5774 ἐκ
1400 5730 1490 5780 τῆς
1522 5724 1727 5797 χειρὸς,
1770 5728 1851 5781 καὶ

276 5829 367 5873 τῆς
400 5814 625 5883 κρίσεως
651 5829 693 5863 .‹
729 5809 887 5866 Redit
916 5809 1098 5867 ﬁrmus
1124 5827 1189 5866 ac
1211 5812 1416 5879 valens,
1440 5814 1695 5870 sublimes
1719 5831 1851 5872 ocuo

1958 4745 2147 4790 ornata
2192 4749 2411 4803 sponsa.
2466 4735 2615 4790 Unde
2644 4736 2812 4805 magis
2854 4736 2996 4788 illius
3047 4735 3258 4805 generis
3293 4744 3544 4803 putamus

1963 4828 2132 4883 luisse
2179 4826 2484 4893 mafortem,
2536 4826 2605 4881 de
2652 4841 2762 4896 quo
2815 4837 3029 4882 sanctus
3076 4826 3429 4898 Hieronymus
3476 4828 3544 4882 ad

1962 4916 2309 4973 Eustochium
2337 4917 2524 4971 scribit
2566 4917 2724 4985 epist.
2763 4916 2857 4981 Si,
2899 4931 3021 4971 cum
3050 4918 3166 4972 tunc
3197 4918 3270 4972 ait
3294 4918 3366 4973 de
3417 4919 3544 4973 luxu

1960 5007 2124 5062 nimio
2157 5007 2441 5062 stultorum
2476 5007 2780 5077 virginum:
2836 5024 2857 5059 ι
2888 5008 2953 5062 Et
2983 5023 3077 5076 per
3118 5009 3371 5064 humeros
3412 5009 3544 5080 hya-

1960 5098 2196 5153 cinthina
2231 5098 2365 5152 laena
2399 5108 2638 5153 mavorte
2678 5097 2925 5153 volitans.
2958 5115 2978 5148 υ
3012 5098 3219 5164 Quibus
3249 5100 3540 5170 intelligas,

1963 5204 2067 5243 non
2095 5188 2261 5244 breve
2290 5188 2453 5243 fuisse
2496 5188 2773 5257 palliolum
2798 5195 2857 5242 et
2883 5196 3189 5258 angustum,
3222 5192 3315 5245 sed
3365 5192 3545 5247 laxam

1959 5264 2324 5348 vestem,'qu:e
2349 5293 2460 5347 pra:
2488 5277 2779 5333 latitudine
2790 5280 3191 5347 expanderetur
3208 5281 3276 5336 ad
3302 5291 3542 5348 ventum,

1954 5368 2029 5424 uti
2042 5372 2202 5425 etiam
2220 5373 2273 5424 in
2289 5371 2481 5424 statuis
2497 5371 2756 5438 scalptum
2774 5369 3041 5427 videmus.
3054 5369 3353 5430 Commune
3368 5385 3544 5429 tamen

1952 5456 2276 5529 fuitutrique
2293 5460 2469 5525 sexui,
2481 5459 2623 5528 quod
2640 5460 2703 5514 ad
2722 5460 3006 5530 tegendum
3018 5463 3547 5522 collumetltumeros

1959 5550 2120 5605 veluti
2159 5550 2374 5619 pallium
2414 5550 2771 5618 compositum
2809 5560 2955 5618 erat,
2982 5552 3053 5607 ob
3084 5552 3246 5623 idque
3272 5554 3545 5610 communi

1958 5656 2110 5710 teque
2123 5644 2338 5696 nomine
2356 5640 2610 5697 maforte:
2634 5640 2923 5699 diceretur.
2961 5642 3232 5701 Hactenus
3258 5644 3543 5700 Barouius.

2027 5727 2267 5784 Malortis
2289 5727 2533 5785 meminit
2562 5729 2725 5785 etiam
2766 5730 3082 5800 Cassianus,
3114 5733 3209 5789 lib.
3243 5748 3293 5786 tv
3320 5731 3493 5787 lostit.
3525 5771 3542 5799 ,

1957 5835 2075 5888 cap.
2138 5822 2237 5876 15:
2303 5838 2321 5871 t
2354 5820 2552 5875 Prmer
2605 5822 2906 5892 colobium,
2970 5824 3271 5892 malortem,
3324 5826 3540 5895 caligas,
