4014 6368
293 349 397 407 469

981 346 1458 407 ONOMASTICON
1503 346 1684 402 R-ERU
1697 348 1736 400 Μ
1785 346 1869 400 ΕΤ

1990 343 2288 402 iRBURUM
2334 348 2859 410 DIFFICILIORUM.

3448 355 3548 411 ιῗο

386 462 595 536 1041
642 462 1024 530 Comparemus
1047 463 1156 533 jam
1189 463 1301 518 loca
1342 471 1692 528 utrorumque
1724 473 1871 514 men-
1901 459 1946 516 A
1979 460 2133 514 rium.
2167 477 2185 512 ι
2220 460 2335 515 Non
2367 471 2530 517 recte.
2577 463 2739 519 Recte
2769 466 2966 519 Fronto
3010 477 3228 523 noster:
3263 487 3280 521 ι
3316 449 3546 526 Faciunt

293 557 460 621 sium,
502 570 619 626 quas
649 556 702 608 in
751 555 882 609 Vitis
914 555 1128 607 Patrum
1171 562 1482 618 occurrunt,
1514 563 1566 607 et
1594 553 1871 607 videamus

293 663 363 700 an
392 656 535 702 recta
568 646 726 700 Bedae
779 646 918 700 inter
943 655 1196 714 utrosque
1241 658 1454 700 menses
1480 644 1546 698 sit
1592 656 1870 712 compara-

292 740 392 793 tio.

371 828 488 882 Vita
537 827 810 881 Pachomii
859 841 910 880 c.
942 825 977 879 ’5
1010 843 1022 878 :
1059 842 1077 876 ι
1115 825 1363 879 Reddidit
1407 826 1636 878 animam
1683 831 1874 892 quarto

291 919 509 973 decimo
534 918 623 972 die
653 917 852 971 mensis
880 916 1090 970 Pachou
1114 915 1404 970 secundum
1441 915 1745 985 IEgyptios,
1780 914 1873 981 qui

295 1024 380 1068 est
408 1013 556 1082 juxta
591 1012 858 1064 Romanos
903 1010 967 1062 ad
1000 1009 1286 1077 septimum
1320 1008 1460 1062 diem
1503 1008 1686 1062 Iduum
1715 1007 1874 1060 Maia-

293 1121 437 1161 rum.
475 1124 492 1156 ι
543 1103 732 1172 Incipit
779 1103 994 1156 Pachon
1027 1119 1076 1155 VI
1119 1101 1343 1155 Kalend.
1375 1101 1517 1168 Maii,
1568 1099 1619 1153 id
1650 1109 1758 1164 est,
1805 1098 1875 1152 26

291 1199 522 1266 Aprilis.
555 1196 706 1252 Unde
735 1194 1087 1258 numerando,
1121 1196 1186 1249 ad
1218 1195 1249 1247 9
1281 1193 1422 1261 Maii,
1449 1202 1608 1250 erunt
1639 1209 1728 1248 xtv
1759 1193 1874 1249 dies

291 1286 458 1354 iuste.

372 1376 487 1430 Vita
513 1375 780 1430 Pachomii
800 1415 817 1442 ,
845 1390 895 1429 c.
919 1373 1024 1430 29:
1056 1393 1074 1427 ι
1103 1375 1384 1430 undecimo
1411 1376 1609 1431 mensis
1637 1375 1792 1445 Tybi,
1823 1375 1872 1429 id

290 1475 397 1528 est,
423 1476 616 1520 octavo
637 1467 713 1520 ld.
737 1465 1129 1531 Januariarum,
1159 1466 1398 1536 quaedam
1423 1467 1561 1537 apud
1590 1467 1872 1539 [Egyptum

295 1557 604 1612 celebratur
626 1573 690 1611 ex
722 1572 869 1611 more
899 1554 1178 1610 festivitas.
1223 1575 1243 1609 ι

372 1647 492 1701 Vita
522 1648 699 1701 Maria:
723 1647 1078 1717 Egyptiacaa,
1103 1661 1154 1700 c.
1182 1645 1252 1699 25
1278 1665 1291 1701 :
1322 1665 1341 1698 ι
1375 1647 1708 1702 Transeunte
1728 1663 1875 1702 men-

293 1755 356 1795 se
384 1740 656 1794 Parmothi
696 1741 985 1795 secundum
1019 1740 1319 1812 IEgyptios,
1360 1742 1450 1812 qui
1477 1751 1556 1797 est
1581 1743 1872 1797 secundum

1973 551 2340 609 inclinationes
2372 567 2477 610 tres
2507 557 2569 610 ad
2597 568 2835 612 sanctum
2870 559 3060 614 altare.
3089 578 3108 613 ι
3147 561 3200 616 In
3230 561 3537 629 Graecorum

1975 642 2300 716 Euchologio
2350 646 2625 711 diaconus,
2677 649 2878 734 multis.
2913 649 3068 714 locis,
3112 660 3185 723 τῷ
3234 652 3362 729 ἱερεῖ
3408 663 3553 731 τρεῖς

1971 743 2241 806 μετανοίας
2266 740 2437 812 βάλλει
2467 756 2479 792 :
2516 758 2534 792 ι
2565 740 2880 796 Paenitentis
2911 743 2962 796 in
2991 743 3398 802 modum.tertio
3427 755 3554 802 ante

1977 828 2147 895 ipsum
2171 843 2230 885 se
2253 831 2509 885 incurvat.
2531 848 2550 883 ι
2587 832 2719 888 Vide
2741 833 3046 901 Baronium,
3075 844 3113 889 t.
3139 835 3271 903 VIII,
3293 853 3382 894 an.
3403 838 3555 894 Chri-

1975 919 2041 973 8ti
2068 916 2172 974 656
2198 931 2251 974 et
2280 922 2487 976 Billium
2511 962 2527 990 ,
2550 925 2719 983 schol.
2752 925 2820 978 32
2865 927 2919 983 in
2948 928 3245 986 orationem
3275 931 3303 986 l
3333 930 3554 987 Joannis

1978 1009 2292 1069 Damasceni
2316 1014 2390 1070 De
2413 1016 2750 1086 imaginibus.

2047 1101 2408 1159 MILIAIIISIUM.
2457 1105 2677 1162 Joannis
2731 1109 2929 1164 Moschi
2981 1111 3194 1166 Pratum
3241 1112 3548 1181 spirituale,

1977 1206 2096 1262 cap.
2126 1192 2260 1249 185:
2285 1213 2302 1245 ι
2327 1195 2602 1251 Habebaut
2630 1207 2803 1253 tamen
2825 1201 3200 1272 quinquaginta
3241 1203 3552 1268 miliarisia,

1978 1282 2116 1351 quod
2165 1285 2498 1340 numismatis
2553 1303 2718 1356 genus
2766 1300 2867 1344 est.
2929 1292 3278 1361 Epiphanius,
3314 1293 3388 1348 De
3420 1309 3554 1362 pon-

1976 1374 2194 1429 deribus
2221 1386 2274 1430 et
2305 1378 2567 1433 mensuris
2597 1395 2610 1432 :
2639 1382 2704 1434 Τό
2748 1381 2800 1437 δὲ
2829 1381 3074 1460 ἄργυρον,
3119 1386 3272 1442 τοῦτό
3301 1387 3436 1442 ἐστιν
3464 1384 3556 1442 Boi

1975 1463 2214 1538 Ῥωμαῖοι
2224 1469 2392 1544 μιλιαρ
2402 1472 2530 1525 ίσιον
2544 1473 2805 1537 καλοῦσιν,
2820 1473 2844 1527 ὃ
2857 1476 3181 1550 ἑρμηνεύεται
3198 1479 3557 1548 στρατιωτικὸν

1978 1557 2127 1630 δόμα.
2159 1578 2177 1612 ι
2204 1563 2496 1630 Argenteus
2515 1579 2543 1616 a
2561 1564 2815 1620 Romanis
2829 1567 3159 1622 miliarisium
3178 1568 3392 1634 dicitur,
3410 1569 3550 1637 quod

1981 1650 2209 1705 militare
2232 1651 2534 1708 donativum
2560 1655 2900 1724 interpretari
2926 1660 3120 1726 possis.
3147 1678 3164 1710 ι
3196 1659 3388 1714 Suidas
3413 1675 3428 1714 :
3451 1667 3557 1714 Mr-

1977 1741 2264 1815 λιαρήσιον,
2305 1747 2614 1816 νομίσματος
2654 1747 2884 1804 δέκατον.
2920 1769 2938 1802 ι
2969 1750 3344 1815 Miliaresium,
3380 1751 3554 1806 numi-

297 1829 567 1886 Bomanos
615 1831 812 1900 Aprilis
862 1831 947 1886 die
986 1823 1242 1897 nona,'id
1269 1842 1384 1899 est,
1433 1849 1466 1885 v
1496 1832 1572 1889 ltl.
1606 1833 1818 1902 Aprilis.
1851 1850 1872 1885 ι
1910 1835 1958 1896 Ι
1986 1832 2169 1884 sinatis
2216 1833 2419 1888 decima
2467 1850 2610 1903 pars.
2644 1855 2662 1888 ι
2716 1838 2792 1893 De
2826 1838 2926 1892 hoc
2976 1841 3310 1894 numismatis
3363 1856 3558 1909 genere

297 1920 414 1975 Erit
442 1922 526 1975 hic
569 1922 684 1976 dies
733 1920 798 1975 14
842 1923 1112 1978 ParmOthi
1163 1939 1254 1977 seu
1307 1923 1618 1978 Pharmuthi
1676 1922 1876 1979 mensis

297 2012 536 2083 Aigyptii
563 2013 713 2081 juxta
742 2014 1070 2080 superiorem
1102 2015 1358 2068 tabulam.

372 2104 489 2157 Vita
517 2104 796 2172 Onuphrii,
822 2113 1036 2159 auctore
1061 2105 1382 2173 Paphnutio,
1404 2106 1455 2158 in
1482 2105 1617 2160 Vitis
1635 2105 1874 2172 Patrum,

298 2212 418 2265 cap.
475 2197 584 2251 16:
621 2215 641 2248 ι
680 2195 908 2251 Sanctus
959 2199 1117 2266 igitur
1156 2197 1464 2265 Onuphrius
1515 2198 1645 2252 obiit
1695 2211 1879 2251 mense

297 2288 486 2353 Junio,
540 2288 628 2344 die
676 2289 978 2355 undecimo,
1037 2289 1086 2342 id
1118 2300 1220 2353 est,
1273 2289 1428 2343 tertio
1470 2289 1590 2343 ldus
1637 2286 1878 2358 ejusdem

305 2380 528 2435 mensis.
561 2398 579 2430 ι
611 2380 738 2445 Quae
771 2395 873 2434 non
896 2380 1160 2449 quadrant
1185 2395 1306 2435 cum
1336 2395 1559 2434 numero
1593 2379 1732 2448 apud
1768 2380 1879 2434 Me-

302 2474 636 2542 taphrastem
667 2490 679 2526 :
714 2491 731 2524 t
773 2473 899 2527 Erat
921 2482 1096 2527 autem
1126 2474 1239 2527 dics
1274 2485 1453 2527 sextus
1477 2473 1691 2542 quidem
1738 2472 1883 2528 deci-

304 2579 425 2618 mus
456 2564 657 2618 mensis
687 2563 863 2618 Pauen
894 2565 1010 2631 (seu
1044 2563 1241 2630 Panni)
1264 2603 1280 2629 ,
1305 2580 1478 2618 nonus
1529 2573 1706 2617 autem
1738 2563 1880 2619 Junii

301 2656 503 2710 mensis
531 2655 667 2724 apud
725 2655 1014 2709 Romanos.
1051 2673 1070 2706 ι
1121 2653 1272 2721 Quod
1305 2655 1347 2707 si
1387 2664 1535 2710 recte
1564 2655 1704 2710 Beda
1730 2670 1882 2709 men-

299 2764 389 2803 ses
429 2748 711 2818 Egyptios
759 2763 876 2800 cum
926 2747 1176 2799 Romanis
1222 2756 1545 2813 comparat,
1593 2747 1708 2801 dies
1738 2745 1883 2803 deci-

301 2857 421 2895 mus
448 2852 629 2894 sextus
659 2840 858 2893 mensis
887 2837 1071 2891 Pauen
1103 2840 1201 2892 erit
1230 2839 1470 2893 decimus
1499 2839 1663 2894 Junii.

372 2952 699 3006 Menam»:
744 2951 1180 3018 nt'r'rsnecQuod
1209 2951 1410 3006 Graecis
1448 2961 1530 3007 est
1554 2953 1750 3025 βάλλειν
1777 2967 1874 3007 seu

301 3049 464 3096 ποιεῖν
497 3043 754 3110 μετάνοιαν
779 3081 792 3106 ,
819 3041 929 3094 fere
970 3050 1181 3095 vertunt
1222 3051 1523 3097 metanccam
1568 3058 1662 3097 seu
1706 3044 1870 3114 paeni-

305 3133 516 3184 tentiam
540 3133 734 3184 mittere
763 3132 845 3184 vel
894 3133 1078 3200 facere.
1121 3131 1254 3188 Vita:
1283 3133 1484 3198 Βιείιὶἰ,
1536 3149 1584 3188 c.
1615 3135 1672 3190 11
1701 3151 1716 3187 :
1747 3153 1764 3186 ι
1803 3135 1872 3188 Et

302 3222 506 3277 faciens
559 3232 906 3288 tnetanmam,
955 3223 1284 3292 respondens
1337 3225 1420 3287 ei,
1463 3223 1617 3278 dixit.
1656 3243 1675 3274 ι
1744 3223 1874 3279 Vita:

302 3316 524 3370 Joannis
552 3313 993 3385 Eleemosynarii,
1023 3331 1141 3386 cap.
1178 3317 1281 3371 l4:
1317 3333 1334 3367 ι
1367 3316 1693 3370 Mittentibus
1716 3317 1874 3384 igitur

301 3407 566 3461 ambobus
597 3417 934 3462 metanmam.
967 3425 984 3458 ι
1015 3407 1165 3473 Quod
1200 3409 1392 3462 rectius
1422 3409 1737 3476 exprimitur
1767 3409 1870 3464 ibi-

301 3497 447 3563 dem,
492 3513 611 3568 cap.
637 3497 741 3551 55:
774 3516 792 3550 ι
835 3499 898 3552 Et
941 3498 1158 3552 mittens
1201 3498 1626 3567 genuﬂexiones.
1661 3516 1682 3551 ι
1735 3497 1864 3553 Vide

302 3591 445 3645 dicta
471 3590 537 3643 ad
565 3599 846 3659 utrumque
877 3590 1072 3644 locum.
1105 3589 1194 3644 Sic
1228 3605 1360 3658 cape
1389 3588 1517 3643 illud
1547 3589 1686 3658 apud
1714 3587 1869 3644 Joan-

303 3698 452 3748 nem,
488 3683 593 3749 hic,
627 3683 805 3737 libello
833 3698 914 3749 ιιι,
942 3699 997 3737 n.
1026 3682 1096 3737 ‘2:
1131 3701 1148 3734 ι
1186 3683 1287 3749 Qui
1318 3684 1686 3751 ptenitentiam
1707 3698 1871 3754 agen—

303 3783 382 3827 tes
408 3773 692 3837 dixerunt,
717 3791 735 3823 ›
770 3771 821 3826 id
845 3782 925 3826 est
944 3810 960 3836 ,
994 3774 1411 3841 genullectentes
1439 3782 1494 3827 et
1521 3782 1680 3841 caput
1727 3771 1873 3826 incli—

302 3872 492 3918 nantes
515 3864 770 3918 Macario.
802 3863 1045 3932 Septima
1073 3863 1308 3932 synodus
1326 3863 1618 3934 generalis,
1651 3877 1770 3931 qua:
1801 3871 1883 3917 est

300 3956 514 4010 Nicazna
533 3970 590 4018 II,
606 3964 709 4008 act.
725 3955 780 4018 4,
799 3970 861 4008 ex
885 3956 1081 4023 scripto
1098 3956 1310 4009 Maximi
1330 3955 1648 4008 confessoris
1668 3972 1678 4006 :
1697 3957 1786 4010 ιιαὶ
1800 3955 1883 4008 επ)

303 4050 510 4108 τούτοις
538 4049 819 4104 ἀνέστησαν
848 4048 1031 4105 πάντες
1055 4048 1182 4114 μετὰ
1212 4051 1388 4119 χαρᾶς
1414 4048 1499 4098 καὶ
1521 4043 1780 4119 δακρύων,
1801 4045 1887 4097 καὶ

305 4139 492 4194 ἔϐαλον
507 4142 790 4210 μετάνοιαν,
805 4141 890 4192 καὶ
902 4140 1032 4210 εὐχή
1050 4139 1240 4208 γέγονε.
1261 4137 1479 4206 Vulgata
1496 4135 1671 4190 versio
1689 4152 1703 4190 :
1728 4152 1746 4186 ι
1761 4135 1886 4189 Post

305 4232 421 4286 haec
443 4243 718 4298 surgentes
741 4244 944 4293 omnes,
964 4228 1616 4297 cumgaudioetlacrymis
1635 4239 1885 4279 surrexe-

305 4333 452 4385 runt,
482 4322 956 4390 ptenitentiamque
972 4329 1212 4388 egerunt,
1243 4317 1486 4386 iactaque
1507 4316 1829 4384 precatione.
1862 4331 1882 4366 ι

305 4415 616 4469 Anastasius
633 4410 1071 4464 Bibliotltecarius
1094 4426 1106 4460 :
1144 4427 1162 4461 ι
1185 4409 1248 4462 Et
1264 4409 1312 4460 in
1329 4407 1410 4460 his
1423 4413 1889 4460 surrexeruntom-

311 4521 407 4559 nes
437 4520 556 4558 cum
586 4503 775 4573 gaudio
805 4512 858 4555 et
881 4500 1147 4569 lacrymis,
1174 4508 1230 4552 et
1254 4498 1514 4552 miserunt
1537 4504 1878 4556 metanteam,

1980 1925 2099 1979 vide
2130 1936 2376 1982 accurate
2403 1927 2756 1996 inquirentem
2787 1931 3097 2001 Dionysium
3130 1942 3368 1987 nostrum
3405 1933 3556 1988 Peta-

1981 2017 2122 2070 rium
2152 2019 2216 2071 ad
2244 2019 2517 2087 Epiphauii
2549 2021 2736 2074 librum
2762 2021 2871 2090 jam
2898 2022 3122 2078 dictum.

2051 2109 2210 2162 Mmo.
2241 2109 2495 2176 Joannes,
2548 2111 2728 2166 libello
2773 2127 2829 2176 ll,
2876 2128 3024 2166 num.
3062 2113 3166 2167 IO:
3202 2130 3220 2164 ι
3251 2113 3411 2167 Mittit
3442 2128 3561 2181 per-

1981 2216 2212 2269 sequens
2237 2212 2291 2255 et
2317 2203 2482 2256 minat
2511 2217 2595 2257 me
2628 2204 2769 2257 hinc.
2804 2223 2822 2256 ι
2861 2203 3192 2268 Heraclides,
3223 2219 3343 2273 cap.
3378 2202 3448 2258 5:
3476 2203 3562 2258 Fit

1982 2293 2158 2346 subito
2191 2293 2440 2359 parvulus
2472 2308 2604 2361 puer
2626 2295 2788 2348 veluti
2821 2309 3087 2348 annorum
3113 2294 3323 2360 decem,
3349 2294 3561 2348 minans

1982 2385 2187 2438 asinum
2219 2401 2380 2452 panes
2411 2388 2462 2440 in
2487 2387 2621 2440 cista
2652 2387 2933 2442 terentem.
2971 2406 2989 2441 ι
3027 2389 3267 2443 Anianus
3291 2387 3561 2459 juriscon~

1982 2475 2155 2528 sultus
2187 2491 2201 2530 ε
2241 2493 2258 2526 ‹
2289 2477 2482 2540 Actus,
2515 2492 2620 2546 quo
2652 2491 2842 2545 pecora
2874 2477 3084 2533 minare
3111 2461 3504 2533 consuevimus.
3538 2498 3556 2531 ι
3583 2539 3585 2542 τ

1985 2567 2296 2639 Gregorius,
2349 2570 2689 2641 Dialogorum
2743 2573 2836 2626 lib.
2872 2587 2910 2640 ι,
2961 2589 3085 2643 cap.
3112 2572 3188 2628 2:
3224 2574 3458 2630 «Tollite
3503 2586 3562 2630 ut

1985 2658 2244 2724 habeatis,
2281 2661 2506 2728 qualiter
2540 2662 2641 2716 hoc
2667 2662 2968 2730 jumentum
3002 2665 3207 2719 minare
3246 2666 3493 2721 valeatis.
3526 2685 3545 2719 ι

1984 2749 2177 2806 Paulus
2208 2751 2471 2807 Diaconus
2500 2771 2511 2804 :
2545 2772 2563 2804 ι
2594 2754 2768 2822 Agere
2799 2757 2958 2810 modo
3005 2756 3268 2826 signiﬁcat
3316 2769 3442 2814 ante
3494 2773 3558 2816 se

1985 2844 2200 2912 pellere,
2251 2845 2301 2898 id
2326 2853 2429 2909 est,
2479 2846 2707 2902 minare.
2738 2867 2757 2901 ι
2799 2849 2977 2905 Idem:
3002 2867 3022 2901 ι
3047 2851 3358 2920 Agasones,
3392 2865 3560 2920 equos

1984 2946 2222 3003 agentes,
2241 2937 2291 2989 id
2313 2947 2414 2998 est,
2434 2939 2718 2994 minantes.
2747 2959 2766 2993 ι
2794 2941 3078 3009 Apuleius,
3103 2943 3198 2997 lib.
3221 2959 3282 2997 ιιι
3306 2944 3558 3000 Metam.:

1989 3045 2008 3078 ι
2038 3028 2143 3082 Nos
2167 3028 2300 3083 duos
2328 3032 2507 3086 asinos
2551 3033 2819 3089 minantes
2863 3034 3067 3089 baculis
3110 3036 3350 3105 exigunt.
3375 3056 3394 3092 ι
3432 3038 3564 3094 Inde

1985 3119 2300 3174 comminare
2326 3124 2465 3190 apud
2487 3124 2735 3178 eumdem
2756 3163 2772 3188 ,
2799 3125 2892 3181 lib.
2925 3140 2994 3181 vu
3023 3126 3262 3194 Metam.,
3295 3136 3349 3185 et
3373 3131 3561 3198 promi-

1984 3229 2105 3266 uare
2137 3213 2229 3268 lib.
2252 3229 2326 3268 lx.

2055 3303 2332 3360 MINUTUII.
2383 3305 2615 3360 Joannes
2657 3307 2936 3372 Moschus,
2989 3308 3082 3362 lib.
3118 3325 3148 3363 x
3180 3310 3422 3366 Vitarum
3452 3311 3556 3367 Pa-

1985 3404 2122 3450 trum
2145 3439 2158 3463 ,
2192 3411 2308 3466 cap.
2344 3397 2414 3450 42
2438 3415 2450 3451 :
2483 3416 2502 3450 ι
2530 3397 2596 3454 Ut
2625 3413 2718 3464 per
2746 3411 2975 3469 quatuor
3002 3400 3118 3455 dies
3162 3418 3322 3456 unam
3351 3411 3557 3458 tantum

1984 3487 2311 3542 oblationem
2345 3490 2694 3545 manducaret
2725 3492 3048 3548 minutorum
3092 3494 3298 3563 viginti.
3330 3512 3349 3547 ι
3388 3495 3563 3550 Desti-

1986 3581 2085 3632 tuit
2107 3580 2194 3634 hic
2224 3595 2320 3634 nos
2349 3581 2569 3635 Graecus
2601 3591 2800 3636 textus.
2838 3583 2998 3637 Forte
3023 3585 3073 3638 in
3105 3585 3294 3640 Graeco
3324 3585 3419 3641 fuit
3441 3589 3584 3648 λίπε.

1984 3678 2085 3725 τῶν
2111 3670 2196 3724 vel
2229 3671 2430 3744 φολεῶν.
2485 3670 2655 3734 Infra,
2702 3687 2821 3740 cap.
2867 3672 2968 3727 154
3015 3691 3029 3724 :
3082 3691 3101 3725 ι
3148 3676 3564 3747 Accipiebatque

1987 3761 2350 3826 quotidianum
2415 3762 2736 3831 stipendium
2797 3778 2987 3817 novem
3049 3765 3272 3820 minuta.
3354 3767 3450 3822 Ubi
3510 3771 3562 3826 in

1987 3851 2174 3905 Graeco
2205 3861 2355 3906 textu
2386 3855 2532 3909 πέντε
2562 3855 2748 3926 φόλεις.
2804 3853 2934 3908 Vide
2962 3853 3119 3920 infra,
3156 3857 3208 3911 in
3239 3857 3482 3928 Pnouzs,
3511 3870 3566 3916 et

1991 3943 2263 3998 I’etavium
2292 3952 2556 4013 nostrum,
2601 3945 2667 3997 ad
2715 3944 3096 4014 Epiphanium,
3127 3947 3180 4002 in
3211 3948 3445 4006 Diatriba
3489 3951 3567 4008 De

1986 4033 2194 4096 λεπτοῖς
2221 4042 2274 4087 et
2297 4034 2534 4088 minutis.

2059 4125 2451 4181 MONTICELLUS.
2478 4126 2592 4180 Vita
2615 4127 2899 4197 Onuphrii,
2922 4143 3043 4200 cap.
3067 4131 3124 4186 ll
3155 4147 3170 4187 :
3201 4150 3219 4184 ι
3245 4132 3403 4189 Juxta
3427 4150 3568 4190 sum-

1991 4218 2230 4272 mitatem
2273 4218 2445 4286 ipsius
2487 4219 2800 4274 monticelli.
2831 4239 2848 4272 ι
2908 4220 3018 4275 Vox
3056 4224 3248 4290 rarior,
3306 4235 3564 4296 usurpata

1993 4316 2169 4364 tamen
2200 4309 2424 4379 agrariis
2455 4309 2828 4379 scriptoribus.
2875 4309 3250 4380 Innocentius,
3297 4314 3438 4370 inter
3466 4331 3568 4370 au-

1992 4410 2168 4455 ctores
2215 4401 2397 4454 (inium
2444 4403 2836 4470 regendorum:
2873 4421 2890 4454 ι
2921 4403 2988 4457 Ει
3017 4419 3180 4472 super
3228 4405 3428 4460 fontem
3463 4416 3566 4461 te).

1994 4493 2193 4546 minum
2231 4492 2282 4546 in
2317 4493 2628 4547 monticello
2672 4493 3041 4549 constitutum.
3076 4513 3093 4544 ι
3151 4496 3338 4551 Idem:
3374 4516 3390 4548 ι
3425 4497 3568 4555 Inter

306 4608 361 4651 et
383 4597 555 4650 oratio
583 4565 716 4648 facta
741 4604 844 4648 est.
871 4612 889 4644 ι
928 4565 1025 4648 Ubi
1050 4593 1287 4646 scholinn
1313 4593 1363 4642 in
1387 4589 1583 4642 Codice
1603 4587 1697 4640 Ms.
1722 4585 1887 4640 Joan-
1914 4565 1966 4624 Ῑ)
1996 4584 2184 4637 vallem
2212 4592 2266 4636 et
2293 4584 2485 4637 vallem
2517 4583 2855 4638 monticellus
2883 4583 3182 4648 descendit,
3213 4595 3268 4640 et
3302 4587 3369 4641 de
3403 4587 3569 4644 latere

307 4689 393 4742 nis
441 4687 562 4741 Tilii
612 4686 895 4740 Meldeusis
943 4683 1182 4753 episcopi
1226 4682 1328 4736 tale
1357 4676 1890 4748 appingitur:Meta-

312 4794 434 4833 mea
462 4779 773 4846 poenitentia
807 4778 1206 4843 interpretatur.
1236 4771 1348 4824 Hoc
1381 4783 1554 4824 tamen
1579 4770 1630 4822 in
1655 4768 1770 4822 loco
1793 4780 1889 4835 pro

309 4868 680 4937 genttllexinne
707 4867 941 4935 ponitur.
978 4864 1130 4919 Unde
1158 4878 1276 4915 cum
1309 4862 1462 4925 dicit,
1495 4860 1740 4913 miserunt
1785 4871 1892 4926 pa:-

310 4960 600 5022 nitentiam,
632 4956 762 5011 nihil
805 4955 948 5010 aliud
989 4952 1321 5021 intelligitur.
1373 4950 1471 5004 nisi
1503 4956 1781 5016 posuerunt
1827 4945 1881 4999 in

311 5061 445 5101 terra
492 5063 673 5117 genua.
720 5046 854 5113 Quia
896 5045 1038 5098 enim
1086 5040 1456 5108 paenitentiam
1512 5046 1596 5092 est
1645 5036 1882 5089 maxime

313 5141 530 5192 ﬂectere
574 5152 780 5206 genua,
839 5149 981 5203 smpe
1031 5133 1201 5187 Grmci
1255 5129 1686 5202 genuﬂexiouem,
1725 5137 1889 5180 meta-

315 5244 504 5292 naeam,
530 5228 578 5281 id
603 5237 702 5294 est,
737 5224 1082 5294 penitentiam
1109 5231 1316 5276 vocant.
1335 5221 1407 5275 Ita
1435 5235 1501 5274 ex
1533 5218 1729 5273 Codice
1765 5215 1890 5271 Tilii

313 5321 444 5372 citat
488 5318 686 5371 Fronto
718 5327 899 5370 noster
931 5315 1156 5368 Duca'us
1205 5314 1344 5368 notis
1385 5315 1435 5366 in
1467 5311 1667 5366 Cuncil.
1719 5309 1890 5364 Niem-

317 5423 444 5462 num
487 5423 559 5471 ιι,
595 5419 715 5477 post
762 5417 964 5461 tomum
999 5403 1064 5460 Ill
1110 5404 1468 5459 Couciliorum
1501 5403 1762 5457 Editionis
1808 5401 1893 5456 Bi-

317 5500 511 5556 nianaa.
560 5499 793 5564 Liturgia
837 5497 1254 5566 Chrysostomi:
1298 5506 1353 5550 ‘0
1382 5493 1434 5550 δὲ
1483 5495 1646 5568 ἱερεὺς
1693 5497 1787 5548 σὺν
1823 5501 1896 5566 τῷ

319 5593 536 5662 διακόνῳ
587 5598 794 5646 ποιοῦσι
843 5593 1110 5658 μετανοίας
1153 5598 1293 5664 τρεῖς
1343 5590 1413 5648 εἰς
1449 5589 1508 5644 τὸ
1545 5588 1686 5660 ἅγιον
1713 5589 1893 5642 eum-

322 5688 551 5758 στήριον.
607 5683 858 5738 Erasmus
891 5682 1191 5748 interpres:
1227 5697 1245 5729 ι
1277 5677 1539 5734 Sacerdos
1568 5686 1743 5732 autem
1774 5692 1895 5733 cum

334 5778 560 5837 diacono
602 5773 797 5828 faciunt
821 5771 1164 5827 ascensiones
1206 5778 1315 5826 tres
1347 5769 1400 5825 in
1439 5778 1684 5826 sanctum
1716 5783 1894 5826 sacra-

1997 4673 2152 4743 hujus
2183 4673 2473 4728 monticelli
2526 4674 2730 4728 alveus.
2765 4693 2782 4726 ι
2822 4674 2963 4730 Idem
2990 4691 3004 4728 :
3035 4693 3054 4728 ι
3091 4676 3232 4730 Arca
3279 4679 3332 4730 in
3378 4679 3569 4732 montis

1996 4766 2133 4818 cello
2160 4765 2448 4818 constituta
2480 4803 2494 4819 .
2527 4783 2547 4816 ι
2583 4765 2801 4820 Latinus
2829 4783 2841 4817 :
2876 4783 2894 4817 ι
2923 4765 3091 4820 Etiam
3123 4767 3416 4822 monticelli
3446 4779 3570 4830 sunt

1997 4856 2048 4909 in
2081 4855 2276 4910 ﬁnibus
2299 4858 2594 4913 constituti.
2629 4876 2647 4910 ι
2682 4857 2870 4912 Vitalis
2902 4866 2956 4912 et
2984 4858 3246 4913 Arcadius
3285 4859 3426 4914 inter
3451 4875 3571 4916 eos.

1997 4945 2118 5000 dem
2145 4962 2159 4996 :
2192 4965 2210 4999 ι
2240 4947 2373 5001 'I‘res
2405 4947 2742 5002 monticellos
2771 4949 2981 5015 transit,
3015 4956 3070 5002 et
3095 4946 3150 5002 in
3175 4951 3390 5004 tertium
3420 4963 3572 5006 mon-

1997 5038 2234 5092 ticellum
2265 5053 2442 5092 arcam
2467 5039 2609 5094 circa
2639 5039 2908 5093 lavacrum
2933 5040 3221 5108 siguilicat.
3249 5059 3267 5092 ι
3305 5040 3447 5096 Idem
3482 5041 3570 5097 Vi-

1995 5129 2117 5181 talis
2141 5142 2155 5180 :
2185 5143 2204 5178 ι
2229 5127 2361 5181 Nam
2395 5137 2447 5182 et
2474 5127 2806 5182 monticellos
2832 5126 2901 5181 de
2935 5127 3178 5183 terminis
3207 5127 3570 5208 circumdedi-

1996 5237 2134 5277 mus.
2173 5239 2192 5274 ι
2231 5221 2456 5277 Faustus
2487 5229 2542 5277 et
2567 5220 2851 5284 Valerius:
2883 5238 2903 5273 ι
2934 5221 3275 5278 Monticellos
3304 5224 3569 5293 plantavi—

1999 5329 2115 5368 mus
2163 5313 2232 5370 de
2257 5323 2394 5370 terra
2416 5355 2432 5379 ,
2458 5305 2597 5384 quos
2625 5313 2936 5368 botoutinos
2958 5314 3372 5383 appellavimus.
3405 5335 3424 5368 ι
3477 5317 3569 5374 Sic

1997 5407 2136 5473 apud
2168 5407 2531 5463 Innocentium
2561 5415 2644 5464 est
2678 5406 3027 5477 campicellus,
3057 5408 3366 5479 collicellus,
3392 5403 3587 5481 ﬂumi-'

1993 5497 2068 5551 cel
2073 5498 2088 5549 Ι
2094 5515 2169 5551 us.

2066 5587 2226 5641 Muno
2269 5600 2421 5641 sam
2463 5585 2656 5660 (Pro).
2693 5584 3045 5658 Hieronymus
3074 5587 3126 5642 in
3182 5589 3298 5645 Vita
3347 5590 3572 5656 Malchi,

1995 5689 2113 5745 cap.
2147 5676 2221 5732 9:
2256 5694 2273 5727 ι
2305 5675 2582 5730 Pudicitiae
2632 5685 2836 5730 tantum
2887 5677 3221 5733 conscientia
3278 5694 3373 5748 pro
3422 5695 3574 5733 muro

1996 5767 2154 5840 septi.
2185 5786 2205 5822 ι
2242 5768 2565 5826 Proverbiali
2597 5769 2778 5839 specie
2811 5770 2861 5824 id
2894 5769 3120 5837 dictum,
3153 5784 3570 5842 expressumque
