4014 6368
428 292 525 347 ιῖι

1120 284 1596 345 ONOMASTICON
1637 280 1873 339 neaou
1921 276 2005 331 ET
2048 275 2419 334 reuocauit
2463 280 2987 338 oirrtcruonuu.

3581 281 3685 341 471

427 423 492 463 ex
515 404 747 460 Sallustii
769 401 1077 456 Catilinarlo
1097 420 1106 451 :
1129 418 1146 451 ι
1164 401 1394 453 Audacia
1416 412 1512 468 pro
1528 410 1678 450 muro
1702 395 1947 448 habetur.
1973 409 1990 441 ι

2118 394 2300 456 τονάς,
2349 395 2431 444 καὶ
2486 390 2612 446 ἄλλα
2658 388 2818 446 πολλοὶ
2861 395 3191 466 νεανικώτερα
3243 394 3636 462 assonarent-iis
3667 432 3683 447 .

430 499 620 553 Cicero
645 511 733 550 vttt
762 493 981 548 Vcrrina
1009 510 1022 545 :
1053 511 1070 543 ι
1100 491 1182 546 Ad
1205 506 1394 544 onmes
1417 504 1564 543 meos
1598 489 1826 555 impetus
1853 483 2002 551 quasi

430 604 614 641 murus
645 585 862 655 quidam
895 584 1018 636 boni
1049 597 1240 636 nomen
1273 576 1609 648 imperatoris
1640 573 1944 643 opponitur.
1977 590 1996 624 ι

431 682 810 749 Hieronymus,
845 678 894 729 in
928 675 1076 730 Isaiae
1104 690 1223 742 cap.
1260 687 1496 726 xxxviii:
1531 689 1548 722 ι
1581 669 2002 737 Indignationem

432 773 504 825 ita
525 773 767 838 precibus
797 769 944 837 quasi
971 767 1198 834 quodam
1219 781 1370 818 muro
1402 762 1776 818 intercludere.
1812 779 1830 812 ι
1860 759 2001 813 Idem

433 863 481 913 in
517 861 709 918 Ezech.
738 873 856 925 cap.
892 872 988 910 χιιι
1019 874 1032 911 :
1071 876 1088 907 ι
1130 857 1262 910 Dum
1295 855 1538 910 conversi
1581 854 1643 906 ad
1682 853 1845 906 Deum
1900 850 2004 904 hoc

432 953 582 1018 quasi
617 963 770 1002 muro
797 956 848 1002 et
877 946 1082 1016 pariete
1109 947 1413 1000 ﬁrmissimo
1440 946 1802 1012 cingereutur.
1839 961 1856 992 ι

499 1042 730 1097 lle-scus.
767 1041 881 1095 Vita
917 1041 1172 1108 Pelagia),
1207 1051 1325 1104 cap.
1350 1035 1385 1087 2
1422 1053 1433 1088 :
1471 1055 1486 1086 ι
1524 1035 1718 1088 Totum
1766 1031 2007 1100 implevit

431 1148 609 1185 aerem
658 1149 722 1186 es
768 1132 932 1185 odore
963 1130 1150 1183 musci.
1185 1147 1203 1180 ι
1262 1129 1376 1180 Vita
1430 1127 1716 1190 Marcellze,
1765 1139 1883 1192 cap.
1930 1121 2003 1174 ὅτ

437 1243 456 1276 s
489 1224 744 1294 Fragrare
793 1237 975 1276 musco
1005 1235 1177 1274 mure.
1211 1237 1231 1272 ι
1283 1219 1410 1272 lude
1442 1226 1671 1270 muscam
1704 1215 1841 1283 apud
1878 1214 2005 1266 ιιυι-

438 1316 632 1377 linum,
667 1316 757 1369 lib.
783 1331 863 1380 ιιι,
889 1329 1038 1368 num.
1072 1311 1176 1366 59:
1217 1311 1516 1379 «Quoniam
1543 1319 1760 1379 propter
1784 1305 2008 1378 thymia-

432 1418 568 1461 inata
633 1416 687 1461 et
737 1416 1056 1462 muscata.»
1130 1404 1523 1472 Hieronymus,
1595 1403 1646 1455 in
1722 1400 2008 1455 Jercmiam

433 1515 482 1550 c.
516 1512 638 1550 xxiii
667 1512 682 1549 :
713 1496 1147 1563 Contemplcmur
1179 1493 1494 1555 haereticos,
1525 1490 1798 1558 quomodo
1840 1491 2006 1544 semel

431 1587 775 1650 desperantes
824 1586 1082 1654 salutem,
1135 1584 1272 1652 gula:
1316 1597 1375 1637 se
1406 1583 1616 1636 tradant
1663 1590 1716 1635 et
1760 1581 2008 1634 deliciis:

433 1689 713 1732 vescantur
738 1678 1010 1742 cornibus,
1040 1675 1346 1743 frequentes
1375 1674 1570 1726 adeant
1601 1673 1838 1736 balneas,
1892 1688 2005 1724 mu-

2117 496 2135 532 ι
2159 478 2287 532 Exin
2315 481 2622 534 verberabat
2646 491 2699 534 et
2721 480 3101 535 verberabatur
3134 482 3299 535 ferula
3325 483 3467 537 circa
3505 494 3688 554 nates,

2110 571 2378 637 multaque
2410 574 2511 624 alia
2555 572 2875 641 juveniliora
2922 589 3070 628 more
3095 568 3321 628 mirilico
3365 591 3427 630 ac
3470 577 3680 644 przesti-

2108 664 2257 734 gioso
2284 663 2624 731 designabat.
2651 683 2668 715 ι
3405 733 3413 740 .

2179 755 2464 810 ΝεΑΡοιις.
2483 757 2598 809 Vita
2626 757 2848 810 Joannis
2876 757 3313 827 Eleemosynarii,
3347 760 3398 812 in
3424 759 3577 812 titulo
3607 759 3690 813 di-

2106 848 2266 909 citur,
2297 847 2537 900 Leontius
2566 847 2855 915 Neapoleos
2886 847 3040 918 Cypri
3075 850 3256 901 insith
3285 853 3586 920 episcopus;
3616 854 3685 904 ita

2107 941 2269 993 etiam
2307 949 2566 992 vocantur
2596 955 2624 992 a
2677 939 3050 1007 Metaphraste.
3090 940 3110 992 1
3149 939 3287 993 Junii
3341 943 3390 993 in
3426 941 3543 995 Vita
3593 944 3679 995 Si-

2110 1031 2317 1084 mennis
2344 1030 2476 1084 Sali.
2521 1031 2650 1084 Item
2684 1029 2733 1084 in
2762 1029 3006 1101 synodot
3039 1030 3271 1095 Nicaina,
3301 1048 3421 1102 qua:
3449 1044 3536 1088 est
3584 1050 3679 1103 ge-

2110 1123 2307 1177 neralis
2339 1139 2430 1182 vn.
2463 1132 2515 1176 et
2543 1139 2570 1175 a
2608 1122 2955 1188 Damasceno,
2984 1124 3223 1178 oratione
3254 1123 3272 1174 l
3303 1134 3355 1178 et
3382 1123 3414 1174 5
3444 1125 3518 1179 De
3548 1127 3681 1177 ima-

2111 1213 2341 1283 ginibus.
2372 1214 2497 1279 Quae
2541 1213 2654 1267 hinc
2683 1213 2967 1280 Neapolis?
2996 1212 3254 1267 Baronius
3283 1215 3517 1282 itemque
3548 1215 3678 1268 Pos-

2111 1306 2327 1361 sevinus
2353 1320 2610 1360 censuere
2638 1304 3004 1360 Constantiam
3036 1319 3128 1359 seu
3160 1305 3494 1360 Salaminam
3525 1307 3690 1376 Cypri

2110 1412 2261 1463 esse,
2308 1408 2364 1450 ut
2409 1398 2474 1450 ad
2508 1405 2709 1450 textum
2755 1397 2900 1453 dixi.
2950 1397 3053 1451 Sed
3088 1397 3135 1450 id
3177 1408 3320 1453 stare
3354 1415 3455 1451 non
3492 1408 3690 1467 potest.

2115 1488 2387 1541 Diversam
2419 1489 2602 1541 urbem
2651 1503 2770 1543 esse
2801 1489 3075 1556 Neapolim
3109 1489 3267 1558 Cypri
3299 1505 3328 1542 a
3379 1491 3692 1544 Constantia

2079 1577 2294 1660 ‘Cyi-ri,
2353 1579 2517 1648 liquet
2547 1596 2610 1632 ex
2643 1581 2829 1634 eadem
2877 1581 3100 1650 synodo.
3137 1582 3266 1634 Nam
3312 1591 3432 1650 post
3471 1582 3693 1637 recitata

2120 1669 2282 1722 verba
2316 1669 2519 1723 Leontii
2550 1685 2642 1736 pro
2667 1670 2984 1739 imaginibus
3025 1689 3087 1724 ex
3111 1673 3291 1740 quinto
3331 1690 3562 1725 sermone
3593 1689 3690 1738 pro

433 1788 525 1825 sco
556 1771 808 1838 fragrent,
844 1768 1125 1836 unguentis
1155 1767 1315 1820 variis
1339 1765 1582 1829 delibuti,
1617 1771 1858 1833 quierant
1889 1777 2010 1815 cor-
2047 1761 2084 1817 Β
2117 1759 2522 1813 Christianorum
2553 1761 2771 1831 Apologi
2795 1771 2968 1813 contra
2996 1761 3231 1825 Iudaeos,
3259 1779 3318 1814 ac
3348 1766 3411 1816 de
3451 1765 3692 1834 imagini-

435 1877 620 1930 poruin
657 1860 1129 1931 pulchritudinem.
1165 1877 1184 1912 ι
1237 1858 1380 1912 Idem
1404 1899 1416 1919 ,
1449 1855 1539 1908 lib.
1567 1871 1601 1908 ιι
1634 1855 1889 1906 adversus
1920 1851 2005 1905 Jo-

433 1951 732 2018 viniantnu,
785 1965 900 2017 cap.
937 1951 968 2004 7
1001 1966 1013 2001 :
1049 1966 1067 1999 ι
1098 1947 1287 2001 Odoris
1319 1957 1494 1998 autem
1545 1945 1798 2009 suavitas,
1827 1952 1880 1995 ct
1926 1941 2007 1995 di-

435 2055 586 2093 versa
619 2040 987 2109 thymiamata,
1022 2047 1074 2092 et
1101 2052 1392 2098 amomum,
1419 2044 1473 2090 et
1502 2035 1684 2106 cypbi,
1718 2035 1969 2088 muanthe
1993 2074 2006 2096 ,

438 2129 648 2201 1052
683 2145 918 2192 muscus,
951 2138 1004 2183 et
1036 2145 1098 2198 pe
1133 2128 1300 2197 egrini
1337 2128 1506 2181 muris
1540 2127 1820 2196 pellicula,
1865 2125 2008 2193 quod

434 2221 709 2275 dissolutis
741 2231 792 2275 et
841 2222 1172 2274 amatoribus
1216 2220 1522 2284 conveniat,
1578 2233 1735 2271 nemo
1767 2216 1867 2270 nisi
1900 2216 2008 2268 dis-

433 2312 638 2364 solutus
664 2320 837 2380 negat.
873 2329 891 2363 s
927 2312 1042 2377 Quo
1075 2312 1192 2364 loco
1229 2311 1608 2364 Volaterranus
1639 2324 1878 2361 muscum
1915 2323 2009 2374 pio

436 2398 603 2466 parvo
634 2414 816 2463 mure,
865 2400 1058 2452 coloris
1088 2399 1238 2467 (lavi,
1288 2400 1378 2468 qui
1432 2398 1842 2452 odoratissimus
1891 2407 2004 2463 est,

435 2498 488 2542 et
513 2489 563 2541 in
591 2489 756 2556 sylvis
779 2499 1045 2552 versatur,
1078 2489 1291 2558 accipit.

511 2580 592 2634 De
619 2579 792 2633 musci
839 2579 1046 2650 origine
1077 2580 1218 2634 varia
1265 2579 1466 2648 opinio.
1515 2578 1785 2632 Moschum
1833 2578 2010 2644 enim,

435 2689 529 2729 seu
558 2689 806 2737 muscum,
847 2673 989 2741 quod
1018 2672 1350 2726 odoramenti
1393 2687 1560 2740 genus
1589 2682 1693 2734 est.
1743 2672 1944 2725 saniem
1979 2684 2010 2724 ο

436 2765 641 2818 vomica
670 2777 880 2833 caprea:
909 2762 1188 2818 collectam
1218 2772 1366 2832 putat
1394 2763 1608 2830 Aetius;
1639 2763 1728 2815 alii
1783 2777 1813 2815 e
1843 2762 2013 2814 vomi-

438 2871 501 2910 ca
545 2856 818 2910 unicornis
863 2855 1074 2919 volunt;
1124 2856 1192 2907 ita
1223 2855 1438 2909 Simeon
1480 2852 1652 2908 Zethi.
1700 2852 1955 2906 Martinus
1981 2866 2014 2906 a

443 2951 834 3018 Baumgarlen,
891 2946 944 3000 in
997 2947 1433 3016 Pervgrinatione
1486 2960 1578 3000 sua
1637 2946 1765 2998 dicit
1817 2943 2014 2998 animal

439 3042 704 3110 quoddam
733 3055 875 3106 esse,
902 3037 1005 3094 nisi
1032 3048 1176 3093 esset
1202 3039 1662 3109 grandiusculum.
1706 3045 1850 3091 eatto
1896 3051 2016 3104 per-

2114 1849 2205 1903 bus
2226 1862 2538 1913 sanctorum,
2570 1851 2748 1904 subdit
2771 1854 3149 1904 Constantinus
3178 1855 3498 1906 Constantia:
3529 1857 3694 1924 Cypri

2113 1939 2394 2011 episc0pus
2419 1959 2432 1995 :
2459 1939 2618 2005 Οὗτος
2642 1942 2664 1996 ὁ
2688 1945 3015 2014 ἀναγνωσθεὶς
3040 1952 3206 2021 πατὴρ
3249 1945 3299 1999 ἔν
3338 1952 3428 2016 μιᾷ
3452 1954 3552 2000 τῶν
3592 1949 3690 2001 vro»

2111 2034 2231 2088 λιων
2253 2041 2343 2094 τῆς
2366 2036 2566 2106 Κύπρου
2592 2036 2904 2109 ἱεροπρεπῶς
2925 2034 3182 2112 διέπρεῷι.
3224 2054 3241 2087 t
3282 2036 3373 2090 llic
3402 2039 3492 2106 qui
3525 2039 3692 2092 lectus

2115 2135 2197 2180 est
2227 2126 2380 2179 Pater
2418 2126 2468 2179 in
2509 2142 2607 2178 una
2645 2127 2849 2178 urbium
2896 2125 3056 2196 Cypri
3102 2128 3294 2180 decore
3325 2131 3692 2183 sacratissimo

2110 2218 2320 2272 claruit.
2358 2236 2375 2269 ι
2416 2217 2673 2282 Ortelius,
2707 2219 2755 2269 iii
2786 2218 3062 2272 Thesauro
3095 2217 3467 2286 Geographico
3504 2220 3693 2273 scribit

2112 2306 2471 2376 Lusignauum
2500 2304 2806 2358 existimare
2839 2304 2974 2358 hanc
2997 2320 3023 2356 a
3054 2305 3254 2358 Graacis
3277 2307 3377 2359 dici
3405 2305 3693 2358 Lemisela-

2116 2395 2327 2464 Neuve,
2361 2410 2412 2450 et
2441 2411 2471 2450 ι
2505 2397 2704 2448 Latinis
2737 2395 2981 2448 Nemosiu
3013 2396 3092 2449 vel
3127 2395 3383 2452 Lemonne
3407 2397 3694 2464 appellari.

2184 2485 2301 2540 NiLt
2335 2503 2617 2540 sscnsus.
2642 2484 2913 2539 Palladius
2935 2528 2948 2550 ,
2980 2501 3099 2556 cap.
3149 2490 3210 2540 37
3242 2507 3254 2541 :
3287 2506 3305 2540 ι
3345 2489 3556 2542 Accidit
3597 2489 3696 2542 ali-

2112 2577 2324 2644 quando
2354 2578 2407 2628 in
2440 2575 2704 2646 Egyplo,
2735 2591 2856 2629 cum
2889 2576 3042 2632 Nilus
3087 2578 3429 2647 ascenderet,
3467 2590 3519 2631 ut
3547 2580 3698 2633 vicus

2114 2667 2286 2721 vicum
2314 2667 2606 2723 invaderet.
2653 2666 2896 2736 Pugnant
2925 2671 3067 2722 enim
3117 2687 3210 2738 pro
3253 2687 3508 2740 aquarum
3544 2672 3687 2726 divi-

2113 2758 2295 2825 sione,
2346 2760 2482 2812 adeo
2514 2767 2569 2811 ut
2608 2770 2898 2827 sequantur
2935 2762 3108 2813 ca-dcs
3155 2770 3212 2814 et
3254 2763 3632 2816 sanciationes.
3669 2782 3690 2815 ι

2114 2848 2231 2915 Quo
2260 2858 2506 2917 spectare
2533 2849 2695 2903 credo
2728 2850 2884 2916 illud,
2934 2849 3178 2915 Palladii,
3233 2868 3353 2920 cap.
3406 2854 3503 2921 52,
3549 2855 3694 2922 quod

2115 2942 2220 2995 duo
2245 2942 2363 3011 pagi
2398 2957 2492 3010 pro
2518 2944 2659 3010 agris
2691 2944 3102 3010 decertaverint,
3137 2948 3266 3019 ὑπὲρ
3313 2949 3544 3019 ἀρουρῶν
3583 2947 3698 3002 6m-

2117 3033 2430 3104 μαχόμεναι.
2480 3034 2547 3088 Ει
2586 3049 2711 3087 mox
2759 3036 2984 3103 gentiles
3035 3052 3151 3089 cum
3200 3037 3517 3091 Christianis
3564 3042 3699 3114 ὑπὲρ

437 3132 630 3190 simile.
682 3131 821 3200 quod
875 3131 1002 3184 dum
1037 3130 1202 3199 virgas
1244 3130 1351 3183 ictu
1393 3129 1458 3182 ad
1507 3131 1638 3181 iram
1691 3127 2010 3191 concitatur,
2044 3120 2088 3182 C
2120 3125 2270 3197 ὁρίων
2299 3127 2488 3192 αὐτῶν,
2524 3143 2616 3193 pro
2646 3127 2749 3178 suis
2779 3127 2986 3195 ﬁnibus.
3045 3126 3098 3180 Id
3127 3129 3266 3181 enim
3296 3128 3429 3183 forte
3471 3130 3697 3197 aet-idit,

443 3220 768 3276 odoriferam
783 3222 1028 3290 quiddam
1041 3221 1170 3286 edit,
1187 3221 1326 3287 quod
1351 3222 1462 3273 auri
1485 3219 1719 3287 pondere
1739 3218 2010 3272 venditur.

439 3311 596 3365 Juxta
627 3311 782 3378 hujus
813 3310 1061 3363 anitnalis
1092 3310 1398 3363 umbilicum
1435 3312 1669 3362 nasCitur
1701 3321 1972 3378 apostema
1996 3351 2012 3374 ,

441 3402 581 3472 quod
611 3409 934 3464 extractum,
980 3399 1268 3468 gratissimi
1315 3409 1396 3453 est
1426 3400 1627 3463 odoris,
1657 3412 1708 3454 et
1740 3400 1878 3453 inter
1907 3402 2009 3468 pri-

442 3509 556 3549 mas
583 3493 860 3546 hominum
889 3489 1108 3545 delicias
1139 3489 1382 3545 habetur.
1409 3490 1459 3544 Id
1490 3491 1602 3544 Itali
1628 3490 1857 3556 Zibetto,
1883 3490 2015 3546 Ger-

442 3587 585 3641 mani
610 3585 779 3654 Bifem
808 3585 1010 3640 dicunt.

473 3695 475 3698 '
511 3677 782 3732 Mtorstto.
843 3676 961 3731 Vita
1020 3676 1335 3744 Ililarionis,
1389 3692 1534 3731 num.
1571 3675 1631 3731 41
1671 3692 1685 3730 :
1726 3693 1744 3727 ι
1779 3676 2017 3742 Cumque

444 3771 628 3838 pirata:
655 3769 864 3822 duobus
905 3768 1043 3822 haud
1077 3769 1254 3836 parvis
1284 3769 1697 3840 myoparonibus
1742 3770 2015 3822 occurris-

442 3868 579 3914 sent.
615 3877 632 3910 ι
668 3857 944 3924 Paulinus,
972 3859 1200 3927 cpistola
1231 3860 1296 3912 ad
1331 3859 1615 3913 Macnrium
1652 3877 1664 3913 :
1703 3877 1726 3911 ι
1758 3862 2016 3913 Procura-

444 3962 527 4004 tor
554 3949 839 4004 Christiani
869 3951 964 4003 viri
993 3949 1177 4004 fratris
1201 3953 1367 4005 nostri
1395 3951 1761 4005 Posthumiani
1791 3967 1909 4006 esse
1936 3952 2020 4006 di-

445 4043 607 4105 citur,
640 4042 729 4110 qui
757 4058 872 4096 eam
905 4059 1088 4096 navem
1116 4043 1170 4096 in
1200 4044 1504 4096 Brutiorum
1537 4045 1734 4107 littore,
1769 4060 1873 4112 quo
1897 4060 2019 4112 pos-

444 4133 619 4187 sessio
652 4132 919 4186 senatoris
948 4134 1180 4195 ailuitur,
1217 4135 1430 4186 aiarior
1461 4137 1615 4196 mari,
1646 4143 1700 4188 ot
1729 4137 1844 4188 sine
1867 4149 2016 4204 myo-

448 4237 654 4292 parone
686 4225 961 4292 piraticam
1009 4224 1063 4276 in
1097 4233 1240 4277 terra
1285 4240 1452 4291 agens
1480 4236 1790 4292 occupatur,
1838 4235 1891 4280 et
1923 4240 2016 4280 ca-

448 4328 589 4384 ptam
618 4316 932 4370 vacuefecit.
966 4335 982 4364 ι
1024 4317 1097 4370 Ita
1125 4317 1378 4384 legendus
1409 4317 1454 4370 is
1484 4318 1651 4380 locus,
1686 4319 1772 4373 ubi
1819 4320 1979 4385 vulgo
2000 4357 2015 4382 ,

443 4418 489 4461 et
515 4425 631 4461 sene
661 4424 770 4460 nteo
794 4424 1007 4476 parone,
1035 4425 1128 4475 pro
1158 4409 1268 4460 sine
1298 4424 1626 4478 myoparone.

2117 3218 2257 3284 quod
2289 3217 2437 3270 Nilus
2469 3217 2732 3270 inundans
2759 3220 2894 3272 solet
2915 3233 3073 3288 agros
3097 3221 3445 3286 confundere,
3480 3231 3533 3274 et
3553 3222 3699 3274 litui-

2118 3308 2441 3362 tesabolere.
2464 3309 2606 3361 Multi
2626 3309 3116 3378 tiinca-grotabaiit.
3137 3309 3299 3372 Ideni,
3333 3325 3382 3364 c.
3405 3309 3475 3363 33
3504 3327 3515 3361 :
3549 3328 3566 3360 ι
3599 3310 3698 3363 Nae

2117 3401 2348 3470 vigando
2380 3401 2430 3454 iu
2477 3399 2729 3466 flumine;
2777 3409 2892 3454 erat
2919 3401 3060 3453 enirn
3094 3409 3298 3467 tempus
3328 3415 3606 3463 ascensus.
3643 3402 3695 3454 in

2116 3511 2222 3566 quo
2270 3496 2418 3549 multi
2467 3501 2748 3564 :cgrotant,
2800 3493 2940 3561 quod
2989 3493 3116 3546 mihi
3164 3508 3375 3563 quoque
3422 3494 3640 3547 accidit.
3677 3515 3695 3544 υ

2120 3590 2307 3663 ιαιρὸς
2338 3587 2663 3651 ἀναϐάσεως,
2690 3593 2887 3652 tempus
2915 3600 3178 3638 ascensus.
3214 3583 3358 3638 Idem
3381 3625 3396 3648 ,
3420 3600 3542 3652 Cap.
3572 3584 3644 3636 ἓξ
3679 3601 3694 3638 :

2123 3697 2142 3731 ι
2172 3679 2302 3737 Cum
2331 3679 2521 3732 fluvius
2542 3692 2606 3730 eo
2637 3686 2877 3744 tempore
2899 3675 3202 3738 inundaret,
3233 3685 3281 3728 et
3308 3676 3373 3726 ad
3401 3675 3546 3727 mille
3573 3690 3692 3740 pas-

2118 3788 2209 3828 sus
2241 3781 2444 3842 pateret
2467 3771 2766 3824 latitudine.
2798 3788 2815 3821 ι
2853 3771 2987 3824 κατά
3013 3772 3101 3823 τὸν
3123 3770 3294 3842 καιρὸν
3324 3771 3505 3821 ἐκεῖνον
3527 3769 3692 3835 πλημ-

2119 3874 2379 3942 μνρῶντος
2399 3870 2490 3920 τοῦ
2513 3869 2766 3935 ποταμοῦ,
2809 3865 2895 3917 καὶ
2929 3866 3235 3937 κρατοῦντος
3281 3861 3364 3912 ἐπὶ
3390 3859 3440 3912 ἓν
3488 3867 3697 3927 σημεῖον

2119 3966 2190 4028 τῷ
2213 3958 2412 4011 πλάτει.

2195 4047 2305 4102 ιιυο
2334 4060 2542 4113 quoque
2579 4043 2752 4098 facere
2783 4043 2974 4112 opinor
3003 4041 3142 4111 quod
3193 4041 3352 4094 habet
3399 4039 3689 4101 Palladius.

2120 4155 2240 4206 cap.
2273 4138 2426 4191 52de
2456 4151 2646 4206 pompa
2687 4137 2954 4190 celebrata
3003 4148 3122 4188 cum
3165 4143 3338 4187 statua
3385 4134 3554 4200 lignea
3600 4146 3698 4199 pro

2121 4247 2256 4301 aqua
2287 4228 2549 4283 ﬂuviatili.
2603 4246 2626 4281 ι
2655 4227 2905 4294 Pompam
2930 4235 3108 4279 autem
3139 4225 3432 4288 ducebant,
3459 4239 3576 4275 eam
3602 4237 3700 4289 per

2124 4327 2271 4377 vicos
2299 4322 2735 4375 circumferentes
2763 4319 2949 4372 nefarii
2978 4317 3309 4381 sacerdotes,
3341 4319 3426 4385 qui
3463 4315 3697 4368 baccha-

2125 4417 2315 4470 bantur
2362 4430 2484 4469 cum
2529 4412 2890 4475 multitudine,
2942 4410 3103 4464 veluti
3157 4426 3250 4477 pro
3282 4423 3414 4476 aqua
3450 4408 3694 4460 ﬂuviatili

517 4501 693 4554 Nares
722 4515 1055 4552 VERBEIIABE.
1088 4497 1202 4553 Vita
1228 4500 1489 4554 Marcella
1513 4516 1656 4553 num.
1677 4501 1710 4551 9
1738 4517 1752 4553 :
1787 4518 1807 4552 ι
1836 4499 2012 4552 Fictus

2120 4509 2452 4563 celebrantes
2500 4506 2772 4576 mySteria.
2804 4521 2823 4555 ι
2861 4503 2990 4557 Nam
3043 4503 3286 4570 StISpicor
3339 4499 3424 4553 hic
3471 4499 3697 4565 intelligi

454 4591 652 4644 ariolus
697 4590 980 4643 stultorqu
1014 4589 1259 4643 verberet
1305 4603 1486 4654 uates,
1521 4598 1575 4643 et
1619 4590 1832 4644 obtorto
1879 4587 2020 4645 fuste

449 4687 637 4738 dentes
671 4683 1028 4736 mordentium
1056 4685 1280 4752 quatiat.
1318 4703 1334 4734 ι
1384 4661 1546 4746 Idem,
1601 4684 1734 4735 libro
1769 4697 1802 4733 ιι
1833 4691 2020 4735 contra

446 4779 784 4832 Jovinianum
805 4817 818 4839 ,
851 4791 967 4844 cap.
1005 4776 1068 4828 19
1095 4793 1108 4828 :
1141 4794 1158 4827 ι
1185 4774 1238 4828 In
1269 4776 1482 4828 circulis
1514 4779 1805 4843 platearum
1837 4776 2021 4843 quoti-

447 4870 535 4922 die
586 4869 737 4922 fictus
766 4867 965 4920 ariolus
1018 4877 1168 4919 nates
1217 4867 1485 4927 verberat,
1519 4875 1572 4918 et
1615 4867 1829 4918 obtorto
1883 4865 2023 4920 fuste

443 4961 635 5011 dentes
689 4955 1048 5010 mordentium
1096 4957 1289 5021 quatit.
1322 4973 1338 5006 ι
1397 4955 1570 5016 ldetn,
1622 4953 1835 5020 Apol.l
1895 4954 2017 5006 adv.

443 5046 645 5099 Ruff'ttt.
674 5086 692 5110 ,
723 5060 841 5113 (ap.
873 5044 944 5097 4:
978 5063 994 5094 ι
1025 5045 1274 5111 Quotidie
1315 5046 1363 5097 in
1391 5044 1578 5111 theis
1626 5045 1780 5096 fictus
1823 5044 2022 5097 ariolus

444 5139 728 5192 stultorum
781 5147 930 5190 uates
963 5140 1210 5190 verberat
1230 5178 1242 5198 .
1293 5146 1348 5190 et
1378 5137 1590 5189 obtorto
1620 5135 1861 5202 scipione
1891 5135 2020 5188 den-

444 5242 524 5286 tes
573 5231 930 5284 mordentium
979 5232 1167 5298 quatit.
1201 5250 1220 5281 s
1275 5229 1346 5283 Ita
1378 5230 1628 5283 omnibus
1661 5229 1744 5281 his
1783 5227 1913 5280 locis
1948 5229 2023 5281 le-

444 5324 674 5393 gendum
704 5337 768 5375 ex
802 5322 926 5376 Mss.
973 5336 1105 5390 quos
1144 5321 1343 5390 aliquot
1379 5322 1642 5376 consului.
1693 5323 1764 5374 Ita
1809 5334 2023 5389 qu0que

463 5415 569 5482 egit
601 5411 858 5466 Ilenricus
888 5412 1133 5466 Gravius.
1168 5412 1421 5481 Vulgatus
1453 5421 1627 5466 textus
1656 5411 1814 5464 habet
1841 5426 2016 5477 nares,

445 5505 586 5573 quod
631 5504 884 5558 Erasmus
931 5513 986 5558 et
1035 5502 1306 5558 Ilealinus-
1337 5512 1599 5558 conantur
1652 5501 2020 5570 interpretari.

446 5582 552 5651 sed
581 5612 676 5665 pro
706 5595 969 5660 lectione,
1001 5609 1156 5662 quam
1187 5595 1389 5648 asserui
1415 5634 1430 5660 ,
1485 5594 1629 5648 clare
1656 5591 1921 5646 Lucianus
1951 5592 2020 5646 de

450 5700 620 5746 morte
646 5688 914 5754 l‘cregrini
944 5705 955 5739 :
993 5683 1114 5742 Εἶτα
1149 5688 1306 5741 παίων
1329 5689 1409 5742 καὶ
1430 5687 1694 5752 παιόμενος
1716 5686 1916 5752 νάρθηκι
1949 5689 2018 5744 εἰς

2119 4614 2396 4654 ascensum
2430 4598 2552 4651 Nili.
2584 4598 2787 4663 Quare,
2823 4597 2871 4648 in
2908 4594 3154 4659 Rufllno,
3210 4595 3300 4648 lib.
3329 4609 3400 4653 ιι,
3434 4608 3484 4646 c.
3514 4593 3571 4658 7,
3603 4608 3701 4658 pro

2119 4691 2269 4760 aquis
2299 4687 2608 4757 pluvialibus
2630 4729 2644 4750 ,
2674 4685 3045 4752 corrigendum
3077 4684 3178 4736 erit
3210 4682 3524 4749 (furialibus.
3560 4681 3699 4733 Nritn

2123 4784 2206 4837 hic
2233 4783 2283 4836 In
2315 4780 2549 4834 Palladio
2580 4775 2764 4831 Grtcce
2793 4787 2874 4830 est
2903 4795 2914 4828 :
2942 4779 3072 4852 ὑπὲρ
3117 4784 3209 4831 τοῦ
3245 4779 3554 4848 ποτσμιαὶου
3579 4774 3702 4828 53a:-

2119 4894 2223 4937 τος,
2269 4890 2360 4940 pro
2407 4871 2645 4941 ﬂuviatili
2686 4884 2837 4939 aqua.
2875 4869 2940 4922 Et
2984 4877 3169 4922 notum
3201 4883 3417 4922 carmen
3450 4865 3581 4919 illud
3631 4864 3701 4918 de

2123 4967 2356 5037 [Egypto
2381 4981 2394 5018 ι

2249 5054 2394 5102 Arida
2422 5065 2514 5100 nec
2542 5049 2704 5112 pluvio
2727 5049 2967 5112 supplicat
2991 5048 3145 5097 herba
3172 5047 3296 5096 ἔστι.

2197 5138 2343 5190 Nm;
2375 5149 2556 5188 SICCR.
2592 5134 2869 5199 Pelagius,
2904 5132 2998 5184 lib.
3027 5147 3058 5185 v
3092 5131 3166 5183 De
3203 5131 3333 5182 \‘itis
3361 5129 3606 5189 Patrum,
3639 5125 3701 5177 li-

2125 5228 2266 5282 bello
2299 5243 2347 5280 tv
2370 5269 2384 5293 ,
2419 5240 2565 5277 num.
2591 5219 2696 5273 (ὥς
2728 5241 2746 5272 ι
2777 5223 2838 5276 Et
2860 5223 3032 5275 attulit
3079 5222 3290 5290 quidam
3341 5220 3506 5273 frater
3551 5219 3701 5271 nim

2125 5319 2295 5372 siccas
2316 5358 2330 5383 ,
2361 5324 2416 5371 et
2444 5315 2567 5368 fecit
2597 5312 2789 5380 pultes.
2837 5332 2854 5364 ι
2893 5311 3037 5365 Νἱχω
3068 5311 3146 5364 hat
3181 5311 3386 5364 Isidoro
3417 5310 3511 5362 lib.
3561 5321 3702 5368 xvii.

2129 5406 2302 5474 capite
2323 5405 2352 5454 7
2372 5444 2386 5467 ,
2419 5410 2538 5470 sunt
2565 5398 2868 5466 coquimella
2887 5438 2902 5462 ,
2935 5398 3074 5466 quod
3105 5397 3373 5451 detortum
3402 5411 3464 5448 ex
3510 5394 3700 5448 Graeco

2128 5497 2478 5568 κοκκυῖμηλον..
2517 5511 2534 5543 ι
2565 5490 2925 5559 Coquimella,
2973 5490 3180 5557 inquit,
3211 5503 3367 5554 quam
3416 5485 3584 5539 Latini
3629 5481 3703 5535 ob

2129 5592 2359 5644 colorem
2392 5600 2617 5656 prunqu
2641 5593 2852 5648 vocant,
2881 5583 2968 5636 alii
2994 5598 3020 5633 a
3053 5579 3392 5634 multitudine
3421 5578 3563 5632 enixi
3593 5579 3709 5630 frn-

2129 5691 2247 5738 ctus
2279 5681 2456 5735 nixam
2487 5677 2779 5746 appellant.
2808 5674 2970 5742 Cujus
3003 5673 3216 5740 generis
3239 5671 3563 5726 Damascena
3597 5688 3708 5726 meo
