4014 6368
302 325 411 390 473

985 338 1463 394 UNOMASTICON
1508 337 1741 392 RERUM
1789 335 1871 389 ΕΤ
1923 335 2297 390 VERBORUM
2342 329 2871 390 DII'FICILIURUM.

3447 329 3551 383 474

303 449 434 519 Ilor,
470 465 498 502 a
525 450 780 503 Damasco
806 449 1000 519 oppido
1024 493 1038 516 ,
1083 454 1222 508 unde
1254 455 1398 522 prius
1441 462 1712 521 asportata
1747 463 1826 505 εει

1974 452 2227 519 Αἰγύπτου
2255 453 2402 525 μέρη,
2435 451 2701 504 divisiones
2740 463 3038 517 magnarum
3070 446 3277 518 1043
3306 448 3549 515 partium,

302 539 443 595 dicta
471 560 482 591 :
508 542 657 608 cujus
685 542 855 596 solum
887 559 1100 610 pomum
1146 548 1429 600 stomacho
1457 545 1659 599 mederi
1687 544 1874 613 proba-

301 643 414 698 tur;
439 648 558 686 nam
591 642 782 687 czctera
816 635 975 688 noxia
1009 637 1372 704 perhibentur.
1410 636 1529 688 Ilaec
1555 635 1671 690 sola
1705 634 1870 686 arbor

297 725 500 793 gummi
530 723 849 793 glutinosum
895 733 949 777 et
988 726 1368 794 compacticum
1401 724 1640 787 distillat,
1670 741 1775 792 quo
1819 732 1874 778 et

297 816 496 871 medici
543 826 592 870 et
625 817 911 883 scriptores
944 822 1182 871 utuntur.
1217 835 1236 869 ι
1292 817 1424 869 Vide
1472 818 1697 870 Plinium
1725 858 1738 882 ,
1773 817 1867 871 lib.

300 922 415 972 xm,
445 921 563 974 cap.
602 905 690 971 II,
717 905 783 958 de
813 905 1094 958 sarcocolla
1116 947 1130 969 ,
1180 906 1267 973 qui
1315 906 1472 960 habet
1500 907 1714 974 pictore;
1733 947 1748 972 ,
1777 923 1872 975 pro

298 997 591 1064 scriptores.
627 995 790 1063 Idem,
819 995 914 1051 l.b.
947 1011 1078 1060 mi,
1109 997 1281 1063 capite
1301 997 1370 1050 25
1397 1015 1409 1050 :
1443 1016 1460 1050 ι
1496 997 1627 1050 Cum
1652 1013 1870 1052 rosaceo

302 1103 430 1142 vero
461 1097 514 1141 et
544 1087 646 1140 lico
679 1087 839 1150 sicca,
870 1087 1147 1157 myxisque
1175 1087 1378 1142 deCoeti
1403 1087 1635 1141 furfures
1657 1088 1865 1157 (tritici)

295 1177 525 1232 tonsdlis
574 1177 915 1244 laucibuSque
943 1175 1362 1245 gargarizatioue
1404 1187 1644 1246 prosunt.
1676 1196 1696 1229 ι
1736 1176 1870 1232 Vide

294 1281 351 1324 et
382 1269 764 1333 Dioscoridem,
801 1269 891 1322 lib.
921 1285 960 1336 ι,
989 1284 1108 1339 cap.
1142 1268 1264 1324 I75.
1295 1269 1622 1324 G!ossarium
1651 1269 1872 1324 Cambe-

292 1379 526 1419 rouense
557 1364 656 1418 Its.
685 1382 698 1415 :
732 1383 748 1414 ι
774 1363 906 1417 Nixa
934 1372 1017 1418 est
1041 1378 1208 1433 genus
1236 1363 1463 1429 arboris,
1497 1377 1526 1414 a
1553 1362 1865 1417 similitudi-

292 1471 361 1510 ne
388 1455 534 1509 enixi
563 1454 700 1508 dicta
738 1454 940 1508 fructus
967 1494 984 1520 ,
1019 1473 1036 1505 ι
1070 1456 1210 1522 quod
1241 1469 1307 1509 ex
1338 1453 1542 1508 Isidoro
1583 1454 1867 1508 adumbra-

292 1555 427 1600 tuut.
459 1547 536 1599 Ad
566 1561 721 1614 quem
755 1555 899 1600 notat
927 1544 1138 1600 Grialus
1163 1545 1478 1602 scholiastes
1507 1563 1522 1600 :
1547 1547 1603 1600 In
1628 1547 1866 1616 margine

288 1637 500 1691 Codicis
529 1637 753 1691 Romani
781 1638 948 1692 sancti
993 1637 1172 1700 Petri.
1229 1639 1343 1694 hac
1387 1639 1564 1692 addita
1599 1639 1864 1708 reperisse

289 1741 371 1792 se,
401 1727 492 1782 sed
522 1728 709 1782 eadem
742 1743 900 1781 tnauu
923 1727 1099 1782 aiebat
1121 1727 1335 1783 Cltacou
1364 1746 1376 1781 :
1406 1746 1424 1779 ι
1453 1729 1596 1783 Ilanc
1619 1729 1862 1782 arborem

1978 542 2316 609 appellabant
2383 544 2590 614 νομούς.
2659 546 2814 611 Νομοὶ
2877 555 3002 594 vero
3059 539 3430 593 dividebantur
3492 540 3544 592 iu

1976 637 2295 710 τοπαρχίας,
2340 643 2395 687 et
2425 633 2504 686 Ita:
2536 633 2586 685 in
2623 632 2752 685 alias
2781 633 2940 703 τομὰς
2983 645 3075 684 seu
3105 632 3391 691 set-tiones,
3419 645 3548 694 qua-

1975 740 2092 778 rum
2125 726 2357 778 minima:
2385 733 2536 780 erant
2561 723 2766 800 ἄρυραι.
2799 723 2978 791 Itaque
3009 722 3109 775 hoc
3136 723 3186 775 in
3220 722 3335 773 loco
3359 735 3547 788 septem

1975 819 2145 871 nantia
2173 817 2477 884 accipienda
2509 819 2754 872 videntur
2802 832 2897 885 pro
2948 826 3153 883 septem
3188 816 3363 868 aruris
3413 829 3544 866 eon-

1969 905 2189 976 juuctis.
2224 907 2684 974 Quemadmodum
2715 906 2950 960 Thebais
2979 915 3032 959 et
3062 904 3208 958 Delta
3239 905 3547 956 divideban-

1973 1008 2059 1053 tur
2097 999 2150 1053 itt
2179 991 2361 1054 decem
2393 1015 2603 1066 nomos,
2651 1009 2704 1054 et
2732 999 3042 1052 intermedia
3075 997 3306 1051 solitudo
3337 995 3541 1047 divide-

1970 1090 2130 1146 batur
2158 1093 2210 1145 in
2244 1093 2453 1161 triginta
2487 1104 2703 1156 nomos;
2740 1091 2808 1143 ita
2844 1090 3092 1143 existimo
3137 1087 3375 1158 Scytltitn
3412 1086 3532 1138 divi-

1970 1197 2083 1238 sam
2136 1183 2298 1238 luisse
2349 1186 2398 1236 ιιι
2444 1183 2688 1236 diversos
2727 1197 2951 1247 nemos;
3001 1197 3226 1251 quorum
3263 1195 3427 1239 unus,
3479 1178 3547 1231 de

1969 1290 2074 1344 quo
2105 1275 2190 1329 hic
2215 1289 2412 1339 sermo,
2435 1273 2642 1328 divisus
2667 1275 2824 1326 luerit
2845 1273 2898 1326 in
2919 1281 3108 1341 septem
3135 1271 3327 1335 nantia,
3362 1270 3410 1322 id
3435 1277 3542 1334 est,

1967 1380 2153 1420 aruras
2180 1379 2275 1418 seu
2296 1379 2481 1432 agros;
2513 1365 2600 1434 qui
2629 1363 2712 1417 vel
2738 1362 3028 1431 pascoales.
3059 1361 3111 1414 in
3148 1363 3338 1429 quibus
3364 1360 3539 1412 lentun

1969 1457 2367 1521 demetebatur;
2419 1457 2500 1509 vel
2560 1456 2814 1519 arabiles,
2870 1455 2936 1508 de
2976 1455 3169 1523 quibus
3219 1453 3304 1505 hic
3348 1452 3541 1519 agitur.

1969 1547 2221 1603 Fortasse
2250 1563 2353 1602 non
2399 1547 2532 1600 dixit
2561 1546 2905 1615 Iteptanomia,
2957 1546 3052 1596 sed
3099 1554 3287 1608 septem
3335 1541 3543 1594 nomine

1971 1637 2098 1709 (etsi
2128 1638 2313 1692 eadem
2345 1638 2414 1692 sit
2444 1637 2718 1705 utriusque
2749 1633 3082 1705 signiﬁcatio)
3109 1644 3163 1687 ut
3192 1634 3542 1702 distingueret

1967 1732 2034 1784 ab
2064 1730 2425 1799 lleptanomos
2454 1745 2548 1784 seu
2585 1730 2959 1798 lleptanomia,
2993 1729 3042 1782 in
3071 1743 3173 1796 qua
3200 1726 3394 1780 Uasitze
3421 1742 3542 1779 ere-

289 1819 513 1874 Romani
561 1831 749 1874 vocant
797 1837 1044 1889 primum.
1083 1821 1299 1888 Hispani
1333 1821 1546 1886 nixum,
1592 1821 1860 1887 Waudali,
1898 1819 1940 1878 Β
1969 1825 2110 1877 mitte
2149 1823 2441 1893 degebant,
2472 1839 2536 1877 ett
2567 1823 2812 1891 opposito
2843 1820 3144 1874 solitudinis
3176 1818 3424 1888 Scythis;
3458 1818 3540 1869 in-

287 1921 340 1964 et
369 1911 565 1978 Gothi,
595 1922 647 1965 et
675 1911 854 1975 Suevi,
879 1922 930 1966 et
955 1912 1171 1966 Gallteci
1217 1913 1526 1966 caeruleam.
1553 1930 1570 1962 ι
1606 1912 1862 1966 Retineut

288 2003 443 2054 hodie
475 2003 692 2070 vestigia
737 2002 891 2069 hujus
923 2004 1066 2058 vocis
1116 2003 1354 2056 Lusitani
1382 2014 1434 2056 rt
1476 2003 1716 2070 Gallaaei,
1767 2003 1857 2070 qui

284 2109 452 2160 pruna
486 2097 660 2147 munia
688 2110 888 2149 nmevas
935 2095 1047 2149 sive
1091 2097 1311 2148 ameivas
1345 2097 1547 2150 dicunt.
1604 2099 1669 2150 Et
1717 2100 1858 2164 apud

283 2185 656 2251 Aurelianum,
687 2188 778 2240 lib.
810 2204 859 2240 tv
890 2189 1074 2254 Tard.,
1126 2206 1224 2252 can
1252 2193 1285 2245 8
1312 2209 1323 2243 :
1356 2209 1372 2242 ι
1416 2192 1518 2245 Pro
1544 2191 1860 2248 decoctione

283 2290 541 2328 noxarum
570 2288 620 2330 et
672 2279 1051 2348 glycyrrhizae;
1090 2300 1107 2333 ι
1169 2286 1409 2335 uixerunt
1461 2297 1560 2352 ego
1607 2283 1856 2349 legerem.

282 2368 430 2435 Quod
455 2385 628 2425 autem
662 2388 814 2440 myra
841 2389 935 2440 pro
957 2374 1078 2427 nixa
1101 2375 1380 2444 legendum
1407 2375 1617 2444 quidam
1643 2389 1862 2429 conten-

279 2459 430 2525 dunt,
456 2476 518 2513 ex
547 2460 708 2514 Paulo
739 2461 985 2530 Egitteta
1023 2463 1155 2516 libro
1179 2477 1248 2515 vn
1272 2503 1287 2527 ,
1318 2464 1479 2528 Μὺξα,
1503 2462 1708 2539 δένδρου
1728 2487 1857 2540 καρ-

279 2549 373 2610 πός
387 2553 498 2605 ἐστι
515 2552 810 2626 μικρότερος
825 2553 1025 2624 μὲνξτῶν
1043 2556 1384 2625 κοκκυμήλων,
1401 2555 1608 2625 δύναμει
1622 2555 1673 2610 δέ
1689 2577 1853 2630 παρα·

277 2643 526 2706 πλήσιος,
558 2644 837 2697 conlirmat
879 2645 1016 2712 quod
1047 2646 1114 2700 de
1151 2646 1391 2702 Galltecis
1420 2649 1685 2713 diximus;
1721 2664 1844 2702 nam

277 2752 326 2787 ut
354 2736 404 2787 iu
441 2736 613 2788 locum
644 2753 704 2800 η,
754 2748 843 2791 aut
873 2739 1032 2793 etiam
1073 2751 1291 2805 contra,
1336 2741 1384 2793 in
1419 2741 1601 2794 multis
1634 2741 1854 2795 vocibus

276 2829 604 2884 successisse
646 2829 841 2896 passim
895 2831 1160 2887 videmus.
1218 2832 1480 2888 Hactenus
1533 2831 1745 2887 Grialus
1797 2833 1850 2887 in

276 2917 562 2975 lsidorum.
591 2919 748 2991 Μυῖα
769 2921 880 2974 hzec
902 2923 1062 2976 etiam
1090 2925 1327 2994 myxaria
1345 2924 1506 2978 dicta.
1535 2925 1847 2991 Cassianus,

276 3015 457 3068 tollat.
514 3030 602 3068 vut
627 3057 642 3081 ,
692 3030 808 3083 cap.
846 3016 869 3069 I
902 3034 914 3069 :
947 3033 965 3068 ι
1001 3017 1126 3070 Post
1158 3023 1268 3071 tunc
1299 3018 1648 3085 superintulit
1675 3020 1850 3072 cauis-

276 3116 416 3160 trum
498 3106 699 3160 habens
746 3109 890 3161 cicer
940 3108 1194 3172 l‘rictum,
1259 3114 1398 3179 quod
1471 3109 1545 3163 illi
1624 3109 1845 3178 trogalia

277 3208 490 3260 vocant,
542 3213 605 3251 ex
637 3197 824 3265 quibus
855 3197 1015 3266 quina
1048 3209 1250 3252 tantum
1304 3201 1628 3268 sumpsimus
1657 3216 1846 3268 grana,

275 3290 520 3360 myxaria
563 3289 716 3356 bina,
747 3289 950 3343 caricas
999 3290 1251 3360 singulas.
1286 3309 1305 3342 ι
1344 3290 1396 3344 In
1439 3291 1604 3345 veteri
1654 3289 1852 3344 Lexico

273 3394 510 3447 notatur,
560 3384 719 3454 Myxa
748 3392 801 3439 et
835 3384 1095 3456 Myxart'a,
1128 3385 1265 3456 apud
1291 3385 1614 3440 recentiores
1635 3386 1852 3440 Crtecos

275 3474 550 3538 medicos,
602 3491 721 3530 esse
771 3477 976 3530 minora
1027 3477 1209 3546 prunis
1259 3477 1623 3541 Damascenis,
1659 3477 1850 3532 nucleo

273 3567 419 3620 Intus
451 3566 780 3635 triangulari.

342 3655 600 3710 Noutcus.
651 3656 927 3721 Moschus,
987 3660 1143 3712 Prato
1189 3659 1475 3729 spirituall,
1525 3675 1646 3729 cap.
1692 3661 1846 3716 193:

277 3745 624 3799 «Accersivit
689 3747 867 3814 itaque
919 3747 1194 3802 Nomicum
1264 3765 1360 3803 seu
1425 3750 1846 3819 dispensatorem

273 3836 624 3891 sanctissimae
656 3840 916 3893 ecclesite.
951 3859 969 3892 ι
1003 3839 1190 3914 Ἠγαγα
1218 3843 1304 3897 τὸν
1331 3845 1536 3914 Napaeis
1562 3853 1653 3904 τῆς
1693 3844 1849 3916 ἁγιω-

273 3931 425 3989 τάτης
484 3930 768 3990 ἐκκλησίας.
821 3930 976 3984 Varia
1030 3930 1234 3986 Nomici
1283 3933 1655 4002 interpretatio
1706 3934 1846 4002 apud

273 4018 650 4087 Curopalatam
685 4022 734 4074 in
768 4031 954 4075 octava
982 4023 1217 4078 l‘eutade
1239 4025 1572 4087 olliciorum;
1610 4025 1697 4078 ubi
1730 4035 1849 4093 post

272 4111 618 4177 primicert'um
641 4111 883 4166 lectorum
916 4112 1128 4183 ponitur
1156 4127 1211 4169 Ὀ
1235 4118 1467 4184 Νομικὸς,
1499 4131 1654 4184 quem
1686 4116 1848 4170 Joan-

271 4217 366 4256 nes
396 4201 595 4256 Citrius
621 4205 828 4260 videtur
857 4222 1050 4261 vocare
1072 4208 1407 4280 νομμοδὸτην,
1436 4210 1586 4274 quasi
1619 4212 1843 4262 nummi-

270 4294 521 4347 datorem.
555 4295 692 4349 Sane
727 4298 826 4350 hoc
860 4297 978 4351 loco
1007 4299 1216 4354 videtur
1247 4315 1345 4366 per
1385 4302 1599 4369 Νομικὸν
1627 4301 1846 4368 dispen-

269 4396 416 4439 sator
444 4388 523 4440 vel
555 4389 642 4456 qni
674 4405 856 4442 turam
891 4390 1153 4444 rationum
1201 4402 1253 4446 et
1301 4393 1601 4444 chartarum
1650 4392 1844 4458 habet,

269 4477 511 4546 Intelligi.
551 4478 678 4533 Vide
707 4479 1019 4535 Gretzerum
1049 4493 1313 4550 nostrum,
1345 4483 1410 4536 ad
1440 4492 1600 4552 caput
1635 4483 1655 4536 I
1688 4482 1847 4538 Codi-

269 4568 320 4624 οἱ
347 4568 680 4637 Curopalata:
711 4572 784 4626 De
813 4573 956 4627 ol'llc.
993 4574 1400 4644 C0nstantiuop.

335 4659 563 4716 Nomm.
593 4662 846 4730 Joannes,
873 4665 1052 4720 libello
1079 4683 1138 4731 ιι,
1163 4684 1309 4722 nutu.
1335 4669 1406 4721 8:
1438 4687 1455 4719 ι
1479 4669 1834 4723 Ascendimus

268 4764 474 4810 metere
528 4772 646 4811 cum
698 4773 762 4813 eo
814 4770 1015 4826 septem
1066 4760 1302 4815 nomina.
1335 4779 1354 4815 ι
1402 4760 1721 4815 Constanter
1761 4763 1844 4816 hic

267 4846 366 4920 Ms.
399 4848 518 4901 libri
565 4849 800 4918 plerique
846 4849 898 4903 iu
929 4852 1137 4903 nomina
1166 4851 1524 4904 consentiunt.
1572 4850 1840 4919 Suspicari

265 4936 386 5003 quis
431 4937 596 5004 possit
641 4952 709 4990 an
754 4949 938 5008 septem
973 4941 1179 4993 nomina
1228 4941 1522 5009 prodierint
1550 4958 1614 4994 ex
1646 4941 1836 4995 Graeco

265 5027 566 5098 ἕπτανομία,
598 5044 717 5098 qua:
745 5043 887 5084 certa
919 5031 1135 5100 Aﬁgyjiti
1168 5033 1342 5100 portio
1365 5073 1380 5096 ,
1424 5033 1574 5100 quasi
1608 5047 1840 5086 messum

266 5119 460 5174 ive.iut
491 5121 541 5174 in
575 5121 942 5190 lleptanomia.
975 5123 1079 5178 Sed
1105 5138 1222 5177 cum
1252 5136 1428 5178 textus
1449 5125 1666 5178 Graecus
1683 5125 1839 5190 desit,

267 5225 414 5264 mera
465 5212 828 5280 ειιερίεἱορεῐ.
884 5214 1074 5268 Petrus
1129 5215 1434 5269 Lausselius
1464 5226 1644 5269 noster
1694 5217 1840 5271 varie

262 5302 453 5358 doctus
479 5304 730 5359 censebat
761 5305 1038 5373 legendum
1066 5318 1257 5374 septem
1288 5308 1480 5373 uomia,
1510 5307 1632 5375 quia
1655 5308 1840 5361 existi-

267 5409 382 5459 tuo,
412 5395 610 5464 inquit,
645 5397 981 5450 solitudinem
1014 5397 1286 5468 Scythiam
1318 5398 1540 5450 divisam
1574 5400 1735 5452 luisse
1786 5397 1836 5452 iu

261 5488 440 5540 varias
486 5488 776 5557 portiones,
835 5504 966 5557 quas
1013 5490 1350 5558 appellaoaut
1396 5491 1565 5560 νὸμια,
1598 5505 1626 5542 a
1678 5490 1841 5545 verbo

260 5582 420 5649 νέμω,
440 5579 491 5634 id
511 5593 612 5646 est,
631 5583 822 5635 divido.
843 5583 992 5638 Unde
1021 5583 1259 5648 Proeliis,
1289 5585 1338 5636 in
1363 5583 1643 5650 Timaeum,
1668 5584 1826 5638 docet

262 5672 413 5740 νομὸν
437 5671 536 5726 dici
562 5674 664 5728 ἀπὸ
689 5681 773 5727 τοῦ
798 5678 1097 5746 νενεμῆσθαι
1120 5680 1206 5734 τήν
1227 5684 1319 5740 γῆν
1337 5715 1352 5740 ,
1383 5692 1413 5726 a
1437 5675 1711 5727 aividendo
1738 5684 1838 5728 lcr-

261 5780 408 5830 ram;
443 5773 492 5820 et
528 5763 759 5835 [Εενρὶἰί
803 5769 889 5828 τὰς
930 5765 1202 5834 (iurgium:
1229 5774 1316 5828 τὰς
1359 5773 1484 5827 κατὰ
1513 5766 1702 5837 αεγάλα
1747 5776 1837 5828 τῆς

1970 1925 2050 1970 ter
2090 1927 2343 1983 utrosque
2387 1918 2529 1969 enim
2580 1914 2856 1983 ittterjzcet
2890 1913 3070 1968 Mmris
3102 1927 3198 1966 seu
3229 1912 3388 1982 Myrts
3434 1918 3540 1963 sta-

1965 2022 2146 2076 gnum.
2183 2006 2253 2059 Ita
2283 2007 2394 2060 ille.

2033 2097 2182 2153 Nutu
2223 2114 2382 2153 ιιιιιιΑ.
2429 2100 2501 2153 Ea
2531 2098 2746 2169 synaxis
2775 2097 2975 2166 expleri
3014 2095 3192 2149 solita.
3251 2095 3364 2146 Vita
3415 2093 3528 2145 Ma-

1963 2192 2092 2246 carii
2129 2193 2353 2245 Romani
2379 2232 2392 2256 ,
2437 2193 2609 2260 capite
2633 2191 2706 2244 5:
2743 2207 2762 2242 ι
2797 2189 2935 2242 llora
2991 2203 3125 2242 nona
3173 2185 3402 2255 quadam
3455 2184 3537 2236 dic

1963 2289 2148 2359 synaxi
2181 2288 2413 2355 expleta.
2448 2305 2465 2338 ι
2498 2287 2568 2338 Ea
2603 2283 2759 2336 etiam
2800 2283 3058 2352 jejunium
3109 2279 3362 2348 resignari
3409 2278 3538 2329 soli-

1969 2387 2097 2430 tum.
2134 2377 2249 2430 Vita
2281 2377 2533 2440 Antonii,
2565 2375 2738 2445 capite
2765 2374 2830 2427 57
2859 2392 2871 2426 :
2915 2393 2935 2426 ι
2970 2373 3105 2426 liora
3134 2371 3349 2425 circiter
3399 2384 3535 2421 neua

1962 2485 2082 2526 eum
2111 2479 2236 2523 ante
2263 2469 2441 2522 cibum
2476 2484 2631 2522 orare
2661 2467 2930 2536 cmpisset.
2966 2485 2985 2518 ι
3016 2463 3360 2533 Prudentius,
3390 2463 3535 2530 Itme

1959 2576 2028 2616 uo
2060 2560 2125 2616 10
2154 2563 2269 2638 περὶ
2297 2562 2496 2633 Στεφάν.
2526 2577 2540 2614 :

2083 2677 2323 2735 Quosdam
2349 2675 2411 2723 de
2439 2675 2613 2735 populo
2639 2674 2774 2722 videt
2797 2671 3025 2720 sacerdos

2087 2739 2354 2786 Libandum
2378 2740 2467 2784 sibi
2499 2737 2721 2797 poculum
2745 2735 2966 2783 ferentes
2987 2771 3002 2795 ,

2079 2799 2383 2860 Jejuuamus,
2406 2802 2488 2855 ait,
2514 2811 2684 2845 recuso
2710 2803 2890 2860 potum.

2080 2858 2301 2908 Noudum
2328 2873 2451 2908 nona
2485 2861 2613 2906 diem
2641 2860 2858 2918 resignat
2885 2858 3022 2905 hora.

2081 2921 2334 2982 Nunquam
2359 2921 2639 2968 conviolabo
2663 2920 2738 2975 jus
2761 2920 2994 2982 dicatum,

2078 2983 2180 3032 Nec
2207 2979 2336 3030 mors
2357 2983 2458 3043 Ipsa
2481 2995 2641 3029 meum
2663 2993 2852 3027 sacrum
2875 2979 3108 3026 resolvet.

1956 3088 2232 3150 Bullinus,
2265 3087 2357 3140 lib.
2395 3101 2489 3149 ιιι,
2521 3101 2575 3137 ιι.
2609 3083 2641 3134 4
2668 3101 2680 3137 :
2713 3101 2732 3134 ι
2766 3084 3005 3150 Cumque
3036 3080 3164 3134 hora
3197 3091 3338 3131 noua
3370 3079 3528 3129 adve-

1877 3187 1925 3252 ο
1958 3179 2160 3243 uisset,
2193 3176 2488 3230 secundum
2521 3171 2962 3228 consuetudinem
2996 3167 3298 3236 complebat
3347 3181 3530 3222 omnes

1958 3271 2231 3326 orationes
2267 3282 2391 3321 suas
2421 3308 2435 3332 ,
2468 3275 2520 3320 et
2551 3264 2902 3334 psalmodiam
2935 3260 3224 3315 secundum
3258 3257 3533 3326 regulam,

1955 3370 2012 3418 et
2051 3360 2283 3430 ponebat
2325 3373 2516 3428 panem
2565 3367 2620 3409 ut
2667 3355 2991 3410 comederet.
3028 3372 3043 3403 ι
3079 3351 3254 3413 Idem,
3301 3350 3396 3402 lib.
3445 3363 3532 3412 ut,

1957 3469 2104 3506 nutu.
2135 3451 2202 3506 55
2231 3493 2246 3515 ,
2277 3451 2329 3505 in
2372 3449 2628 3503 Silvano:
2665 3465 2682 3498 ι
2716 3444 2854 3499 Hora
2901 3451 3076 3497 autem
3121 3456 3259 3494 nona
3299 3440 3531 3493 circum-

1955 3546 2217 3616 Spiciebat
2247 3543 2412 3598 frater
2441 3542 2531 3596 ille
2564 3541 2730 3603 viam,
2765 3540 2808 3592 si
2851 3534 2989 3590 forte
3031 3540 3244 3586 vocaret
3282 3547 3401 3584 eum
3443 3543 3532 3582 se-

1956 3653 2053 3691 nex
2087 3637 2151 3690 ad
2182 3633 2594 3688 comedendum.
2625 3649 2642 3682 ι
2673 3630 2813 3683 Idetu
2857 3636 2935 3681 est
2967 3625 3102 3693 apud
3139 3621 3438 3689 Pelagium,
3473 3620 3531 3670 li-

1952 3729 2094 3783 bello
2123 3745 2149 3780 χ
2174 3769 2188 3793 ,
2224 3744 2373 3780 nunt.
2407 3726 2474 3780 63
2509 3743 2520 3776 :
2555 3723 2824 3787 Joannes,
2857 3719 3033 3772 libello
3081 3731 3170 3779 III,
3221 3730 3276 3768 u.
3307 3717 3339 3768 2
3367 3731 3378 3767 :
3411 3731 3428 3764 ι
3464 3712 3530 3766 1‹;ι

1951 3825 2092 3876 circa
2124 3822 2305 3875 horam
2340 3835 2530 3873 nonam
2573 3811 2888 3885 signiﬁcavit
2921 3810 3249 3880 percutiens,
3305 3816 3357 3877 et
3389 3805 3529 3858 venit

1952 3914 2038 3966 ille
2067 3912 2260 3975 minor,
2293 3920 2347 3964 et
2389 3908 2514 3962 fecit
2560 3907 2824 3960 modicam
2873 3910 3149 3956 cocluram
3195 3897 3474 3965 pulmenti.
3506 3913 3524 3947 ι

1951 4007 2307 4073 Augustinus,
2342 4001 2540 4069 Regula
2569 3998 2637 4061 2,
2683 3997 2750 4050 de
2793 4003 3032 4060 tempore
3077 3988 3265 4043 edendi
3296 4007 3306 4038 :
3339 4005 3355 4038 ι
3386 3984 3529 4053 Ope-

1950 4107 2136 4153 rentur
2184 4105 2362 4150 autent
2407 4107 2562 4148 mane
2610 4105 2780 4158 usque
2823 4089 2886 4139 ad
2933 4096 3168 4148 sextam,
3212 4091 3264 4136 et
3309 4098 3336 4134 a
3379 4088 3528 4134 sexta

1901 4217 1906 4224 -
1950 4205 2118 4257 usque
2173 4188 2236 4241 ad
2296 4201 2488 4240 nonam
2543 4182 2770 4238 reddant
2821 4178 3091 4239 Codices;
3147 4184 3200 4228 et
3250 4181 3528 4242 postquam

1950 4279 2242 4334 releccriut
2289 4278 2403 4331 sive
2449 4276 2500 4328 in
2545 4273 2736 4334 horto,
2781 4269 2896 4322 sive
2943 4267 3256 4333 ubicumque
3299 4263 3528 4328 fuerint,

1949 4371 2144 4426 iaciant
2180 4383 2314 4437 opus
2342 4381 2511 4435 usque
2544 4363 2608 4417 ad
2639 4361 2822 4415 horam
2856 4356 3160 4412 lucet-uarii.
3195 4371 3213 4404 ι

2023 4484 2250 4550 Quidam
2280 4479 2482 4551 jejuuia
2516 4477 2581 4531 ad
2615 4488 2892 4543 vesperam
2923 4469 3310 4526 extendebant.
3357 4465 3524 4518 Rulli-

1870 4554 1925 4614 Ῑ)
1953 4592 2080 4641 nus,
2125 4576 2216 4628 lib.
2252 4589 2326 4641 tt,
2355 4587 2472 4640 cap.
2508 4570 2568 4624 51
2598 4585 2613 4623 z
2643 4587 2662 4620 ι
2696 4568 2885 4620 Cibum
2914 4579 3123 4635 qttoquc
3164 4561 3217 4616 in
3251 4575 3525 4626 vesperam

1947 4669 1993 4724 ei
2038 4683 2250 4724 sumere
2279 4665 2548 4734 praecepit.
2581 4681 2600 4715 ι
2641 4661 2790 4728 Quod
2819 4659 2980 4714 etiam
3027 4655 3164 4725 apud
3199 4653 3488 4708 Palladium
3511 4691 3526 4711 .

1949 4776 2068 4829 cap.
2101 4758 2193 4812 Ἡ.
2231 4759 2356 4811 Item
2402 4755 2679 4817 Bullinus,
2731 4753 2821 4806 lib.
2857 4767 2925 4816 ιι,
2967 4764 3087 4815 cap.
3126 4749 3234 4800 lzt
3270 4745 3363 4799 llic
3402 4758 3527 4810 ergo

1908 4841 1914 4847 ’
1951 4867 2073 4907 cum
2108 4857 2228 4919 post
2259 4848 2530 4902 orationes
2561 4845 2737 4899 cibum
2781 4842 2938 4895 solito
2979 4837 3290 4904 requisisset
3328 4834 3390 4887 ad
3439 4849 3526 4886 ve-

1945 4959 2180 5013 speram.
2211 4962 2228 4994 ι
2252 4943 2383 5008 Quae
2405 4942 2566 4994 etiam
2591 4937 2755 4990 habes
2781 4933 2916 5002 apud
2942 4931 3269 4993 Palladium,
3295 4942 3410 4994 cap.
3437 4926 3526 4979 66.

1953 5036 2226 5101 Bullinus,
2257 5033 2352 5087 lib.
2382 5047 2440 5085 ιιι
2466 5071 2480 5096 ,
2510 5045 2659 5083 num.
2691 5025 2797 5080 23:
2828 5043 2846 5076 ι
2878 5023 3083 5076 Rursus
3114 5019 3336 5089 ingressi
3366 5019 3526 5072 cel!u-

1954 5127 2090 5190 lam,
2132 5124 2472 5194 vespertinas
2512 5119 2784 5174 orationes
2831 5113 3196 5179 complentes,
3242 5109 3525 5163 adorantes

1947 5235 2102 5283 eum,
2144 5217 2433 5271 dixerunt:
2480 5214 2535 5268 Si
2580 5209 2860 5280 przecipis,
2903 5206 3150 5270 domine,
3194 5204 3422 5265 ibimus,
3469 5211 3525 5255 ut

1947 5327 2069 5366 eum
2099 5310 2189 5380 qui
2221 5308 2476 5363 remansit
2507 5306 2716 5359 caulem
2747 5310 3040 5369 coquentes
3066 5306 3372 5368 gUSll'lllllS.
3405 5295 3524 5363 quia

1943 5418 2052 5472 jam
2105 5404 2234 5454 liora
2276 5408 2358 5455 est
2402 5406 2462 5452 ut
2508 5397 2688 5451 cibum
2735 5405 3034 5447 sumamus.
3085 5408 3102 5440 ι
3138 5386 3416 5457 Pelagius,
3463 5385 3525 5438 li-

1944 5495 2069 5548 bell.
2108 5509 2194 5547 xvt
2216 5534 2230 5557 ,
2265 5506 2411 5545 num.
2447 5489 2510 5543 l3
2538 5507 2550 5541 ε
2584 5507 2602 5540 ι
2637 5485 2712 5540 Illi
2744 5495 2917 5540 autem
2951 5481 3099 5536 fratri
3129 5480 3381 5535 aﬂet‘ebat
3409 5491 3524 5529 tan-

1945 5588 2218 5641 tutnmodo
2251 5584 2513 5637 modicum
2548 5595 2737 5650 panem
2771 5581 2834 5632 ad
2867 5592 3065 5630 seram.
3107 5593 3124 5626 ι

2014 5675 2118 5731 Sed
2145 5672 2402 5744 jejunium
2432 5671 2483 5725 itt
2516 5684 2793 5738 v.speraut
2822 5665 3038 5721 dilIerre
3060 5705 3076 5731 ,
3129 5678 3234 5716 non
3274 5657 3522 5713 omnibus

1952 5769 2198 5825 Patriltus
2229 5767 2540 5837 probatum,
2578 5765 2746 5832 magis
2776 5759 3072 5816 suadebant
3103 5756 3232 5809 hora
3277 5763 3414 5808 noua
3443 5745 3518 5801 ci-
