4014 6368
464 338 528 398 75
1136 335 1615 397 UNOMASTICON
1658 330 1894 388 llliliUM
1939 329 2009 382 E1

2118 329 2438 387 LIIBORUM
2480 332 3000 393 DlFFlGlLIORUM.

3572 344 3680 405 ιτα

424 463 549 518 bum
585 478 817 517 sumere.
851 462 1137 517 Gass'anns
1159 506 1172 527 ,
1200 463 1379 516 collat.
1405 476 1437 515 ιι
1461 502 1477 527 ,
1503 475 1619 526 cap.
1648 458 1714 522 ϐ.
1747 458 1998 525 loquente
2029 452 2075 511 A
2104 464 2319 510 sanctus
2364 466 2584 512 vocatur
2624 469 2677 515 et
2726 476 2934 515 nonnns
2977 463 3053 516 sic
3103 462 3236 530 agit,
3280 477 3378 533 ego
3422 466 3543 535 quis
3589 482 3685 525 aut

400 555 622 627 abbate
654 554 832 626 Moyse
860 573 872 606 :
908 573 925 606 ι
955 554 1163 609 Recens
1193 569 1330 609 escas
1359 553 1630 625 perceptio
1673 562 1778 604 tam
1825 553 1875 603 in
1909 564 1997 603 ve-

428 647 718 714 spertinis,
769 661 928 717 quam
988 648 1040 699 iu
1088 646 1362 700 nocturnis
1407 643 1737 699 orationibus
1784 651 1997 695 tenuem

435 738 713 805 levemque
754 752 972 793 sensum
1015 753 1117 791 non
1141 736 1271 793 sinit
1302 736 1523 791 inveniri
1556 751 1581 789 ε·
1603 736 1724 789 ideo
1762 747 1999 788 commo-

429 832 557 883 dum
590 829 718 884 satis
749 840 803 884 et
832 831 960 884 utile
992 828 1121 883 liora
1154 845 1291 884 nona
1323 827 1628 884 relectionis
1658 838 1870 895 tempus
1912 826 1995 879 in-

428 919 635 972 dultum
667 932 788 983 est;
822 920 872 972 in
920 935 1024 988 quo
1063 918 1307 974 rellciens
1350 919 1640 974 monachus
1681 933 1784 984 non
1825 919 1996 972 solum

428 1010 481 1063 in
516 1012 788 1065 nocturnis
813 1012 1005 1079 vigiliis
1033 1012 1159 1064 levis
1186 1027 1247 1064 ac
1279 1025 1508 1076 vacuus,
1542 1026 1725 1064 verum
1752 1011 1911 1065 etiam
1942 1009 1995 1063 in

428 1100 559 1166 ipsis
587 1100 905 1169 vespertinis
932 1100 1358 1156 solemnitatibus
1384 1099 1591 1169 digesto
1627 1099 1737 1169 jam
1767 1099 1890 1154 cibo
1918 1099 2002 1153 in-

428 1192 642 1245 venitur
672 1192 995 1259 aptissimus.
1030 1211 1048 1245 ι

500 1282 702 1335 Nonas.
748 1281 863 1334 Vita
911 1281 1198 1337 llilarionis
1224 1323 1237 1345 ,
1289 1283 1339 1335 in
1383 1282 1644 1350 prologo:
1677 1300 1695 1332 t
1728 1281 1897 1335 Decus
1938 1294 2002 1335 ac

427 1372 652 1441 dignitas
684 1373 948 1441 virginum
983 1388 1157 1427 nonna
1184 1375 1381 1429 Asella.
1411 1393 1427 1425 ι
1457 1373 1573 1427 Vita
1598 1373 1817 1429 Joannis
1846 1373 2001 1428 Elec-

430 1464 752 1532 mnsynarii,
807 1479 925 1534 cap.
977 1464 1043 1518 ll)
1092 1482 1163 1519 ει
1196 1465 1429 1519 Obsecro
1483 1474 1565 1528 te,
1619 1480 1819 1518 nonna.
1859 1482 1876 1515 ι
1936 1463 2003 1518 Et

426 1567 545 1621 cap.
578 1553 685 1608 46:
733 1552 925 1608 Nonna
968 1553 1203 1625 Pelagia.
1254 1556 1366 1607 Vita
1411 1554 1589 1609 Mariae
1632 1553 1997 1625 Aigyptiacaa,

427 1660 544 1713 cap.
575 1646 639 1699 l7
669 1662 683 1698 :
716 1663 734 1696 ε
758 1646 953 1714 Accipe
976 1645 1089 1700 ba-c
1109 1686 1123 1709 ,
1148 1661 1343 1699 nonna.
1373 1664 1391 1697 ο
1421 1644 1696 1715 Pelagius,
1726 1645 1869 1699 libel.
1895 1658 1999 1710 vn,

428 1755 575 1796 ntnn.
606 1740 673 1794 l0
696 1756 711 1795 :
745 1759 763 1791 ‹
782 1739 966 1793 Nonna
993 1737 1091 1793 ista
1111 1781 1125 1805 ,
1152 1738 1271 1792 veni
1298 1740 1572 1793 nobiscum
1595 1738 1660 1792 ad
1687 1737 1953 1792 balneum.
1978 1754 1994 1787 ι

428 1927 680 1978 occurrit.
724 1924 1104 1995 llieronymus,
1148 1926 1303 1994 epist.
1348 1923 1417 1978 22
1445 1966 1459 1989 ,
1503 1926 1567 1978 ad
1614 1923 1998 1995 Eustochium,

430 2018 504 2070 De
537 2016 836 2087 virginitate
865 2018 1121 2071 servanda
1150 2036 1161 2071 :
1193 2037 1210 2069 ι
1237 2016 1371 2083 Quia
1415 2017 1722 2072 maritorum
1769 2026 2002 2082 experta:

429 2107 759 2161 dominatum
784 2149 799 2173 ,
834 2107 1100 2162 viduitatis
1144 2108 1432 2176 prml'erum
1464 2107 1792 2171 libertatem,
1843 2116 2003 2161 casta:

432 2208 690 2250 vocantur
718 2207 769 2252 et
801 2213 1012 2251 nonum.
1041 2218 1059 2250 ι
1093 2197 1232 2252 Idem
1254 2236 1270 2264 ,
1301 2198 1458 2267 epist.
1490 2197 1559 2253 99
1579 2240 1593 2263 ,
1623 2198 1688 2251 ad
1719 2198 1955 2253 Asellam
1982 2214 1998 2252 :

438 2306 458 2338 s
490 2286 694 2342 Nuntia:
726 2300 1045 2344 vocarentur
1073 2297 1129 2343 et
1157 2299 1375 2343 saneta.
1407 2307 1427 2341 ι
1455 2288 1554 2344 libi
1588 2304 1682 2357 pro
1710 2304 1896 2344 nonnw
1925 2290 2003 2343 ir-
2028 2292 2037 2295 ’

430 2387 670 2449 repserat
714 2380 957 2435 dominia.
1011 2380 1310 2435 Bonifacius
1337 2423 1351 2446 ,
1401 2380 1838 2449 archiepiscopus
1885 2381 2002 2435 Mo-

430 2484 579 2539 gunt.
621 2473 778 2543 epist.
812 2474 879 2528 19
906 2491 917 2526 :
949 2491 967 2524 ε
1000 2473 1054 2528 Si
1098 2487 1220 2527 reus
1261 2475 1508 2526 inventus
1549 2471 1743 2537 luerit,
1786 2481 1843 2526 ut
1881 2487 2003 2527 cum

432 2564 604 2617 velata
645 2575 699 2618 et
741 2575 1048 2619 consecrata
1094 2564 1319 2617 Domino
1342 2578 1515 2617 nonna
1549 2565 1943 2619 concubuisset.
1979 2581 1998 2616 ι

439 2653 638 2708 Ibidem
696 2656 859 2710 babes
915 2655 1169 2710 adulteria
1222 2665 1270 2709 et
1322 2658 1635 2710 monasteria
1691 2673 2001 2712 nonnarum.

433 2746 636 2815 Synodi
669 2763 883 2817 quoque
910 2763 937 2799 a
972 2747 1244 2802 Iinnil'aciu
1273 2757 1638 2817 congregatae,
1671 2764 1802 2819 quas
1840 2749 2004 2803 babes

432 2836 817 2905 Capitularium
850 2841 941 2894 lib.
972 2855 1037 2905 v,
1069 2840 1148 2893 tit.
1174 2841 1239 2905 2,
1264 2838 1330 2903 5,
1360 2853 1660 2894 nonnarum
1691 2840 2003 2895 meminere.

366 2996 369 2999 ν
432 2929 488 2984 ln
516 2947 736 2996 quarum
769 2933 934 3001 prima
957 2951 969 2988 :
996 2951 1016 2986 ι
1041 2931 1299 2989 Similiter
1318 2942 1371 2987 et
1392 2947 1585 2988 nonna-
1606 2934 1792 2988 velata:
1815 2933 2004 2990 eadem

433 3022 740 3088 ptenitcntia
781 3021 1175 3077 contineantur.
1207 3041 1226 3075 ι
1263 3023 1317 3077 1η
1356 3024 1521 3077 altera
1556 3040 1568 3074 :
1607 3042 1627 3076 ι
1658 3024 1915 3079 Similiter
1952 3033 2007 3079 et

434 3113 681 3166 monachi
720 3122 771 3167 et
802 3128 1017 3169 nonum.
1050 3132 1069 3166 ι
1116 3112 1264 3169 Visio
1306 3113 1585 3179 Flotildae,
1626 3114 1814 3185 pagina
1855 3114 2003 3171 206:

2102 556 2296 616 quotus
2324 563 2441 601 sum
2475 558 2531 602 nt
2563 565 2667 604 non
2695 567 2846 619 agam
2867 554 2891 606 ‘l
2910 572 2927 604 ι
2958 553 3169 608 Additio
3199 554 3220 608 l
3252 555 3319 608 ad
3349 558 3672 627 Capitularia

2107 636 2360 691 Ludovici
2393 640 2547 709 imp.,
2583 642 2663 696 tit.
2697 642 2799 697 54:
2840 663 2858 694 ι
2892 643 2956 700 Ut
2985 645 3072 713 qui
3104 658 3486 716 praeponuntur
3512 652 3679 706 nonni

2101 740 2376 786 vocentur.
2409 750 2427 783 ι
2456 733 2585 798 Quae
2615 734 2878 801 ipsisslma
2910 737 3069 791 verba
3098 746 3223 792 sunt
3249 740 3440 809 synodi
3481 743 3675 811 Aquis-

2099 835 2281 890 gran.,
2310 837 2451 876 anno
2481 820 2585 877 8l7
2612 824 2895 880 celebrata:
2916 868 2930 891 ,
2972 842 3089 892 qua:
3129 827 3443 884 adumbrata
3484 834 3673 887 viden-

2103 919 2188 966 tur
2227 926 2292 965 ex
2336 913 2517 982 regula
2565 913 2704 968 beati
2756 915 3063 981 Benedicti,
3108 932 3229 987 cap.
3271 918 3379 975 63:
3413 939 3431 971 α
3457 918 3672 979 Priores

2098 1000 2340 1071 juniores
2392 1017 2516 1058 suos
2569 1002 2763 1060 fratres
2817 1006 3143 1073 nominent;
3195 1007 3440 1079 iuniores
3495 1022 3670 1068 autem

2102 1094 2305 1161 priores
2350 1109 2477 1150 suos
2519 1094 2739 1155 Nonnus
2785 1108 2975 1154 vocent
3002 1141 3017 1164 ,
3063 1097 3204 1170 quod
3245 1100 3556 1172 intelligitur
3584 1119 3673 1174 pa-

2102 1193 2252 1240 terna
2280 1186 2595 1241 reverentia.
2628 1205 2646 1239 ι

2180 1277 2312 1332 Illud
2352 1294 2569 1349 quoque
2608 1289 2847 1345 constat,
2890 1279 3083 1335 Nonna
3121 1283 3280 1338 etiam
3322 1300 3519 1340 nomen
3552 1302 3676 1355 pro-

2104 1370 2275 1438 prium
2315 1369 2501 1437 fuisse,
2553 1372 2951 1444 Moschopulus,
2991 1376 3365 1449 Πιρὶσχεδῶν,
3410 1395 3528 1449 pag.
3561 1381 3675 1437 93:

2101 1461 2260 1519 No'wa
2280 1507 2295 1532 ,
2327 1465 2517 1541 κύριον.

2174 1556 2383 1613 Nosuu.
2425 1556 2704 1628 Pelagius,
2737 1557 2917 1612 libello
2952 1574 3054 1625 vn,
3090 1575 3240 1614 num.
3267 1560 3299 1613 7
3326 1575 3342 1614 :
3372 1579 3390 1611 α
3422 1560 3682 1616 Dicebant

2104 1648 2170 1703 de
2198 1647 2393 1702 abbate
2423 1647 2737 1713 Theodoro,
2772 1656 2827 1702 et
2855 1649 3047 1704 abbate
3075 1649 3239 1704 Lucio
3265 1649 3332 1704 de
3373 1650 3524 1705 Nono
3552 1650 3680 1706 Ale-

2105 1739 2363 1793 xandrite.
2387 1758 2405 1791 ι
2436 1738 2566 1793 Mira
2600 1739 2685 1792 hic
2715 1748 2831 1793 erat
2859 1738 3151 1794 lectionum
3181 1740 3439 1807 varietas,
3471 1741 3588 1797 aliis
3617 1743 3682 1797 de

332 1902 337 1905 _
430 1831 759 1896 Frequenter
791 1832 903 1886 haec
933 1848 1033 1885 vox
1059 1847 1154 1900 pro
1187 1832 1432 1901 religiosa
1464 1841 1634 1884 matre
1661 1846 1755 1884 seu
1785 1830 2001 1883 domina
2033 1821 2080 1882 Β
2113 1828 2257 1883 Novo
2276 1870 2291 1896 ,
2318 1829 2435 1884 aliis
2458 1828 2524 1884 de
2551 1828 2772 1895 Nonno,
2797 1829 2916 1884 aliis
2941 1830 3006 1883 de
3026 1830 3139 1886 loco
3167 1831 3480 1901 legentibus.
3511 1833 3677 1889 Obvia

2105 1920 2332 1988 cuipiam
2364 1921 2673 1990 conjectum
2704 1920 2803 1987 sit,
2836 1922 2899 1976 de
2934 1919 3106 1975 Nomo
3145 1920 3508 1994 Alexandrina,
3538 1928 3678 1994 quod

2107 2010 2372 2081 Egyptns
2392 2052 2408 2076 ,
2441 2019 2579 2065 teste
2607 2010 2811 2076 Plinio,
2846 2010 2937 2067 lib.
2972 2028 3036 2077 ν,
3067 2025 3187 2081 cap.
3218 2012 3253 2067 9
3274 2052 3291 2079 ,
3321 2013 3487 2068 divisa
3519 2016 3589 2069 sit
3630 2016 3682 2070 in

2108 2120 2297 2158 nomos
2339 2118 2432 2157 seu
2470 2101 2850 2173 prmfecturas,
2899 2104 3039 2159 inter
3075 2120 3209 2174 quas
3239 2120 3428 2161 nomus
3456 2109 3686 2163 Alexan-

2106 2193 2268 2257 driae,
2319 2203 2379 2248 ut
2430 2193 2512 2249 vel
2565 2203 2821 2264 uterque,
2863 2195 2947 2251 vel
2991 2195 3185 2251 Lucius
3223 2208 3369 2252 certe
3410 2198 3476 2252 de
3523 2214 3687 2254 nomo

2112 2282 2325 2355 1046,
2353 2283 2691 2340 Alexandria:
2722 2286 2882 2342 luerit
2911 2302 2925 2351 ;
2959 2302 3053 2341 seu
3094 2285 3197 2343 hoc
3231 2288 3429 2343 dictum
3472 2290 3574 2353 sil,
3617 2291 3685 2345 ad

2108 2375 2336 2444 patriam
2366 2390 2552 2430 eorum
2586 2376 3052 2433 demonstrandam
3073 2418 3087 2440 ,
3121 2377 3240 2436 sive
3284 2381 3353 2434 ob
3389 2394 3683 2436 conversa-

2109 2467 2268 2521 tionis
2315 2466 2522 2533 locum,
2574 2467 2689 2524 sive
2740 2470 2807 2523 ad
2860 2470 3261 2528 distinctionem
3311 2474 3540 2529 aliorum
3589 2462 3717 2546 qui

2107 2557 2297 2613 eodem
2326 2559 2681 2614 censebantur
2706 2562 2941 2616 nomine.

2178 2647 2347 2702 AIicui
2388 2648 2497 2703 fors
2538 2651 2590 2704 in
2631 2661 2861 2707 mentem
2903 2652 3077 2708 veniat
3117 2651 3227 2719 No,
3262 2653 3456 2710 Ezecb.
3498 2672 3601 2711 xxx
3629 2666 3688 2712 et

2106 2742 2312 2797 Nahum
2344 2759 2434 2810 III,
2463 2744 2602 2812 quod
2630 2745 2784 2801 divus
2810 2745 3164 2811 Hieronymus
3185 2757 3235 2803 et
3260 2747 3540 2803 Cbaldmus
3565 2749 3686 2804 Ale-

2105 2834 2392 2886 xandriam
2417 2833 2632 2908 Aigypti
2663 2833 3107 2905 interpretantur.

2176 2923 2282 2977 Sed
2337 2926 2672 2980 verissimam
2714 2928 2933 2982 omnino
2975 2928 3259 2984 lectionem
3298 2929 3578 2999 existimo,
3623 2931 3688 2986 de

2111 3013 2263 3068 Nono
2290 3015 2651 3084 Alexandria,
2686 3018 2735 3071 id
2766 3028 2877 3085 est,
2923 3018 2991 3074 de
3037 3035 3178 3074 nono
3222 3020 3557 3076 Alexandria!
3585 3024 3685 3078 cli-

2113 3118 2253 3162 tuate
2282 3123 2376 3161 seu
2424 3109 2675 3177 regione,
2723 3110 2985 3179 siquidem
3016 3112 3389 3167 Alexandriam
3422 3114 3472 3169 in
3502 3116 3685 3189 regio-

438 3222 455 3254 ι
490 3202 630 3255 Vidit
672 3216 732 3257 se
774 3218 891 3257 esse
921 3204 972 3258 in
1004 3203 1231 3273 quodam
1275 3219 1488 3260 alumno
1533 3205 1683 3271 loco,
1728 3204 2009 3275 velumque
2032 3191 2079 3253 (ἶ
2114 3212 2208 3253 nes
2236 3212 2330 3254 seu
2365 3201 2583 3255 climata
2611 3200 2837 3257 divisam
2868 3206 2962 3271 (ιιι
2991 3212 3043 3257 et
3072 3202 3196 3257 olim
3228 3203 3430 3273 Roma)
3459 3204 3689 3261 innuunt

434 3292 640 3361 nigrum
674 3308 732 3347 se
760 3307 919 3358 super
943 3305 1099 3361 caput
1131 3295 1326 3349 habere
1352 3336 1367 3361 ,
1412 3297 1479 3351 de
1520 3311 1627 3366 quo
1665 3312 1784 3350 cum
1827 3298 2006 3367 requi-

435 3387 623 3452 sisset,
651 3387 852 3441 audivit
876 3387 1013 3456 quod
1044 3388 1159 3442 Iieri
1184 3405 1359 3444 nonna
1381 3390 1648 3446 deberet.»
1678 3391 2004 3447 Glossarium

437 3479 866 3534 Cantheronense
912 3480 1010 3535 Ms.
1063 3479 1523 3548 Sanctimonialis,
1570 3499 1788 3549 nunna,
1830 3500 2007 3537 mona-

439 3570 530 3623 rlza
552 3611 567 3635 ,
600 3571 857 3626 monialis.

512 3661 717 3715 Nonme
755 3661 1001 3716 videntur
1038 3672 1092 3716 et
1132 3677 1385 3716 nonnanat
1424 3660 1601 3716 dictat.
1635 3662 1916 3733 Colligitur
1943 3678 2009 3719 ex

438 3754 815 3824 Capitularium
846 3753 936 3808 lib.
974 3753 1034 3821 l,
1071 3754 1153 3810 tit.
1187 3754 1276 3820 l7,
1309 3753 1399 3808 ubi
1425 3754 1701 3823 inscriptio
1743 3764 1862 3809 est:
1896 3754 2012 3809 Cle-

439 3846 557 3899 riris
588 3857 633 3898 et
664 3844 958 3899 Nonnanis.
995 3847 1061 3899 Et
1084 3844 1327 3899 subditur
1366 3860 1537 3900 canon
1579 3846 1789 3901 concilii
1829 3846 2012 3901 Laodi-

439 3938 552 3990 ceni
582 3976 596 3998 ,
627 3938 764 4005 quod
806 3953 905 3990 non
934 3945 1163 4007 oporteat
1192 3936 1429 3991 mulieres
1470 3937 1539 3990 ad
1577 3937 1742 3991 altare
1785 3938 2006 4008 ingredi.

440 4026 807 4080 Traditionutn
839 4028 1180 4081 Fuldensium
1228 4028 1321 4081 lib.
1369 4042 1439 4094 Il,
1485 4045 1539 4086 n.
1569 4028 1669 4097 38,
1714 4044 1832 4100 pag.
1864 4029 2008 4085 509:

444 4137 462 4169 ι
491 4117 759 4186 Reliquias
786 4134 919 4187 quas
944 4118 1206 4173 Einbildis
1231 4120 1500 4174 abbatissa
1529 4120 1777 4185 donavit,
1809 4132 1859 4177 et
1902 4130 2011 4177 tra-

442 4210 575 4263 didit
602 4209 706 4262 illis
734 4210 1017 4263 nonnanis.
1052 4229 1070 4262 ι

462 4356 473 4363 ,
518 4301 643 4354 Item
675 4316 955 4353 nonnanes.
993 4300 1373 4369 Capitularium
1404 4301 1496 4356 lib.
1533 4317 1587 4369 ν,
1620 4302 1703 4357 lit.
1735 4302 1805 4358 78
1833 4319 1846 4357 :
1886 4321 1906 4355 ι
1941 4302 2011 4359 Ut

442 4393 757 4461 condignam
789 4392 1100 4461 pro'essioni
1132 4408 1315 4447 eorum
1343 4395 1637 4449 custodiam
1668 4395 1898 4449 habeant
1925 4409 2013 4449 ca-

445 4486 621 4539 nonici
643 4527 659 4550 ,
692 4486 774 4541 vel
817 4485 1062 4539 monachi
1106 4495 1266 4553 atque
1304 4500 1600 4541 nonnanes.
1631 4504 1650 4537 ι
1682 4487 1745 4541 Et
1786 4486 1878 4540 lib.
1908 4501 2008 4547 vn,

2113 3289 2450 3352 Ammianus,
2483 3290 2577 3347 Iih.
2610 3308 2748 3359 xxtt,
2777 3295 2867 3348 ubi
2903 3292 3159 3351 Bruchion
3180 3338 3195 3361 ,
3226 3312 3346 3366 quae
3383 3298 3521 3367 apud
3561 3300 3690 3353 Ale-

2115 3385 2391 3436 xandriam
2414 3424 2431 3450 ,
2464 3395 2617 3439 vocat
2645 3387 2908 3456 regionum
2933 3391 3211 3442 maximam
3235 3400 3430 3455 partem
3453 3408 3471 3454 ;
3497 3399 3548 3443 ct
3573 3393 3690 3458 epi-

2115 3476 2371 3543 pltanins,
2405 3477 2501 3531 lib.
2534 3475 2609 3533 De
2638 3480 2963 3547 ponderibus
2992 3488 3047 3534 et
3076 3483 3374 3547 mensuris,
3407 3496 3527 3550 pag.
3559 3481 3689 3546 556,

2113 3568 2391 3643 βρουχιῖον
2430 3578 2584 3624 vocat.
2620 3572 2768 3645 κλίμα
2803 3580 2897 3633 τῆς
2933 3573 3252 3650 ’Δλιξάνδρου
3300 3576 3515 3635 nam);
3556 3576 3689 3641 Qum

2115 3657 2275 3714 lectio
2304 3660 2581 3714 verissima
2610 3662 2830 3717 omnino
2871 3673 2973 3718 est.
3017 3664 3146 3719 Nam
3187 3666 3275 3736 qui
3318 3666 3403 3721 hic
3441 3666 3690 3721 Theodo-

2114 3765 2205 3804 rus
2237 3750 2433 3805 dicitur
2459 3752 2522 3804 de
2564 3751 2758 3820 Nono,
2804 3756 2941 3823 apud
2984 3757 3228 3811 eumdem
3271 3757 3580 3826 Pelagium,
3628 3757 3693 3812 li-

2116 3840 2256 3894 bello
2301 3855 2391 3906 st,
2437 3856 2586 3894 num.
2629 3841 2697 3908 2,
2744 3843 2941 3898 dicitur
2979 3844 3283 3901 Theodorus
3331 3848 3395 3902 de
3441 3848 3689 3914 Ennato,

2113 3931 2253 3999 quod
2280 3942 2363 3986 est
2390 3931 2526 3986 idem
2554 3932 2693 4001 quod
2721 3934 2784 3987 de
2809 3934 2985 3990 Nono.
3011 3936 3103 3991 Sic
3128 3937 3313 3993 libello
3339 3955 3436 4006 xu,
3462 3957 3606 3994 num.
3635 3940 3691 4005 9,

2111 4022 2305 4077 dicitur
2349 4021 2543 4077 Lucius
2584 4023 2638 4077 in
2678 4023 2920 4093 Ennato,
2963 4027 3013 4081 id
3053 4040 3167 4093 est,
3214 4029 3403 4098 Nouo,
3448 4031 3695 4089 videlicet

2114 4115 2328 4170 climate
2356 4115 2718 4172 Alexandriae.
2749 4119 2838 4173 Sic
2869 4120 2920 4173 in
2948 4121 3163 4195 Menaeis
3196 4123 3429 4191 Gracis,
3464 4126 3495 4179 9
3525 4126 3691 4181 Octo-

2112 4204 2224 4263 bris
2243 4250 2257 4273 ,
2290 4209 2342 4263 in
2373 4208 2491 4263 Vita
2519 4211 2806 4266 Andronici
2833 4223 2888 4269 et
2918 4215 3220 4271 Atltanasite
3248 4217 3691 4273 anachoretarnm

2115 4297 2279 4353 habes
2333 4299 2758 4357 ὀκτωκαιδέκατον
2778 4343 2794 4369 ,
2827 4314 3058 4357 octavum
3088 4307 3368 4373 decimum,
3398 4309 3478 4362 vel
3510 4310 3693 4372 clima,

2114 4390 2196 4444 vel
2230 4390 2591 4444 suburbanum
2614 4432 2629 4457 ,
2661 4393 2746 4448 vel
2775 4394 3077 4449 coenobium
3106 4396 3249 4465 apud
3283 4397 3691 4454 Alexandriam.

2127 4482 2252 4538 Vide
2284 4484 2539 4540 Ensnuu
2568 4495 2623 4541 et
2653 4486 2951 4542 Scortumn

443 4588 459 4627 t
489 4587 525 4628 t.
559 4575 661 4631 516
689 4593 703 4631 :
733 4595 750 4627 ι
782 4576 1039 4631 Similiter
1064 4585 1118 4631 et
1150 4591 1425 4631 nonnancs
1459 4578 1643 4632 velatm
1683 4577 1869 4631 eadem
1903 4591 2017 4646 pm-
2043 4568 2094 4627 D
2188 4579 2416 4631 UBOLUS.
2457 4576 2746 4642 Palladios,
2777 4592 2894 4647 cap.
2936 4579 2993 4631 l0
3018 4594 3031 4632 :
3057 4604 3074 4630 ι
3098 4580 3195 4647 Qui
3222 4596 3288 4635 ne
3310 4580 3446 4636 duos
3475 4582 3689 4652 quidem

442 4669 662 4722 tzitentia
695 4677 997 4723 teneantur.
1026 4686 1047 4721 ι
1086 4668 1237 4723 Unde
1265 4668 1429 4723 Gallis
1456 4670 1729 4721 nonnains.
1765 4668 1893 4721 Eant
1925 4682 2017 4719 vo-

443 4776 558 4814 cem
600 4762 797 4815 Irustra
838 4762 904 4814 ad
949 4762 1320 4817 Germanicam
1363 4761 1764 4833 originationem
1804 4763 2017 4819 deducit

447 4853 596 4908 \‘itus
643 4854 1031 4910 Amerbachius
1086 4857 1228 4908 notis
1272 4854 1384 4909 suis
1435 4855 1500 4909 ad
1549 4854 1869 4925 Capitularia
1919 4871 2014 4911 seu

446 4948 866 5003 Constitutiones
897 4948 1074 5004 Garuli
1105 4948 1301 5017 Magni.

524 5038 906 5109 Hieronymus,
958 5039 1116 5108 epist.
1163 5040 1233 5093 47
1284 5038 1349 5091 ad
1400 5047 1624 5092 matrem
1666 5045 1721 5092 et
1760 5036 1916 5091 liliam
1964 5037 2016 5091 in

451 5128 619 5184 Gallia
651 5140 1047 5187 commorantes
1074 5130 1366 5186 adulationi
1406 5130 1616 5185 titulum
1656 5131 1815 5184 nonni
1857 5130 2021 5184 ascri-

446 5223 560 5277 ltit:
593 5222 615 5275 t
642 5224 770 5290 Quae.
802 5226 854 5278 in
886 5225 1240 5279 adulatiOnem
1271 5224 1344 5277 tui
1390 5230 1634 5277 sanctum
1681 5236 2021 5291 nonnumque

445 5329 625 5368 coram
656 5325 707 5368 te
739 5324 913 5371 vocat.
945 5333 964 5367 ι
996 5313 1260 5370 Arnobius
1289 5314 1531 5367 similiter
1561 5313 1613 5365 in
1645 5311 1843 5368 Psalm.
1874 5326 2018 5367 cxa:
2074 5314 2077 5317 ’

451 5425 469 5457 ι
505 5406 797 5462 Adulantes
825 5407 981 5462 nobis
1006 5406 1235 5460 invicem
1257 5450 1272 5475 ,
1307 5409 1357 5461 in
1390 5407 1638 5474 praesenti
1669 5405 1863 5474 positi,
1893 5421 2018 5459 san-

444 5508 563 5552 ctus
608 5511 860 5552 vocamus
901 5508 955 5551 ct
998 5511 1240 5562 nonnos;
1287 5496 1542 5552 absentes
1587 5511 1715 5550 vero
1754 5497 1820 5549 ita
1869 5510 2016 5551 mor-

447 5590 634 5642 demus
682 5598 840 5656 atque
896 5589 1250 5655 percutimus,
1308 5598 1361 5641 ut
1409 5598 1556 5643 recte
1601 5588 1827 5642 canibus
1874 5600 2021 5641 com-
2074 5589 2078 5597 ’

452 5698 723 5752 parentur.
759 5702 777 5734 ι
812 5682 952 5736 ldcm
983 5683 1033 5735 in
1065 5681 1202 5734 Psal.
1234 5697 1321 5747 cv,
1351 5697 1411 5735 ea
1442 5695 1573 5735 voce
1602 5680 1803 5734 utitur:
1842 5696 1860 5730 ι
1891 5679 2022 5735 'l‘er-

453 5790 596 5829 rena:
643 5785 850 5831 mentes
892 5772 1280 5828 interﬁciuntur
1322 5774 1420 5827 hoc
1461 5771 1688 5826 ordine:
1717 5770 1773 5827 Si
1814 5771 1903 5827 il‘e
1931 5772 2019 5841 qui

2120 4667 2308 4721 obolos
2330 4667 2594 4736 despexit.
2624 4686 2641 4719 ι
2672 4667 2939 4722 Palladius
2963 4668 3048 4723 hic
3069 4669 3201 4723 duos
3223 4670 3396 4723 obolos
3413 4713 3427 4734 ,
3454 4670 3545 4726 δύο
3575 4674 3691 4726 ὀϐο-

2118 4763 2258 4826 λούς,
2291 4762 2552 4831 appellat,
2586 4776 2705 4832 qua:
2736 4761 2896 4816 Marci
2943 4777 3052 4824 xu,
3096 4762 3200 4828 42,
3249 4773 3509 4817 vocantur
3534 4765 3697 4820 λεπτά

2118 4853 2227 4919 δύο,
2256 4851 2282 4908 ὁ
2310 4852 2606 4928 κοδράντης,
2642 4853 2748 4906 duo
2777 4854 2995 4919 minuto,
3022 4855 3159 4922 quod
3186 4862 3259 4907 est
3284 4854 3565 4923 quadrans.
3596 4856 3699 4908 At-

2127 4944 2217 5012 qui
2249 4944 2390 4998 oboli
2421 4952 2608 5013 quarta
2638 4956 2762 5012 pars
2789 4952 2874 4999 est
2899 4943 3189 5012 quadrans.
3219 4943 3327 4999 Sed
3357 4944 3443 4998 hic
3469 4944 3699 4999 sumitur

2123 5034 2304 5088 obolns
2350 5048 2447 5100 pro
2492 5033 2713 5088 minimo
2761 5048 2957 5103 geni-re
3006 5044 3256 5088 monete.
3305 5033 3457 5102 Apud
3512 5033 3651 5089 LXX
3680 5079 3697 5102 ,

2126 5125 2296 5179 Exodi
2342 5139 2392 5191 ι,
2437 5122 2539 5188 50,
2581 5126 2752 5186 ὀϐολὸς
2789 5124 3085 5195 appellatur
3110 5141 3360 5181 nummus
3388 5125 3481 5195 qui
3510 5127 3702 5195 vigesi~

2123 5230 2262 5269 mam
2306 5225 2511 5284 partem
2551 5216 2850 5271 didraclnni
2893 5217 3135 5284 valebat,
3186 5218 3300 5272 sive
3340 5218 3497 5283 sicli,
3541 5217 3702 5273 εἴκοσι

2124 5311 2290 5366 ὀϐολπί
2331 5309 2641 5384 δίδραχμον.
2685 5309 2907 5381 Vulgata
2954 5310 3069 5364 Lat.
3111 5310 3283 5365 Siclus
3322 5310 3501 5380 viginti
3529 5309 3702 5364 obolos

2126 5406 2291 5459 habet.
2325 5404 2564 5459 Fnouro.

2196 5498 2361 5551 Onms
2391 5511 2697 5551 rennsnuu.
2727 5495 2779 5549 Ἠ
2797 5494 2888 5548 ὐπ’
2914 5494 3140 5572 οὐρανὸν.
3169 5492 3456 5555 Palladius,
3488 5508 3605 5561 cap.
3638 5491 3705 5546 19

2124 5597 2179 5642 et
2202 5584 2274 5641 20
2301 5603 2315 5641 :
2346 5604 2364 5638 ι
2393 5586 2680 5640 Dicebatur
2705 5584 2892 5653 majori
2925 5595 3165 5650 tempore
3190 5598 3312 5637 cum
3338 5582 3445 5637 Deo
3468 5581 3703 5649 versari,

2127 5693 2229 5747 qna
2263 5676 2420 5745 hujus
2449 5675 2594 5730 orbis
2623 5690 2718 5731 seu
2748 5674 2933 5730 mundi
2965 5674 3125 5730 rebus
3153 5676 3461 5744 occuparia
3481 5674 3705 5746 ἐλέγετο
3760 5668 3763 5669 ⁷

2129 5770 2311 5840 μᾶλλον
2336 5776 2404 5840 τῷ
2438 5769 2621 5824 πλείονι
2649 5768 2824 5842 χρόνῳ
2845 5765 3254 5841 προσδιατρίϐειν
3278 5774 3408 5837 Θεῷ,
3431 5765 3460 5825 ἧ
3488 5774 3590 5825 τοῖς
3613 5763 3702 5820 ὑπ’
