4014 6368
277 334 380 388 4η

954 333 1432 392 ΟΝΟΜΛΞΤΙΟΟΝ
1471 333 1710 390 RERUM
1754 333 1838 387 ΕΤ

1950 334 2257 390 ςιςιςοιξυλι
2301 337 2817 396 ΙηΡΡΙϐΙιΛΟΙὶυΜ.
3432 345 3533 398 ιῑ8

275 454 480 528 gafanas
525 450 848 526 πράγμασιν“,
893 451 1160 507 Hervetus
1200 458 1479 506 verterat:
1520 468 1539 502 ι
1571 448 1855 504 Dicebatur
1884 448 1934 507 Α
2035 449 2206 504 Etiam
2263 453 2596 508 sacerdotum
2655 470 2844 510 manus
2901 457 3300 515 osculabantur.
3360 459 3535 515 llabes

273 544 464 613 majori
517 552 756 612 tempore
795 542 878 598 vel
919 558 1038 598 cum
1079 542 1190 598 Deo
1228 542 1314 598 vel
1354 544 1406 596 in
1447 541 1608 597 rebus
1652 541 1854 595 versari

273 637 607 691 caelestibus.
630 654 649 688 ι
678 635 877 689 Fronto
906 635 958 688 in
989 635 1179 689 Gralco
1219 634 1378 702 legit,
1418 633 1448 692 ξι
1483 641 1593 692 τοῖς
1633 640 1724 692 τῆς
1765 631 1854 685 ὑπ’

275 725 511 801 οὐρανόν.
544 725 734 779 Vocari
765 726 910 780 enim
957 723 1030 778 ait
1060 739 1146 780 res
1175 724 1470 779 mundanas
1496 731 1547 776 et
1571 721 1855 777 smeulares

273 819 339 872 τὰ
367 819 650 892 πράγματα
681 827 772 877 τῆς
797 817 885 872 ὑπ’
911 819 1145 892 οὐρανόν.
1180 817 1332 873 Unde
1359 815 1658 870 lleraclidis
1689 815 1853 869 inter-

275 924 438 976 pres:
470 928 488 960 ς
515 908 581 962 Et
608 907 915 964 coalestibus
954 909 1183 978 amplius
1225 923 1382 978 quam
1426 906 1650 962 terrenis
1691 921 1851 975 nego«

274 1003 362 1054 tiis
395 1002 679 1056 interesse.
710 1018 730 1053 ι
777 1007 874 1061 Τήν
914 1003 1003 1057 ὑπ’
1031 1003 1233 1071 οὐρανὸν
1275 1000 1553 1069 Scriptura
1601 1010 1853 1054 terrarum

275 1093 449 1145 orbem
480 1091 733 1161 appellat.
767 1091 1132 1162 Theophilus,
1173 1092 1241 1145 ad
1277 1091 1626 1160 Autolycum,
1669 1091 1762 1145 lib.
1794 1104 1849 1154 ι,

271 1189 356 1238 καὶ
386 1187 453 1244 ὡς
483 1185 719 1256 ἀσφαλεῖς
751 1186 896 1240 ἐτίθει
922 1190 1092 1256 πηγὰς
1117 1193 1206 1244 τῆς
1235 1184 1326 1240 ὑπ’
1352 1185 1573 1258 οὐρανόν.
1601 1203 1620 1239 t
1643 1184 1705 1238 Ει
1727 1198 1850 1238 cum

270 1275 616 1328 conﬁrmatos
658 1275 886 1343 ponebat
932 1275 1106 1330 fontes
1148 1275 1296 1344 ejus,
1348 1291 1468 1344 qua:
1505 1276 1606 1329 sub
1635 1276 1794 1330 caalo.
1825 1295 1844 1325 ι

270 1365 538 1434 Vulgata:
572 1373 616 1418 et
649 1367 884 1420 cardine:
914 1369 1048 1422 orbis
1077 1377 1243 1422 terrae.
1278 1367 1367 1423 Sic
1407 1367 1547 1436 apud
1576 1368 1848 1441 Theophi-

273 1457 384 1510 lum
405 1496 419 1521 ,
461 1455 600 1511 infra
629 1475 642 1510 :
673 1459 881 1529 ἐφώτισε
920 1464 1010 1518 τήν
1036 1459 1124 1513 ὑπ’
1154 1460 1389 1528 οὐρανὸν,
1432 1477 1450 1510 ‹
1475 1459 1735 1513 illuminat
1762 1475 1850 1512 or-

272 1548 398 1604 bem
427 1549 528 1602 sub
556 1548 694 1602 coelo
724 1549 1050 1603 universum.
1081 1567 1100 1601 ι

347 1641 545 1694 Oenus.
589 1639 770 1694 Oculis
799 1654 1020 1704 carens,
1063 1639 1204 1708 quod
1231 1639 1434 1695 Graacis
1470 1639 1559 1696 ἀπ’
1587 1641 1845 1712 ὀμμάτων,

270 1733 426 1798 quasi
458 1733 519 1785 ab
550 1746 645 1786 seu
672 1748 735 1785 ea:
759 1733 942 1788 oculis.
970 1732 1260 1795 Palladius.
1289 1748 1406 1803 cap.
1432 1734 1496 1788 4:
1524 1752 1540 1784 ι
1566 1733 1841 1804 Didymus,

1958 543 2044 599 hic
2073 544 2140 600 de
2172 545 2461 603 l‘lilarione.
2499 548 2891 619 Hieronymus,
2931 551 3090 618 epist.
3134 551 3230 616 99,
3272 552 3337 604 ad
3380 554 3532 606 Asel-

1957 635 2092 702 lam,
2127 653 2245 692 cum
2280 639 2463 693 Romae
2507 649 2832 707 versaretur,
2875 653 2927 696 et
2964 642 3073 711 jam
3115 653 3238 699 ante
3280 645 3532 699 sacerdos

1957 727 2250 782 Antiochia:
2296 737 2510 783 creatus
2556 739 2736 784 esset:
2769 730 3201 786 «Oseulabantur
3242 733 3370 787 mihi
3416 751 3528 787 ma-

1957 829 2060 870 nus
2091 818 2340 886 quidam,
2370 831 2427 873 et
2453 835 2548 874 ore
2579 821 2793 889 vipereo
2823 821 3193 876 detrahebant.
3223 840 3243 875 ι

2025 907 2290 962 Osccum
2348 924 2567 965 ocuws.
2635 911 2753 964 Vita
2813 912 2961 966 Pauli
3025 915 3180 978 primi
3239 915 3526 978 eremitae,

1954 1011 2102 1049 num.
2154 997 2219 1050 12
2264 1014 2278 1051 :
2320 999 2624 1054 «Osculatis
2654 998 2672 1071 [
2703 999 2929 1054 l’allars.
2958 1043 2972 1065 ,
3015 1002 3379 1073 exosculatis]
3420 1004 3536 1072 ejus

1957 1087 2128 1140 oculis
2182 1088 2555 1159 manibusque.
2593 1108 2612 1141 ι
2661 1089 2776 1144 Vita
2829 1090 3071 1144 Melania:
3127 1093 3354 1160 junioris
3411 1093 3535 1155 Ms.,

1952 1188 2070 1242 cap.
2104 1175 2136 1227 4
2167 1176 2233 1230 de
2265 1177 2470 1232 Serena
2505 1179 2849 1247 imperatrice
2881 1189 2933 1234 et
2964 1180 3186 1235 Melania
3220 1200 3232 1235 :
3271 1201 3290 1234 ί
3333 1184 3398 1237 Ει
3431 1185 3532 1237 itc-

1954 1280 2071 1318 rum
2102 1266 2432 1335 amplectens
2471 1270 2904 1339 constringebat,
2945 1280 2999 1326 et
3029 1273 3374 1329 osculabatur
3414 1290 3530 1328 eam

1953 1363 2008 1408 et
2058 1357 2244 1410 oculos
2293 1357 2433 1425 ejus.
2459 1375 2478 1410 ι
2511 1359 2811 1425 Ennodius,
2847 1360 2944 1415 lib.
2976 1375 3076 1422 vu.
3121 1363 3280 1431 epist.
3316 1363 3381 1416 14
3405 1407 3419 1427 ,
3467 1364 3531 1417 ad

1952 1447 2353 1501 Archotamiam
2382 1465 2397 1504 :
2431 1469 2447 1502 ι
2479 1449 2548 1505 Ut
2596 1465 2716 1504 cum
2766 1453 2963 1506 domno
3011 1469 3130 1508 meo
3175 1457 3490 1526 presbytero
3515 1495 3531 1519 ,

1955 1537 2167 1604 utrique
2194 1537 2498 1593 osculantes
2528 1555 2718 1596 manus
2746 1550 2801 1596 et
2830 1543 3014 1597 oculos
3050 1554 3188 1598 tuos.
3223 1562 3241 1595 ι
3270 1543 3444 1598 Credo
3475 1557 3534 1600 ut

1952 1623 2020 1677 ita
2048 1626 2392 1680 ostenderent
2432 1627 2577 1697 quod
2619 1643 2678 1683 se
2717 1631 2899 1683 oculos
2929 1641 3111 1685 contra
3140 1633 3333 1686 charos
3365 1635 3530 1689 babe-

1950 1725 2088 1771 rent.
2119 1717 2208 1773 Sic
2239 1729 2547 1775 sanctorum
2583 1738 2770 1777 manus
2794 1765 2807 1789 ,
2844 1725 3125 1794 reliquias,
3156 1729 3324 1783 oculis
3356 1731 3529 1799 appli-

269 1822 360 1890 qui
393 1820 492 1876 fuit
520 1825 700 1876 orbus.
734 1822 808 1878 .5
847 1824 949 1877 ἀπὸ
988 1825 1226 1894 ὀμμάτων
1269 1825 1550 1896 γενόμενος.
1592 1823 1713 1879 ’Λπὸ
1757 1827 1843 1895 ὀμ-

1951 1809 2164 1864 cabant.
2215 1811 2333 1865 Vita
2381 1813 2650 1868 Simeouis
2700 1815 2945 1885 Stylitzc,
2991 1832 3109 1885 cap.
3156 1817 3261 1872 l7:
3298 1837 3317 1871 ‹
3349 1821 3534 1878 Manus

266 1916 442 1983 μάτων
484 1923 691 1968 vertere
729 1914 900 1981 possis
939 1915 1229 1968 Abocellus.
1264 1915 1442 1970 Utitur
1480 1931 1542 1970 ea
1581 1931 1710 1970 voce
1741 1917 1844 1970 Pe-

267 2013 388 2056 trus
435 2002 725 2068 Blesensis,
759 2003 998 2058 eruditus
1039 2004 1289 2070 scriptor,
1341 2021 1504 2060 serm.
1539 2007 1604 2060 l8
1635 2024 1648 2060 :
1682 2025 1700 2058 ι
1725 2007 1846 2063 Noli

265 2093 420 2161 sequi
448 2092 850 2158 retributiones,
869 2093 1144 2148 nefaciant
1178 2103 1228 2150 te
1250 2110 1434 2150 senem
1457 2096 1779 2151 abocellum.
1818 2116 1837 2148 ι

271 2183 339 2235 Et
367 2197 532 2236 serm.
565 2182 634 2234 45
666 2200 676 2234 :
715 2202 733 2234 ‹
764 2183 963 2239 Excute
1001 2201 1213 2240 manum
1260 2197 1400 2241 tuam
1441 2189 1509 2241 ab
1553 2189 1695 2242 omni
1729 2205 1844 2243 mu-

271 2289 402 2328 nere
422 2316 436 2338 ,
469 2290 536 2328 ne
564 2289 749 2342 parcas
781 2277 1028 2345 pauperi,
1059 2292 1126 2332 ne
1154 2294 1375 2333 munera
1403 2280 1683 2334 exoculent
1714 2289 1765 2334 te
1791 2290 1843 2335 et

272 2366 472 2420 faciant
520 2381 704 2422 senem
754 2367 1076 2424 abocellum.
1113 2388 1132 2423 ι
1169 2370 1376 2426 Dictum
1424 2388 1486 2426 ea
1530 2375 1695 2428 forma
1725 2374 1845 2429 ’Λπὸ

267 2457 510 2528 ὀμμάτων
529 2496 546 2522 ,
577 2457 724 2525 quasi
759 2455 1021 2512 Exoculus
1042 2501 1058 2527 ,
1108 2459 1187 2514 uti
1227 2460 1419 2516 dicitur
1461 2463 1562 2519 ἀπὸ
1593 2463 1803 2519 ὑπάτων
1824 2501 1839 2528 ,

268 2553 513 2605 meum!
541 2596 555 2616 ,
587 2561 640 2606 et
669 2552 881 2608 similia.

334 2643 548 2699 Oscuco
599 2659 860 2700 ειειρειε
909 2662 1310 2705 ADVENTLNTES.
1358 2650 1496 2706 Vitae
1541 2652 1840 2722 Onuphrii,

265 2751 389 2804 cap.
424 2735 456 2789 8
486 2752 500 2789 :
532 2754 550 2787 ι
574 2735 824 2790 Osculum
876 2738 1006 2792 mihi
1055 2740 1200 2810 pacis
1249 2741 1453 2797 tribuit.
1480 2762 1499 2795 ι
1529 2743 1648 2797 Vita
1694 2744 1841 2800 Pauli

263 2827 422 2894 primi
473 2827 740 2890 eremitae,
791 2828 964 2898 capite
991 2831 1022 2883 8
1056 2848 1068 2884 :
1105 2849 1123 2883 ι
1154 2831 1221 2886 Et
1252 2841 1368 2901 post
1404 2844 1646 2889 sanctum
1687 2850 1844 2891 oscu-

263 2919 429 2973 lum.»
465 2919 795 2983 Ammianus,
827 2921 966 2975 libro
997 2938 1129 2989 xxu,
1165 2924 1239 2978 De
1265 2923 1477 2979 Juliano
1509 2928 1638 2996 imp.
1661 2943 1676 2981 :
1699 2946 1716 2978 ‹
1739 2929 1841 2982 Os-

262 3011 387 3064 culo
413 3018 714 3078 susceptum
745 3018 1008 3067 rectorem
1037 3015 1328 3082 provincia:
1350 3017 1567 3071 nomine
1594 3017 1836 3085 Celsum,

262 3100 373 3168 jam
406 3099 530 3153 inde
560 3115 591 3153 a
621 3100 808 3153 studiis
838 3103 1103 3172 cognitum
1153 3103 1342 3159 Atticis
1363 3147 1378 3172 ,
1409 3107 1738 3177 ascitumque
1785 3109 1838 3164 iu

262 3205 577 3245 consessum
611 3191 838 3245 vehiculi
882 3192 1106 3248 Tarsum
1138 3208 1318 3250 secum
1349 3196 1575 3252 induxit.
1608 3216 1627 3250 ι
1662 3197 1836 3268 Idem,
1866 3169 1912 3232 Ο

263 3283 404 3336 libro
440 3298 574 3336 xxix
604 3299 618 3336 :
649 3301 666 3333 ‹
690 3282 1086 3354 Susceptusque
1121 3301 1244 3342 cum
1285 3289 1469 3344 osculo
1513 3289 1771 3360 (Maurus
1809 3308 1838 3346 a

261 3373 566 3429 Theodosio
595 3373 751 3444 duce)
783 3377 1036 3443 quoniam
1060 3378 1110 3432 id
1135 3380 1442 3449 reipublicaa
1465 3384 1834 3453 conducebat,

265 3469 422 3522 honre
455 3469 569 3537 Spei
593 3470 701 3538 jam
733 3470 952 3538 plenus,
986 3473 1305 3530 sufﬁcientia
1347 3478 1574 3545 praebuit
1609 3482 1836 3536 alimen-

261 3567 336 3616 ta.
367 3577 384 3608 ι
411 3557 553 3612 ldem
577 3600 590 3623 ,
626 3560 762 3613 libro
789 3577 899 3614 xxn
926 3579 939 3614 :
977 3580 995 3613 ι
1019 3563 1392 3621 Exosculatum
1422 3581 1840 3642 susceptumque

260 3649 278 3715 (
306 3647 592 3702 Maximum
626 3649 994 3719 philosOphum
1025 3654 1044 3722 )
1077 3666 1385 3713 reverenter
1412 3675 1592 3715 secum
1627 3663 1837 3721 induxit

266 3736 538 3805 (Julianus
567 3740 743 3811 imp.).
773 3760 790 3792 ι
822 3742 911 3797 Sic
940 3745 1066 3799 olim
1098 3745 1148 3800 in
1180 3749 1403 3803 ecclesia
1435 3749 1724 3810 Christiani
1753 3773 1839 3812 os-

261 3830 385 3882 culo
415 3840 601 3885 sancto
630 3846 689 3886 se
717 3835 1074 3903 excipiebant.
1127 3838 1260 3896 Vide
1290 3842 1608 3912 Barouium,
1644 3855 1787 3902 ιοωο
1819 3849 1839 3904 l

265 3919 573 3975 Annalium.

328 4010 594 4066 OSCULABI
624 4030 816 4068 nasus.
847 4015 964 4069 Vita
1008 4018 1330 4090 Hilarionis,
1363 4040 1512 4079 num.
1548 4027 1613 4080 M
1637 4045 1650 4080 :
1675 4031 1839 4086 «San-

260 4101 330 4154 cti
362 4102 656 4157 deosculati
686 4115 809 4159 sunt
837 4123 1048 4164 manus.
1077 4128 1095 4161 »
1119 4111 1371 4168 Solenme
1397 4129 1573 4172 autem
1602 4119 1699 4174 luit
1726 4125 1839 4192 epi-

259 4209 546 4262 sc0porum
577 4197 805 4253 maxime
828 4214 1016 4254 manus
1046 4205 1366 4260 exosculari.
1396 4208 1732 4280 Ambrosius,
1765 4215 1838 4270 De

263 4283 455 4352 dignit.
485 4286 748 4341 sacerdot.
770 4327 785 4352 ,
819 4290 991 4356 capite
1020 4290 1086 4344 2:
1117 4311 1134 4344 ‹
1157 4293 1360 4365 Quippe
1389 4311 1507 4352 cum
1541 4300 1722 4356 videas
1754 4320 1838 4359 re-

262 4393 387 4444 gum
439 4378 575 4431 colla
614 4388 669 4433 et
710 4381 1004 4452 principum
1044 4386 1284 4442 submitti
1323 4392 1547 4459 genibus
1587 4398 1834 4452 sacerdo-

261 4472 372 4518 tum
401 4507 414 4531 ,
445 4474 499 4519 et
528 4469 836 4523 exosculata
867 4485 1051 4527 eorum
1085 4473 1331 4547 dextera,
1359 4496 1417 4534 se
1443 4483 1660 4537 credant
1689 4500 1836 4540 com-

260 4555 479 4608 muniri.
513 4574 530 4607 ι
566 4556 694 4623 lvo,
736 4569 872 4629 part.
922 4577 976 4630 v,
1019 4579 1136 4633 cap.
1181 4545 1324 4635 578,
1368 4569 1465 4624 hoc
1505 4587 1568 4627 ex
1609 4574 1832 4644 epistola
1865 4545 1913 4604 Β

256 4645 504 4714 Gregorii
543 4646 664 4715 νυ,
697 4649 761 4702 ad
807 4651 1184 4710 llerimannum
1225 4657 1418 4715 Meten.
1451 4662 1614 4730 episc.
1638 4706 1652 4729 ,
1686 4669 1832 4720 citat.

257 4733 554 4804 Gregorius
583 4737 812 4806 'l‘uron.,
837 4741 1035 4798 llistor.
1061 4745 1154 4801 lib.
1181 4762 1248 4815 ιι,
1281 4764 1398 4818 cap.
1425 4752 1447 4804 l
1481 4768 1492 4804 :
1522 4771 1539 4803 ‹
1564 4753 1671 4809 Nec
1692 4756 1833 4812 Deus

255 4843 355 4882 nos
385 4828 581 4884 diutius
623 4832 751 4886 sinit
777 4850 964 4890 manus
997 4847 1111 4892 tuas
1142 4841 1384 4912 indignas
1406 4846 1697 4904 osculando
1722 4851 1834 4918 pol-

253 4917 351 4970 lui.
384 4935 403 4967 ι
433 4917 552 4972 Vita
589 4919 852 4991 Fulgentii
899 4926 1225 4997 ltuSpeusis,
1257 4933 1431 5000 capite
1463 4933 1530 4988 4:
1560 4954 1578 4987 ο
1610 4939 1688 4992 Ad
1718 4917 1833 4996 haec

252 5006 345 5059 ille
372 5006 584 5074 juvenis
616 5013 782 5080 magis
813 5029 873 5068 ac
905 5016 1071 5084 magis
1100 5017 1456 5076 inﬂammatus
1477 5065 1491 5089 ,
1519 5027 1829 5095 repellentis

257 5111 475 5149 manum
510 5102 824 5168 suppliciter
863 5107 1168 5173 osculatus,
1200 5127 1218 5161 ι
1249 5119 1356 5167 etc.
1403 5113 1584 5170 Fausti
1629 5119 1832 5176 scilicet

254 5188 517 5255 epi<c0pi.
563 5190 850 5259 Sidonius,
897 5197 1030 5250 libro
1070 5213 1174 5264 vn,
1223 5201 1378 5268 epist.
1420 5206 1484 5272 2,
1533 5207 1598 5261 ad
1641 5223 1827 5277 papam

250 5277 502 5330 Graecum
525 5320 542 5346 ,
575 5293 724 5335 vocat
757 5283 872 5353 ejus
901 5301 1271 5346 sacrosanctos
1301 5293 1491 5365 digitos
1517 5316 1528 5352 :
1554 5317 1570 5350 ‹
1594 5299 1720 5368 Quae
1743 5318 1829 5358 sa-

253 5371 550 5424 crosauctis
592 5376 976 5432 reserabuntur
1011 5380 1213 5450 digitis.
1248 5403 1265 5436 ›
1304 5387 1478 5455 Idem,
1521 5388 1658 5446 libro
1698 5409 1822 5460 vtu,

245 5458 410 5523 epist.
447 5459 534 5524 Η,
564 5461 626 5514 ad
659 5463 901 5531 Lupum:

377 5568 544 5642 ljcrge
569 5574 624 5642 ad
644 5573 814 5642 limina
839 5590 946 5642 mox
977 5582 1332 5642 episcoporum,

373 5631 540 5681 Sancti
567 5639 617 5682 et
639 5631 856 5687 Gallicini
884 5631 1025 5688 manu
1053 5631 1275 5693 osculata.

246 5728 377 5787 Erat
408 5732 494 5789 hic
523 5737 805 5810 episcopus
833 5743 1256 5830 Burdegalcusis.

1951 1895 2068 1968 ejus
2101 1901 2251 1968 posui
2286 1917 2445 1971 Super
2476 1905 2663 1957 oculos
2690 1920 2858 1970 meos,
2891 1907 3074 1962 dicens
3103 1909 3408 1977 :.Benedic,
3436 1915 3532 1968 ob-

1949 2003 2133 2056 secro,
2182 1992 2250 2045 mi
2293 1993 2528 2048 domine.
2567 2014 2584 2047 ι
2625 1995 2687 2049 Et
2734 2011 2854 2064 cap.
2888 1998 2959 2064 8,
3010 2000 3076 2054 de
3123 2017 3305 2057 verme
3334 2007 3422 2073 qui
3463 2021 3527 2062 ex

1950 2095 2178 2148 corpore
2207 2083 2322 2152 ejus
2349 2084 2618 2139 ceciderat
2646 2104 2657 2138 :
2700 2105 2716 2137 ι
2747 2087 2979 2143 Currens
3011 2092 3368 2160 apprehendit
3404 2110 3528 2150 eum

1950 2170 2000 2222 in
2032 2171 2162 2236 llde,
2195 2181 2247 2224 et
2280 2173 2455 2238 posuit
2482 2187 2648 2242 super
2677 2176 2866 2231 oculos
2897 2193 3042 2234 suos.
3079 2200 3095 2231 i

2018 2283 2191 2338 Etiam
2233 2285 2359 2339 olim
2405 2288 2540 2356 apud
2571 2300 2757 2356 gentes
2785 2293 2967 2347 oculos
2995 2295 3396 2350 osculabantur.
3431 2300 3530 2351 Ar-

1947 2370 2163 2436 rianus,
2222 2374 2667 2432 Dissertationum
2717 2381 2810 2436 lib.
2854 2398 2920 2449 u,
2973 2398 3093 2452 cap.
3141 2384 3256 2440 2t):
3303 2387 3530 2450 Ἠξίωτσι

1945 2461 2272 2537 δημαρχίας
2321 2471 2516 2530 πάντας
2561 2473 2606 2525 οἱ
2645 2473 2968 2537 ἀπαντῶντες
3008 2476 3342 2543 συνήδονται,
3384 2478 3530 2542 ἄλλος

1943 2560 2061 2618 τοὺς
2093 2560 2370 2632 ὀφθαλμοὺς
2399 2566 2661 2636 καὴαφιλεῐ
2679 2607 2692 2628 ,
2726 2565 2873 2629 ἄλλος
2899 2569 2982 2626 τὸν
3011 2573 3274 2644 τράχηλον
3292 2613 3306 2638 ,
3341 2575 3386 2628 οἱ
3414 2573 3530 2630 Boii-

1943 2647 2018 2704 λοι
2041 2651 2135 2710 τὰς
2165 2661 2348 2726 χεῖρας
2374 2669 2387 2706 :
2421 2672 2438 2702 ι
2459 2653 2808 2713 Tribunatum
2841 2660 3062 2730 adeptus
3091 2664 3214 2718 est?
3237 2679 3362 2720 ecce
3386 2667 3528 2721 obvii

1943 2752 2128 2795 omnes
2157 2745 2512 2812 gratulantur,
2539 2748 2676 2803 alius
2708 2753 2892 2806 oculos
2921 2755 3222 2822 osculatur,
3253 2759 3387 2812 alius
3416 2761 3528 2815 col-

1942 2824 2082 2894 lum,
2113 2831 2251 2884 servi
2284 2846 2490 2888 manus.
2525 2854 2542 2886 ι
2583 2836 2843 2893 llomerus
2865 2884 2878 2905 ,
2915 2843 3108 2912 ()dyss.
3140 2861 3266 2900 xvt:

2048 2942 2208 2996 κύσσε
2238 2940 2289 2998 δέ
2319 2966 2401 3012 μιν
2426 2948 2630 3019 κεφαλήν
2655 2971 2709 3004 τε
2739 2955 2820 3005 καὶ
2847 2950 2994 3024 ἄμφω
3024 2957 3149 3026 φάεα
3177 2959 3336 3011 καλάἓ

2035 3031 2095 3080 Et
2113 3037 2261 3096 capiti
2281 3037 2593 3102 pulchrisque
2619 3041 2774 3091 oculis
2793 3045 2948 3107 junge
2973 3048 3137 3096 oscula
3163 3049 3305 3100 binis.

2019 3131 2373 3190 Oxvcnuuu.
2404 3138 2711 3205 Palladius,
2749 3143 2999 3201 Historia:
3045 3148 3317 3206 Lausiaca:
3355 3154 3526 3222 capite

1948 3222 2049 3276 145
2077 3242 2088 3277 :
2120 3244 2138 3277 ‹
2173 3227 2328 3282 Omni
2361 3239 2536 3285 autem
2570 3233 2674 3288 alio
2702 3247 2942 3306 tempore
2969 3251 3224 3297 contenta
3254 3255 3368 3299 erat
3395 3261 3525 3317 oxy-

1943 3322 2092 3365 cratu
2118 3323 2174 3369 et
2200 3331 2334 3383 pane
2364 3321 2531 3374 arido.
2566 3342 2584 3374 ι
2611 3324 2760 3391 Quod
2796 3329 3092 3386 Heraclidis
3123 3335 3407 3403 interpres,
3427 3353 3516 3390 ca-

1943 3403 2054 3472 pite
2080 3405 2173 3473 42,
2198 3408 2396 3465 vertit:
2428 3429 2446 3463 t
2468 3412 2568 3467 Per
2595 3417 2856 3485 reliquum
2885 3423 2981 3475 aevi
3011 3425 3090 3477 sui
3121 3433 3330 3495 tempus
3363 3443 3523 3497 posca

1941 3502 1996 3547 et
2019 3493 2162 3548 sicco
2194 3512 2332 3564 pane
2359 3507 2610 3555 contenta
2641 3507 2870 3562 vivebat.
2905 3530 2922 3564 ι
2959 3512 3088 3567 Vide
3118 3493 3255 3570 infra
3291 3493 3480 3573 Posca.

2012 3585 2364 3643 vanva'cuus
2378 3605 2714 3650 CllARAC'l‘l-JR.
2737 3600 3154 3674 P..lladius,cap.
3181 3609 3271 3672 86,
3298 3611 3363 3664 de
3387 3612 3521 3666 Eva-

1941 3673 2054 3741 grio
2082 3675 2283 3731 celebri
2325 3681 2592 3739 diacono:
2625 3703 2643 3736 ι
2676 3688 2929 3746 Scriberis
2965 3673 3238 3751 annuatim
3288 3703 3516 3768 pretium

1942 3761 2116 3816 solum
2151 3779 2340 3819 eorum
2371 3785 2491 3837 quae
2521 3776 2834 3831 comedebat
2859 3799 2874 3843 ;
2904 3783 3175 3852 eleganter
3203 3791 3345 3843 enim
3376 3794 3520 3844 scri-

1942 3851 2102 3904 bebat
2129 3857 2356 3910 celerem
2391 3859 2807 3920 characterem.»
2832 3869 3016 3926 Graece
3037 3884 3122 3928 est
3145 3892 3159 3930 :
3185 3880 3392 3950 εὐφυῶς
3412 3883 3511 3957 γάρ

1944 3939 2158 4014 ἔγραφεν
2197 3946 2282 3998 τὸν
2330 3947 2618 4025 ὀξύρυγχον
2657 3969 2990 4036 χαρακτῆρα.
3040 3964 3377 4034 Heraclides,
3420 3939 3514 4027 ca-

1942 4031 2048 4095 pue
2078 4029 2175 4095 g5,
2207 4033 2272 4086 de
2304 4038 2494 4091 eodem
2526 4056 2716 4109 agens,
2759 4029 2991 4104 servavit
3019 4053 3260 4112 Graecum
3307 4029 3517 4136 104⁵

1940 4125 2279 4179 vocabulum.
2303 4147 2320 4180 ι
2346 4128 2606 4186 Similiter
2625 4136 2784 4191 etiam
2810 4140 2954 4195 illam
2986 4146 3251 4204 scribebat
3277 4125 3514 4214 nmini-inv.

1941 4225 2097 4279 quam
2146 4215 2523 4287 Oxyryncham
2579 4238 2772 4282 vncaut
2823 4229 3019 4290 Grtnci.
3046 4255 3062 4287 ι
3093 4236 3255 4292 Vetus
3297 4240 3517 4298 Palladii

1940 4299 2204 4368 interpres
2248 4307 2479 4362 libra/em
2523 4316 2679 4369 vertit
2716 4332 2832 4387 cap.
2885 4322 2948 4377 l5
3000 4341 3012 4376 :
3053 4343 3071 4374 ι
3104 4326 3332 4384 Pulchre
3373 4334 3514 4385 enim

1939 4391 2206 4445 δετὶὺυὺτιι
2235 4395 2475 4452 libralem
2510 4418 2745 4460 manum.
2773 4426 2791 4458 ι
2822 4409 2935 4463 Non
2965 4414 3216 4469 existimo
3249 4433 3344 4484 per
3376 4420 3521 4491 Ory-

1938 4482 2184 4548 ryncham
2217 4502 2421 4541 manum
2460 4489 2676 4562 intelligi
2719 4513 2928 4553 manum
2965 4504 3207 4571 celerem,
3257 4517 3312 4560 ut
3362 4513 3519 4564 vertit

1943 4569 2234 4638 llervetus,
2267 4575 2350 4628 cui
2383 4594 2486 4632 non
2520 4589 2663 4636 tanta
2695 4586 2943 4642 tribuitur
2971 4569 3232 4661 elegantia
3253 4635 3268 4659 ,
3299 4598 3391 4652 sed
3425 4615 3517 4668 po-

1942 4663 2044 4719 tius
2079 4667 2332 4722 insinuari
2359 4670 2724 4728 characterem
2755 4675 3054 4735 Romanum
3081 4697 3175 4737 seu
3204 4689 3514 4757 rotundum,

1942 4756 2022 4808 vel
2057 4755 2295 4811 Italicum
2327 4773 2419 4813 seu
2451 4763 2740 4818 cursivum.
2766 4765 2922 4822 Certe
2948 4780 3104 4825 acuto
3135 4784 3310 4828 rostro
3338 4780 3380 4832 si
3412 4784 3518 4833 vim

1941 4847 2086 4902 vocis
2142 4850 2446 4922 Oxyrynchi
2505 4867 2746 4926 spectes,
2811 4870 2892 4915 est
2943 4863 3225 4920 character
3280 4869 3514 4928 Italicus.

1941 4937 2106 5002 Quem
2153 4941 2196 4993 si
2243 4943 2474 4999 celerem
2520 4949 2639 5012 quis
2680 4951 2974 5007 contendat
3017 4959 3276 5028 appellari
3324 4977 3514 5031 posse,

1940 5029 2080 5099 quod
2109 5032 2304 5086 cursim
2337 5036 2622 5104 scribatur,
2655 5042 2793 5096 unde
2822 5045 3018 5100 cursivi
3049 5063 3244 5106 nomen
3273 5029 3513 5123 obtinet,

1935 5134 2040 5172 non
2075 5136 2400 5191 magnopere
2433 5143 2602 5197 pugna
2614 5144 2755 5184 vero.

2005 5213 2248 5282 Duplices
2280 5217 2406 5270 olim
2427 5221 2740 5287 scriptorcs,
2767 5230 3118 5301 ταχυγράφοι,
3164 5235 3254 5303 qui
3293 5246 3346 5289 et
3396 5240 3513 5302 ὀξυ-

1931 5308 2109 5379 γράφοι
2159 5308 2285 5361 dicti
2316 5309 2550 5380 Philoni,
2596 5314 2670 5368 De
2700 5326 2866 5371 creat.
2900 5319 3102 5391 Princ.,
3135 5328 3222 5394 qui
3253 5330 3333 5383 vel
3365 5333 3509 5386 uotis

1934 5397 2017 5450 vel
2047 5397 2238 5452 litteris
2279 5400 2503 5471 singulis
2549 5419 2644 5472 per
2669 5410 2981 5476 compendia
3023 5416 3093 5475 εἰς
3113 5419 3300 5488 τάχος,
3331 5423 3510 5474 cleri-

1934 5497 2031 5550 ter,
2083 5489 2242 5542 verba
2283 5492 2620 5560 excipiebant
2669 5509 2717 5551 et
2770 5503 3054 5569 notabant;
3113 5511 3251 5562 unde
3320 5515 3510 5566 notarii

1933 5578 2079 5632 dicti.
2112 5581 2188 5637 De
2215 5583 2407 5650 quibus
2438 5586 2557 5640 vide
2587 5588 2748 5656 Lipsii
2787 5593 2804 5645 l
2841 5599 3134 5652 centuriam
3158 5601 3503 5668 epistolarum

1932 5669 1995 5722 ad
2022 5670 2226 5740 Beigas,
2251 5673 2406 5739 epist.
2431 5675 2520 5736 Ἦ,
2549 5679 2611 5730 ad
2630 5678 2958 5738 Lconardum
2978 5698 3212 5742 nostrum
3239 5689 3499 5745 Lessium.

1936 5762 2030 5820 Alii
2063 5773 2211 5820 £.ant
2243 5766 2580 5843 milzypdeoe,
2617 5775 2702 5842 qui
2732 5781 2799 5838 si;
2845 5780 3034 5847 κάλλος,
3067 5783 3133 5835 ad
3171 5783 3502 5852 elegantiam,
