4014 6368
469 349 572 403 ιῑ79

1170 344 1646 403 ONOMASTICON
1688 343 1926 401 RERUM
1969 341 2055 399 ET
2098 336 2477 399 VERBUBUM
2518 339 3046 399 DIFFICILIORUM.

3646 341 3751 397 ιειο

470 459 541 512 ita
561 457 811 513 celeriter
832 467 1052 529 excepta
1079 458 1412 528 redigebant.
1433 458 1508 514 De
1523 457 1715 528 quibus
1732 457 1851 513 vide
1872 471 2053 527 supra,
2085 457 2138 515 Δ
2166 465 2243 523 ιιι,
2274 455 2602 527 Symmacho
2644 472 2813 527 papa,
2842 468 2897 514 et
2934 458 3152 514 domino
3176 473 3361 531 papa;
3385 458 3499 517 sive
3529 473 3653 516 cum
3681 460 3753 516 de

476 554 529 605 in
581 550 966 615 ANTIQUABIUS.
1019 550 1379 619 Utrorumque
1418 549 1660 605 meminit
1703 549 2057 604 Philostratus

472 641 778 709 Apollonio,
810 642 903 696 lib.
939 658 953 695 ι
986 659 999 696 :
1029 640 1283 707 Ἐξέλαυνε
1304 651 1397 702 τῆς
1425 641 1743 712 ’Δντιοχεὶας
1768 642 1896 712 μετὰ
1916 640 2057 695 δυοῖν

469 736 725 807 θεράπων,
752 733 776 788 ὁ
798 737 887 805 μὲν
918 736 969 795 ἐς
1007 740 1176 805 τάχος
1202 733 1427 809 γράφων,
1451 732 1476 787 ὁ
1502 730 1556 787 δὲ
1578 734 1628 795 ἐς
1655 734 1852 795 κάλλος.
1889 752 1907 785 ι
1940 732 2058 801 Eje-

469 829 541 878 cit
581 842 645 879 ex
695 826 973 880 Antiochia
1018 839 1138 878 cum
1170 824 1377 878 duobus
1419 824 1612 889 servis,
1656 840 1882 894 quorum
1924 824 2057 879 alter

473 919 735 983 notarius,
767 918 906 973 alter
935 918 1285 987 antiquarios.
1324 936 1342 970 ι
1371 917 1656 983 Eusebius,
1690 918 1935 973 Ilistoriaa
1958 918 2055 972 Ec-

469 1010 784 1064 clesiasticze
808 1010 900 1064 lib.
931 1024 1004 1072 vt,
1029 1026 1148 1077 cap.
1178 1009 1270 1072 2|,
1304 1009 1371 1063 de
1402 1009 1631 1079 Origene
1663 1027 1677 1063 :
1712 1012 2055 1084 Ταχυγμάφοι

467 1101 520 1156 δέ
549 1105 650 1177 ’γὰρ
680 1104 816 1172 αὐτῷ
863 1102 1069 1162 πλείους
1115 1100 1144 1159 ἢ
1175 1100 1306 1155 ἔπτά
1334 1102 1422 1156 τὸν
1453 1102 1663 1176 ἀριθμὸν
1691 1110 1939 1175 παρῆσαν
1981 1110 2055 1174 τῷ

466 1190 837 1267 ὑπαγομῦοντι
864 1191 1073 1267 χρόνοις·
1105 1190 1435 1263 τεταγμένοις
1472 1186 1715 1251 ἀλλήλους
1739 1192 2053 1261 ἆμεὲϐοντιςο

464 1285 807 1360 βιϐλιογράφοι
854 1305 910 1340 τι
939 1282 1059 1355 οὐχ’
1085 1286 1273 1345 ἥττους
1296 1284 1404 1356 ἅμα
1442 1287 1529 1338 καὶ
1566 1292 1749 1361 stupui;
1777 1287 1863 1341 ἐπὶ
1888 1287 2057 1341 καλλι-

463 1388 673 1456 γραφεῖν
721 1380 1049 1449 ἠσκημέναις.
1109 1394 1127 1428 t
1176 1377 1363 1433 Plures
1410 1391 1568 1447 quam
1610 1389 1813 1447 septem
1860 1381 2054 1435 notarii

462 1471 617 1525 statis
661 1470 991 1538 temporibus
1017 1470 1160 1525 vices
1186 1483 1309 1522 suas
1336 1470 1665 1525 alternantes
1684 1470 1907 1525 dictanti
1929 1472 2056 1527 ade-

402 1624 411 1627 _
465 1572 627 1627 rant;
683 1576 781 1616 nec
831 1561 1107 1631 pauciores
1142 1560 1342 1615 librarii
1370 1575 1431 1614 ac
1459 1561 1647 1630 puellae
1678 1562 1745 1616 ad
1781 1562 2053 1635 eleganter

461 1654 801 1708 scribendum
832 1654 1131 1710 exercitati.
1183 1672 1201 1706 ι
1242 1653 1383 1708 Idem
1439 1654 1602 1708 habes
1640 1656 1778 1725 apud
1807 1654 2049 1712 Suidam.

466 1746 823 1817 llicrunyu-us
849 1788 862 1810 ,
898 1746 971 1799 De
1017 1744 1382 1813 Scriptmibus
1422 1746 1831 1814 Ecclesiasticis,
1877 1763 1928 1802 c.
1961 1747 2050 1813 61,

2162 549 2254 603 illo
2279 551 2418 619 apud
2450 550 2581 604 alios
2629 554 2759 622 agit,
2794 562 2851 606 ut
2894 552 2988 607 lib.
3022 568 3106 618 ιιι,
3143 553 3303 621 epist.
3336 554 3441 618 I0;
3472 570 3549 622 vt,
3586 553 3750 623 epist.

2157 636 2249 705 '55,
2275 649 2328 693 et
2359 642 2582 708 passim.
2612 639 2731 695 Pari
2755 650 2873 709 post
2894 641 3200 697 Ennodium
3221 642 3535 698 discrimine
3554 642 3608 697 in
3630 642 3751 711 ejus

2157 729 2304 783 vocis
2358 732 2701 798 usurpatione
2730 746 2859 786 usus
2906 743 2987 786 est
3032 731 3409 799 Cassiodorus,
3467 733 3561 803 qui
3618 747 3743 786 cum

2158 820 2511 888 Bonifacium,
2560 826 2879 893 Agapetum,
2909 833 2964 879 et
2990 824 3254 880 Joannem
3299 823 3562 880 Romanae
3602 826 3751 880 setis

2160 910 2445 977 pontiﬁces
2475 927 2636 981 papas
2667 915 2927 982 nominet,
2962 914 3305 984 Eustorgium
3326 925 3381 971 et
3405 916 3617 970 Datium
3637 915 3750 970 Me-

2156 1001 2504 1068 diolanensis,
2536 1013 2591 1058 et
2616 1003 2750 1059 alios
2779 1006 3004 1060 aliarum
3031 1006 3308 1061 civitatum
3331 1007 3616 1077 prmsules,
3640 1022 3748 1061 non

2154 1095 2314 1150 aliter
2351 1112 2509 1167 quam
2562 1100 2845 1167 episcopos
2892 1108 3067 1154 vocat.
3099 1098 3283 1169 Neque
3330 1114 3522 1155 omnes
3570 1110 3745 1153 tamen

2157 1189 2258 1243 hoc
2288 1190 2412 1244 item
2431 1192 2732 1259 exemplum
2760 1193 2930 1249 secuti
2957 1202 3105 1259 sunt,
3125 1194 3254 1264 quin
3284 1194 3536 1263 permulti
3563 1193 3744 1249 diver-

2154 1295 2333 1335 sarum
2355 1282 2611 1350 gentium,
2643 1285 2945 1353 praesertim
2981 1295 3135 1340 extra
3169 1285 3375 1340 Italiam
3426 1284 3745 1353 scriptores,

2157 1387 2305 1440 papae
2336 1389 2529 1427 nomen
2562 1375 2782 1444 reliquis
2804 1375 2929 1429 item
2945 1376 3211 1446 episcOpis
3241 1376 3547 1438 tribuerint,
3574 1391 3749 1445 usque

2155 1462 2221 1515 ad
2263 1471 2499 1533 tempora
2554 1464 2799 1534 Gregorii
2846 1464 2953 1530 VII,
3005 1468 3095 1537 qui
3148 1467 3202 1521 in
3251 1467 3456 1536 synodo
3501 1465 3745 1520 Romana

2155 1555 2386 1622 primus,
2438 1564 2492 1609 ut
2544 1570 2574 1608 a
2628 1557 2860 1612 Baronio
2897 1557 3174 1614 cardinale
3238 1558 3587 1614 observatum
3638 1568 3743 1625 est,

2153 1643 2345 1709 edixit,
2379 1655 2435 1699 ut
2466 1660 2618 1715 papa:
2660 1661 2855 1702 nomen
2890 1649 3051 1703 unius
3070 1649 3142 1703 sit
3165 1648 3218 1704 in
3248 1650 3379 1706 orbe
3408 1649 3741 1704 Christiano.

2228 1735 2459 1791 Paucas.
2513 1737 2844 1808 Heraclides,
2895 1754 3019 1809 cap.
3051 1740 3121 1793 50
3152 1756 3169 1795 :
3204 1757 3224 1792 ι
3262 1740 3466 1795 Horum
3522 1755 3742 1810 parens,

462 1838 513 1891 in
550 1839 875 1908 Ilippclyto:
912 1858 929 1888 ι
967 1837 1279 1892 Ambrosius
1306 1837 1614 1892 cohortatus
1652 1851 1735 1894 est
1764 1842 2047 1909 Origenem

2154 1824 2535 1882 Pammachius
2575 1829 2825 1892 nomine,
2879 1830 2960 1884 vir
3015 1830 3493 1899 proconsularis,i
3555 1830 3608 1883 id
3658 1841 3742 1884 est

463 1930 516 1982 in
574 1931 870 1997 scripturas
911 1929 1330 1982 commentarius
1385 1930 1645 1994 scribere,
1707 1930 1952 1999 praebens
1997 1931 2050 1986 ei

462 2031 670 2087 septem
706 2031 761 2075 et
807 2035 871 2073 eo
917 2021 1142 2088 amplius
1172 2020 1407 2075 notarios
1437 2034 1731 2091 eorumque
1760 2037 2046 2093 expensas,

461 2122 516 2165 ct
539 2111 879 2165 librariorum
913 2127 1093 2180 patent
1119 2128 1421 2167 numerum.
1462 2130 1482 2164 ι

531 2205 661 2258 Cum
712 2206 869 2272 igitur
919 2205 1174 2276 Evagrius
1204 2214 1387 2260 noster
1416 2216 1588 2274 pretio
1629 2206 1935 2276 scripserit,
1982 2217 2043 2262 ut

462 2294 626 2347 libros
673 2295 1007 2359 divendcret,
1061 2297 1272 2350 videtur
1300 2296 1630 2371 καλλιγράφος
1674 2296 1857 2351 fuis~e.
1912 2296 2049 2352 Hinc

462 2388 663 2443 librarii
688 2390 849 2444 ctiam
894 2390 1192 2460 bibliopoltc
1223 2390 1370 2445 dicti.
1406 2390 1675 2459 Interpres
1707 2389 1943 2455 Horatii,
1992 2391 2045 2444 in

461 2484 623 2544 Arte,
656 2484 735 2535 ex
765 2482 1025 2538 Suetonio
1055 2481 1403 2553 Tranquillo:
1443 2499 1463 2534 ι
1495 2481 1751 2551 Scriptor,
1783 2482 2045 2549 librarius,

460 2569 759 2641 bibliopola.
772 2589 792 2624 ο

535 2663 763 2730 Mirum,
817 2679 1011 2733 pueros
1042 2666 1201 2720 etiam
1254 2664 1680 2735 compendiarias
1730 2665 1848 2719 illas
1894 2674 2047 2721 notas

461 2756 735 2825 didicisse,
766 2760 905 2811 unde
932 2758 1256 2813 Athanasius
1291 2773 1422 2826 puer
1453 2757 1660 2811 notario
1692 2768 1739 2810 et
1767 2755 2049 2810 Gramma-

457 2852 564 2905 tico
611 2850 839 2905 traditus
868 2850 1065 2905 dicitur
1116 2849 1255 2919 apud
1285 2850 1559 2906 Moschum
1588 2847 1727 2903 Prati
1755 2848 2047 2917 spiritualis

456 2955 508 2994 c.
544 2941 666 3007 197,
692 2942 832 3011 quod
865 2942 1024 2995 etiam
1073 2942 1277 2996 clarum
1331 2958 1398 2997 ex
1435 2939 1710 2997 Prudentii
1762 2940 1962 3013 hymno
2010 2940 2045 2997 9

456 3036 570 3107 περὶ
591 3036 869 3108 στεφάνων,
902 3036 952 3088 in
979 3034 1259 3091 Cassiano.

508 3141 701 3182 -PAN|8.
748 3125 1038 3191 Palladius,
1069 3144 1187 3194 cap.
1220 3125 1257 3180 2
1289 3143 1302 3180 :
1350 3145 1368 3177 ι
1406 3126 1555 3181 Adeo
1607 3136 1665 3180 ιιι
1710 3140 1854 3196 saepe
1893 3126 2044 3192 panis

2151 1917 2318 1972 frater
2360 1918 2443 1972 vel
2476 1929 2756 1988 cognatus.
2807 1918 3163 1991 Capitolinus,
3194 1921 3246 1976 in
3274 1922 3545 1976 Antonino
3573 1922 3746 1989 philo-

2155 2011 2328 2079 sopho
2369 2026 2385 2065 :
2426 2029 2444 2063 ι
2475 2011 2737 2067 Omnibus
2783 2013 3095 2082 parentibus
3123 2015 3233 2069 suis
3262 2021 3461 2068 tantam
3492 2030 3745 2068 reveren-

2151 2104 2279 2157 tiam
2307 2114 2559 2173 quantam
2611 2107 2849 2174 privatus
2893 2107 3159 2163 exhibuit.
3193 2126 3212 2160 ι
3240 2106 3409 2175 Idem,
3472 2108 3523 2160 in
3575 2107 3743 2161 Maxi-

2150 2196 2298 2251 mino
2322 2195 2539 2267 juniore
2568 2215 2583 2251 :
2621 2216 2641 2250 ι
2661 2198 2791 2253 Cum
2823 2202 3174 2268 grammatico
3203 2199 3443 2262 daretur,
3490 2200 3738 2268 quadam

2150 2302 2344 2357 parens
2372 2302 2468 2343 sua
2501 2290 2668 2345 libros
2712 2291 3024 2347 Homericos
3059 2307 3245 2346 omnes
3299 2304 3596 2361 purpureos
3641 2293 3739 2345 de-

2150 2379 2249 2433 dit.
2290 2397 2310 2432 ι
2358 2378 2697 2449 Lampridius
2730 2382 3041 2437 Alexandro
3093 2396 3286 2437 severo
3319 2398 3333 2436 :
3379 2399 3398 2432 ι
3436 2382 3657 2436 Amicus
3689 2392 3741 2435 et

2153 2480 2406 2540 parentes
2452 2471 2756 2528 Alexander
2805 2473 2849 2528 si
2898 2474 3068 2527 malos
3096 2473 3324 2544 reperit,
3357 2481 3449 2527 aut
3476 2470 3735 2540 punivit.»

2153 2563 2397 2627 llicron.,
2425 2565 2651 2633 Apolog.
2683 2564 2718 2617 2
2742 2563 2866 2618 adv.
2899 2564 3040 2620 Ruﬂ.
3075 2580 3089 2618 :
3138 2583 3159 2617 ‹
3191 2563 3299 2618 Nisi
3329 2562 3469 2617 forte
3490 2572 3742 2631 parentes

2152 2655 2371 2709 militari
2397 2657 2707 2726 volgarique
2748 2670 3020 2723 sermone,
3062 2664 3319 2728 cognatos
3339 2667 3392 2710 et
3422 2654 3610 2711 allium
3642 2669 3742 2709 no-

2151 2746 2343 2799 minat.
2376 2764 2394 2797 ι
2441 2744 2644 2800 Passim
2676 2762 2735 2801 e1
2771 2747 2990 2801 notione
3016 2746 3255 2801 occurrit
3270 2746 3410 2815 apud
3444 2745 3741 2813 scriptores

2149 2838 2465 2906 posterioris
2494 2838 2616 2907 aevi,
2647 2849 2702 2893 et
2732 2837 3011 2907 aliquoties
3043 2837 3131 2893 hic
3170 2838 3222 2892 in
3252 2838 3386 2893 Vitis
3419 2838 3660 2891 Patrum.

2223 2928 2534 2983 Parntcws.
2569 2928 2686 2983 Vita
2735 2928 2960 2984 Joannis
2992 2929 3431 3000 Eleemosynarii,
3465 2943 3587 2997 cap.
3621 2929 3686 2983 II
3723 2944 3739 2979 :

2154 3036 2175 3072 ι
2208 3019 2423 3074 Intuens
2452 3020 2635 3075 Niceta
2669 3021 2922 3090 patricius
2954 3021 3110 3092 hujus
3147 3021 3247 3076 viri
3276 3022 3563 3074 virtutibus
3591 3020 3737 3089 pleni

2102 3104 2109 3107 μ
2152 3111 2671 3180 magnanimitatem.
2716 3129 2734 3162 ι
2772 3112 2848 3165 De
2886 3111 3146 3181 dignitate
3186 3120 3240 3166 et
3269 3112 3445 3164 ollicio
3480 3110 3728 3179 patricio-

456 3232 670 3284 quoque
697 3232 762 3272 ex
791 3220 908 3285 ejus
940 3233 1034 3272 ore
1053 3217 1345 3273 excideret.
1383 3217 1608 3272 sGraace
1636 3218 1722 3272 hic
1740 3227 1823 3271 est
1840 3218 2042 3289 dmitos.

2154 3218 2294 3267 rum,
2326 3210 2582 3272 quantum
2613 3202 2699 3256 hic
2730 3203 3041 3272 requiritur,
3072 3203 3142 3256 ita
3191 3201 3534 3257 doctissimus
3578 3200 3739 3255 Nico-

416 3331 419 3334 ν
456 3309 599 3379 quod
631 3314 854 3379 frustum
882 3311 1177 3380 signiticat;
1225 3311 1347 3365 ideo
1374 3321 1610 3364 verterat
1645 3310 1906 3363 Ilervetus
1939 3325 1952 3360 :
1987 3319 2045 3361 ut

458 3415 603 3469 saepe
642 3401 900 3455 frustrqu
924 3418 987 3455 ex
1013 3402 1132 3470 ejus
1158 3417 1251 3456 ore
1279 3401 1572 3456 excideret.
1607 3419 1623 3453 ι
1652 3400 1755 3455 Sed
1787 3400 2049 3469 posterio-

458 3494 533 3547 ris
572 3495 673 3547 δενὶ
715 3503 961 3549 amtores
1018 3494 1189 3550 Graeci
1241 3494 1417 3566 ψωμὸν
1473 3494 1816 3563 peculiariter
1865 3511 2047 3564 panem

457 3586 821 3654 appellarunt,
843 3596 898 3642 et
924 3586 1109 3660 ψωμήν
1135 3589 1249 3643 sive
1276 3589 1420 3659 ψωμὶ
1442 3597 1499 3643 ιιι
1534 3590 1586 3644 in
1612 3588 1883 3645 Glossario
1909 3604 2045 3661 quo-

457 3694 564 3747 que
595 3679 859 3735 Meursius
911 3680 1184 3738 admonet.
1216 3680 1527 3736 Heraclides
1569 3697 1584 3733 :
1618 3698 1638 3733 ι
1674 3679 1937 3751 Panisque
1977 3696 2046 3737 ex

458 3769 627 3836 Ipsius
658 3771 819 3826 labiis
842 3772 953 3827 Oris
974 3772 1219 3828 cadebat.
1242 3789 1264 3825 ι
1298 3771 1537 3841 Itemque
1576 3772 1713 3827 alter
1742 3774 2045 3841 interpres:

464 3881 483 3914 ι
510 3862 583 3917 Ita
613 3874 670 3917 ut
693 3864 998 3932 frequenter
1028 3865 1181 3934 panis
1210 3864 1426 3920 caderet
1445 3864 1513 3918 de
1533 3878 1629 3920 ore
1649 3863 1785 3935 cjus.
1808 3882 1829 3918 ι
1857 3864 1946 3921 Sic
1966 3865 2048 3918 in-

460 3957 560 4023 I'ra,
590 3970 640 4009 c.
674 3956 705 4007 5
730 3974 743 4011 :
773 3975 792 4009 ι
813 3958 989 4012 cibum
1013 3960 1167 4028 panis
1194 3959 1371 4028 capio,
1394 3977 1412 4011 ι
1435 3960 1583 4015 ἐσθίω
1607 3981 1706 4031 μου
1737 3961 1824 4015 τὸν
1843 3956 2044 4032 ψωμόν.

462 4046 705 4103 Fnon'ro.

537 4139 702 4195 Pars.
742 4138 858 4194 Vita
914 4140 1106 4196 Malchi
1154 4158 1295 4194 num.
1323 4141 1359 4195 2
1384 4160 1398 4196 :
1428 4159 1447 4194 ι
1487 4142 1566 4198 Ad
1608 4157 1757 4212 papa:
1813 4143 2046 4213 Evagrii,

460 4230 747 4286 necessarii
794 4233 920 4296 mei,
978 4232 1373 4300 possessionem
1428 4233 1709 4289 devolutus
1752 4244 1856 4289 εει.
1898 4252 1919 4287 ι
1972 4233 2048 4287 Ita

461 4322 773 4393 Hieronymi
819 4331 1060 4393 tempore
1087 4324 1247 4377 etiam
1295 4325 1531 4394 episc0pi
1572 4326 1697 4381 olim
1745 4325 1938 4380 vocati.
1972 4324 2049 4380 De

460 4429 567 4483 quo
599 4414 721 4469 vide
776 4415 1114 4470 Franciscum
1161 4415 1546 4470 Bernardinum
1591 4415 1919 4483 Ferrarium,
1952 4415 2047 4473 lib.

461 4522 518 4561 ιιι
553 4506 629 4561 De
655 4507 850 4562 eccles.
899 4506 1058 4576 epist.
1091 4521 1306 4577 genere,
1335 4521 1455 4576 cap.
1492 4507 1551 4572 I;
1580 4506 1937 4572 Savarouem,
1982 4506 2047 4559 ad

2153 3296 2266 3352 laus
2290 3298 2637 3361 Alemaunus,
2671 3296 2808 3351 libro
2834 3296 2910 3351 De
2939 3295 3391 3351 Lateranensibus
3420 3293 3735 3349 Parietinis:

2152 3388 2316 3442 Erant
2361 3388 2491 3442 olim
2532 3390 2583 3442 in
2626 3387 2904 3458 republica
2938 3388 3175 3442 Iiomana
3209 3386 3438 3457 patricii,
3491 3386 3582 3455 qui
3613 3401 3738 3441 cum

2152 3480 2359 3551 reliquo
2403 3489 2591 3535 senatu
2624 3495 2778 3549 :cquo
2803 3480 2924 3550 jure
2953 3481 3215 3535 viverent.
3249 3480 3587 3535 Constantini
3610 3494 3738 3533 vero

2149 3572 2322 3643 Magni
2348 3573 2482 3643 lege,
2507 3572 2665 3643 siqua
2686 3571 2906 3627 Zozimo
2934 3570 3337 3651 fides.(lozim.,
3370 3572 3461 3626 lib.
3493 3586 3526 3624 ιι
3553 3569 3736 3637 Hist.),

2162 3665 2395 3734 proximi
2429 3664 2692 3734 majestati
2722 3664 2950 3719 Caesaris
2980 3660 3107 3719 facti
3133 3673 3281 3746 sunt,
3313 3677 3375 3717 ac
3399 3662 3737 3717 senatoribus

2149 3758 2525 3828 prasfectisque
2569 3758 2849 3827 prmtorio,
2874 3758 3042 3828 gradu
3068 3756 3439 3827 sententiaque
3467 3756 3519 3809 iu
3550 3765 3737 3809 senatu

2148 3849 2373 3905 dicenda
2419 3848 2647 3919 pra-lati.
2682 3848 2813 3916 Quae
2859 3848 3018 3919 hujus
3057 3849 3264 3903 ordinis
3294 3847 3617 3902 excellentia
3670 3846 3735 3900 ad

2147 3943 2433 3999 Justiniani
2488 3957 2659 4013 usque
2696 3942 3115 3997 dominationem
3146 3941 3214 4011 (si
3253 3940 3518 4008 Procopio
3565 3940 3738 3995 credi-

2150 4034 2294 4105 mus)
2342 4049 2405 4090 ac
2450 4034 2538 4088 diu
2571 4043 2694 4105 post
2734 4034 2940 4103 integra
2997 4033 3322 4103 perduravit.
3376 4031 3421 4086 A
3450 4030 3737 4087 Iustiniani

2150 4126 2321 4181 ferme
2357 4134 2601 4193 tempore
2651 4126 2779 4185 lnisi
2839 4125 3067 4180 fortasse
3114 4125 3298 4195 prius,
3330 4124 3474 4194 quod
3520 4124 3736 4190 quidem

2149 4217 2309 4274 modo
2336 4231 2441 4271 non
2486 4216 2769 4288 succurrit)
2800 4216 3043 4287 dignitati
3074 4216 3256 4271 addita
3286 4226 3369 4272 est
3410 4216 3735 4285 praefectura

2151 4310 2570 4380 provinciarum.
2596 4309 2695 4376 Qui
2724 4324 2790 4363 eo
2821 4317 3061 4378 tempore
3084 4316 3333 4364 carerent
3362 4323 3587 4363 munere
3614 4322 3736 4377 pro-

2149 4401 2358 4467 vini-im,
2414 4414 2478 4455 ac
2520 4402 2574 4455 in
2632 4401 2764 4457 urbe
2791 4411 2846 4455 et
2887 4410 3076 4455 senatu
3129 4409 3427 4469 praesentes
3460 4401 3735 4468 adessent,

2150 4495 2498 4564 praesentales
2530 4493 2756 4563 patricii,
2778 4482 2839 4548 ut
2868 4502 2951 4549 est
2976 4493 3115 4563 apud
3152 4492 3555 4557 Cassiodorum,
3586 4507 3737 4548 voca-

458 4597 661 4651 Sidonii
695 4598 785 4651 lib.
823 4613 863 4663 ι,
911 4598 1070 4664 epist.
1112 4596 1166 4652 6.
1200 4597 1411 4664 Postea,
1447 4598 1685 4667 Gregorii
1738 4597 1893 4667 hujus
1943 4611 2043 4651 no-

2154 4586 2345 4640 bantur
2374 4583 2656 4651 (Cassiod.,
2696 4584 2815 4639 Val.
2840 4586 2929 4639 lib.
2961 4600 3077 4649 vm,
3099 4585 3298 4654 διήθει).
3326 4584 3429 4652 Qui
3460 4584 3737 4652 praefectu-

464 4688 632 4751 mine,
659 4688 884 4757 Septimi
914 4697 1177 4755 tempore,
1203 4689 1426 4743 collecta
1452 4688 1635 4743 Romae
1663 4689 1893 4759 synodo,
1918 4704 2048 4743 con-

460 4782 727 4849 stitutum,
771 4792 826 4835 ut
864 4797 1013 4850 papte
1044 4795 1235 4837 nomen
1269 4781 1358 4835 uni
1392 4781 1632 4835 Romano
1666 4782 1898 4852 pontifici
1951 4780 2047 4835 tri-

463 4876 732 4929 bueretur.
766 4874 896 4929 Vide
926 4875 1232 4941 Baronium,
1267 4873 1542 4930 notatione
1588 4874 1653 4928 ad
1691 4874 1833 4929 diem
1869 4872 2045 4929 101a-

462 4964 630 5018 t.uatii
673 4966 724 5018 in
752 4963 1150 5036 Martyrologio.

516 5053 616 5109 'De
647 5054 745 5110 hac
770 5056 956 5112 eadem
976 5072 1034 5109 re
1072 5058 1145 5111 ita
1179 5065 1328 5111 notat
1348 5055 1579 5112 Iacobus
1609 5055 1925 5112 Sirmundus
1949 5069 2046 5109 no-

466 5154 600 5207 ster,
634 5143 700 5198 ad
724 5144 815 5198 lib.
856 5160 930 5210 tv,
960 5146 1118 5215 epist.
1151 5147 1202 5211 I,
1238 5147 1470 5201 Ennodii
1501 5164 1516 5200 :
1550 5146 1705 5216 Papae
1734 5159 1927 5200 nomen
1955 5144 2048 5199 uni

467 5236 710 5294 Romano
756 5238 1015 5307 pontifici,
1071 5250 1318 5311 tauquam
1356 5240 1628 5310 proprium
1655 5250 1710 5293 et
1754 5238 2043 5308 peculiare,

466 5332 690 5401 primus,
751 5341 810 5387 ut
862 5334 1102 5400 videtur,
1141 5334 1371 5389 asseruit
1421 5334 1717 5388 Ennudius.
1754 5332 1887 5386 Nam
1925 5346 2044 5387 cum

460 5426 744 5494 episcopos
787 5441 974 5480 omnes
1022 5441 1181 5495 papas
1235 5428 1413 5482 cactrri
1472 5426 1606 5492 fere,
1657 5425 1745 5493 qui
1785 5425 1903 5490 ejus
1932 5438 2048 5477 (nvo

465 5514 696 5585 proximi
750 5516 991 5581 luerunt,
1049 5517 1319 5585 appellare
1368 5518 1610 5578 soleant,
1663 5526 1713 5568 ut
1766 5515 2044 5580 Sidonius,

469 5611 721 5676 Faustus,
743 5607 1009 5673 Ruricius,
1037 5608 1151 5679 ipse
1176 5619 1432 5678 perpetuo
1461 5608 1769 5663 discrimine
1785 5606 2048 5663 antistites

465 5701 790 5771 reliquarum
823 5698 1166 5755 ectlesiarum
1199 5701 1482 5771 episcopos
1531 5709 1703 5755 vocat.
1735 5699 1931 5769 Papam
1961 5714 2050 5752 su-

462 5794 570 5848 lum
623 5793 879 5848 Romanae
927 5791 1071 5857 sedis
1100 5793 1409 5861 pontiﬁcem
1443 5791 1553 5849 sive
1583 5806 1703 5847 cum
1732 5792 1807 5848 illi
1839 5792 2044 5860 scribit,

2151 4695 2264 4734 ram
2294 4679 2573 4749 gerebant,
2590 4692 2687 4746 pro
2704 4692 2920 4732 suarum
2944 4677 3141 4747 quique
3166 4676 3564 4746 provinciarum
3589 4688 3737 4731 more

2150 4788 2213 4828 ac
2243 4773 2361 4844 lege
2384 4770 2676 4840 nuncupari
2708 4776 3119 4835 consueverant,
3138 4767 3492 4838 proconsules
3516 4764 3732 4831 Africa,

2151 4862 2317 4919 Italiae
2362 4860 2620 4927 exarchi,
2649 4857 2848 4915 Sicilia:
2892 4858 3138 4929 strategi,
3184 4866 3445 4929 praetores
3480 4857 3736 4926 Orientis,

2149 4966 2256 5014 ειε.

2224 5058 2530 5113 ΡΑιιιιΑτεε
2551 5070 2645 5111 seu
2673 5054 2973 5110 PAXIIATIA
3000 5066 3094 5108 seu
3116 5050 3438 5108 ΡΑιΑιιιιιιΑ.
3465 5051 3732 5115 Ruftinus,

2150 5152 2241 5207 lib.
2277 5167 2318 5217 ι,
2352 5164 2500 5203 num.
2524 5148 2557 5203 4
2587 5162 2605 5202 :
2642 5165 2662 5199 ι
2693 5144 2837 5200 Vidit
2880 5144 2949 5200 de
3002 5142 3280 5213 sportella,
3324 5141 3415 5197 ubi
3467 5158 3659 5213 panes,
3686 5141 3735 5195 id

2152 5236 2263 5308 est,
2312 5239 2597 5310 paximatia
2637 5236 2871 5305 reposita
2917 5243 3114 5300 erant,
3169 5234 3474 5289 surrexisse
3528 5236 3727 5290 fumum

2157 5344 2462 5405 magnum.»
2483 5330 2749 5401 Pelagius,
2772 5328 2954 5384 libello
2983 5343 3058 5393 tv,
3093 5344 3148 5381 ιι.
3172 5327 3244 5382 25
3276 5343 3289 5381 :
3317 5345 3335 5379 ι
3373 5327 3544 5397 Rapui
3576 5342 3733 5383 unum

2158 5441 2348 5496 panem
2402 5424 2728 5494 paximatem
2760 5460 2777 5487 ,
2823 5428 2880 5475 et
2930 5418 3243 5473 manducavi
3289 5435 3413 5474 eum
3449 5420 3682 5475 occulte.
3712 5435 3732 5471 ι

2156 5517 2307 5586 Quod
2336 5516 2442 5582 hic,
2467 5515 2559 5579 lib,
2584 5527 2719 5578 tv,c.
2747 5511 2838 5580 47,
2866 5512 2919 5565 in
2943 5509 3210 5580 excerptis
3241 5526 3310 5564 ex
3342 5510 3587 5565 Cassiani
3629 5509 3734 5565 col-

2152 5610 2246 5666 lat.
2280 5624 2341 5675 ιι,
2368 5622 2487 5678 cap.
2521 5605 2587 5662 II
2620 5613 2703 5660 est
2731 5620 2746 5659 :
2781 5621 2803 5656 ι
2841 5601 3016 5659 Unum
3050 5596 3377 5673 paximatem
3419 5604 3656 5673 quotidie
3686 5604 3734 5658 in

2086 5698 2087 5701 “
2153 5702 2274 5755 sinu
2304 5712 2427 5754 meo
2480 5697 2712 5752 latenter
2739 5692 3141 5749 absconderem.
3180 5709 3199 5745 ι
3239 5692 3511 5764 Pelagius,
3562 5694 3737 5750 libello

2156 5809 2209 5859 x,
2236 5808 2287 5851 ιι.
2321 5788 2437 5846 65:
2476 5806 2493 5841 ι
2532 5787 2642 5860 Ego
2694 5783 2857 5843 biduo
2897 5779 3105 5855 jejuno,
3160 5793 3211 5838 ct
3259 5785 3394 5840 duos
3450 5784 3731 5855 paxitnates
