4014 6368
274 387 374 441 481

956 383 1443 442 ΟΝΟΜΑΒΤΙΕΟΝ
1487 381 1728 437 RERUM
1776 381 1857 434 ΕΤ

1970 379 2278 438 :RBOllL'M
2322 381 2856 440 DIFFIL'ILIORUM.

3443 390 3549 446 £82

274 505 564 559 manduco.
605 523 624 557 ι
659 502 943 565 Pallados,
989 504 1126 558 lIist.
1176 503 1442 557 Lausiacce
1466 517 1514 557 c.
1546 501 1617 554 28
1651 519 1664 554 :
1702 519 1723 554 ι
1762 500 1863 554 Im—
1894 501 1942 556 Α
1970 499 2134 566 Talis,
2166 505 2355 571 inquit,
2379 505 2593 560 rubidus
2621 508 2766 573 panis
2797 507 3003 562 Plauto.
3039 506 3277 576 Frustra,
3305 509 3541 580 inquam,

281 597 430 663 ponit
471 610 671 650 mensae
715 604 942 662 quatuor
1003 596 1300 664 paxamidia
1341 609 1432 648 sex
1491 593 1789 647 unciarum.
1839 611 1856 644 ι

280 687 545 752 Bullinus,
582 688 670 741 lib.
703 702 782 750 ιιι,
810 703 956 742 num.
981 688 1040 742 31
1079 703 1093 739 :
1127 705 1146 739 ι
1176 687 1403 742 Tantum
1435 701 1597 740 unum
1623 685 1862 753 paxima-

281 781 414 835 tium
442 779 652 852 1056
688 791 740 834 et
781 782 1014 851 quinque
1044 781 1218 836 olivas
1270 781 1322 835 in
1367 780 1489 834 cibo
1541 781 1806 849 capiebat.
1839 798 1858 832 ι

279 875 536 941 Joannes,
567 873 746 928 libello
769 889 845 937 ιιι,
880 889 1026 927 num.
1054 872 1088 925 2
1122 891 1134 926 :
1167 873 1452 942 «Apposuit
1482 889 1609 928 vero
1640 883 1692 928 et
1716 888 1866 928 men-

283 981 422 1030 sam,
455 969 709 1019 inuuente
760 967 806 1018 ei
839 965 929 1020 illo
977 964 1198 1034 majore,
1256 975 1310 1018 et
1354 967 1528 1030 posuit
1559 981 1721 1034 super
1744 981 1861 1019 eam

285 1067 395 1108 tres
429 1056 740 1124 paximates.
770 1073 789 1106 ι
820 1055 872 1108 In
905 1055 1083 1124 regqu
1114 1055 1394 1110 coenobiali
1421 1055 1657 1120 Patrum,
1690 1071 1740 1110 c.
1771 1056 1859 1124 l0,

283 1162 443 1216 quem
476 1147 668 1200 librum
701 1147 1130 1213 pmnitentiarum
1171 1146 1473 1201 colutnbani
1499 1149 1712 1216 quidam
1745 1162 1864 1202 esse

285 1247 473 1306 putant
503 1255 516 1290 :
551 1256 569 1288 ι
607 1236 660 1292 Si
683 1238 803 1306 quis
829 1238 991 1290 frater
1019 1235 1332 1292 inobediens
1374 1236 1554 1298 fuerit,
1581 1238 1718 1292 duos
1748 1239 1864 1292 dies

286 1345 393 1383 uno
417 1330 684 1397 paximate
708 1338 762 1383 et
787 1344 942 1396 aqua.
963 1328 1017 1382 Si
1044 1331 1161 1397 quis
1189 1329 1349 1383 dicit:
1377 1331 1490 1384 Non
1515 1331 1729 1395 faciam,
1756 1340 1792 1384 ιι
1805 1346 1864 1384 cs

281 1420 399 1474 dies
425 1436 531 1473 uno
558 1419 844 1489 paximatio
882 1427 936 1474 et
981 1434 1141 1488 aqua.
1172 1420 1228 1474 Si
1256 1421 1374 1489 quis
1407 1423 1613 1474 veniam
1641 1437 1746 1474 non
1775 1437 1864 1486 pe-

283 1515 342 1566 tit
372 1523 461 1565 aut
502 1512 630 1566 dicit
670 1513 1093 1576 excusationem,
1123 1511 1258 1567 duos
1288 1514 1401 1568 dies
1433 1529 1537 1568 uno
1572 1515 1862 1583 paximatio

279 1615 333 1656 et
363 1617 521 1671 aqua.
557 1622 573 1653 ι
609 1602 801 1658 Suidas
834 1610 1090 1678 ςΔίπυρος
1121 1603 1297 1680 ἄρτος,
1339 1605 1365 1660 ὁ
1412 1610 1558 1682 παρὰ
1581 1607 1862 1677 Ῥωμαὶονς

281 1693 554 1765 λαγὸμενος
579 1696 821 1765 παξαμᾶς
851 1713 864 1747 :
903 1713 921 1746 ι
955 1696 1229 1751 Biscoctus
1261 1697 1441 1766 panis,
1466 1699 1554 1766 qui
1583 1702 1720 1767 apud
1752 1701 1858 1753 llo-

285 1801 474 1840 manos
501 1787 692 1840 dicitur
741 1804 1012 1868 paxamas.
1053 1808 1071 1840 ›
1108 1789 1251 1845 Idem
1283 1807 1298 1845 :
1326 1793 1568 1864 Παξαμᾶς
1593 1791 1618 1847 ὁ
1648 1791 1860 1867 δίπυρος

1967 605 2048 648 cst
2071 596 2375 662 Goldasms,
2409 614 2530 652 cum
2565 616 2688 654 vera
2723 602 2881 656 lectio
2911 603 2979 656 sit
3001 603 3312 671 furfureum,
3347 607 3418 658 uti
3459 608 3546 660 Ita-

1967 686 2057 740 bet
2080 690 2246 756 prima
2291 690 2489 746 Editio.
2544 692 2650 747 Nec
2695 692 2965 763 singulare
3016 694 3212 763 aliquid
3260 696 3310 748 in
3360 695 3545 749 Macno

1966 780 2300 833 abstinentize
2313 782 2616 850 exemplum
2645 791 2941 847 notaretur,
2973 783 3017 836 si
3040 787 3352 853 paximadiis
3378 801 3550 841 vesce-

1967 878 2151 922 retur:
2177 872 2552 942 plerarumque
2574 875 2956 928 monachorum
2982 876 3034 929 in
3058 875 3290 944 Egypto
3321 878 3365 931 is
3395 878 3547 931 cibus

1967 960 2082 1014 fuit.
2113 964 2217 1016 Sed
2241 965 2474 1034 furfureo
2503 983 2637 1031 pane
2665 968 2832 1028 vesci,
2855 969 2953 1021 hoc
2984 967 3035 1022 in
3060 968 3243 1022 Macuo
3266 971 3547 1025 eximium.

1967 1051 2227 1105 Rubidum
2258 1071 2467 1122 quoque
2493 1072 2683 1123 panem
2713 1058 2849 1124 apud
2887 1058 3152 1121 Plautum,
3180 1059 3394 1125 Casina,
3428 1073 3537 1117 act.

1964 1145 2020 1211 2,
2054 1161 2202 1200 scen.
2323 1148 2511 1212 Festus
2543 1151 2924 1216 interpretatur
2947 1168 3126 1218 parum
3161 1163 3378 1218 coctum,
3404 1155 3545 1223 quod

1965 1253 2071 1290 non
2121 1238 2348 1307 quadrat
2390 1240 2439 1292 in
2495 1242 2801 1305 paximatia,
2859 1242 2980 1296 licet
3030 1242 3285 1308 Isidorus,
3330 1244 3421 1298 lib.
3478 1263 3547 1300 xx

1965 1330 2134 1397 Orig.,
2166 1345 2285 1398 cap.
2311 1329 2346 1382 2
2373 1341 2628 1384 recoctum
2662 1335 3065 1403 interpretetur.
3102 1337 3342 1400 Plautus,
3375 1339 3425 1390 in
3450 1339 3546 1393 Me-

1965 1421 2244 1482 nmchmis,
2269 1430 2373 1474 act.
2399 1421 2452 1485 ὅ,
2487 1436 2632 1476 scen.
2659 1425 2712 1486 5,
2744 1425 2967 1478 ridicule
2990 1438 3208 1497 usurpat
3234 1445 3420 1498 panem
3453 1447 3546 1496 pu-

1965 1511 2161 1563 m'ccuut
2190 1522 2235 1562 et
2257 1527 2590 1579 purpureum.

2039 1602 2349 1656 Paximates
2383 1605 2432 1656 lii
2467 1620 2649 1672 panes,
2676 1604 2802 1658 dicti
2835 1605 2995 1658 etiam
3026 1623 3184 1676 panes
3207 1610 3348 1662 sicci.
3380 1609 3543 1663 Rulli.

1967 1709 2085 1754 nus,
2114 1696 2204 1746 lib.
2244 1711 2301 1760 ιι,
2327 1711 2444 1760 cap.
2477 1697 2531 1759 7,
2561 1698 2611 1748 in
2644 1696 2756 1749 Vita
2793 1698 3054 1765 :\p0|i0ttli
3089 1715 3102 1752 :
3135 1717 3152 1749 ι
3183 1700 3344 1752 Erant
3367 1714 3543 1754 autem

1967 1784 2048 1836 eis
2075 1787 2226 1851 pauci
2258 1785 2624 1838 tantummodo
2651 1796 2706 1838 et
2736 1786 2859 1839 sicci
2888 1801 3071 1854 panes.
3113 1786 3396 1853 Palladius,
3426 1805 3543 1859 cap.

282 1873 462 1949 ἄρτος,
487 1879 598 1930 ἐστι
631 1876 682 1931 δὲ
712 1881 740 1935 ἡ
771 1879 899 1942 λέξις
917 1885 1181 1952 Ῥωμαῖκή.
1215 1899 1233 1932 ›
1269 1881 1548 1944 I’axamas,
1587 1884 1734 1950 panis
1759 1884 1862 1936 bis-

1970 1875 2059 1942 52,
2094 1880 2182 1946 qui
2215 1893 2335 1931 eum
2371 1878 2683 1946 Apollouem
2732 1894 2812 1930 von
2835 1890 2884 1933 at
2913 1895 2929 1933 :
2963 1897 2980 1929 t
3020 1880 3186 1933 Erant
3237 1892 3412 1936 autem
3464 1885 3548 1935 ali~

283 1980 503 2032 coetus;
536 1980 617 2022 cst
643 1979 817 2022 autem
850 1985 950 2023 vox
972 1970 1231 2024 Romana.
1265 1991 1283 2024 ι
1330 1972 1431 2026 Per
1465 1972 1736 2026 Romanos
1778 1976 1864 2030 hic

284 2057 513 2126 Lipsius,
548 2059 619 2112 De
637 2059 817 2113 militia
861 2059 1121 2127 Romana,
1173 2062 1262 2115 lib.
1296 2077 1347 2125 v,
1382 2061 1515 2117 dial.
1550 2063 1636 2130 ll,
1668 2063 1864 2117 intelli-

283 2152 360 2221 git
392 2151 660 2207 Graculos
682 2153 801 2207 illos
825 2154 1094 2209 Romanos
1119 2155 1170 2208 in
1195 2153 1418 2226 imperio
1443 2156 1755 2226 Byzantioo,
1774 2157 1861 2227 qui

279 2246 360 2299 sic
390 2245 590 2298 dixere.

356 2335 605 2390 Nicolaus
627 2337 906 2406 Rigaltius,
943 2339 994 2392 in
1020 2337 1294 2393 Glossario
1326 2354 1423 2393 suo
1444 2338 1661 2395 Tactico
1692 2341 1863 2394 mitto-

285 2427 536 2494 barbaro,
563 2444 668 2482 non
693 2429 1118 2499 improbabiliter
1145 2430 1422 2484 existimat
1454 2447 1481 2481 a
1513 2429 1744 2484 Paxamo
1773 2448 1865 2484 cu-

285 2517 524 2585 pediario
564 2519 636 2572 ita
666 2519 887 2583 dictum,
919 2521 985 2574 de
1013 2535 1119 2586 quo
1149 2520 1340 2575 Suidas
1369 2538 1380 2572 ε
1409 2523 1639 2594 Πάξαμος
1670 2521 1860 2596 ἔγραφε

281 2605 628 2682 Ὀψαρτυτικά
677 2613 809 2665 κατά
858 2614 1152 2682 στοιχείων
1187 2616 1398 2667 Βιωτικὰ
1441 2615 1491 2667 ἐν
1535 2613 1747 2687 βιϐλίοις
1778 2613 1858 2666 ϐἐ

286 2717 305 2750 ι
337 2699 595 2754 I’axamus
621 2703 831 2771 scripsit
860 2703 926 2756 de
953 2713 1068 2756 arte.
1094 2703 1371 2769 culinaria,
1393 2705 1578 2760 ordine
1603 2706 1830 2776 alphabe
1855 2738 1860 2742 ι

284 2793 411 2854 tico;
439 2807 490 2846 et
514 2792 833 2846 Bioticorum
855 2793 1016 2847 libros
1039 2794 1196 2847 duos.
1236 2812 1254 2845 ι

358 2883 769 2935 Paximatiomm
817 2892 871 2938 et
925 2885 1011 2938 alii
1060 2885 1189 2937 varii
1247 2885 1537 2940 meminere
1593 2897 1858 2941 auctores.

283 2974 557 3041 l.eoimp..
585 2976 1036 3043 iu'l‘acticis,cap.
1069 2978 1154 3038 10,
1179 2975 1205 3047 §
1233 2976 1328 3030 l3:
1358 2979 1501 3032 Ἀλλὰ
1524 2983 1606 3032 καὶ
1633 2979 1862 3038 δαπάνην

278 3067 475 3138 (ἔχειν)
524 3068 551 3126 ἦ
591 3068 940 3139 παξαμαδὶου.
987 3069 1016 3128 ἦ
1069 3067 1218 3124 ἄλλον
1258 3073 1389 3132 τινὸς
1439 3070 1600 3131 εἴδους
1647 3072 1796 3146 ἐλνφρ
1828 3078 1858 3124 ὖ

278 3157 493 3218 ﬁxos-t5
525 3165 607 3213 καὶ
629 3164 900 3234 τριακονπα
920 3162 1094 3235 λίτρας
1116 3177 1128 3212 :
1163 3181 1179 3212 ι
1202 3161 1542 3216 Commeatus
1568 3163 1857 3229 paxamadii

1965 1982 2096 2041 quot
2154 1973 2279 2025 sicci
2336 1988 2538 2040 panes,
2601 1981 2654 2025 et
2703 1974 2946 2036 anrda‘m
3011 1975 3154 2028 olera
3215 1976 3465 2043 reposita.
3525 1994 3544 2027 ι

1967 2066 2232 2128 Bullinus,
2261 2065 2351 2119 lib.
2379 2081 2456 2130 ιιι,
2483 2081 2536 2119 ιι.
2563 2064 2658 2117 l9:
2685 2083 2705 2118 ι
2727 2064 2866 2118 Nihil
2893 2065 2942 2118 in
2971 2080 3032 2120 ea
3057 2065 3204 2130 vidit,
3231 2067 3331 2120 nisi
3351 2083 3546 2134 paucos

1967 2172 2130 2226 panes
2160 2160 2335 2211 siccos
2364 2157 2414 2210 in
2445 2166 2622 2226 sporta
2672 2159 2985 2223 pendentes.
3025 2176 3042 2208 ι
3083 2158 3348 2224 Pelagius.
3377 2160 3544 2215 libell.

1966 2266 2021 2314 ι,
2052 2268 2105 2303 ιι.
2139 2249 2204 2302 97
2231 2267 2244 2302 ε
2275 2267 2294 2299 ι
2330 2250 2389 2300 Et
2415 2252 2661 2318 apposuit
2691 2250 2767 2303 cis
2795 2266 2982 2317 panem
3006 2250 3226 2307 siccum.
3255 2260 3307 2304 et
3330 2267 3542 2315 aquam,

1964 2344 2020 2391 et
2047 2337 2146 2397 sal,
2179 2335 2398 2388 dicens:
2433 2336 2569 2389 Ecze
2598 2349 2814 2402 propter
2848 2351 2943 2389 Vos
2981 2337 3324 2391 festivitatem
3381 2337 3543 2390 liabe-

1965 2443 2085 2482 tnus
2135 2427 2312 2488 liodie,
2346 2435 2398 2480 ct
2431 2427 2574 2480 misit
2621 2442 2805 2495 parum
2851 2427 2987 2479 aceti
3027 2427 3078 2479 in
3119 2428 3320 2480 salibus
3352 2427 3485 2482 istis.
3525 2447 3544 2479 ι

1964 2517 2218 2582 Joannes,
2252 2517 2415 2571 libell.
2441 2532 2519 2579 ιιι,
2552 2533 2606 2569 n.
2628 2515 2697 2568 2:
2725 2534 2741 2565 ι
2771 2516 2924 2570 Dedit
2948 2518 3024 2570 eis
3047 2518 3371 2583 securim,et
3397 2533 3548 2586 spor-

1970 2619 2076 2662 tam
2109 2611 2318 2678 plenam
2348 2611 2574 2677 panibus
2616 2609 2796 2677 sicc's,
2829 2620 2878 2664 et
2911 2610 3010 2664 Sal.
3043 2628 3060 2661 ι
3088 2609 3157 2663 Ita
3187 2611 3397 2678 quidam
3428 2610 3549 2664 libri

1965 2701 2034 2754 ibi
2065 2702 2212 2754 siccis
2235 2701 2454 2753 addunt.
2489 2699 2784 2770 Hesychius
2813 2716 2827 2754 :
2854 2704 3058 2776 Δίπυροι
3088 2697 3256 2771 ἄρτοι,
3281 2701 3325 2752 οἱ
3367 2703 3419 2754 ἐκ
3447 2699 3550 2754 δευ-

1963 2794 2113 2866 τέρου
2139 2793 2417 2860 ὀπτωμένοι
2443 2808 2456 2843 :
2484 2789 2667 2860 Dipyri
2695 2807 2874 2859 partes,
2894 2793 3115 2843 secundo
3141 2791 3293 2843 cocti.

2036 2884 2236 2948 Nempe
2280 2882 2494 2935 siccitas
2525 2898 2587 2935 ex
2622 2882 2941 2944 recoctione,
2979 2881 3116 2934 unde
3145 2896 3302 2947 supra
3337 2881 3550 2951 δίπυρος

1965 2972 2121 3049 ἄρτος
2151 2975 2354 3034 dictus;
2380 2989 2498 3041 quae
2542 2973 2753 3026 siccitas
2782 2981 2836 3024 ct
2876 2973 3112 3026 recoctio
3135 2973 3200 3024 ad
3223 2973 3549 3025 diuturnita-

1967 3076 2070 3120 tem
2097 3065 2390 3126 faciebant;
2416 3079 2519 3132 quo
2543 3065 2828 3132 respicitur
2867 3065 2918 3118 in
2968 3063 3086 3116 Vita
3119 3063 3289 3117 sancti
3331 3065 3549 3117 Antonii

1966 3171 2017 3212 c.
2045 3158 2100 3210 Il
2143 3173 2156 3209 :
2188 3173 2206 3206 ι
2237 3156 2408 3208 Panes
2448 3155 2712 3208 mensium
2758 3171 2875 3217 sex,
2910 3166 2964 3209 ut
3014 3154 3257 3208 Thebaeis
3300 3169 3414 3207 mos
3443 3162 3550 3219 est,

278 3261 373 3301 aut
404 3251 548 3317 pisti,
605 3263 696 3304 aut
743 3252 965 3305 alterius
1011 3253 1324 3322 cujusquam
1357 3257 1616 3322 expeditze
1652 3257 1725 3308 ru-i
1759 3256 1862 3307 he-
1890 3239 1938 3302 C
1968 3262 2150 3301 secum
2188 3245 2516 3304 recondens;
2546 3259 2664 3294 nam
2689 3244 2882 3296 crebro
2923 3260 3017 3308 per
3037 3258 3234 3296 annum
3259 3243 3549 3312 ineorrupti

281 3339 407 3389 beas
440 3340 622 3407 viginti
670 3350 759 3395 aut
808 3342 1018 3410 triginta
1067 3343 1248 3395 libras.
1309 3361 1327 3394 ι
1381 3343 1548 3406 Idem,
1606 3360 1725 3409 cap.
1771 3345 1857 3409 1:2,

279 3428 309 3498 ξ
340 3428 475 3482 1‘23:
508 3438 612 3503 Χρὴ
643 3427 730 3485 οὖν
759 3436 841 3486 καὶ
870 3434 918 3486 ἐν
941 3441 1002 3505 τῇ
1045 3435 1209 3509 ἡμέρα
1257 3440 1348 3488 τοῦ
1391 3434 1608 3504 πολέμου
1654 3435 1863 3490 ἕκαστον

281 3526 602 3596 στρατιώτην
616 3525 664 3576 ἐν
690 3531 798 3582 ταῖς
815 3524 1011 3584 σέλλαις
1033 3526 1196 3578 αὐτῶν
1220 3526 1540 3598 ἐπιφέρεσθαι
1562 3524 1697 3601 ὕδωρ
1715 3531 1786 3586 εἰς
1800 3530 1865 3581 τὰ

280 3611 522 3684 λεγόμενα
549 3614 779 3684 φλασκὶα,
830 3617 911 3668 καὶ
947 3613 1222 3686 παξιμαδιν
1268 3618 1316 3668 ἐν
1353 3624 1424 3688 τῷ
1463 3616 1862 3688 σελλοπονγγὶῳ,

282 3708 370 3757 καὶ
400 3705 612 3780 ἀλεύρου
643 3709 762 3777 μίαν
789 3705 817 3764 ἦ
847 3704 937 3760 δύο
963 3705 1135 3781 λίτρας
1163 3723 1176 3759 :
1210 3725 1228 3757 ι
1266 3705 1384 3775 Ipso
1429 3708 1551 3761 belli
1588 3708 1676 3763 die
1706 3725 1860 3761 unus-

274 3799 506 3867 quisque
533 3800 684 3854 miles
734 3808 908 3868 gestet
938 3801 1001 3852 ad
1041 3801 1223 3855 sellam
1256 3817 1406 3855 suam
1458 3817 1640 3857 secum
1671 3819 1862 3871 aquam

281 3893 337 3945 in
373 3893 641 3960 plilasciis,
695 3903 749 3947 et
795 3894 1166 3962 paxamadium
1199 3895 1251 3948 in
1282 3895 1637 3964 sellopungio,
1668 3907 1721 3948 et
1748 3894 1867 3948 fari-

283 4003 366 4038 nze
423 4001 581 4039 unam
630 3999 788 4056 atque
838 3988 1060 4040 alteram
1098 3987 1308 4040 libram.
1357 4003 1377 4038 ι
1434 3985 1598 4049 Idem,
1626 4002 1744 4053 cap.
1777 3987 1863 4049 I3,

285 4078 314 4149 ᾗ
343 4079 378 4132 (ἰ
409 4077 689 4138 εἘκαστος
716 4082 1035 4154 στρατιώτης
1063 4080 1111 4131 ἐν
1136 4087 1208 4152 τῷ
1252 4087 1399 4132 κινεῖν
1426 4080 1552 4152 πρὸς
1582 4079 1867 4154 παράταξιν

280 4178 397 4243 σχῇ
429 4172 476 4223 ἐν
506 4179 576 4241 τῷ
604 4172 980 4244 σιλλοπονγγίῳ
1019 4172 1176 4225 αὐτοῦ
1223 4172 1340 4239 μίαν
1379 4169 1410 4228 ἦ
1446 4173 1532 4223 καὶ
1575 4168 1667 4224 δύο
1693 4170 1867 4245 λίτρας

281 4259 465 4333 ἄρτου,
495 4261 525 4321 ἦ
557 4260 795 4334 ἀλεύρου,
845 4262 875 4320 ἧ
921 4263 1111 4316 πίστου
1137 4261 1352 4331 ἔφητοῦ,
1399 4261 1428 4320 ἦ
1472 4259 1806 4333 παξαμάδας,
1837 4259 1866 4319 ἣ

283 4355 436 4431 κρέας
469 4369 484 4406 :
525 4370 543 4404 ι
593 4354 828 4419 Quisque
862 4354 1049 4418 miles,
1101 4352 1316 4422 quando
1356 4352 1421 4405 ad
1466 4353 1865 4406 dimicationem

283 4447 408 4500 belli
443 4448 702 4514 procedit,
736 4447 926 4500 habeat
977 4447 1030 4501 in
1086 4445 1417 4517 sellopungio
1455 4461 1554 4500 suo
1591 4462 1748 4500 unam
1779 4456 1869 4500 aut

283 4538 418 4590 duas
461 4538 623 4591 libras
669 4539 841 4606 panis,
890 4549 977 4590 aut
1020 4537 1223 4601 farinre,
1267 4547 1358 4590 aut
1401 4537 1523 4605 pisti
1571 4537 1727 4598 cocti,
1777 4547 1865 4590 aut

1964 3338 2159 3392 durare
2190 3335 2382 3388 solent.
2421 3352 2438 3383 ι
2465 3332 2598 3386 Vide
2623 3349 2780 3400 supra
2816 3335 3242 3387 BUCCELLATUI.
3280 3367 3288 3373 -

2039 3429 2099 3482 Et
2121 3427 2242 3496 quia
2283 3439 2448 3495 panes
2491 3424 2543 3477 lii
2574 3425 2699 3477 sicci
2725 3435 2881 3478 erant
2921 3425 3074 3494 (puto
3099 3425 3258 3478 etiam
3283 3421 3550 3494 duriores)

1965 3520 2254 3576 comesturi
2301 3533 2396 3572 eus
2451 3533 2584 3587 aqua
2629 3517 2970 3570 macerabant
3001 3526 3055 3570 et
3102 3515 3550 3578 madefaciebant,

1965 3613 2104 3683 quod
2134 3613 2187 3665 in
2216 3611 2296 3664 bis
2326 3609 2464 3664 Vitis
2484 3608 2679 3676 saepius
2711 3608 2908 3662 dicitur
2931 3608 3204 3677 infundere
3227 3623 3400 3670 partes.
3434 3606 3553 3661 Pal-

1967 3706 2163 3768 ladius,
2187 3719 2307 3772 cap.
2331 3703 2435 3755 ‘28:
2467 3703 2563 3755 «Et
2583 3701 2805 3766 imponit
2828 3713 3028 3753 mensae
3053 3709 3278 3767 quatuor
3305 3699 3552 3768 paxami-

1966 3799 2055 3853 dia
2085 3811 2178 3850 sex
2208 3795 2484 3848 ttuciarum
2511 3811 2528 3858 ;
2569 3803 2623 3847 et
2651 3796 2750 3847 sibi
2799 3793 3011 3862 quidem
3045 3808 3206 3846 unttm
3247 3791 3550 3853 madefecit,

1966 3898 2118 3944 erant
2139 3885 2279 3942 enim
2327 3886 2486 3947 sicci,
2536 3884 2611 3938 illi
2642 3895 2823 3936 autem
2851 3894 2980 3936 tres.
3022 3901 3039 3933 ι
3072 3882 3339 3948 Rufflnus,
3372 3881 3466 3935 lib.
3490 3895 3552 3944 tt,

1969 3997 2118 4037 num.
2147 3979 2217 4031 ιε
2251 3997 2268 4028 ι
2303 3979 2366 4032 Et
2392 3991 2512 4028 cum
2538 3975 2845 4029 advenisset
2871 3974 2998 4027 liora
3039 3982 3208 4038 sexta,
3239 3971 3554 4026 infundebat

1969 4087 2159 4140 panem
2189 4072 2240 4124 in
2269 4084 2428 4139 aqua,
2459 4066 2643 4120 dicens
2675 4081 2690 4123 :
2729 4085 2746 4117 ι
2784 4067 2912 4119 Dum
2940 4066 3025 4120 lue
3050 4068 3203 4132 panis
3240 4065 3552 4128 infunditur,

1966 4171 2184 4232 Oportet
2213 4177 2297 4215 me
2343 4159 2505 4214 etiam
2557 4159 2744 4212 horam
2791 4172 2986 4212 nonam
3027 4164 3359 4226 exspectare.
3400 4175 3418 4208 ι
3449 4156 3554 4210 Ibi-

1970 4257 2094 4309 dem
2130 4270 2147 4308 :
2181 4271 2199 4304 ι
2237 4252 2480 4318 Cumque
2521 4249 2823 4303 advenisset
2865 4249 2995 4301 hora
3024 4257 3208 4310 sexta,
3244 4248 3554 4301 infundebat

1969 4363 2160 4418 ponem
2192 4346 2242 4400 in
2267 4361 2478 4412 aquam.
2523 4361 2542 4395 ι
2575 4343 2726 4410 Quod
2755 4345 2805 4396 in
2832 4341 3064 4407 Pelagio,
3092 4340 3276 4394 libello
3300 4355 3371 4404 tv,
3400 4353 3549 4392 num.

1971 4441 2059 4504 58,
2084 4439 2307 4493 dicitur:
2339 4455 2357 4488 ι
2386 4434 2806 4501 Inluditpanem,
2831 4443 2883 4486 et
2908 4431 3048 4485 sedit
3071 4439 3126 4482 ut
3150 4429 3548 4481 manducaret.»

1973 4532 2102 4585 Item
2131 4528 2397 4590 Bullinus,
2425 4525 2520 4578 lib.
2549 4541 2629 4588 ιιι,
2660 4540 2804 4577 num.
2834 4520 2898 4575 I9
2933 4539 2945 4573 :
2980 4540 2997 4572 ι
3031 4520 3096 4573 Et
3120 4520 3220 4572 mis
3246 4527 3474 4587 taquam
3499 4531 3553 4572 et

282 4630 609 4698 paxamadii,
642 4638 734 4683 aut
781 4631 976 4684 carnis.
1017 4649 1036 4682 ι
1074 4628 1260 4683 Isidori
1289 4628 1495 4684 Gloss:e
1522 4646 1534 4682 :
1565 4647 1584 4680 ι
1621 4629 1862 4682 Paxima-

1972 4624 2084 4687 sal,
2112 4629 2168 4675 et
2194 4623 2338 4674 misit
2361 4617 2626 4671 buccellas
2648 4615 2666 4686 (
2685 4612 2952 4683 paximatii
2972 4611 3237 4670 videlicet,
3264 4610 3343 4663 vel
3377 4610 3550 4676 ipsum

287 4721 446 4786 tium,
495 4721 643 4790 panis
686 4719 1084 4774 subcim-ritius.
1128 4739 1146 4771 ι
1181 4719 1567 4788 Luitprandus,
1621 4722 1671 4772 in
1704 4721 1868 4790 Lega-

283 4814 462 4866 tion.:
498 4830 515 4862 ι
548 4813 658 4867 Soli
707 4812 962 4866 mensula:
1001 4811 1239 4864 assident
1293 4811 1470 4875 nudae,
1522 4812 1866 4879 paximatium

281 4905 386 4960 sibi
409 4913 763 4973 opponentes.
804 4923 821 4957 ι
850 4905 1233 4967 Columbanus,
1261 4904 1329 4957 de
1360 4903 1549 4972 Regul.
1587 4905 1862 4971 monacb.,

284 5013 407 5066 cap.
439 4999 472 5052 5
503 5013 517 5049 :
553 5015 572 5047 ι
610 4997 791 5061 Olera,
833 4998 1124 5067 legumina,
1159 4997 1343 5051 farina:
1372 4998 1524 5064 aquis
1554 4998 1724 5050 mistm
1745 5013 1865 5052 cum

285 5105 451 5160 parvo
483 5105 618 5157 pane
648 5091 931 5159 paximate,
976 5105 1044 5144 ne
1089 5101 1273 5144 venter
1309 5099 1582 5154 oneretur,
1631 5096 1687 5142 et
1713 5103 1863 5143 mens

281 5183 591 5238 sullocetur.
608 5201 627 5234 ι

355 5279 573 5334 Frnsua
601 5289 682 5333 est
712 5278 1020 5344 Goldastus,
1055 5277 1143 5346 qui
1177 5278 1226 5330 in
1258 5276 1373 5345 lege
1405 5277 1850 5342 Alemannornm,

280 5373 365 5427 tit.
394 5370 486 5441 29.,
517 5371 543 5440 ς
574 5373 622 5437 l,
664 5387 870 5440 panem,
902 5370 1076 5422 modia
1107 5371 1228 5432 duo,
1273 5369 1514 5437 corrigit,
1563 5367 1861 5438 paximadia

278 5467 407 5522 duo.
439 5463 609 5520 Nimia
655 5466 769 5519 lucc
804 5463 992 5530 crisis,
1026 5463 1186 5516 etiam
1226 5462 1424 5529 legibus
1457 5463 1561 5513 vim
1602 5460 1857 5515 inferens.

279 5557 488 5612 Rursus
515 5557 709 5612 frustra
739 5567 842 5622 εει,
895 5557 1018 5609 dum
1054 5555 1352 5625 paximadia
1384 5554 1493 5607 vult
1520 5553 1660 5606 dicta
1703 5568 1861 5622 panes

279 5665 588 5722 purpureos,
617 5648 756 5719 quod
788 5649 856 5703 ab
885 5649 1004 5718 igne
1033 5647 1276 5701 rubeant.
1310 5644 1544 5700 Joannes
1591 5646 1856 5711 Moschus,

278 5741 424 5796 Prati
452 5741 624 5809 spirit.
651 5755 770 5811 cap.
802 5740 859 5806 7,
892 5742 957 5793 de
988 5739 1175 5794 Macno
1197 5752 1326 5793 sene
1362 5753 1377 5790 :
1415 5755 1430 5786 ι
1467 5736 1648 5805 Neque
1677 5737 1858 5790 vinum

277 5833 496 5896 bibens,
527 5847 699 5898 neque
729 5846 922 5899 panem
956 5829 1264 5892 comedens,
1313 5828 1412 5883 nisi
1445 5842 1794 5896 purpureum.
1836 5844 1854 5878 ι

1971 4711 2373 4785 paximatium),
2397 4720 2449 4765 et
2471 4708 2820 4763 comederunt
2844 4704 3056 4773 pariter.
3092 4721 3112 4753 ι
3147 4701 3297 4766 Quod
3317 4703 3367 4755 in
3401 4701 3554 4755 Pela-

1971 4805 2079 4876 gio,
2111 4804 2290 4858 libello
2323 4815 2414 4866 xv,
2445 4816 2591 4854 nutu.
2623 4798 2713 4860 66,
2739 4806 2860 4851 est:
2897 4814 2916 4847 ι
2958 4795 3019 4849 Et
3047 4791 3238 4849 infudit
3268 4793 3314 4847 ei
3349 4805 3515 4861 panes
3536 4833 3551 4856 ,

1971 4908 2028 4954 et
2049 4897 2191 4952 misit
2213 4899 2260 4950 ei
2281 4896 2457 4948 oleum
2489 4907 2535 4946 et
2571 4892 2671 4945 sal.
2705 4909 2725 4942 ι

2048 4991 2348 5044 Peccnon.
2383 4986 2496 5040 Vita
2557 4982 2704 5037 Pauli
2754 4979 2906 5048 primi
2949 4978 3215 5040 eremltaa,
3264 4975 3550 5030 num.18:

1977 5104 1996 5138 ι
2017 5084 2272 5148 Obsecro,
2296 5076 2598 5147 quicunque
2628 5076 2738 5125 lucc
2765 5071 2919 5137 legis,
2943 5076 3000 5121 ut
3027 5066 3334 5136 Ilieronymi
3371 5081 3555 5132 pecca-

1970 5176 2102 5232 toris
2149 5169 2482 5229 memineris.
2536 5187 2554 5220 ι
2602 5163 2915 5220 Anastasius
2968 5158 3440 5227 Btbliotliecarius,
3501 5159 3552 5212 in

1968 5268 2280 5340 praefatione
2306 5263 2436 5316 Vita:
2457 5258 2626 5313 sancti
2650 5254 2873 5312 Joannis
2907 5251 3321 5320 Eleemosynarii
3349 5271 3363 5309 :
3393 5269 3410 5300 ι
3447 5252 3551 5306 Stt-

1968 5363 2113 5429 scipe
2141 5373 2270 5427 ergo
2294 5363 2534 5409 sanctum
2578 5367 2604 5403 a
2649 5357 2931 5418 peccatore
2975 5346 3442 5414 interpretatum.»
3473 5343 3547 5398 Ita

1971 5469 2114 5519 saeue
2134 5450 2233 5506 viri
2263 5447 2428 5502 sancti
2452 5461 2518 5498 ex
2553 5442 2852 5496 humilitate
2895 5438 3084 5492 litteris
3115 5437 3227 5492 suis
3255 5436 3557 5504 superscri-

1974 5548 2102 5602 bere
2124 5553 2176 5598 et
2199 5539 2544 5596 subscribere
2567 5534 2732 5589 soliti.
2759 5530 3054 5597 Lisiardus,
3079 5528 3362 5596 episcOpus
3388 5529 3554 5579 Sues-

1971 5634 2258 5697 sionensis,
2284 5634 2336 5685 in
2364 5630 2480 5683 Vita
2504 5626 2678 5682 sancti
2720 5621 3006 5692 Arnulplti,
3047 5635 3165 5689 cap.
3193 5617 3283 5686 50,
3333 5616 3554 5700 Augusti

1975 5728 2060 5792 15,
2084 5725 2212 5780 dicit
2251 5721 2558 5790 Arnulplius
2598 5719 2664 5773 de
2709 5733 2768 5772 se
2799 5734 2812 5770 :
2842 5735 2860 5768 ι
2899 5712 3070 5783 Hujus
3109 5708 3407 5781 peccatoris
3449 5710 3552 5762 Are

1974 5823 2158 5894 nulphi
2197 5831 2395 5890 corpus
2435 5823 2591 5870 terrae
2646 5812 2917 5869 reddatur.
2958 5827 2977 5860 ›
3013 5801 3325 5863 Desiderius
3354 5800 3553 5856 Cadur-
