  <div class='ocr_page' id='page_1' title='image "/cluster/home/n/w/nwhite01/storage/ocr_20150623/74/hvd.32044015469372/251.png"; bbox 0 0 4014 6368; ppageno 0'>
   <div class='ocr_carea' id='block_1_1' title="bbox 510 388 615 444">
    <p class='ocr_par' dir='ltr' id='par_1_1' title="bbox 510 388 615 444">
     <span class='ocr_line' id='line_1_1' title="bbox 510 388 615 444; baseline -0.019 0"><span class='ocrx_word' id='word_1_1' title='bbox 510 388 615 444; x_wconf 67' lang='grc'><strong>485</strong></span> 
     </span>
    </p>
   </div>
   <div class='ocr_carea' id='block_1_2' title="bbox 1199 362 3047 437">
    <p class='ocr_par' dir='ltr' id='par_1_2' title="bbox 1199 362 3047 437">
     <span class='ocr_line' id='line_1_2' title="bbox 1199 362 3047 437; baseline -0.011 0"><span class='ocrx_word' id='word_1_2' title='bbox 1199 378 1674 437; x_wconf 68' lang='lat' dir='ltr'><strong>ONUMASTICON</strong></span> <span class='ocrx_word' id='word_1_3' title='bbox 1706 377 1939 432; x_wconf 64' lang='lat' dir='ltr'><strong>[UERUM</strong></span> <span class='ocrx_word' id='word_1_4' title='bbox 1990 373 2075 427; x_wconf 77' lang='lat' dir='ltr'>ET</span> <span class='ocrx_word' id='word_1_5' title='bbox 2119 370 2485 426; x_wconf 61' lang='lat' dir='ltr'><strong>VI‘LRBORUM</strong></span> <span class='ocrx_word' id='word_1_6' title='bbox 2530 362 3047 422; x_wconf 75' lang='lat' dir='ltr'><strong>DlFFlClLlORUl.</strong></span> 
     </span>
    </p>
   </div>
   <div class='ocr_carea' id='block_1_3' title="bbox 3665 364 3767 414">
    <p class='ocr_par' dir='ltr' id='par_1_3' title="bbox 3665 364 3767 414">
     <span class='ocr_line' id='line_1_3' title="bbox 3665 364 3767 414; baseline -0.02 0"><span class='ocrx_word' id='word_1_7' title='bbox 3665 364 3767 414; x_wconf 61' lang='lat' dir='ltr'><strong>UH-</strong></span> 
     </span>
    </p>
   </div>
   <div class='ocr_carea' id='block_1_4' title="bbox 512 474 3770 570">
    <p class='ocr_par' dir='ltr' id='par_1_4' title="bbox 512 474 3770 570">
     <span class='ocr_line' id='line_1_4' title="bbox 512 474 3770 570; baseline -0.011 -6"><span class='ocrx_word' id='word_1_8' title='bbox 512 523 661 564; x_wconf 71' lang='lat' dir='ltr'><strong>cenm</strong></span> <span class='ocrx_word' id='word_1_9' title='bbox 688 501 918 560; x_wconf 70' lang='lat' dir='ltr'><strong>civitatis</strong></span> <span class='ocrx_word' id='word_1_10' title='bbox 939 502 1220 570; x_wconf 75' lang='lat' dir='ltr'><strong>episcopus</strong></span> <span class='ocrx_word' id='word_1_11' title='bbox 1243 501 1400 566; x_wconf 84' lang='lat' dir='ltr'><strong>epist.</strong></span> <span class='ocrx_word' id='word_1_12' title='bbox 1433 496 1500 549; x_wconf 86' lang='lat' dir='ltr'><strong>ad</strong></span> <span class='ocrx_word' id='word_1_13' title='bbox 1523 493 1882 549; x_wconf 87' lang='lat' dir='ltr'><strong>Grimoaldutn</strong></span> <span class='ocrx_word' id='word_1_14' title='bbox 1909 487 2085 556; x_wconf 83' lang='lat' dir='ltr'><strong>palatii</strong></span> <span class='ocrx_word' id='word_1_15' title='bbox 2118 490 2160 544; x_wconf 80' lang='grc' dir='ltr'><strong>Α</strong></span> <span class='ocrx_word' id='word_1_16' title='bbox 2195 484 2359 554; x_wconf 73' lang='lat' dir='ltr'><strong>fungi.</strong></span> <span class='ocrx_word' id='word_1_17' title='bbox 2410 483 2693 536; x_wconf 86' lang='lat' dir='ltr'><strong>Gretzerns</strong></span> <span class='ocrx_word' id='word_1_18' title='bbox 2725 488 2907 534; x_wconf 79' lang='lat' dir='ltr'><strong>noster</strong></span> <span class='ocrx_word' id='word_1_19' title='bbox 2936 479 3000 531; x_wconf 88' lang='lat' dir='ltr'><strong>ad</strong></span> <span class='ocrx_word' id='word_1_20' title='bbox 3030 476 3292 530; x_wconf 82' lang='lat' dir='ltr'><strong>Codtnum</strong></span> <span class='ocrx_word' id='word_1_21' title='bbox 3317 474 3577 545; x_wconf 78' lang='lat' dir='ltr'><strong>suggerit,</strong></span> <span class='ocrx_word' id='word_1_22' title='bbox 3609 490 3675 528; x_wconf 82' lang='lat' dir='ltr'><strong>an</strong></span> <span class='ocrx_word' id='word_1_23' title='bbox 3702 477 3770 528; x_wconf 80' lang='lat' dir='ltr'><strong>sit</strong></span> 
     </span>
    </p>
   </div>
   <div class='ocr_carea' id='block_1_5' title="bbox 514 580 2082 653">
    <p class='ocr_par' dir='ltr' id='par_1_5' title="bbox 514 580 2082 653">
     <span class='ocr_line' id='line_1_5' title="bbox 514 580 2082 653; baseline -0.013 -1"><span class='ocrx_word' id='word_1_24' title='bbox 514 608 778 653; x_wconf 78' lang='lat' dir='ltr'><strong>rectorem</strong></span> <span class='ocrx_word' id='word_1_25' title='bbox 808 613 818 646; x_wconf 91' lang='lat'>:</span> <span class='ocrx_word' id='word_1_26' title='bbox 860 612 878 644; x_wconf 83' lang='grc' dir='ltr'><strong>ι</strong></span> <span class='ocrx_word' id='word_1_27' title='bbox 909 593 1135 646; x_wconf 83' lang='lat' dir='ltr'><strong>Domino</strong></span> <span class='ocrx_word' id='word_1_28' title='bbox 1189 588 1377 643; x_wconf 80' lang='lat' dir='ltr'><strong>illustri</strong></span> <span class='ocrx_word' id='word_1_29' title='bbox 1423 583 1737 639; x_wconf 90' lang='lat' dir='ltr'><strong>Grimoaldo</strong></span> <span class='ocrx_word' id='word_1_30' title='bbox 1773 580 1954 648; x_wconf 75' lang='lat' dir='ltr'><strong>Maiori</strong></span> <span class='ocrx_word' id='word_1_31' title='bbox 1983 580 2082 632; x_wconf 78' lang='lat' dir='ltr'><strong>do-</strong></span> 
     </span>
    </p>
   </div>
   <div class='ocr_carea' id='block_1_6' title="bbox 519 671 2082 749">
    <p class='ocr_par' dir='ltr' id='par_1_6' title="bbox 519 671 2082 749">
     <span class='ocr_line' id='line_1_6' title="bbox 519 671 2082 749; baseline -0.011 -7"><span class='ocrx_word' id='word_1_32' title='bbox 519 706 634 742; x_wconf 80' lang='lat' dir='ltr'><strong>mos</strong></span> <span class='ocrx_word' id='word_1_33' title='bbox 666 687 972 742; x_wconf 84' lang='lat' dir='ltr'><strong>Desiderius</strong></span> <span class='ocrx_word' id='word_1_34' title='bbox 997 691 1265 749; x_wconf 80' lang='lat' dir='ltr'><strong>peccator.</strong></span> <span class='ocrx_word' id='word_1_35' title='bbox 1295 699 1312 730; x_wconf 73' lang='grc' dir='ltr'><strong>ι</strong></span> <span class='ocrx_word' id='word_1_36' title='bbox 1345 678 1484 730; x_wconf 89' lang='lat' dir='ltr'><strong>Idem</strong></span> <span class='ocrx_word' id='word_1_37' title='bbox 1508 676 1573 730; x_wconf 91' lang='lat' dir='ltr'><strong>ad</strong></span> <span class='ocrx_word' id='word_1_38' title='bbox 1597 673 1927 729; x_wconf 80' lang='lat' dir='ltr'><strong>Mcdoaldutn</strong></span> <span class='ocrx_word' id='word_1_39' title='bbox 1957 671 2082 725; x_wconf 79' lang='lat' dir='ltr'><strong>Tre-</strong></span> 
     </span>
    </p>
   </div>
   <div class='ocr_carea' id='block_1_7' title="bbox 519 764 2086 844">
    <p class='ocr_par' dir='ltr' id='par_1_7' title="bbox 519 764 2086 844">
     <span class='ocr_line' id='line_1_7' title="bbox 519 764 2086 844; baseline -0.01 -13"><span class='ocrx_word' id='word_1_40' title='bbox 519 783 705 834; x_wconf 68' lang='lat' dir='ltr'><strong>verica:</strong></span> <span class='ocrx_word' id='word_1_41' title='bbox 726 780 870 834; x_wconf 86' lang='lat' dir='ltr'><strong>urbis</strong></span> <span class='ocrx_word' id='word_1_42' title='bbox 896 778 1201 844; x_wconf 74' lang='lat' dir='ltr'><strong>episcopum</strong></span> <span class='ocrx_word' id='word_1_43' title='bbox 1230 790 1243 826; x_wconf 90' lang='lat'><strong>:</strong></span> <span class='ocrx_word' id='word_1_44' title='bbox 1280 791 1297 823; x_wconf 81' lang='grc' dir='ltr'><strong>ι</strong></span> <span class='ocrx_word' id='word_1_45' title='bbox 1329 771 1556 824; x_wconf 92' lang='lat' dir='ltr'><strong>Domino</strong></span> <span class='ocrx_word' id='word_1_46' title='bbox 1586 781 1798 833; x_wconf 81' lang='lat' dir='ltr'><strong>semper</strong></span> <span class='ocrx_word' id='word_1_47' title='bbox 1839 780 1936 818; x_wconf 88' lang='lat' dir='ltr'><strong>suo</strong></span> <span class='ocrx_word' id='word_1_48' title='bbox 1986 764 2086 817; x_wconf 79' lang='lat' dir='ltr'><strong>Me-</strong></span> 
     </span>
    </p>
   </div>
   <div class='ocr_carea' id='block_1_8' title="bbox 519 858 2081 939">
    <p class='ocr_par' dir='ltr' id='par_1_8' title="bbox 519 858 2081 939">
     <span class='ocr_line' id='line_1_8' title="bbox 519 858 2081 939; baseline -0.01 -13"><span class='ocrx_word' id='word_1_49' title='bbox 519 875 712 926; x_wconf 84' lang='lat' dir='ltr'><strong>doaldo</strong></span> <span class='ocrx_word' id='word_1_50' title='bbox 738 886 884 939; x_wconf 65' lang='lat' dir='ltr'><strong>papae</strong></span> <span class='ocrx_word' id='word_1_51' title='bbox 901 867 1203 922; x_wconf 81' lang='lat' dir='ltr'><strong>Desiderius</strong></span> <span class='ocrx_word' id='word_1_52' title='bbox 1227 874 1491 933; x_wconf 88' lang='lat' dir='ltr'><strong>peccator.</strong></span> <span class='ocrx_word' id='word_1_53' title='bbox 1507 882 1526 913; x_wconf 75' lang='grc' dir='ltr'><strong>ι</strong></span> <span class='ocrx_word' id='word_1_54' title='bbox 1549 861 1612 915; x_wconf 82' lang='grc' dir='ltr'><strong>Ει</strong></span> <span class='ocrx_word' id='word_1_55' title='bbox 1634 861 1697 914; x_wconf 87' lang='lat' dir='ltr'><strong>ad</strong></span> <span class='ocrx_word' id='word_1_56' title='bbox 1713 858 2043 926; x_wconf 85' lang='lat' dir='ltr'><strong>Codnlphum</strong></span> <span class='ocrx_word' id='word_1_57' title='bbox 2071 875 2081 910; x_wconf 94' lang='lat'>:</span> 
     </span>
    </p>
   </div>
   <div class='ocr_carea' id='block_1_9' title="bbox 523 953 2077 1023">
    <p class='ocr_par' dir='ltr' id='par_1_9' title="bbox 523 953 2077 1023">
     <span class='ocr_line' id='line_1_9' title="bbox 523 953 2077 1023; baseline -0.01 -9"><span class='ocrx_word' id='word_1_58' title='bbox 523 982 541 1014; x_wconf 75' lang='grc' dir='ltr'><strong>ι</strong></span> <span class='ocrx_word' id='word_1_59' title='bbox 583 963 804 1016; x_wconf 81' lang='lat' dir='ltr'><strong>Domino</strong></span> <span class='ocrx_word' id='word_1_60' title='bbox 843 959 1032 1014; x_wconf 68' lang='lat' dir='ltr'><strong>illustri</strong></span> <span class='ocrx_word' id='word_1_61' title='bbox 1076 956 1351 1023; x_wconf 85' lang='lat' dir='ltr'><strong>Codulpbo</strong></span> <span class='ocrx_word' id='word_1_62' title='bbox 1403 953 1705 1008; x_wconf 86' lang='lat' dir='ltr'><strong>Desiderius</strong></span> <span class='ocrx_word' id='word_1_63' title='bbox 1753 960 2020 1019; x_wconf 71' lang='lat' dir='ltr'><strong>peccator.</strong></span> <span class='ocrx_word' id='word_1_64' title='bbox 2062 966 2077 998; x_wconf 79' lang='grc' dir='ltr'><strong>ι</strong></span> 
     </span>
    </p>
   </div>
   <div class='ocr_carea' id='block_1_10' title="bbox 523 1041 2083 1123">
    <p class='ocr_par' dir='ltr' id='par_1_10' title="bbox 523 1041 2083 1123">
     <span class='ocr_line' id='line_1_10' title="bbox 523 1041 2083 1123; baseline -0.009 -17"><span class='ocrx_word' id='word_1_65' title='bbox 523 1055 653 1108; x_wconf 81' lang='lat' dir='ltr'><strong>Vide</strong></span> <span class='ocrx_word' id='word_1_66' title='bbox 675 1055 821 1123; x_wconf 87' lang='lat' dir='ltr'><strong>plura</strong></span> <span class='ocrx_word' id='word_1_67' title='bbox 862 1052 1098 1118; x_wconf 81' lang='lat' dir='ltr'><strong>exempla</strong></span> <span class='ocrx_word' id='word_1_68' title='bbox 1149 1049 1286 1111; x_wconf 57' lang='lat' dir='ltr'><strong>apud</strong></span> <span class='ocrx_word' id='word_1_69' title='bbox 1320 1047 1659 1101; x_wconf 87' lang='lat' dir='ltr'><strong>Franciscum</strong></span> <span class='ocrx_word' id='word_1_70' title='bbox 1694 1041 2083 1096; x_wconf 88' lang='lat' dir='ltr'><strong>Bernardinum</strong></span> 
     </span>
    </p>
   </div>
   <div class='ocr_carea' id='block_1_11' title="bbox 522 1136 2083 1206">
    <p class='ocr_par' dir='ltr' id='par_1_11' title="bbox 522 1136 2083 1206">
     <span class='ocr_line' id='line_1_11' title="bbox 522 1136 2083 1206; baseline -0.009 -5"><span class='ocrx_word' id='word_1_71' title='bbox 522 1147 843 1204; x_wconf 70' lang='lat' dir='ltr'><strong>Ferrariutn.</strong></span> <span class='ocrx_word' id='word_1_72' title='bbox 890 1145 963 1196; x_wconf 82' lang='lat' dir='ltr'><strong>De</strong></span> <span class='ocrx_word' id='word_1_73' title='bbox 989 1142 1468 1196; x_wconf 78' lang='lat' dir='ltr'><strong>cccleSiasticarum</strong></span> <span class='ocrx_word' id='word_1_74' title='bbox 1497 1136 1841 1206; x_wconf 81' lang='lat' dir='ltr'><strong>epistularum</strong></span> <span class='ocrx_word' id='word_1_75' title='bbox 1866 1147 2083 1204; x_wconf 82' lang='lat' dir='ltr'><strong>genere,</strong></span> 
     </span>
    </p>
   </div>
   <div class='ocr_carea' id='block_1_12' title="bbox 519 1236 952 1304">
    <p class='ocr_par' dir='ltr' id='par_1_12' title="bbox 519 1236 952 1304">
     <span class='ocr_line' id='line_1_12' title="bbox 519 1236 952 1304; baseline -0.012 -13"><span class='ocrx_word' id='word_1_76' title='bbox 519 1241 610 1292; x_wconf 91' lang='lat' dir='ltr'><strong>hb.</strong></span> <span class='ocrx_word' id='word_1_77' title='bbox 643 1254 723 1300; x_wconf 87' lang='lat' dir='ltr'><strong>nt,</strong></span> <span class='ocrx_word' id='word_1_78' title='bbox 754 1251 870 1304; x_wconf 85' lang='lat' dir='ltr'><strong>cap.</strong></span> <span class='ocrx_word' id='word_1_79' title='bbox 905 1236 952 1287; x_wconf 79' lang='grc'>1.</span> 
     </span>
    </p>
   </div>
   <div class='ocr_carea' id='block_1_13' title="bbox 591 1317 2088 1388">
    <p class='ocr_par' dir='ltr' id='par_1_13' title="bbox 591 1317 2088 1388">
     <span class='ocr_line' id='line_1_13' title="bbox 591 1317 2088 1388; baseline -0.008 -8"><span class='ocrx_word' id='word_1_80' title='bbox 591 1330 812 1380; x_wconf 70' lang='grc' dir='ltr'>Ρεοιιιυε</span> <span class='ocrx_word' id='word_1_81' title='bbox 843 1339 1096 1378; x_wconf 68' lang='grc' dir='ltr'>Λογοωί.</span> <span class='ocrx_word' id='word_1_82' title='bbox 1122 1321 1414 1385; x_wconf 80' lang='lat' dir='ltr'><strong>Palladius,</strong></span> <span class='ocrx_word' id='word_1_83' title='bbox 1437 1335 1555 1388; x_wconf 89' lang='lat' dir='ltr'><strong>cap.</strong></span> <span class='ocrx_word' id='word_1_84' title='bbox 1597 1318 1656 1370; x_wconf 86' lang='lat' dir='ltr'><strong>l5</strong></span> <span class='ocrx_word' id='word_1_85' title='bbox 1687 1336 1700 1370; x_wconf 90' lang='lat'>:</span> <span class='ocrx_word' id='word_1_86' title='bbox 1732 1337 1749 1367; x_wconf 77' lang='grc' dir='ltr'><strong>ι</strong></span> <span class='ocrx_word' id='word_1_87' title='bbox 1779 1317 1938 1370; x_wconf 79' lang='lat' dir='ltr'><strong>Nobis</strong></span> <span class='ocrx_word' id='word_1_88' title='bbox 1970 1326 2088 1370; x_wconf 91' lang='lat' dir='ltr'><strong>tuos</strong></span> 
     </span>
    </p>
   </div>
   <div class='ocr_carea' id='block_1_14' title="bbox 516 1411 2088 1487">
    <p class='ocr_par' dir='ltr' id='par_1_14' title="bbox 516 1411 2088 1487">
     <span class='ocr_line' id='line_1_14' title="bbox 516 1411 2088 1487; baseline -0.007 -17"><span class='ocrx_word' id='word_1_89' title='bbox 516 1420 676 1487; x_wconf 86' lang='lat' dir='ltr'><strong>pedes</strong></span> <span class='ocrx_word' id='word_1_90' title='bbox 729 1417 1130 1484; x_wconf 80' lang='lat' dir='ltr'><strong>attingentibus.</strong></span> <span class='ocrx_word' id='word_1_91' title='bbox 1175 1433 1191 1466; x_wconf 76' lang='grc' dir='ltr'><strong>ι</strong></span> <span class='ocrx_word' id='word_1_92' title='bbox 1251 1415 1540 1467; x_wconf 86' lang='lat' dir='ltr'><strong>Aberrarat</strong></span> <span class='ocrx_word' id='word_1_93' title='bbox 1593 1411 1677 1462; x_wconf 92' lang='lat' dir='ltr'><strong>hic</strong></span> <span class='ocrx_word' id='word_1_94' title='bbox 1735 1412 1801 1461; x_wconf 91' lang='lat' dir='ltr'><strong>ab</strong></span> <span class='ocrx_word' id='word_1_95' title='bbox 1855 1411 2088 1462; x_wconf 75' lang='lat' dir='ltr'><strong>auctoris</strong></span> 
     </span>
    </p>
   </div>
   <div class='ocr_carea' id='block_1_15' title="bbox 518 1498 2088 1575">
    <p class='ocr_par' dir='ltr' id='par_1_15' title="bbox 518 1498 2088 1575">
     <span class='ocr_line' id='line_1_15' title="bbox 518 1498 2088 1575; baseline -0.004 -16"><span class='ocrx_word' id='word_1_96' title='bbox 518 1517 695 1561; x_wconf 89' lang='lat' dir='ltr'><strong>mente</strong></span> <span class='ocrx_word' id='word_1_97' title='bbox 727 1508 994 1575; x_wconf 78' lang='lat' dir='ltr'><strong>interpres</strong></span> <span class='ocrx_word' id='word_1_98' title='bbox 1029 1506 1323 1565; x_wconf 89' lang='lat' dir='ltr'><strong>Ilervetus,</strong></span> <span class='ocrx_word' id='word_1_99' title='bbox 1365 1503 1435 1554; x_wconf 87' lang='lat' dir='ltr'><strong>ita</strong></span> <span class='ocrx_word' id='word_1_100' title='bbox 1467 1509 1680 1553; x_wconf 90' lang='lat' dir='ltr'><strong>vertens</strong></span> <span class='ocrx_word' id='word_1_101' title='bbox 1716 1516 1729 1552; x_wconf 86' lang='lat'>:</span> <span class='ocrx_word' id='word_1_102' title='bbox 1762 1518 1780 1551; x_wconf 81' lang='grc' dir='ltr'><strong>ι</strong></span> <span class='ocrx_word' id='word_1_103' title='bbox 1810 1498 2088 1564; x_wconf 84' lang='lat' dir='ltr'><strong>Quomodo</strong></span> 
     </span>
    </p>
   </div>
   <div class='ocr_carea' id='block_1_16' title="bbox 517 1590 2082 1665">
    <p class='ocr_par' dir='ltr' id='par_1_16' title="bbox 517 1590 2082 1665">
     <span class='ocr_line' id='line_1_16' title="bbox 517 1590 2082 1665; baseline -0.007 -15"><span class='ocrx_word' id='word_1_104' title='bbox 517 1599 628 1652; x_wconf 81' lang='lat' dir='ltr'><strong>ﬁeri</strong></span> <span class='ocrx_word' id='word_1_105' title='bbox 673 1606 846 1665; x_wconf 78' lang='lat' dir='ltr'><strong>potest</strong></span> <span class='ocrx_word' id='word_1_106' title='bbox 893 1607 948 1648; x_wconf 91' lang='lat' dir='ltr'><strong>ttt</strong></span> <span class='ocrx_word' id='word_1_107' title='bbox 991 1611 1056 1647; x_wconf 85' lang='lat' dir='ltr'><strong>ex</strong></span> <span class='ocrx_word' id='word_1_108' title='bbox 1107 1595 1209 1646; x_wconf 90' lang='lat' dir='ltr'><strong>tuis</strong></span> <span class='ocrx_word' id='word_1_109' title='bbox 1267 1592 1489 1658; x_wconf 69' lang='lat' dir='ltr'><strong>[edibus</strong></span> <span class='ocrx_word' id='word_1_110' title='bbox 1516 1591 1566 1642; x_wconf 90' lang='lat' dir='ltr'><strong>lti</strong></span> <span class='ocrx_word' id='word_1_111' title='bbox 1599 1600 1722 1643; x_wconf 89' lang='lat' dir='ltr'><strong>sunt</strong></span> <span class='ocrx_word' id='word_1_112' title='bbox 1764 1590 2033 1658; x_wconf 61' lang='lat' dir='ltr'><strong>aequales?</strong></span> <span class='ocrx_word' id='word_1_113' title='bbox 2065 1607 2082 1639; x_wconf 76' lang='grc' dir='ltr'><strong>ι</strong></span> 
     </span>
    </p>
   </div>
   <div class='ocr_carea' id='block_1_17' title="bbox 516 1682 2091 1751">
    <p class='ocr_par' dir='ltr' id='par_1_17' title="bbox 516 1682 2091 1751">
     <span class='ocr_line' id='line_1_17' title="bbox 516 1682 2091 1751; baseline -0.007 -9"><span class='ocrx_word' id='word_1_114' title='bbox 516 1691 626 1742; x_wconf 67' lang='lat' dir='ltr'><strong>Non</strong></span> <span class='ocrx_word' id='word_1_115' title='bbox 657 1688 1047 1749; x_wconf 84' lang='lat' dir='ltr'><strong>animadvertit,</strong></span> <span class='ocrx_word' id='word_1_116' title='bbox 1082 1686 1207 1738; x_wconf 88' lang='lat' dir='ltr'><strong>illud</strong></span> <span class='ocrx_word' id='word_1_117' title='bbox 1240 1693 1337 1738; x_wconf 86' lang='grc' dir='ltr'>τῶν</span> <span class='ocrx_word' id='word_1_118' title='bbox 1357 1682 1525 1741; x_wconf 84' lang='grc' dir='ltr'>ποδῶν</span> <span class='ocrx_word' id='word_1_119' title='bbox 1550 1703 1645 1737; x_wconf 84' lang='grc' dir='ltr'><strong>σου</strong></span> <span class='ocrx_word' id='word_1_120' title='bbox 1676 1682 1934 1751; x_wconf 73' lang='grc' dir='ltr'><strong>ἁπτόμεθα</strong></span> <span class='ocrx_word' id='word_1_121' title='bbox 1956 1722 1970 1746; x_wconf 85' lang='grc'><em>,</em></span> <span class='ocrx_word' id='word_1_122' title='bbox 2005 1698 2091 1748; x_wconf 74' lang='lat' dir='ltr'><strong>pe-</strong></span> 
     </span>
    </p>
   </div>
   <div class='ocr_carea' id='block_1_18' title="bbox 516 1773 2088 1846">
    <p class='ocr_par' dir='ltr' id='par_1_18' title="bbox 516 1773 2088 1846">
     <span class='ocr_line' id='line_1_18' title="bbox 516 1773 2088 1846; baseline -0.004 -16"><span class='ocrx_word' id='word_1_123' title='bbox 516 1785 600 1832; x_wconf 80' lang='lat' dir='ltr'><strong>des</strong></span> <span class='ocrx_word' id='word_1_124' title='bbox 632 1791 742 1832; x_wconf 81' lang='lat' dir='ltr'><strong>tuos</strong></span> <span class='ocrx_word' id='word_1_125' title='bbox 771 1779 1093 1846; x_wconf 80' lang='lat' dir='ltr'><strong>attingimus,</strong></span> <span class='ocrx_word' id='word_1_126' title='bbox 1123 1775 1356 1844; x_wconf 87' lang='lat' dir='ltr'><strong>speciem</strong></span> <span class='ocrx_word' id='word_1_127' title='bbox 1400 1789 1508 1842; x_wconf 77' lang='lat' dir='ltr'><strong>pra:</strong></span> <span class='ocrx_word' id='word_1_128' title='bbox 1537 1787 1598 1827; x_wconf 90' lang='lat' dir='ltr'><strong>se</strong></span> <span class='ocrx_word' id='word_1_129' title='bbox 1645 1773 1785 1827; x_wconf 78' lang='lat' dir='ltr'><strong>ferre</strong></span> <span class='ocrx_word' id='word_1_130' title='bbox 1839 1774 2088 1824; x_wconf 88' lang='lat' dir='ltr'><strong>obsecra-</strong></span> 
     </span>
    </p>
   </div>
   <div class='ocr_carea' id='block_1_19' title="bbox 2186 567 3772 643">
    <p class='ocr_par' dir='ltr' id='par_1_19' title="bbox 2186 567 3772 643">
     <span class='ocr_line' id='line_1_19' title="bbox 2186 567 3772 643; baseline -0.004 -15"><span class='ocrx_word' id='word_1_131' title='bbox 2186 575 2325 629; x_wconf 76' lang='lat' dir='ltr'><strong>idem</strong></span> <span class='ocrx_word' id='word_1_132' title='bbox 2377 577 2466 643; x_wconf 91' lang='lat' dir='ltr'><strong>qui</strong></span> <span class='ocrx_word' id='word_1_133' title='bbox 2519 573 2720 642; x_wconf 85' lang='lat' dir='ltr'><strong>Typico</strong></span> <span class='ocrx_word' id='word_1_134' title='bbox 2750 572 2903 627; x_wconf 68' lang='lat' dir='ltr'><strong>Saba:</strong></span> <span class='ocrx_word' id='word_1_135' title='bbox 2933 571 3289 634; x_wconf 64' lang='lat' dir='ltr'><strong>izvmw&#39;zmc,</strong></span> <span class='ocrx_word' id='word_1_136' title='bbox 3343 567 3612 621; x_wconf 75' lang='lat' dir='ltr'><strong>Excitator</strong></span> <span class='ocrx_word' id='word_1_137' title='bbox 3640 569 3772 622; x_wconf 86' lang='lat' dir='ltr'><strong>dici-</strong></span> 
     </span>
    </p>
   </div>
   <div class='ocr_carea' id='block_1_20' title="bbox 2188 660 3773 734">
    <p class='ocr_par' dir='ltr' id='par_1_20' title="bbox 2188 660 3773 734">
     <span class='ocr_line' id='line_1_20' title="bbox 2188 660 3773 734; baseline -0.004 -14"><span class='ocrx_word' id='word_1_138' title='bbox 2188 678 2292 732; x_wconf 90' lang='lat' dir='ltr'><strong>tur,</strong></span> <span class='ocrx_word' id='word_1_139' title='bbox 2321 667 2476 732; x_wconf 87' lang='lat' dir='ltr'><strong>cujus</strong></span> <span class='ocrx_word' id='word_1_140' title='bbox 2506 674 2621 719; x_wconf 88' lang='lat' dir='ltr'><strong>erat</strong></span> <span class='ocrx_word' id='word_1_141' title='bbox 2666 666 2716 719; x_wconf 88' lang='lat' dir='ltr'><strong>in</strong></span> <span class='ocrx_word' id='word_1_142' title='bbox 2755 661 2953 730; x_wconf 75' lang='lat' dir='ltr'><strong>vigiliis</strong></span> <span class='ocrx_word' id='word_1_143' title='bbox 2993 670 3045 714; x_wconf 84' lang='lat' dir='ltr'><strong>ct</strong></span> <span class='ocrx_word' id='word_1_144' title='bbox 3090 664 3392 734; x_wconf 70' lang='grc' dir='ltr'><strong>ἀγρυπνίαις</strong></span> <span class='ocrx_word' id='word_1_145' title='bbox 3439 660 3670 713; x_wconf 84' lang='lat' dir='ltr'><strong>circuire</strong></span> <span class='ocrx_word' id='word_1_146' title='bbox 3718 669 3773 714; x_wconf 79' lang='lat' dir='ltr'><strong>et</strong></span> 
     </span>
    </p>
   </div>
   <div class='ocr_carea' id='block_1_21' title="bbox 2185 754 3772 813">
    <p class='ocr_par' dir='ltr' id='par_1_21' title="bbox 2185 754 3772 813">
     <span class='ocr_line' id='line_1_21' title="bbox 2185 754 3772 813; baseline -0.003 -1"><span class='ocrx_word' id='word_1_147' title='bbox 2185 760 2554 813; x_wconf 87' lang='lat' dir='ltr'><strong>somnolentos</strong></span> <span class='ocrx_word' id='word_1_148' title='bbox 2574 758 2826 812; x_wconf 76' lang='lat' dir='ltr'><strong>excitare.</strong></span> <span class='ocrx_word' id='word_1_149' title='bbox 2861 756 2972 809; x_wconf 81' lang='lat' dir='ltr'><strong>Non</strong></span> <span class='ocrx_word' id='word_1_150' title='bbox 3019 756 3250 809; x_wconf 89' lang='lat' dir='ltr'><strong>videtur.</strong></span> <span class='ocrx_word' id='word_1_151' title='bbox 3285 754 3439 810; x_wconf 82' lang='lat' dir='ltr'><strong>Clare</strong></span> <span class='ocrx_word' id='word_1_152' title='bbox 3473 754 3772 809; x_wconf 82' lang='lat' dir='ltr'><strong>Heraclidis</strong></span> 
     </span>
    </p>
   </div>
   <div class='ocr_carea' id='block_1_22' title="bbox 2188 851 2875 919">
    <p class='ocr_par' dir='ltr' id='par_1_22' title="bbox 2188 851 2875 919">
     <span class='ocr_line' id='line_1_22' title="bbox 2188 851 2875 919; baseline -0.009 -13"><span class='ocrx_word' id='word_1_153' title='bbox 2188 853 2453 919; x_wconf 85' lang='lat' dir='ltr'><strong>interpres</strong></span> <span class='ocrx_word' id='word_1_154' title='bbox 2481 867 2592 905; x_wconf 88' lang='lat' dir='ltr'><strong>rem</strong></span> <span class='ocrx_word' id='word_1_155' title='bbox 2623 851 2875 917; x_wconf 75' lang='lat' dir='ltr'><strong>explicat.</strong></span> 
     </span>
    </p>
   </div>
   <div class='ocr_carea' id='block_1_23' title="bbox 2259 936 3771 1008">
    <p class='ocr_par' dir='ltr' id='par_1_23' title="bbox 2259 936 3771 1008">
     <span class='ocr_line' id='line_1_23' title="bbox 2259 936 3771 1008; baseline -0.004 -12"><span class='ocrx_word' id='word_1_156' title='bbox 2259 944 2486 996; x_wconf 73' lang='lat' dir='ltr'><strong>l‘noLss.</strong></span> <span class='ocrx_word' id='word_1_157' title='bbox 2511 941 2779 1003; x_wconf 78' lang='lat' dir='ltr'><strong>Moschus,</strong></span> <span class='ocrx_word' id='word_1_158' title='bbox 2807 939 2965 992; x_wconf 86' lang='lat' dir='ltr'><strong>Prato</strong></span> <span class='ocrx_word' id='word_1_159' title='bbox 2988 938 3273 1008; x_wconf 83' lang='lat' dir='ltr'><strong>spirituali,</strong></span> <span class='ocrx_word' id='word_1_160' title='bbox 3299 951 3418 1006; x_wconf 90' lang='lat' dir='ltr'><strong>cap.</strong></span> <span class='ocrx_word' id='word_1_161' title='bbox 3449 936 3551 990; x_wconf 68' lang='grc'><strong>154</strong></span> <span class='ocrx_word' id='word_1_162' title='bbox 3580 954 3594 990; x_wconf 89' lang='lat'><strong>:</strong></span> <span class='ocrx_word' id='word_1_163' title='bbox 3631 956 3647 986; x_wconf 83' lang='lat' dir='ltr'><strong>I</strong></span> <span class='ocrx_word' id='word_1_164' title='bbox 3671 937 3771 990; x_wconf 75' lang='lat' dir='ltr'><strong>Ac-</strong></span> 
     </span>
    </p>
   </div>
   <div class='ocr_carea' id='block_1_24' title="bbox 2185 1027 3772 1102">
    <p class='ocr_par' dir='ltr' id='par_1_24' title="bbox 2185 1027 3772 1102">
     <span class='ocr_line' id='line_1_24' title="bbox 2185 1027 3772 1102; baseline -0.005 -15"><span class='ocrx_word' id='word_1_165' title='bbox 2185 1034 2522 1102; x_wconf 88' lang='lat' dir='ltr'><strong>cipiebatque</strong></span> <span class='ocrx_word' id='word_1_166' title='bbox 2579 1031 2946 1101; x_wconf 90' lang='lat' dir='ltr'><strong>quotidianum</strong></span> <span class='ocrx_word' id='word_1_167' title='bbox 3015 1029 3336 1096; x_wconf 86' lang='lat' dir='ltr'><strong>stipendium</strong></span> <span class='ocrx_word' id='word_1_168' title='bbox 3402 1043 3598 1081; x_wconf 90' lang='lat' dir='ltr'><strong>novem</strong></span> <span class='ocrx_word' id='word_1_169' title='bbox 3672 1027 3772 1080; x_wconf 88' lang='lat' dir='ltr'><strong>mi-</strong></span> 
     </span>
    </p>
   </div>
   <div class='ocr_carea' id='block_1_25' title="bbox 2190 1121 3773 1194">
    <p class='ocr_par' dir='ltr' id='par_1_25' title="bbox 2190 1121 3773 1194">
     <span class='ocr_line' id='line_1_25' title="bbox 2190 1121 3773 1194; baseline -0.003 -17"><span class='ocrx_word' id='word_1_170' title='bbox 2190 1134 2335 1177; x_wconf 89' lang='lat' dir='ltr'><strong>nuta.</strong></span> <span class='ocrx_word' id='word_1_171' title='bbox 2371 1143 2388 1175; x_wconf 76' lang='grc' dir='ltr'><strong>ι</strong></span> <span class='ocrx_word' id='word_1_172' title='bbox 2439 1125 2624 1177; x_wconf 71' lang='lat' dir='ltr'><strong>Graece</strong></span> <span class='ocrx_word' id='word_1_173' title='bbox 2647 1132 2750 1182; x_wconf 85' lang='lat' dir='ltr'><strong>est,</strong></span> <span class='ocrx_word' id='word_1_174' title='bbox 2784 1123 3051 1193; x_wconf 70' lang='grc' dir='ltr'>ἐλάμϐανεν</span> <span class='ocrx_word' id='word_1_175' title='bbox 3079 1122 3377 1194; x_wconf 70' lang='grc' dir='ltr'>ἡμερούσιον</span> <span class='ocrx_word' id='word_1_176' title='bbox 3406 1121 3569 1191; x_wconf 67' lang='grc' dir='ltr'><strong>φόλιις</strong></span> <span class='ocrx_word' id='word_1_177' title='bbox 3601 1121 3773 1174; x_wconf 73' lang='grc' dir='ltr'>πέντε.</span> 
     </span>
    </p>
   </div>
   <div class='ocr_carea' id='block_1_26' title="bbox 2190 1208 3774 1284">
    <p class='ocr_par' dir='ltr' id='par_1_26' title="bbox 2190 1208 3774 1284">
     <span class='ocr_line' id='line_1_26' title="bbox 2190 1208 3774 1284; baseline -0.003 -19"><span class='ocrx_word' id='word_1_178' title='bbox 2190 1216 2516 1284; x_wconf 84' lang='lat' dir='ltr'><strong>Epiphanius</strong></span> <span class='ocrx_word' id='word_1_179' title='bbox 2540 1254 2553 1276; x_wconf 88' lang='lat'><strong>,</strong></span> <span class='ocrx_word' id='word_1_180' title='bbox 2586 1216 2652 1267; x_wconf 91' lang='lat' dir='ltr'><strong>de</strong></span> <span class='ocrx_word' id='word_1_181' title='bbox 2686 1214 3004 1281; x_wconf 69' lang='lat' dir='ltr'><strong>ponderibus</strong></span> <span class='ocrx_word' id='word_1_182' title='bbox 3044 1224 3092 1264; x_wconf 91' lang='lat' dir='ltr'><strong>et</strong></span> <span class='ocrx_word' id='word_1_183' title='bbox 3129 1214 3392 1264; x_wconf 86' lang='lat' dir='ltr'><strong>mensuris</strong></span> <span class='ocrx_word' id='word_1_184' title='bbox 3420 1228 3430 1260; x_wconf 89' lang='lat'>:</span> <span class='ocrx_word' id='word_1_185' title='bbox 3459 1211 3615 1268; x_wconf 69' lang='grc' dir='ltr'><strong>Φὸλης</strong></span> <span class='ocrx_word' id='word_1_186' title='bbox 3641 1208 3664 1262; x_wconf 77' lang='grc' dir='ltr'>ὃ</span> <span class='ocrx_word' id='word_1_187' title='bbox 3693 1213 3774 1262; x_wconf 76' lang='grc' dir='ltr'><strong>καὶ</strong></span> 
     </span>
    </p>
   </div>
   <div class='ocr_carea' id='block_1_27' title="bbox 2187 1301 3774 1375">
    <p class='ocr_par' dir='ltr' id='par_1_27' title="bbox 2187 1301 3774 1375">
     <span class='ocr_line' id='line_1_27' title="bbox 2187 1301 3774 1375; baseline -0.005 -13"><span class='ocrx_word' id='word_1_188' title='bbox 2187 1309 2441 1364; x_wconf 71' lang='grc' dir='ltr'>ταλάντων</span> <span class='ocrx_word' id='word_1_189' title='bbox 2483 1309 2726 1369; x_wconf 71' lang='grc' dir='ltr'><strong>καλεῖται,</strong></span> <span class='ocrx_word' id='word_1_190' title='bbox 2773 1305 2976 1359; x_wconf 81' lang='grc' dir='ltr'>διπλοῦν</span> <span class='ocrx_word' id='word_1_191' title='bbox 3005 1303 3060 1356; x_wconf 79' lang='grc' dir='ltr'><strong>δέ</strong></span> <span class='ocrx_word' id='word_1_192' title='bbox 3089 1304 3245 1368; x_wconf 79' lang='grc' dir='ltr'>ἐστιν,</span> <span class='ocrx_word' id='word_1_193' title='bbox 3276 1304 3379 1356; x_wconf 76' lang='grc' dir='ltr'><strong>ὑπὸ</strong></span> <span class='ocrx_word' id='word_1_194' title='bbox 3413 1301 3504 1356; x_wconf 64' lang='grc' dir='ltr'>δύο</span> <span class='ocrx_word' id='word_1_195' title='bbox 3534 1304 3774 1375; x_wconf 59' lang='grc' dir='ltr'>ἀργύριον</span> 
     </span>
    </p>
   </div>
   <div class='ocr_carea' id='block_1_28' title="bbox 2188 1392 3774 1472">
    <p class='ocr_par' dir='ltr' id='par_1_28' title="bbox 2188 1392 3774 1472">
     <span class='ocr_line' id='line_1_28' title="bbox 2188 1392 3774 1472; baseline -0.006 -18"><span class='ocrx_word' id='word_1_196' title='bbox 2188 1401 2504 1472; x_wconf 75' lang='grc' dir='ltr'><strong>συγκείμενον</strong></span> <span class='ocrx_word' id='word_1_197' title='bbox 2531 1399 2573 1452; x_wconf 76' lang='grc' dir='ltr'>οἳ</span> <span class='ocrx_word' id='word_1_198' title='bbox 2594 1402 2812 1471; x_wconf 71' lang='grc' dir='ltr'>γίνονται</span> <span class='ocrx_word' id='word_1_199' title='bbox 2848 1396 2921 1453; x_wconf 77' lang='grc' dir='ltr'><strong>ση’</strong></span> <span class='ocrx_word' id='word_1_200' title='bbox 2948 1395 3176 1463; x_wconf 83' lang='grc' dir='ltr'><strong>δηνάρια.</strong></span> <span class='ocrx_word' id='word_1_201' title='bbox 3213 1397 3301 1446; x_wconf 62' lang='grc' dir='ltr'><strong>Καὶ</strong></span> <span class='ocrx_word' id='word_1_202' title='bbox 3329 1395 3444 1466; x_wconf 65' lang='grc' dir='ltr'><strong>φόλη</strong></span> <span class='ocrx_word' id='word_1_203' title='bbox 3474 1392 3568 1446; x_wconf 76' lang='grc' dir='ltr'>δύο</span> <span class='ocrx_word' id='word_1_204' title='bbox 3596 1394 3774 1447; x_wconf 79' lang='grc' dir='ltr'>λεπτοί</span> 
     </span>
    </p>
   </div>
   <div class='ocr_carea' id='block_1_29' title="bbox 2189 1487 3774 1563">
    <p class='ocr_par' dir='ltr' id='par_1_29' title="bbox 2189 1487 3774 1563">
     <span class='ocr_line' id='line_1_29' title="bbox 2189 1487 3774 1563; baseline -0.006 -16"><span class='ocrx_word' id='word_1_205' title='bbox 2189 1495 2316 1547; x_wconf 78' lang='grc' dir='ltr'><strong>κατὰ</strong></span> <span class='ocrx_word' id='word_1_206' title='bbox 2355 1496 2440 1547; x_wconf 85' lang='grc' dir='ltr'>τὸν</span> <span class='ocrx_word' id='word_1_207' title='bbox 2484 1491 2817 1563; x_wconf 74' lang='grc' dir='ltr'><strong>δηναρισμόν,</strong></span> <span class='ocrx_word' id='word_1_208' title='bbox 2868 1489 2969 1542; x_wconf 79' lang='grc' dir='ltr'>ἀλλ’</span> <span class='ocrx_word' id='word_1_209' title='bbox 3017 1490 3074 1540; x_wconf 79' lang='grc' dir='ltr'>οὐ</span> <span class='ocrx_word' id='word_1_210' title='bbox 3121 1490 3252 1540; x_wconf 81' lang='grc' dir='ltr'>κατὰ</span> <span class='ocrx_word' id='word_1_211' title='bbox 3298 1488 3382 1541; x_wconf 81' lang='grc' dir='ltr'>τὸν</span> <span class='ocrx_word' id='word_1_212' title='bbox 3431 1487 3774 1560; x_wconf 65' lang='grc' dir='ltr'>ἆργνρισμὸν.</span> 
     </span>
    </p>
   </div>
   <div class='ocr_carea' id='block_1_30' title="bbox 2197 1577 3778 1648">
    <p class='ocr_par' dir='ltr' id='par_1_30' title="bbox 2197 1577 3778 1648">
     <span class='ocr_line' id='line_1_30' title="bbox 2197 1577 3778 1648; baseline -0.004 -13"><span class='ocrx_word' id='word_1_213' title='bbox 2197 1604 2214 1635; x_wconf 82' lang='grc' dir='ltr'><strong>ι</strong></span> <span class='ocrx_word' id='word_1_214' title='bbox 2250 1584 2408 1638; x_wconf 83' lang='lat' dir='ltr'><strong>Follis</strong></span> <span class='ocrx_word' id='word_1_215' title='bbox 2448 1582 2561 1637; x_wconf 71' lang='lat' dir='ltr'><strong>sive</strong></span> <span class='ocrx_word' id='word_1_216' title='bbox 2607 1583 2866 1635; x_wconf 83' lang='lat' dir='ltr'><strong>talentum</strong></span> <span class='ocrx_word' id='word_1_217' title='bbox 2921 1595 3138 1648; x_wconf 82' lang='lat' dir='ltr'><strong>parvum</strong></span> <span class='ocrx_word' id='word_1_218' title='bbox 3170 1595 3234 1633; x_wconf 81' lang='lat' dir='ltr'><strong>ex</strong></span> <span class='ocrx_word' id='word_1_219' title='bbox 3263 1577 3470 1631; x_wconf 83' lang='lat' dir='ltr'><strong>duobus</strong></span> <span class='ocrx_word' id='word_1_220' title='bbox 3504 1578 3778 1644; x_wconf 78' lang='lat' dir='ltr'><strong>argenteis</strong></span> 
     </span>
    </p>
   </div>
   <div class='ocr_carea' id='block_1_31' title="bbox 2191 1666 3775 1740">
    <p class='ocr_par' dir='ltr' id='par_1_31' title="bbox 2191 1666 3775 1740">
     <span class='ocr_line' id='line_1_31' title="bbox 2191 1666 3775 1740; baseline -0.006 -11"><span class='ocrx_word' id='word_1_221' title='bbox 2191 1684 2423 1740; x_wconf 83' lang='lat' dir='ltr'><strong>constat,</strong></span> <span class='ocrx_word' id='word_1_222' title='bbox 2453 1675 2551 1728; x_wconf 92' lang='lat' dir='ltr'><strong>hoc</strong></span> <span class='ocrx_word' id='word_1_223' title='bbox 2579 1682 2661 1727; x_wconf 91' lang='lat' dir='ltr'><strong>est</strong></span> <span class='ocrx_word' id='word_1_224' title='bbox 2686 1671 2923 1726; x_wconf 81' lang='lat' dir='ltr'><strong>denariis</strong></span> <span class='ocrx_word' id='word_1_225' title='bbox 2951 1671 3076 1723; x_wconf 67' lang='lat'><strong>208.</strong></span> <span class='ocrx_word' id='word_1_226' title='bbox 3113 1670 3239 1723; x_wconf 88' lang='lat' dir='ltr'><strong>Item</strong></span> <span class='ocrx_word' id='word_1_227' title='bbox 3272 1667 3414 1721; x_wconf 81' lang='lat' dir='ltr'><strong>follis</strong></span> <span class='ocrx_word' id='word_1_228' title='bbox 3438 1669 3479 1720; x_wconf 93' lang='lat' dir='ltr'><strong>si</strong></span> <span class='ocrx_word' id='word_1_229' title='bbox 3509 1666 3576 1720; x_wconf 89' lang='lat' dir='ltr'><strong>ad</strong></span> <span class='ocrx_word' id='word_1_230' title='bbox 3605 1666 3775 1720; x_wconf 85' lang='lat' dir='ltr'><strong>dena-</strong></span> 
     </span>
    </p>
   </div>
   <div class='ocr_carea' id='block_1_32' title="bbox 2203 1758 3770 1833">
    <p class='ocr_par' dir='ltr' id='par_1_32' title="bbox 2203 1758 3770 1833">
     <span class='ocr_line' id='line_1_32' title="bbox 2203 1758 3770 1833; baseline -0.005 -13"><span class='ocrx_word' id='word_1_231' title='bbox 2203 1769 2309 1820; x_wconf 86' lang='lat' dir='ltr'><strong>rios</strong></span> <span class='ocrx_word' id='word_1_232' title='bbox 2357 1782 2460 1820; x_wconf 88' lang='lat' dir='ltr'><strong>non</strong></span> <span class='ocrx_word' id='word_1_233' title='bbox 2493 1766 2556 1820; x_wconf 89' lang='lat' dir='ltr'><strong>ad</strong></span> <span class='ocrx_word' id='word_1_234' title='bbox 2587 1775 2867 1833; x_wconf 85' lang='lat' dir='ltr'><strong>argenteos</strong></span> <span class='ocrx_word' id='word_1_235' title='bbox 2895 1762 3182 1831; x_wconf 72' lang='lat' dir='ltr'><strong>redigatur,</strong></span> <span class='ocrx_word' id='word_1_236' title='bbox 3216 1761 3322 1814; x_wconf 89' lang='lat' dir='ltr'><strong>duo</strong></span> <span class='ocrx_word' id='word_1_237' title='bbox 3353 1762 3562 1813; x_wconf 85' lang='lat' dir='ltr'><strong>minuta</strong></span> <span class='ocrx_word' id='word_1_238' title='bbox 3590 1758 3770 1813; x_wconf 88' lang='lat' dir='ltr'><strong>conti-</strong></span> 
     </span>
    </p>
   </div>
   <div class='ocr_carea' id='block_1_33' title="bbox 517 1849 2092 1932">
    <p class='ocr_par' dir='ltr' id='par_1_33' title="bbox 517 1866 2088 1932">
     <span class='ocr_line' id='line_1_33' title="bbox 517 1866 2088 1932; baseline -0.004 -10"><span class='ocrx_word' id='word_1_239' title='bbox 517 1873 676 1923; x_wconf 89' lang='lat' dir='ltr'><strong>tionis</strong></span> <span class='ocrx_word' id='word_1_240' title='bbox 707 1871 789 1923; x_wconf 85' lang='lat' dir='ltr'><strong>vel</strong></span> <span class='ocrx_word' id='word_1_241' title='bbox 816 1868 1206 1922; x_wconf 86' lang='lat' dir='ltr'><strong>obtest-at-ionis.</strong></span> <span class='ocrx_word' id='word_1_242' title='bbox 1242 1866 1460 1919; x_wconf 62' lang='lat' dir='ltr'><strong>Veteres</strong></span> <span class='ocrx_word' id='word_1_243' title='bbox 1497 1866 1639 1919; x_wconf 87' lang='lat' dir='ltr'><strong>enim</strong></span> <span class='ocrx_word' id='word_1_244' title='bbox 1668 1880 1786 1918; x_wconf 89' lang='lat' dir='ltr'><strong>cum</strong></span> <span class='ocrx_word' id='word_1_245' title='bbox 1818 1867 2088 1932; x_wconf 85' lang='lat' dir='ltr'><strong>supplices</strong></span> 
     </span>
    </p>
   </div>
   <div class='ocr_carea' id='block_1_34' title="bbox 2199 1849 3775 1932">
    <p class='ocr_par' dir='ltr' id='par_1_34' title="bbox 2199 1853 3775 1928">
     <span class='ocr_line' id='line_1_34' title="bbox 2199 1853 3775 1928; baseline -0.004 -16"><span class='ocrx_word' id='word_1_246' title='bbox 2199 1870 2303 1913; x_wconf 86' lang='lat' dir='ltr'><strong>net.</strong></span> <span class='ocrx_word' id='word_1_247' title='bbox 2339 1878 2357 1911; x_wconf 78' lang='grc' dir='ltr'><strong>ι</strong></span> <span class='ocrx_word' id='word_1_248' title='bbox 2390 1859 2621 1914; x_wconf 88' lang='lat' dir='ltr'><strong>Suidas:</strong></span> <span class='ocrx_word' id='word_1_249' title='bbox 2650 1858 2816 1917; x_wconf 74' lang='grc' dir='ltr'>Φόλλις</span> <span class='ocrx_word' id='word_1_250' title='bbox 2857 1856 3093 1928; x_wconf 76' lang='grc' dir='ltr'><strong>φόλλεως,</strong></span> <span class='ocrx_word' id='word_1_251' title='bbox 3127 1853 3153 1908; x_wconf 85' lang='grc' dir='ltr'>ὁ</span> <span class='ocrx_word' id='word_1_252' title='bbox 3185 1855 3375 1913; x_wconf 71' lang='grc' dir='ltr'>ὀϐολός·</span> <span class='ocrx_word' id='word_1_253' title='bbox 3409 1854 3775 1914; x_wconf 68' lang='grc' dir='ltr'>πληθυντιγῶς.</span> 
     </span>
    </p>
   </div>
   <div class='ocr_carea' id='block_1_35' title="bbox 517 1955 2090 2029">
    <p class='ocr_par' dir='ltr' id='par_1_35' title="bbox 517 1955 2090 2029">
     <span class='ocr_line' id='line_1_35' title="bbox 517 1955 2090 2029; baseline -0.004 -16"><span class='ocrx_word' id='word_1_254' title='bbox 517 1963 865 2022; x_wconf 73' lang='lat' dir='ltr'><strong>accedebant,</strong></span> <span class='ocrx_word' id='word_1_255' title='bbox 911 1959 1132 2029; x_wconf 79' lang='lat' dir='ltr'><strong>genibus</strong></span> <span class='ocrx_word' id='word_1_256' title='bbox 1163 1973 1224 2010; x_wconf 90' lang='lat' dir='ltr'><strong>ac</strong></span> <span class='ocrx_word' id='word_1_257' title='bbox 1257 1957 1478 2024; x_wconf 81' lang='lat' dir='ltr'><strong>pedibus</strong></span> <span class='ocrx_word' id='word_1_258' title='bbox 1507 1956 1946 2010; x_wconf 90' lang='lat' dir='ltr'><strong>advolvebantur.</strong></span> <span class='ocrx_word' id='word_1_259' title='bbox 1976 1955 2090 2008; x_wconf 88' lang='lat' dir='ltr'><strong>llo-</strong></span> 
     </span>
    </p>
   </div>
   <div class='ocr_carea' id='block_1_36' title="bbox 516 2047 2089 2120">
    <p class='ocr_par' dir='ltr' id='par_1_36' title="bbox 516 2047 2089 2120">
     <span class='ocr_line' id='line_1_36' title="bbox 516 2047 2089 2120; baseline -0.005 -14"><span class='ocrx_word' id='word_1_260' title='bbox 516 2067 717 2115; x_wconf 85' lang='lat' dir='ltr'><strong>uterus,</strong></span> <span class='ocrx_word' id='word_1_261' title='bbox 751 2067 762 2104; x_wconf 98' lang='lat' dir='ltr'><strong>I</strong></span> <span class='ocrx_word' id='word_1_262' title='bbox 813 2051 957 2104; x_wconf 88' lang='lat' dir='ltr'><strong>Iliad.</strong></span> <span class='ocrx_word' id='word_1_263' title='bbox 1001 2067 1013 2100; x_wconf 90' lang='lat'><strong>:</strong></span> <span class='ocrx_word' id='word_1_264' title='bbox 1045 2054 1126 2103; x_wconf 79' lang='grc' dir='ltr'><strong>καὶ</strong></span> <span class='ocrx_word' id='word_1_265' title='bbox 1153 2049 1270 2102; x_wconf 67' lang='grc' dir='ltr'>λάϐε</span> <span class='ocrx_word' id='word_1_266' title='bbox 1301 2051 1513 2120; x_wconf 72' lang='grc' dir='ltr'>γονύων.</span> <span class='ocrx_word' id='word_1_267' title='bbox 1557 2047 1879 2115; x_wconf 80' lang='lat' dir='ltr'><strong>Xenophon,</strong></span> <span class='ocrx_word' id='word_1_268' title='bbox 1923 2061 1994 2099; x_wconf 75' lang='lat' dir='ltr'><strong>VII</strong></span> <span class='ocrx_word' id='word_1_269' title='bbox 2026 2049 2089 2099; x_wconf 88' lang='lat' dir='ltr'><strong>de</strong></span> 
     </span>
    </p>
   </div>
   <div class='ocr_carea' id='block_1_37' title="bbox 520 2139 2087 2215">
    <p class='ocr_par' dir='ltr' id='par_1_37' title="bbox 520 2139 2087 2215">
     <span class='ocr_line' id='line_1_37' title="bbox 520 2139 2087 2215; baseline -0.002 -22"><span class='ocrx_word' id='word_1_270' title='bbox 520 2143 643 2212; x_wconf 79' lang='lat' dir='ltr'><strong>Cyri</strong></span> <span class='ocrx_word' id='word_1_271' title='bbox 703 2141 1088 2194; x_wconf 81' lang='lat' dir='ltr'><strong>institutione:</strong></span> <span class='ocrx_word' id='word_1_272' title='bbox 1147 2143 1306 2213; x_wconf 70' lang='grc' dir='ltr'><strong>Κύρου</strong></span> <span class='ocrx_word' id='word_1_273' title='bbox 1355 2139 1638 2210; x_wconf 72' lang='grc' dir='ltr'>γατιφιλοῦν</span> <span class='ocrx_word' id='word_1_274' title='bbox 1686 2142 1767 2191; x_wconf 77' lang='grc' dir='ltr'><strong>καὶ</strong></span> <span class='ocrx_word' id='word_1_275' title='bbox 1794 2146 1980 2215; x_wconf 75' lang='grc' dir='ltr'><strong>χεῖρας</strong></span> <span class='ocrx_word' id='word_1_276' title='bbox 2010 2141 2087 2191; x_wconf 77' lang='grc' dir='ltr'><strong>καὶ</strong></span> 
     </span>
    </p>
   </div>
   <div class='ocr_carea' id='block_1_38' title="bbox 520 2227 2088 2299">
    <p class='ocr_par' dir='ltr' id='par_1_38' title="bbox 520 2227 2088 2299">
     <span class='ocr_line' id='line_1_38' title="bbox 520 2227 2088 2299; baseline -0.006 -12"><span class='ocrx_word' id='word_1_277' title='bbox 520 2232 700 2292; x_wconf 82' lang='grc' dir='ltr'><strong>πόδας.</strong></span> <span class='ocrx_word' id='word_1_278' title='bbox 746 2231 1030 2299; x_wconf 82' lang='lat' dir='ltr'><strong>Dionysius</strong></span> <span class='ocrx_word' id='word_1_279' title='bbox 1059 2229 1413 2291; x_wconf 81' lang='lat' dir='ltr'><strong>llalic:trnas.,</strong></span> <span class='ocrx_word' id='word_1_280' title='bbox 1451 2227 1542 2282; x_wconf 90' lang='lat' dir='ltr'><strong>lib.</strong></span> <span class='ocrx_word' id='word_1_281' title='bbox 1572 2243 1620 2280; x_wconf 76' lang='lat' dir='ltr'><strong>Vt</strong></span> <span class='ocrx_word' id='word_1_282' title='bbox 1653 2229 1726 2281; x_wconf 89' lang='lat' dir='ltr'><strong>De</strong></span> <span class='ocrx_word' id='word_1_283' title='bbox 1750 2228 1959 2296; x_wconf 84' lang='lat' dir='ltr'><strong>Legatis</strong></span> <span class='ocrx_word' id='word_1_284' title='bbox 1990 2227 2088 2280; x_wconf 87' lang='lat' dir='ltr'><strong>La-</strong></span> 
     </span>
    </p>
   </div>
   <div class='ocr_carea' id='block_1_39' title="bbox 519 2321 2090 2396">
    <p class='ocr_par' dir='ltr' id='par_1_39' title="bbox 519 2321 2090 2396">
     <span class='ocr_line' id='line_1_39' title="bbox 519 2321 2090 2396; baseline -0.001 -21"><span class='ocrx_word' id='word_1_285' title='bbox 519 2324 750 2377; x_wconf 70' lang='lat' dir='ltr'><strong>tinorum</strong></span> <span class='ocrx_word' id='word_1_286' title='bbox 789 2341 798 2373; x_wconf 90' lang='lat'>:</span> <span class='ocrx_word' id='word_1_287' title='bbox 827 2327 916 2377; x_wconf 74' lang='grc' dir='ltr'><strong>Καὶ</strong></span> <span class='ocrx_word' id='word_1_288' title='bbox 941 2331 1039 2376; x_wconf 83' lang='grc' dir='ltr'>τῶν</span> <span class='ocrx_word' id='word_1_289' title='bbox 1064 2325 1287 2394; x_wconf 78' lang='grc' dir='ltr'><strong>γονάτων</strong></span> <span class='ocrx_word' id='word_1_290' title='bbox 1335 2322 1613 2392; x_wconf 74' lang='grc' dir='ltr'>ἁπτόμενοι</span> <span class='ocrx_word' id='word_1_291' title='bbox 1644 2321 1816 2381; x_wconf 78' lang='grc' dir='ltr'><strong>πάσης</strong></span> <span class='ocrx_word' id='word_1_292' title='bbox 1844 2329 1934 2380; x_wconf 71' lang='grc' dir='ltr'><strong>τῆς</strong></span> <span class='ocrx_word' id='word_1_293' title='bbox 1971 2341 2090 2396; x_wconf 59' lang='lat'><strong>7:9-</strong></span> 
     </span>
    </p>
   </div>
   <div class='ocr_carea' id='block_1_40' title="bbox 519 2415 2088 2489">
    <p class='ocr_par' dir='ltr' id='par_1_40' title="bbox 519 2415 2088 2489">
     <span class='ocr_line' id='line_1_40' title="bbox 519 2415 2088 2489; baseline 0.001 -23"><span class='ocrx_word' id='word_1_294' title='bbox 519 2417 723 2478; x_wconf 78' lang='grc' dir='ltr'><strong>ουσὶας,</strong></span> <span class='ocrx_word' id='word_1_295' title='bbox 749 2417 832 2468; x_wconf 82' lang='grc' dir='ltr'><strong>καὶ</strong></span> <span class='ocrx_word' id='word_1_296' title='bbox 859 2417 951 2473; x_wconf 77' lang='grc' dir='ltr'><strong>τὰς</strong></span> <span class='ocrx_word' id='word_1_297' title='bbox 975 2415 1217 2489; x_wconf 70' lang='grc' dir='ltr'><strong>ἱκετηρίας</strong></span> <span class='ocrx_word' id='word_1_298' title='bbox 1240 2415 1376 2488; x_wconf 82' lang='grc' dir='ltr'>παρά</span> <span class='ocrx_word' id='word_1_299' title='bbox 1397 2421 1502 2473; x_wconf 76' lang='grc' dir='ltr'>τοῖς</span> <span class='ocrx_word' id='word_1_300' title='bbox 1525 2415 1645 2466; x_wconf 77' lang='grc' dir='ltr'>ποσὶ</span> <span class='ocrx_word' id='word_1_301' title='bbox 1664 2419 1754 2466; x_wconf 83' lang='grc' dir='ltr'>τοῦ</span> <span class='ocrx_word' id='word_1_302' title='bbox 1772 2417 2088 2483; x_wconf 76' lang='grc' dir='ltr'><strong>Ποστουμίου</strong></span> 
     </span>
    </p>
   </div>
   <div class='ocr_carea' id='block_1_41' title="bbox 519 2504 2086 2572">
    <p class='ocr_par' dir='ltr' id='par_1_41' title="bbox 519 2504 2086 2572">
     <span class='ocr_line' id='line_1_41' title="bbox 519 2504 2086 2572; baseline -0.001 -14"><span class='ocrx_word' id='word_1_303' title='bbox 519 2505 752 2562; x_wconf 71' lang='grc' dir='ltr'>τιθέντες.</span> <span class='ocrx_word' id='word_1_304' title='bbox 795 2522 812 2553; x_wconf 82' lang='grc' dir='ltr'><strong>ι</strong></span> <span class='ocrx_word' id='word_1_305' title='bbox 853 2505 1080 2572; x_wconf 84' lang='lat' dir='ltr'><strong>&#39;l&#39;otique</strong></span> <span class='ocrx_word' id='word_1_306' title='bbox 1129 2505 1338 2556; x_wconf 88' lang='lat' dir='ltr'><strong>senatui</strong></span> <span class='ocrx_word' id='word_1_307' title='bbox 1386 2505 1450 2554; x_wconf 86' lang='lat' dir='ltr'><strong>ad</strong></span> <span class='ocrx_word' id='word_1_308' title='bbox 1502 2517 1676 2570; x_wconf 88' lang='lat' dir='ltr'><strong>genua</strong></span> <span class='ocrx_word' id='word_1_309' title='bbox 1718 2504 2086 2570; x_wconf 81' lang='lat' dir='ltr'><strong>procidcbant,</strong></span> 
     </span>
    </p>
   </div>
   <div class='ocr_carea' id='block_1_42' title="bbox 526 2590 2092 2661">
    <p class='ocr_par' dir='ltr' id='par_1_42' title="bbox 526 2590 2092 2661">
     <span class='ocr_line' id='line_1_42' title="bbox 526 2590 2092 2661; baseline -0.003 -10"><span class='ocrx_word' id='word_1_310' title='bbox 526 2590 731 2661; x_wconf 63' lang='lat'><strong>1047</strong></span> <span class='ocrx_word' id='word_1_311' title='bbox 766 2592 950 2660; x_wconf 86' lang='lat' dir='ltr'><strong>positis</strong></span> <span class='ocrx_word' id='word_1_312' title='bbox 1001 2592 1066 2645; x_wconf 88' lang='lat' dir='ltr'><strong>ad</strong></span> <span class='ocrx_word' id='word_1_313' title='bbox 1117 2592 1414 2645; x_wconf 74' lang='lat' dir='ltr'><strong>POsthumii</strong></span> <span class='ocrx_word' id='word_1_314' title='bbox 1452 2592 1613 2659; x_wconf 89' lang='lat' dir='ltr'><strong>pedes</strong></span> <span class='ocrx_word' id='word_1_315' title='bbox 1666 2592 1967 2660; x_wconf 84' lang='lat' dir='ltr'><strong>supplicum</strong></span> <span class='ocrx_word' id='word_1_316' title='bbox 2008 2594 2092 2647; x_wconf 90' lang='lat' dir='ltr'><strong>in-</strong></span> 
     </span>
    </p>
   </div>
   <div class='ocr_carea' id='block_1_43' title="bbox 523 2684 2093 2753">
    <p class='ocr_par' dir='ltr' id='par_1_43' title="bbox 523 2684 2093 2753">
     <span class='ocr_line' id='line_1_43' title="bbox 523 2684 2093 2753; baseline 0.001 -16"><span class='ocrx_word' id='word_1_317' title='bbox 523 2686 779 2752; x_wconf 84' lang='lat' dir='ltr'><strong>signibus.</strong></span> <span class='ocrx_word' id='word_1_318' title='bbox 839 2705 858 2736; x_wconf 76' lang='grc' dir='ltr'><strong><em>ι</em></strong></span> <span class='ocrx_word' id='word_1_319' title='bbox 915 2685 1312 2749; x_wconf 85' lang='lat' dir='ltr'><strong>Tertullianus,</strong></span> <span class='ocrx_word' id='word_1_320' title='bbox 1365 2684 1440 2738; x_wconf 87' lang='lat' dir='ltr'><strong>De</strong></span> <span class='ocrx_word' id='word_1_321' title='bbox 1499 2685 1810 2752; x_wconf 72' lang='lat' dir='ltr'><strong>poenitentia</strong></span> <span class='ocrx_word' id='word_1_322' title='bbox 1866 2698 1983 2753; x_wconf 85' lang='lat' dir='ltr'><strong>cap.</strong></span> <span class='ocrx_word' id='word_1_323' title='bbox 2016 2685 2093 2738; x_wconf 91' lang='lat'>9:</span> 
     </span>
    </p>
   </div>
   <div class='ocr_carea' id='block_1_44' title="bbox 529 2775 2092 2848">
    <p class='ocr_par' dir='ltr' id='par_1_44' title="bbox 529 2775 2092 2848">
     <span class='ocr_line' id='line_1_44' title="bbox 529 2775 2092 2848; baseline -0.001 -17"><span class='ocrx_word' id='word_1_324' title='bbox 529 2777 859 2848; x_wconf 78' lang='lat' dir='ltr'><strong>t’rcsbyteris</strong></span> <span class='ocrx_word' id='word_1_325' title='bbox 881 2777 1112 2842; x_wconf 76' lang='lat' dir='ltr'><strong>advolvi,</strong></span> <span class='ocrx_word' id='word_1_326' title='bbox 1144 2777 1321 2831; x_wconf 86' lang='lat' dir='ltr'><strong>charis</strong></span> <span class='ocrx_word' id='word_1_327' title='bbox 1369 2776 1458 2830; x_wconf 87' lang='lat' dir='ltr'><strong>Dei</strong></span> <span class='ocrx_word' id='word_1_328' title='bbox 1503 2775 1890 2845; x_wconf 82' lang='lat' dir='ltr'><strong>adgeniculari.</strong></span> <span class='ocrx_word' id='word_1_329' title='bbox 1923 2795 1941 2825; x_wconf 79' lang='grc' dir='ltr'>ι</span> <span class='ocrx_word' id='word_1_330' title='bbox 1971 2776 2092 2829; x_wconf 86' lang='lat' dir='ltr'><strong>Dio-</strong></span> 
     </span>
    </p>
   </div>
   <div class='ocr_carea' id='block_1_45' title="bbox 530 2868 2096 2940">
    <p class='ocr_par' dir='ltr' id='par_1_45' title="bbox 530 2868 2096 2940">
     <span class='ocr_line' id='line_1_45' title="bbox 530 2868 2096 2940; baseline -0.001 -17"><span class='ocrx_word' id='word_1_331' title='bbox 530 2871 731 2940; x_wconf 78' lang='lat' dir='ltr'><strong>nysius,</strong></span> <span class='ocrx_word' id='word_1_332' title='bbox 763 2872 918 2938; x_wconf 79' lang='lat' dir='ltr'><strong>epist.</strong></span> <span class='ocrx_word' id='word_1_333' title='bbox 944 2871 1008 2923; x_wconf 86' lang='lat' dir='ltr'><strong>ad</strong></span> <span class='ocrx_word' id='word_1_334' title='bbox 1038 2870 1409 2938; x_wconf 85' lang='lat' dir='ltr'><strong>Detttopltilum</strong></span> <span class='ocrx_word' id='word_1_335' title='bbox 1445 2887 1457 2920; x_wconf 92' lang='lat'>:</span> <span class='ocrx_word' id='word_1_336' title='bbox 1491 2872 1553 2923; x_wconf 81' lang='grc' dir='ltr'><strong>Σὺ</strong></span> <span class='ocrx_word' id='word_1_337' title='bbox 1579 2868 1636 2924; x_wconf 68' lang='grc' dir='ltr'><strong>δὲ</strong></span> <span class='ocrx_word' id='word_1_338' title='bbox 1667 2871 1752 2924; x_wconf 80' lang='grc' dir='ltr'>τὸν</span> <span class='ocrx_word' id='word_1_339' title='bbox 1781 2869 2096 2937; x_wconf 72' lang='grc' dir='ltr'>προσπεσόν-</span> 
     </span>
    </p>
   </div>
   <div class='ocr_carea' id='block_1_46' title="bbox 527 2941 2113 3037">
    <p class='ocr_par' dir='ltr' id='par_1_46' title="bbox 527 2941 2113 3037">
     <span class='ocr_line' id='line_1_46' title="bbox 527 2941 2113 3037; baseline 0.001 -22"><span class='ocrx_word' id='word_1_340' title='bbox 527 2982 592 3016; x_wconf 68' lang='grc' dir='ltr'>τα</span> <span class='ocrx_word' id='word_1_341' title='bbox 618 2963 741 3034; x_wconf 81' lang='grc' dir='ltr'><strong>ἱερεῖ</strong></span> <span class='ocrx_word' id='word_1_342' title='bbox 765 2967 936 3037; x_wconf 79' lang='grc' dir='ltr'>παρὼν</span> <span class='ocrx_word' id='word_1_343' title='bbox 958 2964 1304 3022; x_wconf 80' lang='grc' dir='ltr'>ἀπιλὰκτισας</span> <span class='ocrx_word' id='word_1_344' title='bbox 1327 2981 1338 3014; x_wconf 88' lang='grc'>;</span> <span class='ocrx_word' id='word_1_345' title='bbox 1373 2981 1391 3013; x_wconf 77' lang='grc' dir='ltr'><strong>ι</strong></span> <span class='ocrx_word' id='word_1_346' title='bbox 1420 2961 1497 3016; x_wconf 81' lang='lat' dir='ltr'><strong>Tu</strong></span> <span class='ocrx_word' id='word_1_347' title='bbox 1524 2977 1654 3016; x_wconf 87' lang='lat' dir='ltr'><strong>vero</strong></span> <span class='ocrx_word' id='word_1_348' title='bbox 1679 2978 1798 3016; x_wconf 88' lang='lat' dir='ltr'><strong>eum</strong></span> <span class='ocrx_word' id='word_1_349' title='bbox 1831 2963 1920 3030; x_wconf 86' lang='lat' dir='ltr'><strong>qui</strong></span> <span class='ocrx_word' id='word_1_350' title='bbox 1945 2977 2004 3018; x_wconf 86' lang='lat' dir='ltr'><strong>se</strong></span> <span class='ocrx_word' id='word_1_351' title='bbox 2029 2941 2113 3017; x_wconf 57' lang='lat' dir='ltr'><strong>ad.</strong></span> 
     </span>
    </p>
   </div>
   <div class='ocr_carea' id='block_1_47' title="bbox 523 3053 2090 3123">
    <p class='ocr_par' dir='ltr' id='par_1_47' title="bbox 523 3053 2090 3123">
     <span class='ocr_line' id='line_1_47' title="bbox 523 3053 2090 3123; baseline -0.001 -16"><span class='ocrx_word' id='word_1_352' title='bbox 523 3053 818 3108; x_wconf 85' lang='lat' dir='ltr'><strong>sacerdotis</strong></span> <span class='ocrx_word' id='word_1_353' title='bbox 871 3069 1038 3123; x_wconf 87' lang='lat' dir='ltr'><strong>genua</strong></span> <span class='ocrx_word' id='word_1_354' title='bbox 1109 3053 1435 3121; x_wconf 63' lang='lat' dir='ltr'><strong>abiecisset,</strong></span> <span class='ocrx_word' id='word_1_355' title='bbox 1501 3053 1650 3108; x_wconf 86' lang='lat' dir='ltr'><strong>calce</strong></span> <span class='ocrx_word' id='word_1_356' title='bbox 1713 3053 2010 3108; x_wconf 71' lang='lat' dir='ltr'><strong>detrusisti.</strong></span> <span class='ocrx_word' id='word_1_357' title='bbox 2067 3073 2090 3105; x_wconf 75' lang='grc' dir='ltr'><strong>ο</strong></span> 
     </span>
    </p>
   </div>
   <div class='ocr_carea' id='block_1_48' title="bbox 515 3143 758 3198">
    <p class='ocr_par' dir='ltr' id='par_1_48' title="bbox 515 3143 758 3198">
     <span class='ocr_line' id='line_1_48' title="bbox 515 3143 758 3198; baseline 0.004 -1"><span class='ocrx_word' id='word_1_358' title='bbox 515 3143 758 3198; x_wconf 67' lang='lat' dir='ltr'><strong>Fnosro.</strong></span> 
     </span>
    </p>
   </div>
   <div class='ocr_carea' id='block_1_49' title="bbox 2193 1942 3772 2024">
    <p class='ocr_par' dir='ltr' id='par_1_49' title="bbox 2193 1942 3772 2024">
     <span class='ocr_line' id='line_1_49' title="bbox 2193 1942 3772 2024; baseline -0.009 -16"><span class='ocrx_word' id='word_1_359' title='bbox 2193 1957 2310 2014; x_wconf 69' lang='grc' dir='ltr'>τοὺς</span> <span class='ocrx_word' id='word_1_360' title='bbox 2339 1954 2553 2024; x_wconf 72' lang='grc' dir='ltr'>φὸλλιις.</span> <span class='ocrx_word' id='word_1_361' title='bbox 2611 1969 2626 2000; x_wconf 81' lang='grc' dir='ltr'><strong>ι</strong></span> <span class='ocrx_word' id='word_1_362' title='bbox 2655 1948 2858 2003; x_wconf 87' lang='lat' dir='ltr'><strong>Phollis</strong></span> <span class='ocrx_word' id='word_1_363' title='bbox 2911 1947 3117 2008; x_wconf 81' lang='lat' dir='ltr'><strong>obolos,</strong></span> <span class='ocrx_word' id='word_1_364' title='bbox 3173 1945 3444 2013; x_wconf 83' lang='lat' dir='ltr'><strong>pluraliter</strong></span> <span class='ocrx_word' id='word_1_365' title='bbox 3485 1942 3721 2012; x_wconf 87' lang='lat' dir='ltr'><strong>pholles.</strong></span> <span class='ocrx_word' id='word_1_366' title='bbox 3753 1960 3772 1993; x_wconf 74' lang='grc' dir='ltr'><strong>ι</strong></span> 
     </span>
    </p>
   </div>
   <div class='ocr_carea' id='block_1_50' title="bbox 2195 2033 3777 2101">
    <p class='ocr_par' dir='ltr' id='par_1_50' title="bbox 2195 2033 3777 2101">
     <span class='ocr_line' id='line_1_50' title="bbox 2195 2033 3777 2101; baseline -0.008 -3"><span class='ocrx_word' id='word_1_367' title='bbox 2195 2044 2531 2099; x_wconf 81' lang='lat' dir='ltr'><strong>Marcellinus</strong></span> <span class='ocrx_word' id='word_1_368' title='bbox 2578 2041 2793 2101; x_wconf 89' lang='lat' dir='ltr'><strong>Comes,</strong></span> <span class='ocrx_word' id='word_1_369' title='bbox 2840 2039 2891 2091; x_wconf 92' lang='lat' dir='ltr'><strong>in</strong></span> <span class='ocrx_word' id='word_1_370' title='bbox 2935 2037 3240 2090; x_wconf 77' lang='lat' dir='ltr'><strong>Chronico:</strong></span> <span class='ocrx_word' id='word_1_371' title='bbox 3277 2052 3295 2085; x_wconf 79' lang='grc' dir='ltr'><strong>ι</strong></span> <span class='ocrx_word' id='word_1_372' title='bbox 3327 2033 3590 2097; x_wconf 85' lang='lat' dir='ltr'><strong>Nummis,</strong></span> <span class='ocrx_word' id='word_1_373' title='bbox 3642 2046 3777 2101; x_wconf 82' lang='lat' dir='ltr'><strong>quos</strong></span> 
     </span>
    </p>
   </div>
   <div class='ocr_carea' id='block_1_51' title="bbox 2193 2131 3776 2198">
    <p class='ocr_par' dir='ltr' id='par_1_51' title="bbox 2193 2131 3776 2198">
     <span class='ocr_line' id='line_1_51' title="bbox 2193 2131 3776 2198; baseline -0.006 -6"><span class='ocrx_word' id='word_1_374' title='bbox 2193 2138 2420 2192; x_wconf 79' lang='lat' dir='ltr'><strong>Romani</strong></span> <span class='ocrx_word' id='word_1_375' title='bbox 2449 2138 2803 2198; x_wconf 87' lang='lat' dir='ltr'><strong>terontianos,</strong></span> <span class='ocrx_word' id='word_1_376' title='bbox 2827 2134 2998 2188; x_wconf 77' lang='lat' dir='ltr'><strong>Gmci</strong></span> <span class='ocrx_word' id='word_1_377' title='bbox 3024 2131 3290 2186; x_wconf 80' lang='lat' dir='ltr'><strong>follerales</strong></span> <span class='ocrx_word' id='word_1_378' title='bbox 3311 2138 3525 2193; x_wconf 75' lang='lat' dir='ltr'><strong>vorant,</strong></span> <span class='ocrx_word' id='word_1_379' title='bbox 3546 2134 3776 2183; x_wconf 80' lang='lat' dir='ltr'><strong>Anasta-</strong></span> 
     </span>
    </p>
   </div>
   <div class='ocr_carea' id='block_1_52' title="bbox 2191 2225 3774 2297">
    <p class='ocr_par' dir='ltr' id='par_1_52' title="bbox 2191 2225 3774 2297">
     <span class='ocr_line' id='line_1_52' title="bbox 2191 2225 3774 2297; baseline -0.006 -10"><span class='ocrx_word' id='word_1_380' title='bbox 2191 2235 2300 2287; x_wconf 83' lang='lat' dir='ltr'><strong>sius</strong></span> <span class='ocrx_word' id='word_1_381' title='bbox 2331 2248 2428 2287; x_wconf 91' lang='lat' dir='ltr'><strong>suo</strong></span> <span class='ocrx_word' id='word_1_382' title='bbox 2460 2233 2671 2285; x_wconf 88' lang='lat' dir='ltr'><strong>nomine</strong></span> <span class='ocrx_word' id='word_1_383' title='bbox 2731 2227 2965 2297; x_wconf 83' lang='lat' dir='ltr'><strong>ﬁguratis</strong></span> <span class='ocrx_word' id='word_1_384' title='bbox 3009 2226 3320 2296; x_wconf 83' lang='lat' dir='ltr'><strong>placabilem</strong></span> <span class='ocrx_word' id='word_1_385' title='bbox 3350 2225 3495 2294; x_wconf 89' lang='lat' dir='ltr'><strong>plebi</strong></span> <span class='ocrx_word' id='word_1_386' title='bbox 3526 2239 3774 2278; x_wconf 84' lang='lat' dir='ltr'><strong>commu-</strong></span> 
     </span>
    </p>
   </div>
   <div class='ocr_carea' id='block_1_53' title="bbox 2197 2321 2793 2379">
    <p class='ocr_par' dir='ltr' id='par_1_53' title="bbox 2197 2321 2793 2379">
     <span class='ocr_line' id='line_1_53' title="bbox 2197 2321 2793 2379; baseline -0.013 0"><span class='ocrx_word' id='word_1_387' title='bbox 2197 2327 2448 2379; x_wconf 82' lang='lat' dir='ltr'><strong>tationem</strong></span> <span class='ocrx_word' id='word_1_388' title='bbox 2481 2321 2745 2376; x_wconf 75' lang='lat' dir='ltr'><strong>distraxit.</strong></span> <span class='ocrx_word' id='word_1_389' title='bbox 2775 2337 2793 2371; x_wconf 72' lang='grc' dir='ltr'><strong>ι</strong></span> 
     </span>
    </p>
   </div>
   <div class='ocr_carea' id='block_1_54' title="bbox 2276 2404 3776 2475">
    <p class='ocr_par' dir='ltr' id='par_1_54' title="bbox 2276 2404 3776 2475">
     <span class='ocr_line' id='line_1_54' title="bbox 2276 2404 3776 2475; baseline -0.009 -6"><span class='ocrx_word' id='word_1_390' title='bbox 2276 2417 2687 2469; x_wconf 63' lang='lat' dir='ltr'><strong>l‘uatsclttraa.</strong></span> <span class='ocrx_word' id='word_1_391' title='bbox 2740 2409 3006 2474; x_wconf 82' lang='lat' dir='ltr'><strong>Moschus,</strong></span> <span class='ocrx_word' id='word_1_392' title='bbox 3055 2420 3172 2475; x_wconf 85' lang='lat' dir='ltr'><strong>cap.</strong></span> <span class='ocrx_word' id='word_1_393' title='bbox 3202 2406 3291 2466; x_wconf 71' lang='grc'>49.</span> <span class='ocrx_word' id='word_1_394' title='bbox 3339 2407 3430 2471; x_wconf 82' lang='lat' dir='ltr'><strong>qui</strong></span> <span class='ocrx_word' id='word_1_395' title='bbox 3477 2404 3776 2458; x_wconf 70' lang='lat' dir='ltr'><strong>assistebant</strong></span> 
     </span>
    </p>
   </div>
   <div class='ocr_carea' id='block_1_55' title="bbox 2200 2499 3772 2574">
    <p class='ocr_par' dir='ltr' id='par_1_55' title="bbox 2200 2499 3772 2574">
     <span class='ocr_line' id='line_1_55' title="bbox 2200 2499 3772 2574; baseline -0.005 -14"><span class='ocrx_word' id='word_1_396' title='bbox 2200 2509 2418 2560; x_wconf 73' lang='lat' dir='ltr'><strong>lictores.</strong></span> <span class='ocrx_word' id='word_1_397' title='bbox 2464 2506 2645 2559; x_wconf 65' lang='lat' dir='ltr'><strong>Graece</strong></span> <span class='ocrx_word' id='word_1_398' title='bbox 2673 2511 2776 2565; x_wconf 86' lang='lat' dir='ltr'><strong>est,</strong></span> <span class='ocrx_word' id='word_1_399' title='bbox 2823 2505 2900 2554; x_wconf 80' lang='grc' dir='ltr'><strong>καὶ</strong></span> <span class='ocrx_word' id='word_1_400' title='bbox 2941 2508 3046 2561; x_wconf 81' lang='grc' dir='ltr'>τοῖς</span> <span class='ocrx_word' id='word_1_401' title='bbox 3074 2505 3370 2574; x_wconf 80' lang='grc' dir='ltr'><strong>παρεστῶσι</strong></span> <span class='ocrx_word' id='word_1_402' title='bbox 3397 2499 3772 2573; x_wconf 67' lang='grc' dir='ltr'><strong>φραηελὶταις.</strong></span> 
     </span>
    </p>
   </div>
   <div class='ocr_carea' id='block_1_56' title="bbox 2198 2590 3775 2665">
    <p class='ocr_par' dir='ltr' id='par_1_56' title="bbox 2198 2590 3775 2665">
     <span class='ocr_line' id='line_1_56' title="bbox 2198 2590 3775 2665; baseline -0.008 -13"><span class='ocrx_word' id='word_1_403' title='bbox 2198 2601 2395 2665; x_wconf 82' lang='lat' dir='ltr'><strong>Nempe</strong></span> <span class='ocrx_word' id='word_1_404' title='bbox 2444 2597 2661 2650; x_wconf 88' lang='lat' dir='ltr'><strong>lictores</strong></span> <span class='ocrx_word' id='word_1_405' title='bbox 2720 2595 2790 2646; x_wconf 92' lang='lat' dir='ltr'><strong>ita</strong></span> <span class='ocrx_word' id='word_1_406' title='bbox 2843 2590 2989 2655; x_wconf 86' lang='lat' dir='ltr'><strong>dicti,</strong></span> <span class='ocrx_word' id='word_1_407' title='bbox 3038 2592 3176 2660; x_wconf 90' lang='lat' dir='ltr'><strong>quod</strong></span> <span class='ocrx_word' id='word_1_408' title='bbox 3218 2592 3550 2665; x_wconf 70' lang='grc' dir='ltr'><strong>φραγγέλλια,</strong></span> <span class='ocrx_word' id='word_1_409' title='bbox 3598 2590 3649 2641; x_wconf 89' lang='lat' dir='ltr'><strong>id</strong></span> <span class='ocrx_word' id='word_1_410' title='bbox 3698 2599 3775 2641; x_wconf 86' lang='lat' dir='ltr'><strong>est</strong></span> 
     </span>
    </p>
   </div>
   <div class='ocr_carea' id='block_1_57' title="bbox 2196 2682 3772 2760">
    <p class='ocr_par' dir='ltr' id='par_1_57' title="bbox 2196 2682 3772 2760">
     <span class='ocr_line' id='line_1_57' title="bbox 2196 2682 3772 2760; baseline -0.005 -18"><span class='ocrx_word' id='word_1_411' title='bbox 2196 2691 2424 2760; x_wconf 76' lang='lat' dir='ltr'><strong>ﬂagella,</strong></span> <span class='ocrx_word' id='word_1_412' title='bbox 2458 2696 2744 2755; x_wconf 73' lang='lat' dir='ltr'><strong>gestarent.</strong></span> <span class='ocrx_word' id='word_1_413' title='bbox 2771 2684 2958 2738; x_wconf 83' lang='lat' dir='ltr'><strong>Notum</strong></span> <span class='ocrx_word' id='word_1_414' title='bbox 2988 2684 3296 2760; x_wconf 58' lang='lat' dir='ltr'><strong>oper/ilics,</strong></span> <span class='ocrx_word' id='word_1_415' title='bbox 3315 2697 3431 2749; x_wconf 85' lang='lat' dir='ltr'><strong>cap.</strong></span> <span class='ocrx_word' id='word_1_416' title='bbox 3466 2698 3499 2733; x_wconf 92' lang='lat' dir='ltr'><strong>ll</strong></span> <span class='ocrx_word' id='word_1_417' title='bbox 3532 2682 3772 2748; x_wconf 78' lang='lat' dir='ltr'><strong>Evange-</strong></span> 
     </span>
    </p>
   </div>
   <div class='ocr_carea' id='block_1_58' title="bbox 2205 2775 3767 2847">
    <p class='ocr_par' dir='ltr' id='par_1_58' title="bbox 2205 2775 3767 2847">
     <span class='ocr_line' id='line_1_58' title="bbox 2205 2775 3767 2847; baseline -0.004 -15"><span class='ocrx_word' id='word_1_418' title='bbox 2205 2781 2253 2832; x_wconf 88' lang='lat' dir='ltr'><strong>lii</strong></span> <span class='ocrx_word' id='word_1_419' title='bbox 2279 2783 2445 2833; x_wconf 80' lang='lat' dir='ltr'><strong>sancti</strong></span> <span class='ocrx_word' id='word_1_420' title='bbox 2479 2779 2698 2832; x_wconf 78' lang='lat' dir='ltr'><strong>Joannis</strong></span> <span class='ocrx_word' id='word_1_421' title='bbox 2723 2796 2734 2828; x_wconf 76' lang='grc' dir='ltr'><strong>ε</strong></span> <span class='ocrx_word' id='word_1_422' title='bbox 2760 2780 2847 2831; x_wconf 76' lang='grc' dir='ltr'><strong>Καὶ</strong></span> <span class='ocrx_word' id='word_1_423' title='bbox 2868 2781 3084 2835; x_wconf 65' lang='grc' dir='ltr'>ποιήσας</span> <span class='ocrx_word' id='word_1_424' title='bbox 3110 2776 3395 2847; x_wconf 72' lang='grc' dir='ltr'>φραγγίλιον</span> <span class='ocrx_word' id='word_1_425' title='bbox 3417 2775 3466 2826; x_wconf 73' lang='grc' dir='ltr'><strong>ἐκ</strong></span> <span class='ocrx_word' id='word_1_426' title='bbox 3485 2778 3767 2844; x_wconf 75' lang='grc' dir='ltr'>σχοινὶωνῖ</span> 
     </span>
    </p>
   </div>
   <div class='ocr_carea' id='block_1_59' title="bbox 2206 2865 3770 2942">
    <p class='ocr_par' dir='ltr' id='par_1_59' title="bbox 2206 2865 3770 2942">
     <span class='ocr_line' id='line_1_59' title="bbox 2206 2865 3770 2942; baseline -0.001 -19"><span class='ocrx_word' id='word_1_427' title='bbox 2206 2872 2267 2924; x_wconf 80' lang='lat' dir='ltr'><strong>Et</strong></span> <span class='ocrx_word' id='word_1_428' title='bbox 2305 2873 2492 2939; x_wconf 69' lang='lat' dir='ltr'><strong>faciens</strong></span> <span class='ocrx_word' id='word_1_429' title='bbox 2536 2870 2795 2939; x_wconf 79' lang='lat' dir='ltr'><strong>ﬂagellum</strong></span> <span class='ocrx_word' id='word_1_430' title='bbox 2839 2883 2900 2921; x_wconf 73' lang='lat' dir='ltr'><strong>ex</strong></span> <span class='ocrx_word' id='word_1_431' title='bbox 2956 2867 3216 2935; x_wconf 81' lang='lat' dir='ltr'><strong>funiculis.</strong></span> <span class='ocrx_word' id='word_1_432' title='bbox 3262 2865 3384 2919; x_wconf 82' lang='lat' dir='ltr'><strong>Inde</strong></span> <span class='ocrx_word' id='word_1_433' title='bbox 3423 2866 3770 2942; x_wconf 70' lang='grc' dir='ltr'><strong>φραγγιλὶτης,</strong></span> 
     </span>
    </p>
   </div>
   <div class='ocr_carea' id='block_1_60' title="bbox 2204 2954 3767 3030">
    <p class='ocr_par' dir='ltr' id='par_1_60' title="bbox 2204 2954 3767 3030">
     <span class='ocr_line' id='line_1_60' title="bbox 2204 2954 3767 3030; baseline -0.009 -13"><span class='ocrx_word' id='word_1_434' title='bbox 2204 2964 2369 3017; x_wconf 84' lang='lat' dir='ltr'><strong>lictor.</strong></span> <span class='ocrx_word' id='word_1_435' title='bbox 2403 2961 2662 3030; x_wconf 78' lang='lat' dir='ltr'><strong>Georgius</strong></span> <span class='ocrx_word' id='word_1_436' title='bbox 2690 2958 3100 3020; x_wconf 78' lang='lat' dir='ltr'><strong>Alexandrinus,</strong></span> <span class='ocrx_word' id='word_1_437' title='bbox 3135 2957 3185 3009; x_wconf 93' lang='lat' dir='ltr'><strong>in</strong></span> <span class='ocrx_word' id='word_1_438' title='bbox 3218 2955 3335 3008; x_wconf 89' lang='lat' dir='ltr'><strong>Vita</strong></span> <span class='ocrx_word' id='word_1_439' title='bbox 3360 2954 3730 3025; x_wconf 79' lang='lat' dir='ltr'><strong>Chrysostomi</strong></span> <span class='ocrx_word' id='word_1_440' title='bbox 3757 2974 3767 3003; x_wconf 89' lang='lat'>:</span> 
     </span>
    </p>
   </div>
   <div class='ocr_carea' id='block_1_61' title="bbox 2198 3049 3772 3125">
    <p class='ocr_par' dir='ltr' id='par_1_61' title="bbox 2198 3049 3772 3125">
     <span class='ocr_line' id='line_1_61' title="bbox 2198 3049 3772 3125; baseline -0.005 -15"><span class='ocrx_word' id='word_1_441' title='bbox 2198 3055 2426 3110; x_wconf 70' lang='grc' dir='ltr'>’Δνελθών</span> <span class='ocrx_word' id='word_1_442' title='bbox 2476 3056 2524 3107; x_wconf 79' lang='grc' dir='ltr'>ἔν</span> <span class='ocrx_word' id='word_1_443' title='bbox 2566 3061 2638 3125; x_wconf 81' lang='grc' dir='ltr'>τῷ</span> <span class='ocrx_word' id='word_1_444' title='bbox 2685 3053 2989 3120; x_wconf 69' lang='grc' dir='ltr'>ἂπισκοπείῳ</span> <span class='ocrx_word' id='word_1_445' title='bbox 3037 3050 3223 3103; x_wconf 77' lang='grc' dir='ltr'><strong>κελεύει</strong></span> <span class='ocrx_word' id='word_1_446' title='bbox 3271 3049 3636 3119; x_wconf 73' lang='grc' dir='ltr'>ἀσφαλισθῆναι</span> <span class='ocrx_word' id='word_1_447' title='bbox 3686 3050 3772 3106; x_wconf 74' lang='grc' dir='ltr'><strong>τὰς</strong></span> 
     </span>
    </p>
   </div>
   <div class='ocr_carea' id='block_1_62' title="bbox 2192 3141 3771 3217">
    <p class='ocr_par' dir='ltr' id='par_1_62' title="bbox 2192 3141 3771 3217">
     <span class='ocr_line' id='line_1_62' title="bbox 2192 3141 3771 3217; baseline -0.006 -18"><span class='ocrx_word' id='word_1_448' title='bbox 2192 3145 2356 3214; x_wconf 73' lang='grc' dir='ltr'>θύρας</span> <span class='ocrx_word' id='word_1_449' title='bbox 2402 3147 2552 3199; x_wconf 79' lang='grc' dir='ltr'>αὐτοῦ</span> <span class='ocrx_word' id='word_1_450' title='bbox 2596 3148 2678 3197; x_wconf 69' lang='grc' dir='ltr'><strong>καὶ</strong></span> <span class='ocrx_word' id='word_1_451' title='bbox 2722 3145 2990 3217; x_wconf 70' lang='grc' dir='ltr'><strong>τηρηθῆναι</strong></span> <span class='ocrx_word' id='word_1_452' title='bbox 3035 3141 3228 3200; x_wconf 79' lang='grc' dir='ltr'><strong>ταύτας</strong></span> <span class='ocrx_word' id='word_1_453' title='bbox 3253 3141 3354 3195; x_wconf 79' lang='grc' dir='ltr'>ὑπὸ</span> <span class='ocrx_word' id='word_1_454' title='bbox 3384 3147 3482 3193; x_wconf 84' lang='grc' dir='ltr'>τῶν</span> <span class='ocrx_word' id='word_1_455' title='bbox 3511 3141 3771 3213; x_wconf 58' lang='grc' dir='ltr'><strong>ὑπηρετῶν</strong></span> 
     </span>
    </p>
   </div>
   <div class='ocr_carea' id='block_1_63' title="bbox 601 3219 2092 3311">
    <p class='ocr_par' dir='ltr' id='par_1_63' title="bbox 601 3234 2092 3304">
     <span class='ocr_line' id='line_1_63' title="bbox 601 3234 2092 3304; baseline -0.003 -12"><span class='ocrx_word' id='word_1_456' title='bbox 601 3240 847 3292; x_wconf 72' lang='lat' dir='ltr'><strong>Pennus.</strong></span> <span class='ocrx_word' id='word_1_457' title='bbox 902 3236 1019 3288; x_wconf 80' lang='lat' dir='ltr'><strong>Vita</strong></span> <span class='ocrx_word' id='word_1_458' title='bbox 1068 3234 1350 3288; x_wconf 62' lang='lat' dir='ltr'><strong>Christiani</strong></span> <span class='ocrx_word' id='word_1_459' title='bbox 1392 3237 1656 3300; x_wconf 85' lang='lat' dir='ltr'><strong>monachi,</strong></span> <span class='ocrx_word' id='word_1_460' title='bbox 1712 3237 2092 3304; x_wconf 82' lang='lat' dir='ltr'><strong>prolegotneno</strong></span> 
     </span>
    </p>
   </div>
   <div class='ocr_carea' id='block_1_64' title="bbox 2199 3219 3059 3311">
    <p class='ocr_par' dir='ltr' id='par_1_64' title="bbox 2200 3233 3059 3311">
     <span class='ocr_line' id='line_1_64' title="bbox 2200 3233 3059 3311; baseline -0.005 -23"><span class='ocrx_word' id='word_1_461' title='bbox 2200 3241 2277 3289; x_wconf 83' lang='grc' dir='ltr'><strong>καὶ</strong></span> <span class='ocrx_word' id='word_1_462' title='bbox 2299 3237 2632 3311; x_wconf 75' lang='grc' dir='ltr'>φραγγελιτὼν</span> <span class='ocrx_word' id='word_1_463' title='bbox 2661 3243 2750 3293; x_wconf 80' lang='grc' dir='ltr'><strong>τῆς</strong></span> <span class='ocrx_word' id='word_1_464' title='bbox 2778 3233 3059 3291; x_wconf 78' lang='grc' dir='ltr'><strong>ἐκκλησίας.</strong></span> 
     </span>
    </p>
   </div>
   <div class='ocr_carea' id='block_1_65' title="bbox 517 3326 2096 3397">
    <p class='ocr_par' dir='ltr' id='par_1_65' title="bbox 517 3326 2096 3397">
     <span class='ocr_line' id='line_1_65' title="bbox 517 3326 2096 3397; baseline 0.001 -18"><span class='ocrx_word' id='word_1_465' title='bbox 517 3327 611 3391; x_wconf 72' lang='lat'><strong>‘22,</strong></span> <span class='ocrx_word' id='word_1_466' title='bbox 645 3327 670 3396; x_wconf 87' lang='lat'>§</span> <span class='ocrx_word' id='word_1_467' title='bbox 701 3327 771 3380; x_wconf 86' lang='lat'><strong>5:</strong></span> <span class='ocrx_word' id='word_1_468' title='bbox 814 3346 831 3377; x_wconf 76' lang='grc' dir='ltr'><strong>ι</strong></span> <span class='ocrx_word' id='word_1_469' title='bbox 870 3326 1045 3379; x_wconf 87' lang='lat' dir='ltr'><strong>Inveni</strong></span> <span class='ocrx_word' id='word_1_470' title='bbox 1079 3343 1236 3379; x_wconf 87' lang='lat' dir='ltr'><strong>unum</strong></span> <span class='ocrx_word' id='word_1_471' title='bbox 1271 3328 1536 3395; x_wconf 92' lang='lat' dir='ltr'><strong>pedulem,</strong></span> <span class='ocrx_word' id='word_1_472' title='bbox 1579 3338 1635 3382; x_wconf 90' lang='lat' dir='ltr'><strong>et</strong></span> <span class='ocrx_word' id='word_1_473' title='bbox 1679 3328 1730 3381; x_wconf 93' lang='lat' dir='ltr'><strong>in</strong></span> <span class='ocrx_word' id='word_1_474' title='bbox 1759 3343 1824 3381; x_wconf 89' lang='lat' dir='ltr'><strong>eo</strong></span> <span class='ocrx_word' id='word_1_475' title='bbox 1854 3343 2096 3397; x_wconf 82' lang='lat' dir='ltr'><strong>magnam</strong></span> 
     </span>
    </p>
   </div>
   <div class='ocr_carea' id='block_1_66' title="bbox 534 3417 2097 3485">
    <p class='ocr_par' dir='ltr' id='par_1_66' title="bbox 534 3417 2097 3485">
     <span class='ocr_line' id='line_1_66' title="bbox 534 3417 2097 3485; baseline 0.001 -14"><span class='ocrx_word' id='word_1_476' title='bbox 534 3434 762 3472; x_wconf 84' lang='lat' dir='ltr'><strong>massam</strong></span> <span class='ocrx_word' id='word_1_477' title='bbox 815 3417 1173 3470; x_wconf 88' lang='lat' dir='ltr'><strong>denariorum.</strong></span> <span class='ocrx_word' id='word_1_478' title='bbox 1209 3435 1230 3470; x_wconf 73' lang='grc' dir='ltr'><strong>ι</strong></span> <span class='ocrx_word' id='word_1_479' title='bbox 1288 3419 1575 3485; x_wconf 75' lang='lat' dir='ltr'><strong>Gregorius</strong></span> <span class='ocrx_word' id='word_1_480' title='bbox 1627 3419 1983 3480; x_wconf 89' lang='lat' dir='ltr'><strong>Turonensis,</strong></span> <span class='ocrx_word' id='word_1_481' title='bbox 2042 3420 2097 3473; x_wconf 92' lang='lat' dir='ltr'><strong>in</strong></span> 
     </span>
    </p>
   </div>
   <div class='ocr_carea' id='block_1_67' title="bbox 526 3508 2100 3579">
    <p class='ocr_par' dir='ltr' id='par_1_67' title="bbox 526 3508 2100 3579">
     <span class='ocr_line' id='line_1_67' title="bbox 526 3508 2100 3579; baseline 0.001 -16"><span class='ocrx_word' id='word_1_482' title='bbox 526 3508 662 3565; x_wconf 90' lang='lat' dir='ltr'><strong>Vitis</strong></span> <span class='ocrx_word' id='word_1_483' title='bbox 683 3510 918 3569; x_wconf 91' lang='lat' dir='ltr'><strong>Patrum,</strong></span> <span class='ocrx_word' id='word_1_484' title='bbox 940 3510 990 3562; x_wconf 92' lang='lat' dir='ltr'><strong>in</strong></span> <span class='ocrx_word' id='word_1_485' title='bbox 1017 3509 1214 3563; x_wconf 85' lang='lat' dir='ltr'><strong>Nicetio</strong></span> <span class='ocrx_word' id='word_1_486' title='bbox 1237 3509 1580 3578; x_wconf 85' lang='lat' dir='ltr'><strong>Lngdunensi</strong></span> <span class='ocrx_word' id='word_1_487' title='bbox 1603 3513 1853 3579; x_wconf 90' lang='lat' dir='ltr'><strong>episcopo</strong></span> <span class='ocrx_word' id='word_1_488' title='bbox 1873 3529 1883 3562; x_wconf 92' lang='lat'><strong>:</strong></span> <span class='ocrx_word' id='word_1_489' title='bbox 1905 3529 1924 3561; x_wconf 80' lang='grc' dir='ltr'><strong>ι</strong></span> <span class='ocrx_word' id='word_1_490' title='bbox 1949 3511 2100 3565; x_wconf 82' lang='lat' dir='ltr'><strong>Nam-</strong></span> 
     </span>
    </p>
   </div>
   <div class='ocr_carea' id='block_1_68' title="bbox 517 3599 2095 3671">
    <p class='ocr_par' dir='ltr' id='par_1_68' title="bbox 517 3599 2095 3671">
     <span class='ocr_line' id='line_1_68' title="bbox 517 3599 2095 3671; baseline -0.001 -15"><span class='ocrx_word' id='word_1_491' title='bbox 517 3616 624 3669; x_wconf 83' lang='lat' dir='ltr'><strong>que</strong></span> <span class='ocrx_word' id='word_1_492' title='bbox 667 3602 754 3654; x_wconf 92' lang='lat' dir='ltr'><strong>ubi</strong></span> <span class='ocrx_word' id='word_1_493' title='bbox 800 3599 985 3654; x_wconf 88' lang='lat' dir='ltr'><strong>deciso</strong></span> <span class='ocrx_word' id='word_1_494' title='bbox 1034 3602 1262 3666; x_wconf 75' lang='lat' dir='ltr'><strong>cucullo,</strong></span> <span class='ocrx_word' id='word_1_495' title='bbox 1319 3602 1514 3670; x_wconf 87' lang='lat' dir='ltr'><strong>aptatis</strong></span> <span class='ocrx_word' id='word_1_496' title='bbox 1561 3602 1842 3671; x_wconf 86' lang='lat' dir='ltr'><strong>pedulibus</strong></span> <span class='ocrx_word' id='word_1_497' title='bbox 1872 3604 1966 3671; x_wconf 90' lang='lat' dir='ltr'><strong>(ita</strong></span> <span class='ocrx_word' id='word_1_498' title='bbox 2000 3603 2095 3656; x_wconf 83' lang='lat' dir='ltr'><strong>ills.</strong></span> 
     </span>
    </p>
   </div>
   <div class='ocr_carea' id='block_1_69' title="bbox 507 3692 2098 3763">
    <p class='ocr_par' dir='ltr' id='par_1_69' title="bbox 507 3692 2098 3763">
     <span class='ocr_line' id='line_1_69' title="bbox 507 3692 2098 3763; baseline -0.001 -16"><span class='ocrx_word' id='word_1_499' title='bbox 507 3711 628 3763; x_wconf 83' lang='lat' dir='ltr'><strong>.pro</strong></span> <span class='ocrx_word' id='word_1_500' title='bbox 659 3692 884 3762; x_wconf 85' lang='lat' dir='ltr'><strong>pednlis)</strong></span> <span class='ocrx_word' id='word_1_501' title='bbox 913 3692 1074 3760; x_wconf 88' lang='lat' dir='ltr'><strong>pedes</strong></span> <span class='ocrx_word' id='word_1_502' title='bbox 1104 3693 1332 3760; x_wconf 84' lang='lat' dir='ltr'><strong>Operuit,</strong></span> <span class='ocrx_word' id='word_1_503' title='bbox 1365 3693 1633 3760; x_wconf 85' lang='lat' dir='ltr'><strong>extemplo</strong></span> <span class='ocrx_word' id='word_1_504' title='bbox 1662 3702 1908 3762; x_wconf 87' lang='lat' dir='ltr'><strong>arreptus</strong></span> <span class='ocrx_word' id='word_1_505' title='bbox 1933 3709 1962 3747; x_wconf 88' lang='lat' dir='ltr'><strong>a</strong></span> <span class='ocrx_word' id='word_1_506' title='bbox 1986 3693 2098 3747; x_wconf 81' lang='lat' dir='ltr'><strong>da:-</strong></span> 
     </span>
    </p>
   </div>
   <div class='ocr_carea' id='block_1_70' title="bbox 520 3781 2100 3854">
    <p class='ocr_par' dir='ltr' id='par_1_70' title="bbox 520 3781 2100 3854">
     <span class='ocr_line' id='line_1_70' title="bbox 520 3781 2100 3854; baseline 0.001 -16"><span class='ocrx_word' id='word_1_507' title='bbox 520 3800 677 3840; x_wconf 88' lang='lat' dir='ltr'><strong>tnone</strong></span> <span class='ocrx_word' id='word_1_508' title='bbox 723 3784 826 3838; x_wconf 90' lang='lat' dir='ltr'><strong>ruit</strong></span> <span class='ocrx_word' id='word_1_509' title='bbox 869 3785 919 3838; x_wconf 88' lang='lat' dir='ltr'><strong>in</strong></span> <span class='ocrx_word' id='word_1_510' title='bbox 970 3785 1353 3852; x_wconf 85' lang='lat' dir='ltr'><strong>pavimentum.</strong></span> <span class='ocrx_word' id='word_1_511' title='bbox 1399 3801 1420 3834; x_wconf 79' lang='grc' dir='ltr'><strong>ι</strong></span> <span class='ocrx_word' id='word_1_512' title='bbox 1454 3781 1643 3850; x_wconf 85' lang='lat' dir='ltr'><strong>Guigo,</strong></span> <span class='ocrx_word' id='word_1_513' title='bbox 1674 3785 1903 3854; x_wconf 88' lang='lat' dir='ltr'><strong>quintus</strong></span> <span class='ocrx_word' id='word_1_514' title='bbox 1956 3787 2100 3852; x_wconf 90' lang='lat' dir='ltr'><strong>prior</strong></span> 
     </span>
    </p>
   </div>
   <div class='ocr_carea' id='block_1_71' title="bbox 515 3873 2097 3946">
    <p class='ocr_par' dir='ltr' id='par_1_71' title="bbox 515 3873 2097 3946">
     <span class='ocr_line' id='line_1_71' title="bbox 515 3873 2097 3946; baseline 0.003 -20"><span class='ocrx_word' id='word_1_515' title='bbox 515 3879 702 3946; x_wconf 72' lang='lat' dir='ltr'><strong>prima:</strong></span> <span class='ocrx_word' id='word_1_516' title='bbox 730 3876 1055 3934; x_wconf 66' lang='lat' dir='ltr'><strong>Cttl&#39;lilUSitB.</strong></span> <span class='ocrx_word' id='word_1_517' title='bbox 1089 3875 1140 3928; x_wconf 92' lang='lat' dir='ltr'><strong>in</strong></span> <span class='ocrx_word' id='word_1_518' title='bbox 1175 3875 1287 3928; x_wconf 88' lang='lat' dir='ltr'><strong>Vita</strong></span> <span class='ocrx_word' id='word_1_519' title='bbox 1318 3874 1552 3944; x_wconf 87' lang='lat' dir='ltr'><strong>llugonis</strong></span> <span class='ocrx_word' id='word_1_520' title='bbox 1579 3873 1921 3930; x_wconf 90' lang='lat' dir='ltr'><strong>Carthusiani</strong></span> <span class='ocrx_word' id='word_1_521' title='bbox 1956 3877 2097 3930; x_wconf 86' lang='lat' dir='ltr'><strong>Gra-</strong></span> 
     </span>
    </p>
   </div>
   <div class='ocr_carea' id='block_1_72' title="bbox 530 3967 2100 4036">
    <p class='ocr_par' dir='ltr' id='par_1_72' title="bbox 530 3967 2100 4036">
     <span class='ocr_line' id='line_1_72' title="bbox 530 3967 2100 4036; baseline 0 -14"><span class='ocrx_word' id='word_1_522' title='bbox 530 3967 895 4036; x_wconf 90' lang='lat' dir='ltr'><strong>tianopolitani</strong></span> <span class='ocrx_word' id='word_1_523' title='bbox 939 3968 1198 4035; x_wconf 83' lang='lat' dir='ltr'><strong>episcOpi,</strong></span> <span class='ocrx_word' id='word_1_524' title='bbox 1251 3975 1435 4021; x_wconf 86' lang='lat' dir='ltr'><strong>narrat</strong></span> <span class='ocrx_word' id='word_1_525' title='bbox 1462 3967 1731 4034; x_wconf 87' lang='lat' dir='ltr'><strong>quomodo</strong></span> <span class='ocrx_word' id='word_1_526' title='bbox 1764 3969 1912 4034; x_wconf 84' lang='lat' dir='ltr'><strong>llugo</strong></span> <span class='ocrx_word' id='word_1_527' title='bbox 1940 3968 2100 4022; x_wconf 80' lang='lat' dir='ltr'><strong>Udol-</strong></span> 
     </span>
    </p>
   </div>
   <div class='ocr_carea' id='block_1_73' title="bbox 531 4059 2102 4129">
    <p class='ocr_par' dir='ltr' id='par_1_73' title="bbox 531 4059 2102 4129">
     <span class='ocr_line' id='line_1_73' title="bbox 531 4059 2102 4129; baseline 0.001 -17"><span class='ocrx_word' id='word_1_528' title='bbox 531 4063 694 4114; x_wconf 79' lang='lat' dir='ltr'><strong>t-ictttu</strong></span> <span class='ocrx_word' id='word_1_529' title='bbox 739 4061 984 4113; x_wconf 85' lang='lat' dir='ltr'><strong>Diensem</strong></span> <span class='ocrx_word' id='word_1_530' title='bbox 1030 4059 1363 4129; x_wconf 86' lang='lat' dir='ltr'><strong>episcopum,</strong></span> <span class='ocrx_word' id='word_1_531' title='bbox 1408 4060 1587 4114; x_wconf 91' lang='lat' dir='ltr'><strong>habitu</strong></span> <span class='ocrx_word' id='word_1_532' title='bbox 1627 4061 1990 4114; x_wconf 85' lang='lat' dir='ltr'><strong>Carthusiano</strong></span> <span class='ocrx_word' id='word_1_533' title='bbox 2019 4061 2102 4114; x_wconf 87' lang='lat' dir='ltr'><strong>itt-</strong></span> 
     </span>
    </p>
   </div>
   <div class='ocr_carea' id='block_1_74' title="bbox 522 4133 2100 4220">
    <p class='ocr_par' dir='ltr' id='par_1_74' title="bbox 522 4133 2100 4220">
     <span class='ocr_line' id='line_1_74' title="bbox 522 4133 2100 4220; baseline 0.001 -16"><span class='ocrx_word' id='word_1_534' title='bbox 522 4153 719 4213; x_wconf 80' lang='lat' dir='ltr'><strong>dt‘tetts,</strong></span> <span class='ocrx_word' id='word_1_535' title='bbox 742 4168 766 4201; x_wconf 70' lang='grc' dir='ltr'>ί</span> <span class='ocrx_word' id='word_1_536' title='bbox 811 4149 862 4203; x_wconf 93' lang='lat' dir='ltr'><strong>id</strong></span> <span class='ocrx_word' id='word_1_537' title='bbox 889 4150 1046 4204; x_wconf 83' lang='lat' dir='ltr'><strong>etiam</strong></span> <span class='ocrx_word' id='word_1_538' title='bbox 1077 4151 1331 4204; x_wconf 87' lang='lat' dir='ltr'><strong>mandare</strong></span> <span class='ocrx_word' id='word_1_539' title='bbox 1358 4133 1584 4213; x_wconf 78' lang='lat' dir='ltr'><strong>curavit,</strong></span> <span class='ocrx_word' id='word_1_540' title='bbox 1619 4162 1674 4203; x_wconf 93' lang='lat' dir='ltr'><strong>ut</strong></span> <span class='ocrx_word' id='word_1_541' title='bbox 1701 4153 1766 4204; x_wconf 90' lang='lat' dir='ltr'><strong>de</strong></span> <span class='ocrx_word' id='word_1_542' title='bbox 1791 4151 1980 4219; x_wconf 79' lang='lat' dir='ltr'><strong>caligis</strong></span> <span class='ocrx_word' id='word_1_543' title='bbox 2009 4169 2100 4220; x_wconf 85' lang='lat' dir='ltr'><strong>pe-</strong></span> 
     </span>
    </p>
   </div>
   <div class='ocr_carea' id='block_1_75' title="bbox 523 4240 2100 4310">
    <p class='ocr_par' dir='ltr' id='par_1_75' title="bbox 523 4240 2100 4310">
     <span class='ocr_line' id='line_1_75' title="bbox 523 4240 2100 4310; baseline -0.001 -14"><span class='ocrx_word' id='word_1_544' title='bbox 523 4242 684 4297; x_wconf 85' lang='lat' dir='ltr'><strong>dules</strong></span> <span class='ocrx_word' id='word_1_545' title='bbox 727 4240 1091 4305; x_wconf 79' lang='lat' dir='ltr'><strong>abSCilIdel&#39;et,</strong></span> <span class='ocrx_word' id='word_1_546' title='bbox 1139 4251 1403 4309; x_wconf 85' lang='lat' dir='ltr'><strong>quatenus</strong></span> <span class='ocrx_word' id='word_1_547' title='bbox 1440 4252 1633 4309; x_wconf 70' lang='lat' dir='ltr'><strong>praeter</strong></span> <span class='ocrx_word' id='word_1_548' title='bbox 1664 4242 1825 4310; x_wconf 88' lang='lat' dir='ltr'><strong>pedes</strong></span> <span class='ocrx_word' id='word_1_549' title='bbox 1855 4250 1994 4296; x_wconf 91' lang='lat' dir='ltr'><strong>totus</strong></span> <span class='ocrx_word' id='word_1_550' title='bbox 2021 4243 2100 4310; x_wconf 88' lang='lat' dir='ltr'><strong>ja-</strong></span> 
     </span>
    </p>
   </div>
   <div class='ocr_carea' id='block_1_76' title="bbox 528 4330 2100 4401">
    <p class='ocr_par' dir='ltr' id='par_1_76' title="bbox 528 4330 2100 4401">
     <span class='ocr_line' id='line_1_76' title="bbox 528 4330 2100 4401; baseline 0.001 -16"><span class='ocrx_word' id='word_1_551' title='bbox 528 4341 677 4387; x_wconf 88' lang='lat' dir='ltr'><strong>ceret</strong></span> <span class='ocrx_word' id='word_1_552' title='bbox 727 4331 971 4387; x_wconf 82' lang='lat' dir='ltr'><strong>vestitus.</strong></span> <span class='ocrx_word' id='word_1_553' title='bbox 1018 4330 1247 4384; x_wconf 78' lang='lat' dir='ltr'><strong>Dolehat</strong></span> <span class='ocrx_word' id='word_1_554' title='bbox 1280 4332 1421 4385; x_wconf 91' lang='lat' dir='ltr'><strong>enim</strong></span> <span class='ocrx_word' id='word_1_555' title='bbox 1451 4333 1735 4386; x_wconf 82' lang='lat' dir='ltr'><strong>nonnullos</strong></span> <span class='ocrx_word' id='word_1_556' title='bbox 1765 4333 1814 4386; x_wconf 88' lang='lat' dir='ltr'><strong>itt</strong></span> <span class='ocrx_word' id='word_1_557' title='bbox 1848 4333 2100 4401; x_wconf 75' lang='lat' dir='ltr'><strong>religioso</strong></span> 
     </span>
    </p>
   </div>
   <div class='ocr_carea' id='block_1_77' title="bbox 527 4421 2099 4491">
    <p class='ocr_par' dir='ltr' id='par_1_77' title="bbox 527 4421 2099 4491">
     <span class='ocr_line' id='line_1_77' title="bbox 527 4421 2099 4491; baseline 0 -13"><span class='ocrx_word' id='word_1_558' title='bbox 527 4423 733 4488; x_wconf 78' lang='lat' dir='ltr'><strong>habitu,</strong></span> <span class='ocrx_word' id='word_1_559' title='bbox 775 4423 839 4477; x_wconf 84' lang='lat' dir='ltr'><strong>ad</strong></span> <span class='ocrx_word' id='word_1_560' title='bbox 872 4423 1169 4478; x_wconf 86' lang='lat' dir='ltr'><strong>sanctitatis</strong></span> <span class='ocrx_word' id='word_1_561' title='bbox 1197 4421 1465 4491; x_wconf 67' lang='lat' dir='ltr'><strong>iniuriam,</strong></span> <span class='ocrx_word' id='word_1_562' title='bbox 1498 4423 1640 4477; x_wconf 89' lang='lat' dir='ltr'><strong>tibiis</strong></span> <span class='ocrx_word' id='word_1_563' title='bbox 1670 4423 1906 4478; x_wconf 89' lang='lat' dir='ltr'><strong>dormire</strong></span> <span class='ocrx_word' id='word_1_564' title='bbox 1933 4425 2099 4478; x_wconf 86' lang='lat' dir='ltr'><strong>nuda-</strong></span> 
     </span>
    </p>
   </div>
   <div class='ocr_carea' id='block_1_78' title="bbox 521 4513 2094 4582">
    <p class='ocr_par' dir='ltr' id='par_1_78' title="bbox 521 4513 2094 4582">
     <span class='ocr_line' id='line_1_78' title="bbox 521 4513 2094 4582; baseline 0.001 -14"><span class='ocrx_word' id='word_1_565' title='bbox 521 4515 608 4569; x_wconf 88' lang='lat' dir='ltr'><strong>t-is.</strong></span> <span class='ocrx_word' id='word_1_566' title='bbox 646 4533 663 4564; x_wconf 70' lang='grc' dir='ltr'><strong>ι</strong></span> <span class='ocrx_word' id='word_1_567' title='bbox 704 4515 971 4582; x_wconf 88' lang='lat' dir='ltr'><strong>luterpres</strong></span> <span class='ocrx_word' id='word_1_568' title='bbox 1015 4513 1306 4578; x_wconf 84' lang='lat' dir='ltr'><strong>Juvenalis,</strong></span> <span class='ocrx_word' id='word_1_569' title='bbox 1353 4523 1455 4567; x_wconf 91' lang='lat' dir='ltr'><strong>sat.</strong></span> <span class='ocrx_word' id='word_1_570' title='bbox 1487 4514 1551 4568; x_wconf 64' lang='grc' dir='ltr'><strong>λιι</strong></span> <span class='ocrx_word' id='word_1_571' title='bbox 1599 4532 1618 4565; x_wconf 74' lang='grc' dir='ltr'><strong>ι</strong></span> <span class='ocrx_word' id='word_1_572' title='bbox 1649 4514 1876 4568; x_wconf 86' lang='lat' dir='ltr'><strong>Pedules</strong></span> <span class='ocrx_word' id='word_1_573' title='bbox 1927 4531 2094 4572; x_wconf 85' lang='lat' dir='ltr'><strong>novos</strong></span> 
     </span>
    </p>
   </div>
   <div class='ocr_carea' id='block_1_79' title="bbox 2276 3322 3770 3394">
    <p class='ocr_par' dir='ltr' id='par_1_79' title="bbox 2276 3322 3770 3394">
     <span class='ocr_line' id='line_1_79' title="bbox 2276 3322 3770 3394; baseline -0.006 -12"><span class='ocrx_word' id='word_1_574' title='bbox 2276 3330 2590 3383; x_wconf 74' lang='lat' dir='ltr'><strong>PITTACIt&#39;M.</strong></span> <span class='ocrx_word' id='word_1_575' title='bbox 2624 3327 2740 3379; x_wconf 85' lang='lat' dir='ltr'><strong>Vita</strong></span> <span class='ocrx_word' id='word_1_576' title='bbox 2774 3327 2992 3380; x_wconf 81' lang='lat' dir='ltr'><strong>Joannis</strong></span> <span class='ocrx_word' id='word_1_577' title='bbox 3043 3323 3480 3394; x_wconf 82' lang='lat' dir='ltr'><strong>Eleetnosynarii,</strong></span> <span class='ocrx_word' id='word_1_578' title='bbox 3517 3338 3638 3390; x_wconf 88' lang='lat' dir='ltr'><strong>cap.</strong></span> <span class='ocrx_word' id='word_1_579' title='bbox 3676 3322 3770 3376; x_wconf 84' lang='lat' dir='ltr'><strong>l0:</strong></span> 
     </span>
    </p>
   </div>
   <div class='ocr_carea' id='block_1_80' title="bbox 2208 3415 3775 3482">
    <p class='ocr_par' dir='ltr' id='par_1_80' title="bbox 2208 3415 3775 3482">
     <span class='ocr_line' id='line_1_80' title="bbox 2208 3415 3775 3482; baseline -0.005 -9"><span class='ocrx_word' id='word_1_580' title='bbox 2208 3441 2225 3472; x_wconf 79' lang='grc' dir='ltr'><strong>ι</strong></span> <span class='ocrx_word' id='word_1_581' title='bbox 2257 3419 2541 3474; x_wconf 78' lang='lat' dir='ltr'><strong>t’rol‘erens</strong></span> <span class='ocrx_word' id='word_1_582' title='bbox 2567 3419 2635 3473; x_wconf 93' lang='lat' dir='ltr'><strong>de</strong></span> <span class='ocrx_word' id='word_1_583' title='bbox 2664 3418 2975 3471; x_wconf 88' lang='lat' dir='ltr'><strong>honoranda</strong></span> <span class='ocrx_word' id='word_1_584' title='bbox 3008 3433 3163 3470; x_wconf 89' lang='lat' dir='ltr'><strong>manu</strong></span> <span class='ocrx_word' id='word_1_585' title='bbox 3190 3431 3283 3469; x_wconf 91' lang='lat' dir='ltr'><strong>sua</strong></span> <span class='ocrx_word' id='word_1_586' title='bbox 3312 3415 3401 3470; x_wconf 81' lang='lat' dir='ltr'><strong>ille</strong></span> <span class='ocrx_word' id='word_1_587' title='bbox 3428 3425 3648 3469; x_wconf 84' lang='lat' dir='ltr'><strong>sanctus</strong></span> <span class='ocrx_word' id='word_1_588' title='bbox 3681 3415 3775 3482; x_wconf 88' lang='lat' dir='ltr'><strong>pit—</strong></span> 
     </span>
    </p>
   </div>
   <div class='ocr_carea' id='block_1_81' title="bbox 2203 3507 3775 3581">
    <p class='ocr_par' dir='ltr' id='par_1_81' title="bbox 2203 3507 3775 3581">
     <span class='ocr_line' id='line_1_81' title="bbox 2203 3507 3775 3581; baseline -0.005 -16"><span class='ocrx_word' id='word_1_589' title='bbox 2203 3514 2417 3567; x_wconf 89' lang='lat' dir='ltr'><strong>tacium.</strong></span> <span class='ocrx_word' id='word_1_590' title='bbox 2446 3531 2464 3564; x_wconf 73' lang='grc' dir='ltr'><strong>ι</strong></span> <span class='ocrx_word' id='word_1_591' title='bbox 2513 3512 2578 3566; x_wconf 88' lang='lat' dir='ltr'><strong>Et</strong></span> <span class='ocrx_word' id='word_1_592' title='bbox 2606 3527 2724 3581; x_wconf 90' lang='lat' dir='ltr'><strong>cap.</strong></span> <span class='ocrx_word' id='word_1_593' title='bbox 2757 3511 2816 3561; x_wconf 67' lang='lat' dir='ltr'><strong>fit</strong></span> <span class='ocrx_word' id='word_1_594' title='bbox 2846 3527 2859 3562; x_wconf 87' lang='lat'><strong>:</strong></span> <span class='ocrx_word' id='word_1_595' title='bbox 2890 3527 2911 3560; x_wconf 85' lang='grc' dir='ltr'><strong>ι</strong></span> <span class='ocrx_word' id='word_1_596' title='bbox 2941 3508 3122 3577; x_wconf 82' lang='lat' dir='ltr'><strong>Neque</strong></span> <span class='ocrx_word' id='word_1_597' title='bbox 3150 3509 3257 3562; x_wconf 90' lang='lat' dir='ltr'><strong>ullo</strong></span> <span class='ocrx_word' id='word_1_598' title='bbox 3283 3507 3446 3562; x_wconf 88' lang='lat' dir='ltr'><strong>modo</strong></span> <span class='ocrx_word' id='word_1_599' title='bbox 3475 3507 3656 3560; x_wconf 83' lang='lat' dir='ltr'><strong>inveni</strong></span> <span class='ocrx_word' id='word_1_600' title='bbox 3678 3515 3775 3558; x_wconf 68' lang='lat' dir='ltr'><strong>.tur</strong></span> 
     </span>
    </p>
   </div>
   <div class='ocr_carea' id='block_1_82' title="bbox 2201 3597 3776 3672">
    <p class='ocr_par' dir='ltr' id='par_1_82' title="bbox 2201 3597 3776 3672">
     <span class='ocr_line' id='line_1_82' title="bbox 2201 3597 3776 3672; baseline -0.004 -15"><span class='ocrx_word' id='word_1_601' title='bbox 2201 3620 2231 3657; x_wconf 86' lang='lat' dir='ltr'><strong>a</strong></span> <span class='ocrx_word' id='word_1_602' title='bbox 2273 3603 2511 3672; x_wconf 86' lang='lat' dir='ltr'><strong>quolibet</strong></span> <span class='ocrx_word' id='word_1_603' title='bbox 2551 3602 2824 3672; x_wconf 83' lang='lat' dir='ltr'><strong>pittacium</strong></span> <span class='ocrx_word' id='word_1_604' title='bbox 2870 3603 2968 3654; x_wconf 92' lang='lat' dir='ltr'><strong>hoc</strong></span> <span class='ocrx_word' id='word_1_605' title='bbox 3015 3600 3319 3669; x_wconf 87' lang='lat' dir='ltr'><strong>aliquando.</strong></span> <span class='ocrx_word' id='word_1_606' title='bbox 3354 3618 3371 3650; x_wconf 72' lang='grc' dir='ltr'><strong>ι</strong></span> <span class='ocrx_word' id='word_1_607' title='bbox 3407 3598 3558 3667; x_wconf 85' lang='lat' dir='ltr'><strong>Quod</strong></span> <span class='ocrx_word' id='word_1_608' title='bbox 3587 3597 3776 3652; x_wconf 88' lang='lat' dir='ltr'><strong>eodem</strong></span> 
     </span>
    </p>
   </div>
   <div class='ocr_carea' id='block_1_83' title="bbox 2202 3691 3772 3763">
    <p class='ocr_par' dir='ltr' id='par_1_83' title="bbox 2202 3691 3772 3763">
     <span class='ocr_line' id='line_1_83' title="bbox 2202 3691 3772 3763; baseline -0.004 -14"><span class='ocrx_word' id='word_1_609' title='bbox 2202 3696 2377 3763; x_wconf 86' lang='lat' dir='ltr'><strong>capite</strong></span> <span class='ocrx_word' id='word_1_610' title='bbox 2430 3693 2712 3762; x_wconf 86' lang='lat' dir='ltr'><strong>aliquoties</strong></span> <span class='ocrx_word' id='word_1_611' title='bbox 2761 3693 3040 3760; x_wconf 87' lang='lat' dir='ltr'><strong>repetitur.</strong></span> <span class='ocrx_word' id='word_1_612' title='bbox 3073 3691 3174 3746; x_wconf 85' lang='lat' dir='ltr'><strong>Alii</strong></span> <span class='ocrx_word' id='word_1_613' title='bbox 3204 3691 3442 3744; x_wconf 90' lang='lat' dir='ltr'><strong>scribunt</strong></span> <span class='ocrx_word' id='word_1_614' title='bbox 3470 3692 3772 3760; x_wconf 77' lang='lat' dir='ltr'><strong>pyctacium.</strong></span> 
     </span>
    </p>
   </div>
   <div class='ocr_carea' id='block_1_84' title="bbox 2204 3779 3777 3853">
    <p class='ocr_par' dir='ltr' id='par_1_84' title="bbox 2204 3779 3777 3853">
     <span class='ocr_line' id='line_1_84' title="bbox 2204 3779 3777 3853; baseline -0.005 -15"><span class='ocrx_word' id='word_1_615' title='bbox 2204 3785 2494 3838; x_wconf 82' lang='lat' dir='ltr'><strong>Zacharias</strong></span> <span class='ocrx_word' id='word_1_616' title='bbox 2541 3799 2673 3853; x_wconf 88' lang='lat' dir='ltr'><strong>papa</strong></span> <span class='ocrx_word' id='word_1_617' title='bbox 2721 3782 2993 3836; x_wconf 78' lang='lat' dir='ltr'><strong>Bonifacio</strong></span> <span class='ocrx_word' id='word_1_618' title='bbox 3035 3782 3191 3850; x_wconf 89' lang='lat' dir='ltr'><strong>epist.</strong></span> <span class='ocrx_word' id='word_1_619' title='bbox 3243 3780 3361 3844; x_wconf 72' lang='grc'><strong>142,</strong></span> <span class='ocrx_word' id='word_1_620' title='bbox 3401 3781 3538 3834; x_wconf 74' lang='lat' dir='ltr'><strong>inter</strong></span> <span class='ocrx_word' id='word_1_621' title='bbox 3566 3779 3777 3832; x_wconf 71' lang='lat' dir='ltr'><strong>liooira-</strong></span> 
     </span>
    </p>
   </div>
   <div class='ocr_carea' id='block_1_85' title="bbox 2201 3872 3780 3943">
    <p class='ocr_par' dir='ltr' id='par_1_85' title="bbox 2201 3872 3780 3943">
     <span class='ocr_line' id='line_1_85' title="bbox 2201 3872 3780 3943; baseline -0.005 -11"><span class='ocrx_word' id='word_1_622' title='bbox 2201 3878 2423 3932; x_wconf 88' lang='lat' dir='ltr'><strong>cianas:</strong></span> <span class='ocrx_word' id='word_1_623' title='bbox 2459 3876 2846 3930; x_wconf 71' lang='lat' dir='ltr'><strong>«Continehant</strong></span> <span class='ocrx_word' id='word_1_624' title='bbox 2891 3878 3030 3928; x_wconf 93' lang='lat' dir='ltr'><strong>enim</strong></span> <span class='ocrx_word' id='word_1_625' title='bbox 3086 3875 3311 3943; x_wconf 88' lang='lat' dir='ltr'><strong>capitula</strong></span> <span class='ocrx_word' id='word_1_626' title='bbox 3359 3875 3409 3926; x_wconf 91' lang='lat' dir='ltr'><strong>in</strong></span> <span class='ocrx_word' id='word_1_627' title='bbox 3446 3874 3687 3943; x_wconf 76' lang='lat' dir='ltr'><strong>pyctacio</strong></span> <span class='ocrx_word' id='word_1_628' title='bbox 3717 3872 3780 3924; x_wconf 90' lang='lat' dir='ltr'><strong>ab</strong></span> 
     </span>
    </p>
   </div>
   <div class='ocr_carea' id='block_1_86' title="bbox 2203 3965 3776 4037">
    <p class='ocr_par' dir='ltr' id='par_1_86' title="bbox 2203 3965 3776 4037">
     <span class='ocr_line' id='line_1_86' title="bbox 2203 3965 3776 4037; baseline -0.006 -14"><span class='ocrx_word' id='word_1_629' title='bbox 2203 3970 2280 4023; x_wconf 86' lang='lat' dir='ltr'><strong>eis</strong></span> <span class='ocrx_word' id='word_1_630' title='bbox 2314 3979 2584 4037; x_wconf 83' lang='lat' dir='ltr'><strong>porrecto.</strong></span> <span class='ocrx_word' id='word_1_631' title='bbox 2608 3985 2631 4019; x_wconf 71' lang='grc' dir='ltr'>-ι</span> <span class='ocrx_word' id='word_1_632' title='bbox 2671 3966 2769 4022; x_wconf 73' lang='grc' dir='ltr'>[ὺὶ</span> <span class='ocrx_word' id='word_1_633' title='bbox 2803 3967 3047 4022; x_wconf 89' lang='lat' dir='ltr'><strong>Serarius</strong></span> <span class='ocrx_word' id='word_1_634' title='bbox 3076 3974 3256 4020; x_wconf 86' lang='lat' dir='ltr'><strong>noster</strong></span> <span class='ocrx_word' id='word_1_635' title='bbox 3281 3984 3292 4018; x_wconf 87' lang='lat'><strong>:</strong></span> <span class='ocrx_word' id='word_1_636' title='bbox 3316 3965 3484 4020; x_wconf 73' lang='lat' dir='ltr'><strong>Recte</strong></span> <span class='ocrx_word' id='word_1_637' title='bbox 3513 3978 3642 4018; x_wconf 87' lang='lat' dir='ltr'><strong>vero</strong></span> <span class='ocrx_word' id='word_1_638' title='bbox 3675 3973 3776 4015; x_wconf 86' lang='lat' dir='ltr'><strong>tant</strong></span> 
     </span>
    </p>
   </div>
   <div class='ocr_carea' id='block_1_87' title="bbox 2203 4057 3780 4131">
    <p class='ocr_par' dir='ltr' id='par_1_87' title="bbox 2203 4057 3780 4131">
     <span class='ocr_line' id='line_1_87' title="bbox 2203 4057 3780 4131; baseline -0.008 -12"><span class='ocrx_word' id='word_1_639' title='bbox 2203 4065 2474 4119; x_wconf 75' lang='grc' dir='ltr'>πυκτάκιον</span> <span class='ocrx_word' id='word_1_640' title='bbox 2523 4076 2681 4131; x_wconf 87' lang='lat' dir='ltr'><strong>quatn</strong></span> <span class='ocrx_word' id='word_1_641' title='bbox 2725 4061 2990 4115; x_wconf 77' lang='grc' dir='ltr'>πιττάκιον</span> <span class='ocrx_word' id='word_1_642' title='bbox 3036 4059 3306 4124; x_wconf 87' lang='lat' dir='ltr'><strong>scribitur,</strong></span> <span class='ocrx_word' id='word_1_643' title='bbox 3357 4068 3542 4125; x_wconf 79' lang='lat' dir='ltr'><strong>estque</strong></span> <span class='ocrx_word' id='word_1_644' title='bbox 3573 4057 3780 4125; x_wconf 85' lang='lat' dir='ltr'><strong>pr0prie</strong></span> 
     </span>
    </p>
   </div>
   <div class='ocr_carea' id='block_1_88' title="bbox 2205 4149 3779 4226">
    <p class='ocr_par' dir='ltr' id='par_1_88' title="bbox 2205 4149 3779 4226">
     <span class='ocr_line' id='line_1_88' title="bbox 2205 4149 3779 4226; baseline -0.009 -15"><span class='ocrx_word' id='word_1_645' title='bbox 2205 4156 2364 4226; x_wconf 88' lang='lat' dir='ltr'><strong>panni</strong></span> <span class='ocrx_word' id='word_1_646' title='bbox 2405 4154 2724 4220; x_wconf 81' lang='lat' dir='ltr'><strong>frustulum,</strong></span> <span class='ocrx_word' id='word_1_647' title='bbox 2775 4163 2829 4207; x_wconf 89' lang='lat' dir='ltr'><strong>et</strong></span> <span class='ocrx_word' id='word_1_648' title='bbox 2876 4169 2970 4221; x_wconf 86' lang='lat' dir='ltr'><strong>per</strong></span> <span class='ocrx_word' id='word_1_649' title='bbox 3017 4151 3443 4217; x_wconf 88' lang='lat' dir='ltr'><strong>similitudinem,</strong></span> <span class='ocrx_word' id='word_1_650' title='bbox 3492 4149 3779 4202; x_wconf 88' lang='lat' dir='ltr'><strong>indiculum</strong></span> 
     </span>
    </p>
   </div>
   <div class='ocr_carea' id='block_1_89' title="bbox 2203 4239 3779 4316">
    <p class='ocr_par' dir='ltr' id='par_1_89' title="bbox 2203 4239 3779 4316">
     <span class='ocr_line' id='line_1_89' title="bbox 2203 4239 3779 4316; baseline -0.006 -15"><span class='ocrx_word' id='word_1_651' title='bbox 2203 4249 2251 4301; x_wconf 84' lang='lat' dir='ltr'><strong>al</strong></span> <span class='ocrx_word' id='word_1_652' title='bbox 2281 4247 2419 4316; x_wconf 87' lang='lat' dir='ltr'><strong>quod</strong></span> <span class='ocrx_word' id='word_1_653' title='bbox 2447 4247 2934 4307; x_wconf 88' lang='lat' dir='ltr'><strong>membranaceum,</strong></span> <span class='ocrx_word' id='word_1_654' title='bbox 2965 4253 3054 4296; x_wconf 81' lang='lat' dir='ltr'><strong>aut</strong></span> <span class='ocrx_word' id='word_1_655' title='bbox 3077 4244 3442 4296; x_wconf 87' lang='lat' dir='ltr'><strong>chartaceum.</strong></span> <span class='ocrx_word' id='word_1_656' title='bbox 3473 4240 3576 4295; x_wconf 91' lang='lat' dir='ltr'><strong>Sed</strong></span> <span class='ocrx_word' id='word_1_657' title='bbox 3603 4239 3730 4293; x_wconf 84' lang='lat' dir='ltr'><strong>illud</strong></span> <span class='ocrx_word' id='word_1_658' title='bbox 3753 4255 3779 4291; x_wconf 82' lang='lat' dir='ltr'><strong>a</strong></span> 
     </span>
    </p>
   </div>
   <div class='ocr_carea' id='block_1_90' title="bbox 2203 4331 3777 4404">
    <p class='ocr_par' dir='ltr' id='par_1_90' title="bbox 2203 4331 3777 4404">
     <span class='ocr_line' id='line_1_90' title="bbox 2203 4331 3777 4404; baseline -0.006 -12"><span class='ocrx_word' id='word_1_659' title='bbox 2203 4336 2579 4404; x_wconf 85' lang='lat' dir='ltr'><strong>complicando</strong></span> <span class='ocrx_word' id='word_1_660' title='bbox 2610 4335 2840 4398; x_wconf 89' lang='lat' dir='ltr'><strong>ducitur,</strong></span> <span class='ocrx_word' id='word_1_661' title='bbox 2876 4333 2975 4386; x_wconf 86' lang='lat' dir='ltr'><strong>hoc</strong></span> <span class='ocrx_word' id='word_1_662' title='bbox 3007 4347 3134 4386; x_wconf 88' lang='lat' dir='ltr'><strong>vero</strong></span> <span class='ocrx_word' id='word_1_663' title='bbox 3164 4331 3454 4386; x_wconf 89' lang='lat' dir='ltr'><strong>etiamnum</strong></span> <span class='ocrx_word' id='word_1_664' title='bbox 3488 4333 3629 4398; x_wconf 85' lang='lat' dir='ltr'><strong>apud</strong></span> <span class='ocrx_word' id='word_1_665' title='bbox 3665 4331 3777 4383; x_wconf 85' lang='lat' dir='ltr'><strong>llis-</strong></span> 
     </span>
    </p>
   </div>
   <div class='ocr_carea' id='block_1_91' title="bbox 2205 4422 3778 4498">
    <p class='ocr_par' dir='ltr' id='par_1_91' title="bbox 2205 4422 3778 4498">
     <span class='ocr_line' id='line_1_91' title="bbox 2205 4422 3778 4498; baseline -0.006 -16"><span class='ocrx_word' id='word_1_666' title='bbox 2205 4445 2373 4498; x_wconf 87' lang='lat' dir='ltr'><strong>panos</strong></span> <span class='ocrx_word' id='word_1_667' title='bbox 2397 4441 2450 4480; x_wconf 92' lang='lat' dir='ltr'><strong>et</strong></span> <span class='ocrx_word' id='word_1_668' title='bbox 2483 4428 2799 4495; x_wconf 83' lang='lat' dir='ltr'><strong>Aquitanos,</strong></span> <span class='ocrx_word' id='word_1_669' title='bbox 2821 4425 3010 4496; x_wconf 79' lang='lat' dir='ltr'><strong>exigua</strong></span> <span class='ocrx_word' id='word_1_670' title='bbox 3033 4439 3152 4478; x_wconf 88' lang='lat' dir='ltr'><strong>cum</strong></span> <span class='ocrx_word' id='word_1_671' title='bbox 3183 4423 3472 4477; x_wconf 79' lang='lat' dir='ltr'><strong>inﬂexione</strong></span> <span class='ocrx_word' id='word_1_672' title='bbox 3501 4422 3778 4485; x_wconf 85' lang='lat' dir='ltr'><strong>usitatum,</strong></span> 
     </span>
    </p>
   </div>
   <div class='ocr_carea' id='block_1_92' title="bbox 2205 4514 3470 4589">
    <p class='ocr_par' dir='ltr' id='par_1_92' title="bbox 2205 4514 3470 4589">
     <span class='ocr_line' id='line_1_92' title="bbox 2205 4514 3470 4589; baseline -0.004 -16"><span class='ocrx_word' id='word_1_673' title='bbox 2205 4521 2394 4589; x_wconf 82' lang='lat' dir='ltr'><strong>pedaco</strong></span> <span class='ocrx_word' id='word_1_674' title='bbox 2417 4531 2471 4572; x_wconf 91' lang='lat' dir='ltr'><strong>et</strong></span> <span class='ocrx_word' id='word_1_675' title='bbox 2499 4519 2675 4586; x_wconf 83' lang='lat' dir='ltr'><strong>pedas,</strong></span> <span class='ocrx_word' id='word_1_676' title='bbox 2706 4519 2841 4585; x_wconf 89' lang='lat' dir='ltr'><strong>apud</strong></span> <span class='ocrx_word' id='word_1_677' title='bbox 2874 4516 3056 4568; x_wconf 85' lang='lat' dir='ltr'><strong>Gallos</strong></span> <span class='ocrx_word' id='word_1_678' title='bbox 3087 4532 3178 4568; x_wconf 83' lang='lat' dir='ltr'><strong>une</strong></span> <span class='ocrx_word' id='word_1_679' title='bbox 3209 4514 3368 4584; x_wconf 66' lang='lat' dir='ltr'><strong>piece.</strong></span> <span class='ocrx_word' id='word_1_680' title='bbox 3462 4565 3470 4572; x_wconf 89' lang='grc'><em>,</em></span> 
     </span>
    </p>
   </div>
   <div class='ocr_carea' id='block_1_93' title="bbox 520 4584 3772 4674">
    <p class='ocr_par' dir='ltr' id='par_1_93' title="bbox 520 4584 3772 4674">
     <span class='ocr_line' id='line_1_93' title="bbox 520 4584 3772 4674; baseline -0.001 -18"><span class='ocrx_word' id='word_1_681' title='bbox 520 4607 571 4658; x_wconf 90' lang='lat' dir='ltr'><strong>iu</strong></span> <span class='ocrx_word' id='word_1_682' title='bbox 615 4605 843 4660; x_wconf 76' lang='lat' dir='ltr'><strong>braccis.</strong></span> <span class='ocrx_word' id='word_1_683' title='bbox 872 4605 1016 4670; x_wconf 85' lang='lat' dir='ltr'><strong>Quos</strong></span> <span class='ocrx_word' id='word_1_684' title='bbox 1055 4601 1313 4670; x_wconf 85' lang='lat' dir='ltr'><strong>pedornes</strong></span> <span class='ocrx_word' id='word_1_685' title='bbox 1334 4602 1535 4657; x_wconf 92' lang='lat' dir='ltr'><strong>dicunt.</strong></span> <span class='ocrx_word' id='word_1_686' title='bbox 1574 4621 1592 4655; x_wconf 77' lang='grc' dir='ltr'><strong>ι</strong></span> <span class='ocrx_word' id='word_1_687' title='bbox 1631 4603 1836 4659; x_wconf 69' lang='lat' dir='ltr'><strong>Glossa:</strong></span> <span class='ocrx_word' id='word_1_688' title='bbox 1861 4605 2044 4660; x_wconf 71' lang='lat' dir='ltr'><strong>lsidori</strong></span> <span class='ocrx_word' id='word_1_689' title='bbox 2081 4624 2093 4660; x_wconf 91' lang='lat'><strong>:</strong></span> <span class='ocrx_word' id='word_1_690' title='bbox 2125 4584 2214 4645; x_wconf 45' lang='grc' dir='ltr'><strong>θ’</strong></span> <span class='ocrx_word' id='word_1_691' title='bbox 2277 4584 2574 4664; x_wconf 82' lang='lat' dir='ltr'><strong>Hadrianus</strong></span> <span class='ocrx_word' id='word_1_692' title='bbox 2603 4584 2812 4674; x_wconf 80' lang='lat' dir='ltr'><strong>Junius,</strong></span> <span class='ocrx_word' id='word_1_693' title='bbox 2845 4605 2896 4658; x_wconf 87' lang='lat' dir='ltr'><strong>itt</strong></span> <span class='ocrx_word' id='word_1_694' title='bbox 2929 4605 3335 4659; x_wconf 83' lang='lat' dir='ltr'><strong>Nomenclatura</strong></span> <span class='ocrx_word' id='word_1_695' title='bbox 3366 4604 3637 4658; x_wconf 76' lang='lat' dir='ltr'><strong>existimat</strong></span> <span class='ocrx_word' id='word_1_696' title='bbox 3677 4603 3772 4671; x_wconf 73' lang='lat' dir='ltr'><strong>pi:-</strong></span> 
     </span>
    </p>
   </div>
   <div class='ocr_carea' id='block_1_94' title="bbox 525 4695 2099 4766">
    <p class='ocr_par' dir='ltr' id='par_1_94' title="bbox 525 4695 2099 4766">
     <span class='ocr_line' id='line_1_94' title="bbox 525 4695 2099 4766; baseline 0.003 -18"><span class='ocrx_word' id='word_1_697' title='bbox 525 4716 546 4748; x_wconf 83' lang='grc' dir='ltr'><strong>ι</strong></span> <span class='ocrx_word' id='word_1_698' title='bbox 580 4698 809 4764; x_wconf 84' lang='lat' dir='ltr'><strong>Pedana,</strong></span> <span class='ocrx_word' id='word_1_699' title='bbox 839 4696 1049 4765; x_wconf 77' lang='lat' dir='ltr'><strong>pedalis</strong></span> <span class='ocrx_word' id='word_1_700' title='bbox 1081 4710 1270 4762; x_wconf 90' lang='lat' dir='ltr'><strong>novus,</strong></span> <span class='ocrx_word' id='word_1_701' title='bbox 1294 4695 1382 4764; x_wconf 90' lang='lat' dir='ltr'><strong>qui</strong></span> <span class='ocrx_word' id='word_1_702' title='bbox 1411 4696 1593 4766; x_wconf 74' lang='lat' dir='ltr'><strong>caliga:</strong></span> <span class='ocrx_word' id='word_1_703' title='bbox 1615 4698 1866 4751; x_wconf 89' lang='lat' dir='ltr'><strong>assuitur.</strong></span> <span class='ocrx_word' id='word_1_704' title='bbox 1891 4716 1910 4750; x_wconf 77' lang='grc' dir='ltr'><strong>ι</strong></span> <span class='ocrx_word' id='word_1_705' title='bbox 1941 4698 2099 4754; x_wconf 81' lang='lat' dir='ltr'><strong>Glos-</strong></span> 
     </span>
    </p>
   </div>
   <div class='ocr_carea' id='block_1_95' title="bbox 517 4785 2097 4868">
    <p class='ocr_par' dir='ltr' id='par_1_95' title="bbox 517 4785 2097 4868">
     <span class='ocr_line' id='line_1_95' title="bbox 517 4785 2097 4868; baseline 0.002 -25"><span class='ocrx_word' id='word_1_706' title='bbox 517 4806 590 4843; x_wconf 74' lang='lat' dir='ltr'><strong>sa:</strong></span> <span class='ocrx_word' id='word_1_707' title='bbox 614 4789 915 4844; x_wconf 84' lang='lat' dir='ltr'><strong>Benedicti:</strong></span> <span class='ocrx_word' id='word_1_708' title='bbox 941 4785 1206 4851; x_wconf 78' lang='grc' dir='ltr'>Πεδούλια,</span> <span class='ocrx_word' id='word_1_709' title='bbox 1230 4787 1396 4842; x_wconf 81' lang='grc' dir='ltr'>ποδῶν</span> <span class='ocrx_word' id='word_1_710' title='bbox 1415 4787 1742 4862; x_wconf 79' lang='grc' dir='ltr'>καλύμματα,</span> <span class='ocrx_word' id='word_1_711' title='bbox 1770 4793 1897 4852; x_wconf 79' lang='grc' dir='ltr'>τινὲς</span> <span class='ocrx_word' id='word_1_712' title='bbox 1923 4791 1976 4847; x_wconf 81' lang='grc' dir='ltr'><strong>δὲ</strong></span> <span class='ocrx_word' id='word_1_713' title='bbox 2003 4794 2097 4868; x_wconf 82' lang='grc' dir='ltr'><strong>ἆρ-</strong></span> 
     </span>
    </p>
   </div>
   <div class='ocr_carea' id='block_1_96' title="bbox 517 4881 2099 4956">
    <p class='ocr_par' dir='ltr' id='par_1_96' title="bbox 517 4881 2099 4956">
     <span class='ocr_line' id='line_1_96' title="bbox 517 4881 2099 4956; baseline 0.003 -20"><span class='ocrx_word' id='word_1_714' title='bbox 517 4885 671 4956; x_wconf 75' lang='grc' dir='ltr'>τάρια</span> <span class='ocrx_word' id='word_1_715' title='bbox 689 4886 1064 4956; x_wconf 66' lang='grc' dir='ltr'><strong>ἡρμήνευσαν.»</strong></span> <span class='ocrx_word' id='word_1_716' title='bbox 1095 4881 1331 4942; x_wconf 82' lang='lat' dir='ltr'><strong>Pedulia.</strong></span> <span class='ocrx_word' id='word_1_717' title='bbox 1357 4881 1546 4948; x_wconf 91' lang='lat' dir='ltr'><strong>pedum</strong></span> <span class='ocrx_word' id='word_1_718' title='bbox 1570 4883 1952 4952; x_wconf 89' lang='lat' dir='ltr'><strong>integumenta,</strong></span> <span class='ocrx_word' id='word_1_719' title='bbox 1981 4888 2099 4955; x_wconf 84' lang='lat' dir='ltr'><strong>qui-</strong></span> 
     </span>
    </p>
   </div>
   <div class='ocr_carea' id='block_1_97' title="bbox 520 4974 1379 5036">
    <p class='ocr_par' dir='ltr' id='par_1_97' title="bbox 520 4974 1379 5036">
     <span class='ocr_line' id='line_1_97' title="bbox 520 4974 1379 5036; baseline 0.001 -13"><span class='ocrx_word' id='word_1_720' title='bbox 520 4974 642 5025; x_wconf 86' lang='lat' dir='ltr'><strong>dam</strong></span> <span class='ocrx_word' id='word_1_721' title='bbox 664 4974 856 5026; x_wconf 87' lang='lat' dir='ltr'><strong>artaria</strong></span> <span class='ocrx_word' id='word_1_722' title='bbox 888 4975 1328 5036; x_wconf 74' lang='lat' dir='ltr'><strong>interpretantur.</strong></span> <span class='ocrx_word' id='word_1_723' title='bbox 1362 4992 1379 5024; x_wconf 75' lang='grc' dir='ltr'><strong>ι</strong></span> 
     </span>
    </p>
   </div>
   <div class='ocr_carea' id='block_1_98' title="bbox 592 5063 2096 5128">
    <p class='ocr_par' dir='ltr' id='par_1_98' title="bbox 592 5063 2096 5128">
     <span class='ocr_line' id='line_1_98' title="bbox 592 5063 2096 5128; baseline 0.004 -14"><span class='ocrx_word' id='word_1_724' title='bbox 592 5063 980 5116; x_wconf 75' lang='grc' dir='ltr'>Ρειιιουευτεε.</span> <span class='ocrx_word' id='word_1_725' title='bbox 1022 5063 1270 5128; x_wconf 88' lang='lat' dir='ltr'><strong>Circitor,</strong></span> <span class='ocrx_word' id='word_1_726' title='bbox 1327 5063 1603 5128; x_wconf 88' lang='lat' dir='ltr'><strong>lustrator,</strong></span> <span class='ocrx_word' id='word_1_727' title='bbox 1638 5065 1904 5119; x_wconf 79' lang='lat' dir='ltr'><strong>visitator.</strong></span> <span class='ocrx_word' id='word_1_728' title='bbox 1931 5065 2096 5122; x_wconf 86' lang='lat' dir='ltr'><strong>llera-</strong></span> 
     </span>
    </p>
   </div>
   <div class='ocr_carea' id='block_1_99' title="bbox 520 5154 2095 5228">
    <p class='ocr_par' dir='ltr' id='par_1_99' title="bbox 520 5154 2095 5228">
     <span class='ocr_line' id='line_1_99' title="bbox 520 5154 2095 5228; baseline 0.003 -20"><span class='ocrx_word' id='word_1_729' title='bbox 520 5154 708 5216; x_wconf 86' lang='lat' dir='ltr'><strong>clides,</strong></span> <span class='ocrx_word' id='word_1_730' title='bbox 759 5171 880 5222; x_wconf 84' lang='lat' dir='ltr'><strong>cap.</strong></span> <span class='ocrx_word' id='word_1_731' title='bbox 925 5157 994 5210; x_wconf 74' lang='lat'><strong>25</strong></span> <span class='ocrx_word' id='word_1_732' title='bbox 1024 5174 1039 5211; x_wconf 85' lang='lat'><strong>:</strong></span> <span class='ocrx_word' id='word_1_733' title='bbox 1075 5173 1093 5207; x_wconf 78' lang='grc' dir='ltr'><strong>ι</strong></span> <span class='ocrx_word' id='word_1_734' title='bbox 1124 5157 1378 5224; x_wconf 82' lang='lat' dir='ltr'><strong>Evagrius</strong></span> <span class='ocrx_word' id='word_1_735' title='bbox 1408 5157 1544 5209; x_wconf 89' lang='lat' dir='ltr'><strong>tilius</strong></span> <span class='ocrx_word' id='word_1_736' title='bbox 1576 5159 1872 5228; x_wconf 85' lang='lat' dir='ltr'><strong>presbyteri</strong></span> <span class='ocrx_word' id='word_1_737' title='bbox 1903 5161 2095 5214; x_wconf 80' lang='lat' dir='ltr'><strong>multa-</strong></span> 
     </span>
    </p>
   </div>
   <div class='ocr_carea' id='block_1_100' title="bbox 523 5245 2098 5316">
    <p class='ocr_par' dir='ltr' id='par_1_100' title="bbox 523 5245 2098 5316">
     <span class='ocr_line' id='line_1_100' title="bbox 523 5245 2098 5316; baseline 0.004 -16"><span class='ocrx_word' id='word_1_738' title='bbox 523 5261 643 5300; x_wconf 88' lang='lat' dir='ltr'><strong>runt</strong></span> <span class='ocrx_word' id='word_1_739' title='bbox 683 5245 1028 5300; x_wconf 89' lang='lat' dir='ltr'><strong>ecclesiarum</strong></span> <span class='ocrx_word' id='word_1_740' title='bbox 1058 5263 1240 5301; x_wconf 90' lang='lat' dir='ltr'><strong>curam</strong></span> <span class='ocrx_word' id='word_1_741' title='bbox 1284 5247 1540 5316; x_wconf 82' lang='lat' dir='ltr'><strong>gerentis,</strong></span> <span class='ocrx_word' id='word_1_742' title='bbox 1588 5264 1721 5316; x_wconf 90' lang='lat' dir='ltr'><strong>quos</strong></span> <span class='ocrx_word' id='word_1_743' title='bbox 1757 5250 2098 5308; x_wconf 82' lang='lat' dir='ltr'><strong>Periodeutas</strong></span> 
     </span>
    </p>
   </div>
   <div class='ocr_carea' id='block_1_101' title="bbox 524 5337 2095 5410">
    <p class='ocr_par' dir='ltr' id='par_1_101' title="bbox 524 5337 2095 5410">
     <span class='ocr_line' id='line_1_101' title="bbox 524 5337 2095 5410; baseline 0.006 -22"><span class='ocrx_word' id='word_1_744' title='bbox 524 5345 738 5391; x_wconf 78' lang='lat' dir='ltr'><strong>vocant.</strong></span> <span class='ocrx_word' id='word_1_745' title='bbox 769 5354 788 5387; x_wconf 74' lang='grc' dir='ltr'><strong>ι</strong></span> <span class='ocrx_word' id='word_1_746' title='bbox 835 5337 988 5391; x_wconf 83' lang='lat' dir='ltr'><strong>Clare</strong></span> <span class='ocrx_word' id='word_1_747' title='bbox 1018 5337 1102 5391; x_wconf 91' lang='lat' dir='ltr'><strong>hic</strong></span> <span class='ocrx_word' id='word_1_748' title='bbox 1134 5338 1466 5393; x_wconf 68' lang='lat' dir='ltr'><strong>Periodeuttc</strong></span> <span class='ocrx_word' id='word_1_749' title='bbox 1494 5337 1726 5394; x_wconf 73' lang='lat' dir='ltr'><strong>officium</strong></span> <span class='ocrx_word' id='word_1_750' title='bbox 1760 5344 2095 5410; x_wconf 83' lang='lat' dir='ltr'><strong>exprimitur,</strong></span> 
     </span>
    </p>
   </div>
   <div class='ocr_carea' id='block_1_102' title="bbox 523 5425 2098 5501">
    <p class='ocr_par' dir='ltr' id='par_1_102' title="bbox 523 5425 2098 5501">
     <span class='ocr_line' id='line_1_102' title="bbox 523 5425 2098 5501; baseline 0.005 -20"><span class='ocrx_word' id='word_1_751' title='bbox 523 5425 663 5494; x_wconf 88' lang='lat' dir='ltr'><strong>quod</strong></span> <span class='ocrx_word' id='word_1_752' title='bbox 715 5441 907 5480; x_wconf 91' lang='lat' dir='ltr'><strong>nomen</strong></span> <span class='ocrx_word' id='word_1_753' title='bbox 957 5427 1007 5480; x_wconf 92' lang='lat' dir='ltr'><strong>in</strong></span> <span class='ocrx_word' id='word_1_754' title='bbox 1056 5425 1264 5482; x_wconf 87' lang='lat' dir='ltr'><strong>Codino</strong></span> <span class='ocrx_word' id='word_1_755' title='bbox 1310 5445 1414 5483; x_wconf 91' lang='lat' dir='ltr'><strong>non</strong></span> <span class='ocrx_word' id='word_1_756' title='bbox 1446 5441 1738 5498; x_wconf 88' lang='lat' dir='ltr'><strong>comparet.</strong></span> <span class='ocrx_word' id='word_1_757' title='bbox 1774 5433 1928 5501; x_wconf 84' lang='lat' dir='ltr'><strong>Apud</strong></span> <span class='ocrx_word' id='word_1_758' title='bbox 1957 5434 2098 5489; x_wconf 87' lang='lat' dir='ltr'><strong>Gen-</strong></span> 
     </span>
    </p>
   </div>
   <div class='ocr_carea' id='block_1_103' title="bbox 523 5519 2091 5596">
    <p class='ocr_par' dir='ltr' id='par_1_103' title="bbox 523 5519 2091 5596">
     <span class='ocr_line' id='line_1_103' title="bbox 523 5519 2091 5596; baseline 0.007 -25"><span class='ocrx_word' id='word_1_759' title='bbox 523 5521 760 5587; x_wconf 88' lang='lat' dir='ltr'><strong>nadium,</strong></span> <span class='ocrx_word' id='word_1_760' title='bbox 783 5519 832 5572; x_wconf 90' lang='lat' dir='ltr'><strong>in</strong></span> <span class='ocrx_word' id='word_1_761' title='bbox 859 5520 1107 5590; x_wconf 81' lang='lat' dir='ltr'><strong>Ettcyclio</strong></span> <span class='ocrx_word' id='word_1_762' title='bbox 1137 5521 1221 5576; x_wconf 93' lang='lat' dir='ltr'><strong>hic</strong></span> <span class='ocrx_word' id='word_1_763' title='bbox 1249 5523 1380 5577; x_wconf 90' lang='lat' dir='ltr'><strong>ordo</strong></span> <span class='ocrx_word' id='word_1_764' title='bbox 1407 5525 1697 5579; x_wconf 86' lang='lat' dir='ltr'><strong>statuitur:</strong></span> <span class='ocrx_word' id='word_1_765' title='bbox 1731 5544 1750 5577; x_wconf 84' lang='grc'><strong>‹</strong></span> <span class='ocrx_word' id='word_1_766' title='bbox 1774 5527 2091 5596; x_wconf 83' lang='lat' dir='ltr'><strong>Episcopus,</strong></span> 
     </span>
    </p>
   </div>
   <div class='ocr_carea' id='block_1_104' title="bbox 521 5612 2090 5685">
    <p class='ocr_par' dir='ltr' id='par_1_104' title="bbox 521 5612 2090 5685">
     <span class='ocr_line' id='line_1_104' title="bbox 521 5612 2090 5685; baseline 0.003 -18"><span class='ocrx_word' id='word_1_767' title='bbox 521 5614 959 5682; x_wconf 88' lang='lat' dir='ltr'><strong>chorepiscopus,</strong></span> <span class='ocrx_word' id='word_1_768' title='bbox 1014 5612 1380 5682; x_wconf 90' lang='lat' dir='ltr'><strong>periodeutes,</strong></span> <span class='ocrx_word' id='word_1_769' title='bbox 1434 5617 2040 5685; x_wconf 75' lang='lat' dir='ltr'><strong>presbyter,,diaconus.</strong></span> <span class='ocrx_word' id='word_1_770' title='bbox 2072 5639 2090 5671; x_wconf 70' lang='grc' dir='ltr'><strong>ι</strong></span> 
     </span>
    </p>
   </div>
   <div class='ocr_carea' id='block_1_105' title="bbox 527 5703 2098 5767">
    <p class='ocr_par' dir='ltr' id='par_1_105' title="bbox 527 5703 2098 5767">
     <span class='ocr_line' id='line_1_105' title="bbox 527 5703 2098 5767; baseline 0.007 -12"><span class='ocrx_word' id='word_1_771' title='bbox 527 5703 659 5758; x_wconf 82' lang='lat' dir='ltr'><strong>Vide</strong></span> <span class='ocrx_word' id='word_1_772' title='bbox 697 5703 1010 5767; x_wconf 80' lang='lat' dir='ltr'><strong>Meursinm,</strong></span> <span class='ocrx_word' id='word_1_773' title='bbox 1045 5705 1097 5757; x_wconf 92' lang='lat' dir='ltr'><strong>in</strong></span> <span class='ocrx_word' id='word_1_774' title='bbox 1127 5703 1396 5760; x_wconf 80' lang='lat' dir='ltr'><strong>Glossario</strong></span> <span class='ocrx_word' id='word_1_775' title='bbox 1428 5704 1864 5765; x_wconf 73' lang='lat' dir='ltr'><strong>Grmcobarharo.</strong></span> <span class='ocrx_word' id='word_1_776' title='bbox 1903 5711 2098 5766; x_wconf 87' lang='lat' dir='ltr'><strong>Viden-</strong></span> 
     </span>
    </p>
   </div>
   <div class='ocr_carea' id='block_1_106' title="bbox 525 5796 2101 5865">
    <p class='ocr_par' dir='ltr' id='par_1_106' title="bbox 525 5796 2101 5865">
     <span class='ocr_line' id='line_1_106' title="bbox 525 5796 2101 5865; baseline 0.01 -21"><span class='ocrx_word' id='word_1_777' title='bbox 525 5805 607 5848; x_wconf 85' lang='lat' dir='ltr'><strong>tur</strong></span> <span class='ocrx_word' id='word_1_778' title='bbox 634 5809 775 5848; x_wconf 92' lang='lat' dir='ltr'><strong>nunc</strong></span> <span class='ocrx_word' id='word_1_779' title='bbox 797 5810 930 5857; x_wconf 79' lang='lat' dir='ltr'><strong>quos</strong></span> <span class='ocrx_word' id='word_1_780' title='bbox 955 5810 1204 5852; x_wconf 74' lang='lat' dir='ltr'><strong>vocamus</strong></span> <span class='ocrx_word' id='word_1_781' title='bbox 1235 5796 1455 5851; x_wconf 77' lang='lat' dir='ltr'><strong>decanos</strong></span> <span class='ocrx_word' id='word_1_782' title='bbox 1482 5800 1700 5865; x_wconf 80' lang='lat' dir='ltr'><strong>rttrales,</strong></span> <span class='ocrx_word' id='word_1_783' title='bbox 1735 5801 1892 5857; x_wconf 89' lang='lat' dir='ltr'><strong>simili</strong></span> <span class='ocrx_word' id='word_1_784' title='bbox 1923 5803 2101 5860; x_wconf 75' lang='lat' dir='ltr'><strong>officio</strong></span> 
     </span>
    </p>
   </div>
   <div class='ocr_carea' id='block_1_107' title="bbox 2205 4696 3780 4766">
    <p class='ocr_par' dir='ltr' id='par_1_107' title="bbox 2205 4696 3780 4766">
     <span class='ocr_line' id='line_1_107' title="bbox 2205 4696 3780 4766; baseline -0.004 -11"><span class='ocrx_word' id='word_1_785' title='bbox 2205 4702 2391 4755; x_wconf 75' lang='lat' dir='ltr'><strong>iaciunt</strong></span> <span class='ocrx_word' id='word_1_786' title='bbox 2435 4700 2700 4754; x_wconf 86' lang='lat' dir='ltr'><strong>detortum</strong></span> <span class='ocrx_word' id='word_1_787' title='bbox 2744 4697 2877 4751; x_wconf 81' lang='lat' dir='ltr'><strong>forte</strong></span> <span class='ocrx_word' id='word_1_788' title='bbox 2901 4712 2930 4749; x_wconf 90' lang='lat' dir='ltr'><strong>a</strong></span> <span class='ocrx_word' id='word_1_789' title='bbox 2957 4696 3198 4766; x_wconf 82' lang='lat' dir='ltr'><strong>pettucio,</strong></span> <span class='ocrx_word' id='word_1_790' title='bbox 3242 4710 3350 4764; x_wconf 92' lang='lat' dir='ltr'><strong>quo</strong></span> <span class='ocrx_word' id='word_1_791' title='bbox 3391 4696 3519 4749; x_wconf 88' lang='lat' dir='ltr'><strong>corii</strong></span> <span class='ocrx_word' id='word_1_792' title='bbox 3553 4709 3780 4764; x_wconf 66' lang='lat' dir='ltr'><strong>praeseg-</strong></span> 
     </span>
    </p>
   </div>
   <div class='ocr_carea' id='block_1_108' title="bbox 2205 4785 3100 4847">
    <p class='ocr_par' dir='ltr' id='par_1_108' title="bbox 2205 4785 3100 4847">
     <span class='ocr_line' id='line_1_108' title="bbox 2205 4785 3100 4847; baseline -0.01 0"><span class='ocrx_word' id='word_1_793' title='bbox 2205 4791 2346 4847; x_wconf 90' lang='lat' dir='ltr'><strong>mina</strong></span> <span class='ocrx_word' id='word_1_794' title='bbox 2375 4790 2594 4846; x_wconf 80' lang='lat' dir='ltr'><strong>exiliora</strong></span> <span class='ocrx_word' id='word_1_795' title='bbox 2625 4788 2881 4843; x_wconf 84' lang='lat' dir='ltr'><strong>denotant</strong></span> <span class='ocrx_word' id='word_1_796' title='bbox 2913 4785 3100 4840; x_wconf 87' lang='lat' dir='ltr'><strong>Dores.</strong></span> 
     </span>
    </p>
   </div>
   <div class='ocr_carea' id='block_1_109' title="bbox 2278 4871 3780 4954">
    <p class='ocr_par' dir='ltr' id='par_1_109' title="bbox 2278 4871 3780 4954">
     <span class='ocr_line' id='line_1_109' title="bbox 2278 4871 3780 4954; baseline -0.004 -17"><span class='ocrx_word' id='word_1_797' title='bbox 2278 4881 2675 4948; x_wconf 79' lang='lat' dir='ltr'><strong>Moscbopulus,</strong></span> <span class='ocrx_word' id='word_1_798' title='bbox 2700 4882 2818 4954; x_wconf 77' lang='grc' dir='ltr'><strong>Περὶ</strong></span> <span class='ocrx_word' id='word_1_799' title='bbox 2854 4877 3059 4948; x_wconf 80' lang='grc' dir='ltr'>σχιδῶν</span> <span class='ocrx_word' id='word_1_800' title='bbox 3086 4893 3098 4930; x_wconf 90' lang='lat'>:</span> <span class='ocrx_word' id='word_1_801' title='bbox 3130 4877 3374 4931; x_wconf 79' lang='grc' dir='ltr'>Πεττύκια</span> <span class='ocrx_word' id='word_1_802' title='bbox 3418 4871 3571 4951; x_wconf 79' lang='grc' dir='ltr'>Δοριᾶ</span> <span class='ocrx_word' id='word_1_803' title='bbox 3624 4877 3780 4931; x_wconf 80' lang='grc' dir='ltr'>λεπτᾶ</span> 
     </span>
    </p>
   </div>
   <div class='ocr_carea' id='block_1_110' title="bbox 2204 4967 3780 5050">
    <p class='ocr_par' dir='ltr' id='par_1_110' title="bbox 2204 4967 3780 5050">
     <span class='ocr_line' id='line_1_110' title="bbox 2204 4967 3780 5050; baseline -0.006 -20"><span class='ocrx_word' id='word_1_804' title='bbox 2204 4978 2567 5050; x_wconf 72' lang='grc' dir='ltr'><strong>περιτμήματα</strong></span> <span class='ocrx_word' id='word_1_805' title='bbox 2592 4980 2690 5027; x_wconf 85' lang='grc' dir='ltr'><strong>τῶν</strong></span> <span class='ocrx_word' id='word_1_806' title='bbox 2719 4969 3022 5046; x_wconf 81' lang='grc' dir='ltr'><strong>δερματίων,</strong></span> <span class='ocrx_word' id='word_1_807' title='bbox 3058 4967 3140 5041; x_wconf 75' lang='grc' dir='ltr'><strong>ἀφ’</strong></span> <span class='ocrx_word' id='word_1_808' title='bbox 3175 4967 3233 5024; x_wconf 74' lang='grc' dir='ltr'>οὗ</span> <span class='ocrx_word' id='word_1_809' title='bbox 3262 4971 3404 5039; x_wconf 73' lang='grc' dir='ltr'>ἡμεῖς</span> <span class='ocrx_word' id='word_1_810' title='bbox 3433 4971 3680 5024; x_wconf 74' lang='grc' dir='ltr'>πιττάκια</span> <span class='ocrx_word' id='word_1_811' title='bbox 3709 4970 3780 5021; x_wconf 73' lang='grc' dir='ltr'><strong>λέο</strong></span> 
     </span>
    </p>
   </div>
   <div class='ocr_carea' id='block_1_111' title="bbox 2199 5059 3779 5140">
    <p class='ocr_par' dir='ltr' id='par_1_111' title="bbox 2199 5059 3779 5140">
     <span class='ocr_line' id='line_1_111' title="bbox 2199 5059 3779 5140; baseline -0.006 -19"><span class='ocrx_word' id='word_1_812' title='bbox 2199 5083 2390 5140; x_wconf 75' lang='grc' dir='ltr'>’νομενε</span> <span class='ocrx_word' id='word_1_813' title='bbox 2430 5083 2448 5115; x_wconf 83' lang='grc' dir='ltr'><strong>ι</strong></span> <span class='ocrx_word' id='word_1_814' title='bbox 2476 5062 2714 5132; x_wconf 87' lang='lat' dir='ltr'><strong>Pettycia</strong></span> <span class='ocrx_word' id='word_1_815' title='bbox 2765 5061 2953 5114; x_wconf 79' lang='lat' dir='ltr'><strong>Dorice</strong></span> <span class='ocrx_word' id='word_1_816' title='bbox 2998 5061 3247 5113; x_wconf 91' lang='lat' dir='ltr'><strong>dicuntur</strong></span> <span class='ocrx_word' id='word_1_817' title='bbox 3300 5059 3476 5112; x_wconf 84' lang='lat' dir='ltr'><strong>tenuia</strong></span> <span class='ocrx_word' id='word_1_818' title='bbox 3514 5061 3779 5113; x_wconf 84' lang='lat' dir='ltr'><strong>coriorum</strong></span> 
     </span>
    </p>
   </div>
   <div class='ocr_carea' id='block_1_112' title="bbox 2203 5149 3442 5225">
    <p class='ocr_par' dir='ltr' id='par_1_112' title="bbox 2203 5149 3442 5225">
     <span class='ocr_line' id='line_1_112' title="bbox 2203 5149 3442 5225; baseline -0.006 -17"><span class='ocrx_word' id='word_1_819' title='bbox 2203 5155 2580 5225; x_wconf 70' lang='lat' dir='ltr'><strong>praesegmina,</strong></span> <span class='ocrx_word' id='word_1_820' title='bbox 2604 5151 2746 5205; x_wconf 91' lang='lat' dir='ltr'><strong>unde</strong></span> <span class='ocrx_word' id='word_1_821' title='bbox 2770 5165 2866 5203; x_wconf 87' lang='lat' dir='ltr'><strong>nos</strong></span> <span class='ocrx_word' id='word_1_822' title='bbox 2903 5149 3116 5218; x_wconf 88' lang='lat' dir='ltr'><strong>pittacia</strong></span> <span class='ocrx_word' id='word_1_823' title='bbox 3145 5149 3390 5202; x_wconf 90' lang='lat' dir='ltr'><strong>dicimus.</strong></span> <span class='ocrx_word' id='word_1_824' title='bbox 3424 5167 3442 5200; x_wconf 73' lang='grc' dir='ltr'><strong>ι</strong></span> 
     </span>
    </p>
   </div>
   <div class='ocr_carea' id='block_1_113' title="bbox 2273 5241 3776 5310">
    <p class='ocr_par' dir='ltr' id='par_1_113' title="bbox 2273 5241 3776 5310">
     <span class='ocr_line' id='line_1_113' title="bbox 2273 5241 3776 5310; baseline -0.004 -10"><span class='ocrx_word' id='word_1_825' title='bbox 2273 5247 2646 5310; x_wconf 81' lang='lat' dir='ltr'><strong>Casaubonus,</strong></span> <span class='ocrx_word' id='word_1_826' title='bbox 2681 5245 2746 5297; x_wconf 87' lang='lat' dir='ltr'><strong>ad</strong></span> <span class='ocrx_word' id='word_1_827' title='bbox 2791 5242 3150 5297; x_wconf 81' lang='lat' dir='ltr'><strong>Alexandrum</strong></span> <span class='ocrx_word' id='word_1_828' title='bbox 3180 5242 3435 5296; x_wconf 85' lang='lat' dir='ltr'><strong>Severum</strong></span> <span class='ocrx_word' id='word_1_829' title='bbox 3470 5241 3776 5308; x_wconf 83' lang='lat' dir='ltr'><strong>Lampridii,</strong></span> 
     </span>
    </p>
   </div>
   <div class='ocr_carea' id='block_1_114' title="bbox 2201 5334 3780 5399">
    <p class='ocr_par' dir='ltr' id='par_1_114' title="bbox 2201 5334 3780 5399">
     <span class='ocr_line' id='line_1_114' title="bbox 2201 5334 3780 5399; baseline -0.004 -6"><span class='ocrx_word' id='word_1_830' title='bbox 2201 5340 2313 5393; x_wconf 88' lang='lat' dir='ltr'><strong>vult</strong></span> <span class='ocrx_word' id='word_1_831' title='bbox 2343 5341 2608 5394; x_wconf 75' lang='grc' dir='ltr'>πιττάκιον</span> <span class='ocrx_word' id='word_1_832' title='bbox 2636 5336 2833 5390; x_wconf 84' lang='lat' dir='ltr'><strong>dictum</strong></span> <span class='ocrx_word' id='word_1_833' title='bbox 2863 5335 2965 5390; x_wconf 79' lang='grc' dir='ltr'><strong>ἀπὸ</strong></span> <span class='ocrx_word' id='word_1_834' title='bbox 2993 5342 3084 5394; x_wconf 73' lang='grc' dir='ltr'><strong>τῆς</strong></span> <span class='ocrx_word' id='word_1_835' title='bbox 3113 5335 3321 5394; x_wconf 83' lang='grc' dir='ltr'>πίττας.</span> <span class='ocrx_word' id='word_1_836' title='bbox 3350 5334 3484 5389; x_wconf 88' lang='lat' dir='ltr'><strong>Sunt</strong></span> <span class='ocrx_word' id='word_1_837' title='bbox 3512 5335 3678 5399; x_wconf 86' lang='lat' dir='ltr'><strong>enim,</strong></span> <span class='ocrx_word' id='word_1_838' title='bbox 3705 5334 3780 5388; x_wconf 86' lang='lat' dir='ltr'><strong>in-</strong></span> 
     </span>
    </p>
   </div>
   <div class='ocr_carea' id='block_1_115' title="bbox 2203 5426 3781 5501">
    <p class='ocr_par' dir='ltr' id='par_1_115' title="bbox 2203 5426 3781 5501">
     <span class='ocr_line' id='line_1_115' title="bbox 2203 5426 3781 5501; baseline -0.005 -14"><span class='ocrx_word' id='word_1_839' title='bbox 2203 5433 2339 5501; x_wconf 88' lang='lat' dir='ltr'><strong>quit,</strong></span> <span class='ocrx_word' id='word_1_840' title='bbox 2377 5433 2490 5499; x_wconf 91' lang='lat' dir='ltr'><strong>pice</strong></span> <span class='ocrx_word' id='word_1_841' title='bbox 2518 5429 2603 5484; x_wconf 90' lang='lat' dir='ltr'><strong>vel</strong></span> <span class='ocrx_word' id='word_1_842' title='bbox 2633 5429 2831 5482; x_wconf 85' lang='lat' dir='ltr'><strong>tnaltha</strong></span> <span class='ocrx_word' id='word_1_843' title='bbox 2861 5428 3004 5482; x_wconf 76' lang='lat' dir='ltr'><strong>illiue</strong></span> <span class='ocrx_word' id='word_1_844' title='bbox 3030 5432 3219 5482; x_wconf 83' lang='lat' dir='ltr'><strong>breves</strong></span> <span class='ocrx_word' id='word_1_845' title='bbox 3245 5428 3474 5491; x_wconf 63' lang='lat' dir='ltr'><strong>tabellae,</strong></span> <span class='ocrx_word' id='word_1_846' title='bbox 3509 5427 3562 5480; x_wconf 89' lang='lat' dir='ltr'><strong>in</strong></span> <span class='ocrx_word' id='word_1_847' title='bbox 3592 5426 3781 5494; x_wconf 86' lang='lat' dir='ltr'><strong>quibus</strong></span> 
     </span>
    </p>
   </div>
   <div class='ocr_carea' id='block_1_116' title="bbox 2203 5519 3780 5592">
    <p class='ocr_par' dir='ltr' id='par_1_116' title="bbox 2203 5519 3780 5592">
     <span class='ocr_line' id='line_1_116' title="bbox 2203 5519 3780 5592; baseline -0.005 -14"><span class='ocrx_word' id='word_1_848' title='bbox 2203 5523 2376 5592; x_wconf 87' lang='lat' dir='ltr'><strong>elogia</strong></span> <span class='ocrx_word' id='word_1_849' title='bbox 2407 5521 2804 5584; x_wconf 84' lang='lat' dir='ltr'><strong>scribebantur,</strong></span> <span class='ocrx_word' id='word_1_850' title='bbox 2825 5529 2879 5574; x_wconf 90' lang='lat' dir='ltr'><strong>et</strong></span> <span class='ocrx_word' id='word_1_851' title='bbox 2901 5519 2952 5573; x_wconf 89' lang='lat' dir='ltr'><strong>id</strong></span> <span class='ocrx_word' id='word_1_852' title='bbox 2975 5534 3143 5588; x_wconf 90' lang='lat' dir='ltr'><strong>genus</strong></span> <span class='ocrx_word' id='word_1_853' title='bbox 3167 5519 3291 5585; x_wconf 85' lang='lat' dir='ltr'><strong>alia,</strong></span> <span class='ocrx_word' id='word_1_854' title='bbox 3325 5535 3442 5588; x_wconf 68' lang='lat' dir='ltr'><strong>quae</strong></span> <span class='ocrx_word' id='word_1_855' title='bbox 3467 5519 3648 5589; x_wconf 84' lang='lat' dir='ltr'><strong>paucis</strong></span> <span class='ocrx_word' id='word_1_856' title='bbox 3661 5533 3780 5572; x_wconf 71' lang='lat' dir='ltr'><strong>ver-</strong></span> 
     </span>
    </p>
   </div>
   <div class='ocr_carea' id='block_1_117' title="bbox 2207 5611 2966 5682">
    <p class='ocr_par' dir='ltr' id='par_1_117' title="bbox 2207 5611 2966 5682">
     <span class='ocr_line' id='line_1_117' title="bbox 2207 5611 2966 5682; baseline -0.007 -13"><span class='ocrx_word' id='word_1_857' title='bbox 2207 5616 2289 5669; x_wconf 94' lang='lat' dir='ltr'><strong>bis</strong></span> <span class='ocrx_word' id='word_1_858' title='bbox 2315 5623 2534 5682; x_wconf 84' lang='lat' dir='ltr'><strong>possunt</strong></span> <span class='ocrx_word' id='word_1_859' title='bbox 2561 5611 2966 5680; x_wconf 89' lang='lat' dir='ltr'><strong>comprehendi.</strong></span> 
     </span>
    </p>
   </div>
   <div class='ocr_carea' id='block_1_118' title="bbox 2278 5707 3779 5779">
    <p class='ocr_par' dir='ltr' id='par_1_118' title="bbox 2278 5707 3779 5779">
     <span class='ocr_line' id='line_1_118' title="bbox 2278 5707 3779 5779; baseline -0.005 -13"><span class='ocrx_word' id='word_1_860' title='bbox 2278 5711 2423 5766; x_wconf 86' lang='lat' dir='ltr'><strong>Abiit</strong></span> <span class='ocrx_word' id='word_1_861' title='bbox 2450 5718 2630 5779; x_wconf 89' lang='lat' dir='ltr'><strong>postea</strong></span> <span class='ocrx_word' id='word_1_862' title='bbox 2672 5709 2934 5777; x_wconf 82' lang='lat' dir='ltr'><strong>pittacium</strong></span> <span class='ocrx_word' id='word_1_863' title='bbox 2963 5721 3055 5762; x_wconf 83' lang='lat' dir='ltr'><strong>seu</strong></span> <span class='ocrx_word' id='word_1_864' title='bbox 3088 5707 3362 5776; x_wconf 80' lang='lat' dir='ltr'><strong>pettycium</strong></span> <span class='ocrx_word' id='word_1_865' title='bbox 3392 5707 3442 5760; x_wconf 91' lang='lat' dir='ltr'><strong>in</strong></span> <span class='ocrx_word' id='word_1_866' title='bbox 3474 5707 3630 5774; x_wconf 76' lang='lat' dir='ltr'><strong>pelia,</strong></span> <span class='ocrx_word' id='word_1_867' title='bbox 3677 5720 3779 5774; x_wconf 88' lang='lat' dir='ltr'><strong>quo</strong></span> 
     </span>
    </p>
   </div>
   <div class='ocr_carea' id='block_1_119' title="bbox 2205 5797 3778 5860">
    <p class='ocr_par' dir='ltr' id='par_1_119' title="bbox 2205 5797 3778 5860">
     <span class='ocr_line' id='line_1_119' title="bbox 2205 5797 3778 5860; baseline -0.006 0"><span class='ocrx_word' id='word_1_868' title='bbox 2205 5803 2474 5860; x_wconf 67' lang='lat' dir='ltr'><strong>posterius</strong></span> <span class='ocrx_word' id='word_1_869' title='bbox 2505 5816 2678 5858; x_wconf 74' lang='lat' dir='ltr'><strong>asvum</strong></span> <span class='ocrx_word' id='word_1_870' title='bbox 2727 5802 2908 5856; x_wconf 89' lang='lat' dir='ltr'><strong>utitur.</strong></span> <span class='ocrx_word' id='word_1_871' title='bbox 2964 5799 3226 5855; x_wconf 86' lang='lat' dir='ltr'><strong>Ilenricus</strong></span> <span class='ocrx_word' id='word_1_872' title='bbox 3273 5797 3695 5860; x_wconf 72' lang='lat' dir='ltr'><strong>Rebdorﬂ&#39;ensis.</strong></span> <span class='ocrx_word' id='word_1_873' title='bbox 3729 5798 3778 5852; x_wconf 85' lang='lat' dir='ltr'><strong>in</strong></span> 
     </span>
    </p>
   </div>
  </div>
