4014 6368
271 308 380 374 485

951 316 1425 375 ONOMASTICON
1472 314 1711 371 REBUM
1756 317 1840 371 ET
1882 315 2262 372 VEIiBOilUM
2313 317 2834 380 DIFFICHJORUM.

3448 332 3554 385 ‘80

273 432 594 497 Annalibus,
631 445 771 484 anno
807 427 934 486 l'5til
967 449 978 483 :
1016 450 1035 484 ι
1065 432 1196 487 Item
1247 433 1428 486 clavus
1473 447 1593 486 cum
1647 432 1859 501 aliqiizili
1896 433 1938 490 Α
1974 447 2213 497 poseant,
2239 445 2291 488 et
2322 435 2624 489 lenticulam
2652 453 2744 503 per
2765 442 2936 493 soluat
2964 439 3234 495 biennium
3264 453 3542 512 gestans.»

274 523 419 591 petia
461 521 593 590 ligni
631 531 830 576 sanctae
869 524 1066 578 crucis.
1115 523 1242 577 Item
1273 525 1412 591 petia
1436 523 1640 577 brachii
1664 532 1862 577 sanctae

235 679 240 684 _
273 618 466 668 Annae.
498 614 624 666 Item
659 614 799 682 petia
827 613 1067 680 chordae,
1109 631 1214 682 qua
1251 615 1497 668 Christus
1534 614 1630 668 fuit
1667 614 1732 667 ad
1769 629 1862 667 eo.

272 709 511 761 lntnnaiu
537 709 746 777 ligatus.
776 725 793 760 ι
829 707 1003 762 Utitur
1031 718 1086 762 et
1111 709 1477 763 Theudoricus
1507 708 1575 762 de
1604 707 1861 777 Appoldia

273 801 589 867 praefatione
617 810 740 854 ante
771 800 943 854 Vitam
975 802 1142 854 sancti
1180 802 1462 864 Dominici,
1495 800 1527 853 5
1559 804 1695 870 Aug.

347 893 686 948 PLuuntuu.
713 893 980 960 Pelagius,
1003 893 1186 946 libello
1213 909 1300 958 vu,
1333 910 1386 946 n.
1417 894 1481 944 10
1511 907 1524 946 :
1565 909 1582 942 ι
1613 892 1675 944 Et
1707 891 1865 944 traxit

274 999 439 1035 unum
480 997 678 1050 corpus
707 982 806 1034 sub
837 992 995 1050 caput
1037 999 1194 1036 suum
1245 994 1496 1052 tanquam
1553 983 1860 1051 plumatium

271 1073 340 1127 de
365 1074 563 1141 scirpo.
589 1089 608 1122 ι
647 1071 854 1126 Glossae
902 1072 1274 1127 Griecolatinaa
1312 1075 1642 1142 πλουμάκιον,
1668 1075 1861 1145 πλουμο

270 1166 409 1235 μίαν,
459 1160 799 1230 plumacium.
828 1162 1144 1218 Anastasius
1170 1163 1225 1216 in
1254 1162 1441 1233 Sergio
1466 1181 1479 1218 :
1513 1182 1531 1215 t
1561 1162 1615 1217 In
1647 1179 1752 1232 quo
1781 1165 1862 1216 in-

272 1255 442 1308 terius
471 1253 784 1323 plumatium
813 1269 875 1309 ex
910 1253 1216 1309 holoserico
1247 1256 1664 1323 superpositum,
1707 1255 1850 1322 quod

272 1344 542 1398 stauracis
587 1344 804 1409 dicitur,
851 1346 1076 1400 invenit.
1109 1365 1128 1397 ι
1179 1343 1469 1400 Godlridus
1505 1346 1861 1403 Viterbiensis

273 1432 474 1488 Chron.
509 1443 660 1502 parte
683 1449 733 1486 ιιι
757 1450 772 1487 :

465 1542 674 1608 Ultimus
699 1543 905 1608 Assyria;
931 1555 1020 1608 rex
1047 1545 1595 1608 nomineSat-dauapala

465 1605 678 1654 Fecerat
703 1601 764 1653 ex
791 1601 949 1667 pluma
973 1605 1203 1668 plumatia
1228 1607 1423 1656 clausus
1448 1601 1500 1655 in
1523 1611 1646 1656 aula.

275 1712 470 1782 Papias
505 1734 516 1768 :
566 1731 584 1765 ι
613 1713 962 1779 Plumacium,
1013 1714 1261 1782 pulvinar
1287 1731 1315 1767 a
1363 1715 1543 1782 pluma
1591 1716 1802 1769 dicitur.
1835 1731 1855 1767 ι

1974 527 2070 583 Ubi
2108 529 2370 584 llervetns
2413 533 2642 585 novitius
2682 533 2896 586 Palladii
2923 533 3187 604 interpres
3215 552 3312 606 pro
3341 555 3546 604 poscam

1969 622 2450 696 posuit_pti.saiiam.
2493 623 2662 676 Etiam
2712 633 2864 678 vetus
2911 625 3129 679 Palladii
3155 629 3418 697 interpres
3450 633 3549 696 pti-

1966 725 2126 763 sanas
2178 712 2356 767 habet.
2414 716 2468 766 lu
2523 715 2711 768 Gramo
2755 728 2830 769 est
2885 719 3174 793 ὀξύκρατον.
3234 718 3380 783 Post,
3418 722 3554 786 apud

1966 801 2326 867 Heraclidem,
2364 821 2414 861 c.
2442 807 2550 860 ηε
2589 825 2606 858 ι
2641 808 2738 861 Per
2783 810 3043 877 reliquum
3073 809 3171 862 mi
3210 810 3289 863 sui
3341 820 3550 877 tempus

1967 909 2129 962 posca
2162 905 2217 949 et
2243 897 2388 950 sicco
2433 913 2568 966 pane
2595 909 2846 953 contenta
2881 902 3110 954 vivebat.
3148 921 3164 951 ι
3211 901 3308 955 Ubi
3345 899 3552 955 Herve-

1966 994 2050 1038 tus
2083 987 2133 1038 in
2169 986 2409 1042 Palladio
2440 1006 2538 1040 suo
2592 1004 2686 1056 pro
2733 1007 2882 1057 posca
2926 991 3145 1044 retinuit
3191 1001 3434 1060 oxycrato
3487 1007 3551 1045 ex

1966 1077 2174 1132 Grzeco.
2227 1077 2385 1133 Ceite
2440 1091 2590 1135 vetus
2643 1082 2878 1136 Lexicon
2929 1082 3344 1136 Gmcolatinum
3397 1084 3556 1137 habet

1965 1169 2283 1246 Ὀξύκρατον,
2316 1190 2489 1239 posca.
2528 1175 2729 1228 Plinius
2759 1191 2991 1244 quoque,
3026 1175 3119 1228 lib.
3153 1191 3319 1240 xxvii,
3347 1191 3446 1241 cap
3494 1175 3549 1238 4,

1964 1264 2126 1316 vertit
2153 1278 2166 1314 :
2197 1281 2216 1313 ι
2244 1263 2411 1316 Radix
2444 1263 2759 1332 decoquitur
2788 1267 2840 1318 in
2869 1280 3026 1333 posm
3052 1266 3220 1318 dolori
3250 1265 3508 1329 dentium,
3527 1284 3545 1316 ι

1965 1351 2106 1422 quod
2158 1353 2456 1407 Dioscoridi
2502 1353 2593 1407 lib.
2623 1368 2683 1418 ιι,
2720 1357 2894 1422 capite
2930 1354 3051 1420 lQD,
3083 1355 3150 1409 de
3175 1355 3426 1418 ononide,
3457 1373 3552 1409 seu

1964 1443 2194 1495 anonide
2222 1455 2301 1496 est
2329 1463 2340 1495 :
2369 1443 2703 1516 ’Λειεψηθεῐσα
2733 1445 2786 1499 δέ
2816 1450 2845 1504 ἡ
2875 1447 2989 1522 ῥίζα
3034 1448 3080 1499 ἐν
3130 1447 3412 1519 ὀξυκρατῳ,
3467 1451 3554 1502 και

1964 1530 2347 1602 διακλυζομένη.
2391 1535 2536 1587 πόνον
2587 1534 2802 1589 ὀδόντων
2848 1537 3079 1609 πραΰνει.
3127 1535 3268 1589 idem
3322 1537 3548 1600 Plinitt~,

1967 1623 2060 1678 lib.
2098 1641 2191 1689 xx,
2224 1640 2344 1694 cap.
2378 1625 2410 1677 4
2447 1642 2619 1692 poscas
2672 1627 2956 1692 meminit;
2989 1648 3005 1678 ι
3033 1627 3196 1683 Sativi
3249 1627 3467 1696 raphaui
3499 1628 3554 1682 in

1967 1731 2127 1783 posca
2152 1718 2377 1782 decocti,
2406 1731 2592 1772 contra
2622 1720 2950 1786 serpentium
2978 1735 3188 1774 morsus
3214 1721 3544 1773 illinuntur.»

273 1805 612 1860 Glossarium
658 1806 1094 1862 Camberonense
1137 1806 1238 1862 Ms.
1285 1825 1304 1858 ι
1329 1807 1601 1873 Pulvinar,
1633 1808 1860 1877 capitale
1897 1800 1939 1857 Β
1967 1807 2117 1872 Item,
2150 1809 2241 1862 lib.
2270 1825 2399 1873 xxii,
2425 1811 2601 1876 capite
2621 1808 2730 1864 :25:
2762 1827 2779 1859 ι
2810 1809 2885 1861 Ad
2911 1810 3163 1878 jocineris
3186 1809 3402 1865 dolores
3423 1825 3542 1864 eam

253 1896 598 1965 plumatum.
631 1913 649 1948 ι

353 1987 678 2041 Ρωκειιιιιιι.
744 1986 1048 2057 Palladius,
1102 2003 1222 2054 cap.
1268 1988 1374 2042 77:
1412 2007 1430 2040 ι
1465 1988 1583 2043 Vixi
1629 2005 1748 2043 cum
1799 2003 1864 2044 eo

282 2092 426 2130 anno
469 2091 575 2131 uno
618 2079 667 2130 in
703 2079 1007 2146 Bethleem,
1060 2079 1274 2148 quando
1316 2079 1455 2133 sedit
1481 2081 1616 2135 ultra
1650 2081 1862 2135 l’temc-

280 2169 452 2221 nium.
479 2187 496 2218 ι
523 2171 775 2232 Σννέζςσα
796 2171 896 2242 γὰρ
921 2170 1021 2242 ὶγὼ
1044 2172 1210 2240 τούτῳ
1235 2171 1320 2225 ἐπί
1341 2168 1452 2232 ἔτος
1479 2170 1530 2224 ἓν
1557 2173 1604 2226 ἐν
1631 2173 1863 2244 Βηθλεέμ,

273 2263 492 2322 ὁπηνίκα
511 2265 767 2328 ἐκαθέζετο
796 2265 1023 2319 ἐπέκεινα
1045 2271 1146 2320 τῶν
1176 2270 1461 2329 Ποιμενίου.
1485 2263 1748 2320 Meursius
1781 2265 1864 2319 hic

275 2366 423 2409 notat
449 2371 465 2410 :
492 2355 744 2424 lntelligit
789 2355 1174 2409 monasterium
1207 2355 1418 2410 abbatis
1450 2355 1738 2420 Pmtnenis,
1769 2370 1865 2410 cu-

275 2448 363 2516 ius
410 2448 653 2502 meminit
699 2447 932 2503 Joannes
982 2448 1232 2504 Moschus
1264 2449 1553 2504 Limonarii
1587 2465 1704 2515 cap.
1739 2451 1862 2504 l67.

277 2534 349 2590 ita
376 2538 486 2592 ille.
521 2538 590 2592 Ut
633 2538 809 2602 video,
861 2539 1020 2593 etiam
1075 2539 1204 2594 viris
1258 2541 1388 2594 alias
1441 2541 1865 2610 diligentissimis

277 2642 432 2682 error
474 2629 612 2683 latus
649 2629 882 2700 obrepit.
919 2629 1138 2685 Pcemen
1170 2630 1392 2684 Palladii
1419 2633 1623 2699 aliquot
1654 2634 1867 2687 sarculis

281 2718 446 2772 disrat
473 2735 501 2773 a
546 2719 800 2776 Paamene
832 2721 1056 2775 Moschi.
1091 2721 1189 2776 llic
1217 2721 1414 2775 Moschi
1445 2722 1716 2776 solitarius
1748 2722 1866 2787 fuit,

281 2811 527 2866 alterille
558 2813 800 2877 Palladii,
850 2813 1040 2867 abbas.
1075 2814 1138 2868 Et
1165 2814 1379 2882 quidem
1425 2813 1494 2868 de
1522 2806 1736 2868 neutro
1780 2815 1865 2868 hic

281 2901 475 2970 agitur,
510 2903 602 2958 sed
627 2903 942 2958 Paemenium
967 2904 1053 2958 hic
1083 2913 1166 2958 est
1193 2905 1340 2958 locus
1369 2905 1509 2973 apud
1537 2905 1806 2959 Bethleem
1833 2920 1859 2956 a

283 2995 586 3062 pastoribus
615 2996 688 3049 ita
713 2998 906 3062 dictus,
934 2996 1024 3049 ubi
1049 3006 1410 3064 apparuerunt
1450 2999 1530 3052 eis
1553 2997 1751 3066 angeli,
1776 2996 1864 3065 qui

285 3101 389 3140 non
425 3087 611 3154 procul
657 3102 684 3139 a
739 3087 1012 3142 Bethleem
1046 3088 1298 3154 distabat,
1331 3100 1385 3140 nt
1417 3089 1501 3141 hic
1532 3098 1770 3158 apparet,
1813 3099 1865 3141 et

1973 1900 2226 1967 (farinam
2278 1899 2488 1969 hordei}
2532 1915 2652 1953 cum
2689 1916 2844 1968 posca
2874 1901 3134 1969 concoqui
3166 1916 3300 1969 opus
3327 1909 3427 1966 est,
3460 1909 3554 1955 aut

1971 2007 2092 2046 cum
2137 1991 2282 2046 vino.
2317 2011 2334 2044 ι
2386 1993 2452 2047 Et
2496 2009 2691 2046 nomen
2723 1993 2825 2046 hoc
2853 1994 3131 2061 aliquoties
3159 1993 3347 2046 eodem
3380 1994 3556 2061 capite

1969 2085 2181 2152 repetit.
2231 2083 2406 2148 ldem,
2464 2084 2600 2138 libro
2649 2101 2774 2147 xxx,
2828 2098 2945 2152 cap.
2976 2084 3050 2141 7:
3089 2084 3373 2138 «Tormina
3401 2095 3557 2138 sanat

1971 2172 2254 2240 palumbus
2282 2172 2449 2239 ferus,
2482 2187 2544 2226 ex
2579 2188 2740 2241 posca
2769 2173 3046 2228 decoctus.
3079 2190 3097 2224 ι
3143 2173 3431 2228 Suetonius
3464 2172 3548 2226 Vi-

1971 2265 2140 2326 tellio,
2195 2264 2370 2331 capite
2421 2280 2527 2317 xu:
2567 2264 2743 2317 «Cum
2777 2263 3009 2318 I‘uteolis
3048 2278 3266 2332 poscam
3311 2263 3548 2316 venden~

1973 2367 2078 2410 tem
2146 2355 2619 2425 deprehendisset.
2658 2374 2676 2406 ι
2731 2355 3087 2422 Spartianus,
3137 2354 3189 2406 in
3237 2353 3550 2406 Hadriano:

1975 2449 2172 2502 «Cibis
2236 2448 2397 2502 etiam
2459 2447 2824 2500 castrensibus
2877 2447 2931 2499 in
2991 2445 3270 2513 propatulo
3323 2444 3553 2499 libenter

1972 2550 2148 2604 utens,
2190 2539 2289 2592 hoc
2317 2549 2419 2604 est,
2449 2539 2637 2601 larido,
2671 2553 2848 2602 caseo,
2883 2548 2933 2592 et
2959 2551 3138 2606 posca,
3167 2537 3413 2606 exemplo
3434 2536 3551 2592 Scio

1970 2633 2144 2702 pionis
2166 2631 2463 2696 Ettiiliani,
2491 2641 2545 2684 et
2575 2630 2792 2694 Metelli,
2821 2640 2874 2684 et
2898 2630 3129 2684 auctoris
3160 2631 3241 2682 sui
3273 2629 3544 2698 Traiani.)

1969 2722 2247 2778 Cornelius
2277 2722 2489 2787 Celsus,
2521 2721 2655 2775 libro
2685 2737 2739 2774 ιιι
2768 2737 2781 2773 :
2819 2738 2836 2772 ι
2869 2721 2988 2773 Dari
3023 2728 3198 2789 potest
3229 2720 3433 2783 intrita,
3466 2719 3551 2774 vel

1969 2829 2034 2867 ex
2077 2828 2210 2883 aqua
2258 2813 2449 2876 calida,
2484 2812 2565 2865 vel
2597 2827 2662 2866 ex
2702 2827 2882 2880 posca.
2911 2830 2928 2862 ι
2982 2811 3283 2865 Alexander
3325 2808 3552 2864 Trallia-

1973 2921 2095 2966 nus,
2151 2904 2285 2957 libro
2335 2917 2391 2955 ιιι
2423 2910 2662 2976 ιΠάρεχε
2702 2902 2756 2957 δέ
2805 2905 2942 2972 αὑυῷ
2972 2907 3074 2976 πρὸ
3104 2906 3294 2979 ἡμέρας
3317 2906 3552 2975 εὐπέπτῳ

1970 2993 2094 3060 ὄντι,
2116 2995 2146 3054 ἦ
2171 2998 2240 3057 εἰς
2267 2996 2500 3068 ῥοσὰτον,
2531 2995 2561 3053 ἦ
2585 2996 2653 3054 εἰς
2683 2996 2937 3066 pedum:
3000 3013 3018 3046 ι
3050 2993 3224 3050 Pridie
3271 2997 3404 3051 bene
3459 3011 3554 3051 ex-

1969 3097 2178 3142 ciictnm
2211 3087 2422 3154 impone
2451 3093 2634 3138 rosato
2665 3087 2745 3139 vel
2779 3101 2974 3153 poscae.
3005 3105 3024 3139 ι

285 3185 510 3231 testatur
556 3177 911 3248 Hieronymus
962 3182 1187 3247 epistola
1237 3181 1328 3240 27.
1373 3182 1438 3234 ad
1475 3181 1817 3234 Eustochium
1851 3197 1862 3232 :
1893 3185 1940 3248 C
2046 3179 2393 3234 Confundunt
2440 3178 2678 3246 plerique
2719 3181 3052 3248 grammatici
3087 3191 3138 3234 et
3170 3179 3557 3250 Lexicographi

296 3288 314 3319 ι
349 3268 497 3321 llaud
551 3270 734 3336 procul
781 3269 905 3323 inde
937 3270 1230 3338 Bethleem,
1263 3256 1540 3326 descendit
1568 3276 1630 3323 ad
1664 3280 1862 3324 turrem

285 3358 449 3423 Ader,
481 3358 531 3411 id
556 3367 658 3423 est,
684 3361 888 3431 gregis;
927 3361 1076 3431 juxta
1109 3377 1266 3432 quam
1298 3363 1465 3416 .Iacob
1497 3365 1640 3433 pavit
1671 3378 1867 3432 greges

284 3463 414 3503 suos
464 3449 618 3518 (Gen.
669 3453 899 3520 xxxvii),
931 3463 984 3506 et
1017 3466 1256 3520 pastores
1287 3465 1442 3510 nocte
1464 3455 1743 3523 vigilantes
1773 3470 1868 3508 au-

287 3539 402 3593 dire
426 3554 770 3596 meruerunt:
796 3542 975 3597 Gloria
999 3543 1049 3596 in
1067 3545 1293 3598 excelsis
1321 3546 1454 3598 Deoi
1476 3545 1865 3615 (Lucieti),etc.

290 3634 452 3686 Distat
479 3633 592 3686 hiet:
614 3637 775 3688 turris
798 3635 942 3688 mille
968 3635 1211 3702 passibus
1232 3651 1260 3688 a
1291 3636 1589 3699 Bethleem,
1624 3636 1710 3688 ubi
1738 3644 1866 3689 tem-

289 3727 432 3794 plum
464 3735 702 3779 erectum
725 3736 804 3779 est
827 3726 895 3779 ab
919 3726 1139 3790 Helena,
1161 3727 1234 3779 uti
1258 3736 1486 3780 testatur
1518 3727 1868 3795 Nicepliorus,

289 3816 387 3868 lib.
429 3829 546 3878 vni,
577 3830 698 3881 cap.
721 3812 812 3868 50.
847 3815 1175 3883 Epiphanius
1214 3816 1526 3883 Monachus,
1568 3817 1621 3870 in
1655 3816 1874 3870 Itinera-

294 3910 376 3960 rio
430 3906 928 3977 Jerosolymitano:
971 3907 1089 3961 «Ad
1141 3909 1412 3962 Orientem
1467 3907 1741 3962 Bethleem
1791 3917 1876 3962 est

289 4000 566 4054 conditum
589 4001 995 4066 monasterium,
1020 4001 1160 4068 quod
1189 4001 1383 4055 dicitur
1403 4000 1580 4066 Ovile,
1613 4001 1700 4054 tibi
1727 4000 1874 4054 visus

291 4107 374 4154 est
425 4102 648 4168 angelus
697 4098 1020 4166 pastoribus,
1068 4097 1307 4167 dixitque
1355 4097 1487 4167 ipsis
1530 4115 1543 4149 :
1597 4097 1874 4154 Cessatea

289 4191 543 4261 gregibus
592 4189 979 4245 custodiendis.
1022 4189 1262 4245 Clamate
1310 4190 1669 4245 celebrantes.
1701 4209 1720 4241 ι
1774 4188 1874 4243 Vix

290 4284 500 4350 dubito,
532 4284 659 4354 quin
691 4284 742 4336 in
775 4285 966 4337 ϐιωρο
998 4281 1164 4337 fuerit
1191 4284 1464 4354 Ποιμένιον,
1495 4281 1547 4336 id
1580 4267 1683 4347 est,
1726 4282 1874 4336 ovile.

367 4379 637 4431 POLLU'I’IO
664 4390 963 4431 uocrunm.
986 4375 1276 4442 Palladius,
1297 4389 1416 4445 cap.
1445 4375 1536 4442 εξ,
1571 4375 1636 4429 de
1667 4373 1878 4445 1048

299 4469 508 4540 Moyse,
559 4469 647 4537 qui
698 4469 837 4521 latro
884 4464 1077 4533 fuerat,
1125 4467 1365 4536 turpibus
1413 4467 1634 4521 somniis
1665 4477 1873 4530 vexato,

1972 3274 2301 3328 recentiores
2335 3288 2566 3342 poscam,
2598 3287 2717 3326 cum
2749 3273 2860 3325 lora
2890 3275 2971 3328 vel
3003 3274 3185 3344 zytho,
3210 3290 3342 3342 quos
3370 3275 3556 3330 redar-

1976 3368 2089 3438 guit
2121 3367 2395 3433 Brodacus,
2425 3366 2559 3418 libro
2587 3381 2659 3429 tv,
2691 3365 3007 3433 Miscellan.,
3036 3382 3153 3434 cap.
3180 3383 3235 3422 ιι.
3273 3366 3326 3420 In
3359 3368 3544 3420 eadem

1971 3461 2225 3527 Opinione
2267 3457 2362 3513 fuit
2387 3459 2546 3512 etiam
2588 3469 2774 3512 auctor
2816 3459 3072 3512 Glossarii
3103 3459 3554 3512 Camheronensis

1974 3551 2342 3619 manuscripti,
2388 3550 2514 3603 dum
2557 3550 2631 3604 ait
2658 3573 2670 3602 .
2701 3568 2721 3600 ι
2747 3550 2938 3615 Pusca,
2968 3550 3145 3602 vinum
3181 3549 3495 3604 secundum.
3531 3566 3550 3599 ι

1978 3645 2172 3698 Vinum
2221 3656 2400 3698 autem
2451 3642 2782 3704 secundum,
2835 3655 2925 3694 seu
2970 3639 3362 3703 secundarium,
3427 3638 3557 3691 nihil

1975 3736 2117 3790 aliud
2146 3745 2229 3790 est
2257 3752 2413 3804 quam
2445 3735 2577 3788 lora.
2608 3734 2743 3799 Quid
2781 3734 2957 3785 vinum
2999 3730 3291 3784 secundum
3335 3729 3406 3781 sit
3456 3742 3555 3780 ex-

1981 3829 2140 3896 plicat
2166 3828 2304 3881 idem
2351 3828 2724 3881 Glos~arinm:
2765 3846 2781 3877 ι
2808 3824 2957 3878 Aciui
3011 3825 3258 3876 dicuntur
3307 3821 3558 3891 projectte

1978 3934 2198 3972 uvarum
2230 3917 2491 3984 reliquiar,
2525 3927 2579 3971 et
2609 3918 2727 3970 ideo
2756 3918 2976 3984 corripit
3011 3914 3378 3984 peuultimam.
3413 3915 3553 3979 Quo-

1980 4011 2122 4066 niam
2167 4023 2272 4062 non
2310 4009 2377 4062 de
2406 4009 2641 4072 nomine,
2695 4007 2790 4062 sed
2839 4007 2905 4062 de
2951 4005 3114 4062 verbo
3162 4005 3434 4059 derivatur
3463 4006 3563 4057 hoc

1981 4112 2211 4164 nomen;
2242 4098 2328 4152 hic
2355 4099 2563 4162 acinus,
2608 4097 2762 4166 hujus
2806 4097 2964 4150 acini.
2999 4096 3221 4149 Acinum
3263 4109 3391 4149 vero
3432 4108 3562 4147 neu-

1981 4193 2187 4247 traliter
2236 4191 2454 4252 dicitur,
2512 4206 2612 4259 qua
2667 4191 2910 4243 lavantur
2940 4202 3059 4242 uvte
3093 4197 3210 4256 pOst
3251 4199 3562 4253 expressum

1980 4283 2162 4336 vinum
2190 4299 2204 4348 ;
2239 4283 2449 4336 acinum
2477 4282 2701 4346 dictum,
2729 4283 2880 4350 quasi
2911 4279 3161 4348 aquidum
3194 4318 3208 4342 ,
3241 4288 3564 4343 vocaturque

1980 4389 2164 4429 mium
2197 4373 2514 4435 secundum,
2547 4381 2602 4426 et
2627 4382 2709 4426 est
2738 4378 2889 4440 potus
2915 4387 3216 4426 servorum.

2054 4464 2190 4530 Quid
2235 4478 2395 4530 posca
2435 4478 2530 4516 seu
2561 4465 2755 4535 φούσκα
2793 4464 2882 4526 sit,
2924 4461 3155 4529 explicat
3186 4460 3434 4514 Pha‘nton
3464 4457 3567 4528 Cy-

291 4562 382 4629 qui
437 4560 506 4614 ob
549 4574 666 4613 eam
717 4573 934 4612 causam
985 4556 1335 4612 sacramentis
1384 4556 1706 4623 absunebat,
1755 4571 1869 4610 cum

1988 4555 2230 4623 llosopltii
2276 4569 2392 4622 cap.
2427 4554 2456 4606 7
2486 4570 2501 4610 :
2526 4555 2726 4608 ψούσκα
2769 4552 2823 4608 δέ
2865 4556 3002 4608 ἐστιν
3027 4549 3159 4618 ὅξος,
3184 4555 3264 4604 καὶ
3292 4549 3428 4623 ὕδωρ
3455 4549 3568 4620 Θερ-

293 4668 416 4705 eum
471 4650 705 4704 Isidorus
753 4649 1031 4720 presbyter
1081 4651 1146 4701 ab
1199 4650 1267 4702 iis
1316 4649 1617 4712 liberasset,
1667 4649 1741 4701 ait
1785 4647 1877 4700 ei:

300 4759 318 4792 ι
353 4743 505 4795 Bono
542 4741 800 4809 deinceps
828 4749 883 4796 et
914 4740 1098 4794 ﬁdenti
1129 4739 1308 4794 animo
1338 4741 1672 4794 communica
1701 4753 1880 4791 sacra-

296 4832 518 4887 mentis.
553 4849 572 4883 ι
610 4831 761 4886 Unde
787 4838 1009 4900 apparet
1037 4831 1162 4884 olim
1192 4846 1255 4885 ex
1281 4829 1533 4899 religioso
1565 4830 1744 4882 animo
1773 4829 1881 4898 ple-

294 4939 496 4992 rosque
545 4924 923 4977 communione
971 4921 1294 4975 abstinuisse
1323 4935 1441 4974 cum
1475 4920 1645 4988 turpia
1675 4915 1882 4972 somnia

293 5025 351 5070 et
393 5014 620 5084 pollutio
668 5025 931 5069 nocturna
964 5013 1029 5067 iis
1065 5012 1132 5065 de
1172 5021 1330 5066 nocte
1367 5011 1703 5079 obtigissent.
1751 5008 1880 5062 Vide

293 5109 612 5164 Cassianum
643 5117 892 5163 accurate
919 5105 970 5159 in
1001 5118 1315 5160 nocturnam
1359 5101 1662 5158 illusionem
1708 5101 1883 5170 inqui-

297 5212 532 5268 rciitein,
575 5202 756 5257 collat.
796 5215 927 5267 χιιι,
956 5201 1130 5268 capite
1156 5200 1210 5266 4,
1241 5199 1295 5264 5,
1328 5198 1380 5253 6.
1416 5199 1613 5253 Dubius
1637 5198 1795 5252 etiam
1830 5197 1880 5250 in

299 5296 402 5350 hac
443 5310 502 5350 re
548 5296 700 5349 haesit
747 5292 1077 5364 Augustinus
1117 5293 1406 5362 Anglorum
1447 5292 1742 5361 apostolus,
1794 5291 1884 5360 qui

296 5389 620 5457 Gregorium
671 5384 859 5456 papam
911 5385 1034 5440 ideo
1079 5386 1347 5440 consuluit
1376 5384 1515 5454 apud
1547 5384 1882 5446 Gratianum,

296 5477 434 5532 dist.
464 5477 520 5542 6,
550 5492 669 5546 cap.
715 5477 1116 5530 Testamentum.
1162 5476 1304 5531 loter
1349 5475 1706 5531 Scholasticos
1753 5488 1884 5528 con-

297 5567 424 5621 sule
447 5567 739 5634 principem
764 5565 1224 5620 Scholasticorum
1247 5566 1427 5620 divum
1452 5564 1710 5618 Thomam
1732 5563 1889 5632 Aqui-

297 5668 506 5722 natem,
535 5673 590 5711 ιιι
619 5665 788 5727 parte,
819 5657 911 5721 80,
944 5665 1044 5711 art.
1073 5657 1127 5709 7.

304 5781 308 5785 -
374 5750 568 5807 Posce.
602 5749 933 5814 Heraclides,
979 5750 1152 5818 capite
1193 5747 1306 5802 9.5:
1347 5767 1363 5799 ι
1391 5749 1546 5804 Olera
1597 5755 1799 5805 tantum
1834 5755 1889 5802 et

1989 4640 2292 4715 μὸν,καὶῶα
2313 4642 2444 4698 δύοζ
2477 4662 2494 4692 ι
2519 4644 2613 4696 Est
2655 4647 2851 4709 ptiusca
2902 4657 2997 4696 seu
3045 4655 3227 4710 posca,
3281 4649 3486 4693 acetum
3517 4647 3570 4689 et

1986 4751 2122 4803 aqua
2145 4734 2340 4798 calida,
2373 4743 2428 4788 et
2459 4749 2555 4785 ova
2601 4735 2728 4786 duo.
2765 4750 2782 4784 ι
2829 4732 2905 4785 lta
2951 4731 3165 4800 quidem
3217 4730 3304 4783 ille
3354 4743 3567 4796 poscam

1987 4833 2135 4894 aptat
2164 4839 2260 4892 pro
2284 4823 2523 4878 remedio
2544 4825 2713 4890 cauis,
2737 4824 2824 4893 qui
2844 4821 3238 4876 incaluit.Alias
3263 4835 3422 4889 posca
3442 4822 3542 4873 sim

1989 4919 2198 4988 pliciter
2219 4926 2300 4971 est
2322 4918 2465 4988 potio
2487 4934 2550 4971 ex
2573 4932 2722 4986 aquzc
2743 4916 2984 4984 acetique
3011 4916 3238 4968 mixtura
3257 4922 3569 4981 temperata,

1987 5025 2108 5079 qua:
2152 5009 2410 5063 militibus
2443 5009 2494 5062 in
2528 5024 2650 5072 usu,
2685 5023 2801 5077 qua!
2826 5023 2969 5076 saepe
2999 5007 3164 5059 solius
3193 5006 3327 5060 aceti
3358 5007 3571 5059 nomine

1987 5099 2325 5169 exprimitur.
2373 5095 2946 5164 Plautus,'ﬂudente:
2985 5097 3132 5151 «Sed
3180 5097 3266 5151 hic
3307 5112 3398 5151 rex
3451 5114 3571 5150 cum

1988 5205 2142 5251 aceto
2173 5210 2463 5264 pransurus
2493 5203 2575 5249 est
2601 5203 2655 5249 et
2679 5195 2805 5248 sale.
2844 5212 2860 5244 ›
2896 5191 3231 5262 Spartianus,
3261 5192 3312 5245 in
3348 5190 3570 5244 Pescen-

1991 5289 2317 5346 nio:.lussit
2365 5290 2546 5342 vinum
2581 5291 2632 5342 in
2664 5288 3005 5354 expeditione
3058 5287 3321 5340 neminem
3368 5283 3573 5347 bibere,

1993 5382 2087 5437 sed
2139 5391 2292 5436 aceto
2341 5380 2622 5433 universos
2651 5394 2772 5433 esse
2800 5389 3104 5433 contentos.
3134 5395 3152 5430 ι
3191 5375 3488 5440 Vulcatius,
3521 5374 3576 5429 in

1995 5473 2224 5528 Avidio:
2257 5492 2275 5525 (
2301 5471 2501 5526 Praeter
2552 5471 2800 5535 laridum,
2851 5482 2906 5525 et
2951 5469 3328 5534 buccellatum,
3366 5478 3421 5522 et
3451 5480 3577 5522 acc-

1993 5572 2126 5617 tum.
2152 5583 2169 5613 ιν

2065 5654 2219 5708 Aliud
2266 5655 2456 5723 opinor
2487 5661 2680 5724 φοῦσκα
2720 5653 3064 5722 Moschopulo
3090 5670 3102 5705 :
3132 5655 3323 5710 Φύσκη.
3353 5650 3384 5706 ἦ
3406 5651 3579 5706 κοινῶς

1991 5756 2219 5820 φοῦσκαε
2245 5746 2469 5818 Physca,
2494 5747 2771 5817 uulgariter
2801 5747 3014 5816 pluma.
3048 5747 3129 5799 An
3162 5741 3408 5811 intelligit
3436 5737 3576 5808 quod
