4014 6368
562 350 663 403 ιςγ

1264 346 1736 406 JNOMASTICON
1778 344 2014 400 κειιωι
2060 341 2144 397 ET

2250 338 2568 398 ERBUllUH
2611 343 3135 401 DIFFICIUORUM.
3688 352 3774 410 888

562 466 850 537 liesycltio,
875 465 1058 537 φύσκη,
1081 465 1260 528 κοιλία.
1284 468 1364 519 καὶ
1382 464 1438 520 τὸ
1459 464 1606 532 παχὺ
1631 460 1856 534 Ῑντιρονε
1883 476 1900 507 t
1923 458 2142 527 physca,

2253 469 2442 508 nomen
2467 470 2607 521 esse,
2640 457 2707 510 ab
2733 456 2880 509 hasta
2912 457 3231 520 derivatum,
3276 456 3423 524 quasi
3465 458 3555 526 qui
3599 460 3772 518 hastam

561 560 892 616 ventriculus
918 566 973 613 et
998 560 1236 612 crassius
1266 557 1600 618 intestinum,
1633 572 1653 605 ι
1690 554 1773 607 vel
1799 551 1941 622 quod
1970 550 2140 604 Coro-

558 667 645 705 nte
677 652 943 719 pretiosae,
966 657 1182 723 φοῦσκα,
1213 650 1394 708 vesica,
1425 645 1621 705 κίστητ

634 746 1036 799 Posrutttstuu.
1089 740 1207 795 Vita
1263 738 1481 801 Malchi,
1531 752 1672 790 num.
1703 734 1773 789 ιε
1810 752 1829 785 ‹
1861 733 1970 803 Ego
1994 730 2138 787 enim

562 837 724 907 longo
773 836 1099 904 postliminio
1151 833 1521 888 increditarius
1551 844 1852 899 possessor.
1881 845 1901 880 ι
1938 826 2048 880 Vox
2078 839 2139 878 ea

564 927 894 997 Hieronymo
938 926 1133 992 stt-pius
1178 935 1457 990 usurpata.
1505 921 1672 985 idem,
1725 921 1882 987 epist.
1932 916 2020 983 12,
2072 914 2139 969 ad

563 1016 960 1071 Gaudentium:
992 1034 1010 1067 ι
1035 1016 1101 1069 Et
1129 1024 1246 1083 post
1293 1028 1452 1068 neces
1489 1012 1805 1074 amicorum,
1842 1012 2141 1075 luctumque

565 1116 899 1177 perpetuum,
937 1104 1124 1159 infanti
1159 1119 1347 1169 senex,
1384 1103 1547 1171 longo
1574 1099 1905 1171 postliminio
1934 1097 2139 1149 scribe-

563 1214 697 1252 rem.
724 1216 742 1248 ι
796 1198 958 1260 ldem,
1006 1192 1212 1263 prarl'at.
1265 1204 1555 1248 comment.
1590 1194 1640 1245 in
1672 1192 1860 1245 Jonam
1890 1206 1903 1243 :
1935 1208 1953 1240 ι
1978 1188 2142 1257 igitur

565 1296 711 1341 tanto
734 1296 853 1354 post
879 1297 1139 1355 tempore,
1167 1285 1318 1353 quasi
1341 1284 1570 1353 quodam
1599 1282 1928 1353 postliminio
1953 1296 1983 1332 a
2005 1279 2139 1334 Jona

564 1376 949 1443 interpretandi
1000 1374 1208 1428 initium
1257 1390 1499 1428 sumens.
1533 1391 1551 1424 ι
1609 1374 1772 1438 Idem,
1824 1376 1876 1426 in
1922 1372 2140 1439 prologo

562 1458 762 1521 JoSue:
810 1483 829 1517 ι
863 1466 930 1519 Et
949 1465 1208 1519 omissum
1232 1465 1342 1533 jam
1381 1465 1472 1519 diu
1521 1480 1656 1535 Opus
1710 1463 1859 1533 quasi
1911 1462 2141 1532 quodam

565 1558 894 1626 postliminio
930 1567 1195 1625 repetere.
1227 1575 1245 1607 ι
1276 1559 1523 1610 Occurrit
1547 1558 1852 1624 frequenter
1880 1555 2019 1622 apud
2048 1553 2143 1608 Ju-

565 1650 920 1703 risconsultos
946 1664 959 1699 :
990 1647 1120 1701 Vide
1145 1647 1373 1701 Lexicon
1406 1646 1680 1699 Brissonii.
1715 1645 1851 1707 ϐία..
1886 1636 1982 1713 pro
2009 1643 2142 1697 Cor-

565 1744 708 1798 nelio
739 1742 903 1796 Balbo
930 1758 944 1795 :
975 1740 1112 1807 Quid
1141 1741 1184 1793 si
1218 1740 1323 1793 civi
1354 1739 1595 1792 Romano
1650 1740 1774 1793 licet
1819 1751 1937 1789 esse
1975 1733 2142 1791 Gadi-

2243 558 2338 597 sen
2370 555 2585 599 contum
2619 547 2821 612 regium
2856 545 3052 608 ferret;
3102 546 3196 600 sed
3245 546 3497 615 imposuit
3536 548 3604 602 illi
3644 551 3775 605 libra-

2244 634 2440 688 riorum
2490 638 2754 706 sequioris
2782 638 2879 690 aevi
2913 651 3061 699 mos,
3094 636 3183 705 qui
3217 637 3463 704 pleraque
3489 639 3772 706 aspirabant.

2245 725 2479 795 Epistula
2525 725 2813 780 Iustiniani
2858 727 2987 795 imp.
3015 726 3081 780 ad
3120 726 3413 781 Placidium
3440 744 3453 778 :
3485 745 3502 777 ι
3532 729 3648 781 Cum
3674 745 3774 799 por-

2247 821 2426 883 tubus,
2466 818 2641 888 aquis,
2693 833 3021 888 aquarumve
3060 819 3396 884 decursibus,
3429 819 3596 882 silvis,
3628 837 3774 886 proas-

2244 908 2356 963 tiis.
2379 928 2397 961 ι
2416 907 2738 978 Germanus,
2772 911 2826 963 in
2840 910 3070 964 Sancitis
3090 925 3103 961 :
3127 904 3224 981 κᾷν
3250 910 3591 986 προάστειωῆ
3616 933 3774 980 μανεισ-

2240 1020 2433 1075 τηριον.

2324 1090 2535 1161 1049
2572 1090 2995 1145 Pnorocoutrss.
3027 1094 3446 1167 Πρωτοκωμίτης,
3486 1096 3663 1159 primus
3703 1110 3773 1148 seu

2243 1184 2475 1251 princeps
2504 1181 2645 1251 pagi.
2681 1180 2964 1247 Palladius,
2998 1180 3267 1239 Laosiaca:
3313 1182 3548 1237 historiae
3574 1199 3679 1253 cap.
3704 1184 3771 1249 64,

2246 1274 2297 1327 in
2343 1272 2638 1339 Papltttulio
2668 1290 2681 1324 :
2710 1275 2797 1327 Ital
2840 1272 2991 1328 πάλιν
3020 1277 3149 1343 φωνή
3179 1294 3256 1335 τις
3283 1276 3451 1345 γέγονε
3495 1283 3615 1349 πρὸς
3661 1278 3775 1330 αὐτὸν

2243 1368 2353 1421 θεία
2379 1368 2617 1439 λέγουσαν
2646 1362 2848 1425 "Enixa;
2871 1373 2944 1435 τῷ
2969 1374 3059 1435 τῇς
3086 1366 3295 1423 πλησίον
3323 1370 3491 1438 κώμης
3510 1388 3772 1442 πρωτοκωμ.

2244 1460 2346 1530 ἄτῃ.
2377 1458 2505 1523 Qua:
2534 1461 2602 1510 ita
2632 1458 2791 1511 vertit
2816 1455 3083 1510 Hervetus
3115 1472 3130 1510 ε
3163 1474 3183 1507 t
3218 1456 3281 1510 Et
3309 1472 3493 1512 rursus
3516 1474 3607 1510 vox
3634 1459 3774 1511 divina

2248 1551 2313 1605 ad
2341 1565 2459 1604 eum
2482 1549 2616 1603 facta
2642 1558 2754 1606 est:
2772 1549 2840 1601 Es
2864 1548 3058 1603 similis
3088 1549 3245 1602 vicini
3279 1550 3395 1618 pagi
3423 1550 3771 1617 protocomitin

2247 1643 2408 1697 Recte
2439 1640 2700 1704 Ruiiintls,
2735 1639 2828 1693 lib.
2870 1654 2941 1700 lt.
2998 1652 3118 1707 cap.
3173 1638 3258 1703 16,
3287 1641 3664 1713 πρωτοκωμίτην
3686 1655 3776 1693 ver-

2248 1732 2313 1787 tit
2348 1731 2652 1802 primarium
2699 1730 2816 1783 vici.
2869 1730 3040 1794 Alius,
3086 1738 3418 1799 protocomes,
3469 1730 3775 1804 πρωτοκόμης,

561 1842 769 1897 tanutn,
800 1833 914 1887 sive
943 1833 1155 1893 exsilio.
1185 1832 1298 1886 sive
1329 1831 1675 1900 postliminio,
1710 1830 1825 1884 sive
1847 1826 2140 1897 rejectione
2174 1814 2220 1873 Β
2245 1824 2470 1892 primm.
2499 1836 2592 1876 seu
2616 1822 2849 1890 ρτὺιοερι
2876 1821 3116 1874 εοηιίικηι
3139 1862 3154 1884 ς
3178 1835 3297 1889 qua!
3323 1820 3550 1886 dignitas
3576 1833 3676 1873 eral
3707 1837 3775 1874 οο-

565 1923 724 1993 ltujus
755 1925 1008 1978 civitatis.
1041 1922 1379 1987 Prudentius,
1410 1922 1464 1975 in
1495 1921 1889 1989 llamartigcnia
1917 1937 1930 1973 :

748 2034 887 2098 Tunc
911 2034 1204 2096 postliminio
1230 2036 1526 2085 redeuntem
1551 2036 1750 2098 suscipit
1774 2032 1874 2083 alto

743 2095 870 2146 Caua
891 2095 1011 2143 lides
1034 2097 1243 2156 gremio.

563 2199 893 2264 Lactantius,
927 2200 1021 2255 lib.
1055 2216 1127 2265 tv,
1156 2215 1275 2268 cap.
1305 2200 1376 2253 22
1402 2217 1417 2256 :
1445 2200 1500 2256 Si
1545 2200 1666 2270 quis
1712 2200 1781 2256 ab
1827 2199 2011 2256 inieris
2052 2213 2139 2255 ro-

562 2290 719 2344 diens
751 2290 1075 2359 postliminio
1100 2293 1260 2345 vitam
1291 2293 1598 2359 recepisset.

633 2378 1032 2433 anrxcrum.
1076 2380 1238 2434 Vetus
1293 2381 1509 2435 Palladii
1558 2380 1834 2449 [.ansiaca,
1884 2396 2004 2450 cap.
2053 2382 2139 2447 15,

564 2469 628 2523 tle
667 2468 934 2539 Evagrio:
973 2488 991 2521 ι
1022 2469 1201 2524 Adfuit
1242 2472 1291 2524 ei
1342 2472 1581 2541 angelica
1623 2472 1861 2527 visitatio
1892 2472 1943 2526 in
1975 2475 2135 2527 sche-

566 2571 710 2615 mate
760 2561 1105 2630 praelectioni.
1154 2580 1173 2614 ι
1240 2563 1505 2618 Palladius
1567 2563 1813 2627 llerveti,
1865 2578 1984 2633 cap.
2033 2564 2141 2619 25:

572 2668 591 2701 ι
623 2649 843 2705 Adstitit
870 2651 917 2704 ei
954 2651 1086 2705 visio
1140 2652 1376 2720 angelica
1432 2669 1545 2723 prae
1590 2668 1650 2708 se
1696 2657 1870 2707 ferens
1909 2655 2142 2721 speciem

565 2740 789 2795 militum
818 2740 1073 2808 pne-fecti.
1101 2759 1119 2791 ι
1154 2739 1339 2795 Graece
1365 2752 1468 2806 est,
1499 2744 1723 2801 Ἐπέστη
1749 2744 1884 2813 αὐτῷ
1911 2745 2146 2815 ἀγγελική

566 2834 789 2889 emaciet
818 2833 868 2886 ἓν
895 2837 1133 2902 σχήματι
1156 2837 1479 2908 στρατιώτου
1511 2842 1602 2889 τοῦ
1632 2836 1891 2911 ἐπάρχου.
1929 2833 2144 2891 Novella

566 2924 687 2987 124,
720 2924 784 2979 17
807 2941 821 2977 :
844 2935 917 2977 Ἐν
940 2928 1080 2989 τάξει
1106 2933 1204 2981 τῶν
1235 2924 1570 2992 ἐνδοξοτάτων
1613 2930 1861 3001 ἔπάρχων
1907 2931 2146 3005 ἀναφιρὸ-

566 3036 721 3088 μενοι.
753 3033 772 3067 ‹
795 3017 1138 3084 Apparitores
1160 3019 1676 3088 ntagnillcentissitni
1706 3031 1758 3075 et
1776 3021 2146 3089 gloriosissitui

567 3105 801 3173 pra-fecti
830 3108 1101 3171 praetorio.
1123 3125 1141 3156 ι
1171 3105 1374 3161 Concil.
1411 3107 1690 3176 Chalced.,
1717 3121 1823 3163 act.
1853 3112 1902 3164 l.

2245 1914 2425 1967 mitiva
2453 1913 2506 1967 in
2534 1912 2754 1980 palatio,
2776 1912 3032 1978 exercitu,
3061 1911 3365 1980 provinciis.
3403 1909 3532 1965 Vide
3551 1909 3776 1964 Juristmn-

2245 2006 2503 2060 sultornm
2538 2005 2750 2059 Lexica.

2321 2097 2599 2159 Psurnus,
2635 2095 2918 2150 Pstnntus
2942 2092 3021 2147 vel
3055 2093 3365 2147 Psttt'rtnun.
3401 2091 3601 2162 Smpius
3626 2106 3777 2145 occur-

2247 2189 2316 2243 rit
2344 2188 2396 2241 in
2429 2188 2560 2241 Vitis
2589 2186 2825 2242 Patrum.
2853 2185 2969 2240 Vita
2999 2186 3289 2250 Pachomii,
3321 2188 3494 2255 capite
3521 2185 3582 2241 i3
3607 2204 3618 2238 :
3641 2185 3705 2239 Ac
3726 2201 3777 2239 ne

2244 2279 2450 2357 otiosus
2481 2291 2676 2341 essent,
2707 2277 2945 2346 psiathos
2973 2278 3110 2345 elegi
3138 2291 3257 2331 cum
3287 2278 3539 2331 fratribus
3562 2287 3730 2331 texere.
3757 2294 3772 2328 ι

2246 2368 2378 2435 Cap.
2411 2369 2480 2421 47
2514 2385 2526 2433 ς
2564 2386 2583 2420 ι
2623 2367 2780 2423 Venit
2807 2370 2872 2421 ad
2904 2369 3117 2431 lratres,
3149 2370 3236 2437 qui
3269 2368 3504 2437 psiathos
3531 2367 3775 2437 cperaban-

2248 2472 2353 2516 tur.
2386 2480 2405 2513 ι
2436 2460 2565 2527 Cap.
2592 2458 2660 2512 52
2693 2476 2707 2513 :
2737 2477 2757 2512 t
2792 2460 3017 2529 Semper
3039 2466 3214 2513 autem
3248 2460 3504 2526 psiathios
3529 2459 3776 2526 operabat-

2248 2560 2354 2605 tur.
2393 2567 2413 2602 ι
2452 2549 2564 2603 Vita
2596 2549 2862 2602 Abraham
2894 2548 3153 2612 erentitte,
3181 2548 3359 2616 capite
3397 2548 3433 2599 5
3464 2566 3475 2599 :
3511 2564 3532 2598 ι
3564 2546 3658 2601 Nec
3694 2561 3775 2600 non

2247 2650 2301 2695 ct
2328 2657 2487 2695 unum
2517 2640 2838 2710 psiathium,
2888 2639 2942 2693 itt
2988 2653 3096 2708 quo
3140 2639 3381 2693 cubitare
3426 2640 3684 2692 solebat.»
3729 2635 3776 2689 Et

2248 2746 2366 2799 Cap.
2410 2731 2476 2785 Η
2510 2748 2521 2783 ;
2554 2749 2572 2782 t
2608 2732 2898 2785 Psiathium
2922 2746 3097 2795 suum,
3127 2744 3287 2799 super
3308 2729 3451 2799 quod
3479 2728 3774 2792 subsistebat,

2248 2824 2411 2893 cmpit
2443 2823 2736 2878 vehemens
2767 2824 2978 2877 ﬂamma
3010 2824 3344 2877 comburere.
3386 2842 3407 2875 ι
3443 2821 3557 2877 Vita
3599 2819 3777 2875 Joannis

2249 2915 2670 2986 Eleemosynarii
2714 2930 2832 2981 cap.
2878 2914 2945 2969 ΞΟ
2987 2930 3004 2972 :
3042 2932 3061 2967 ι
3115 2916 3307 2981 Quanti
3356 2923 3483 2968 sunt
3533 2913 3674 2968 modo
3708 2910 3776 2980 qui

2251 3007 2518 3077 psiuthntn
2549 3006 2808 3061 habentes
2838 3005 3025 3061 subtus
3056 3004 3358 3072 dimidium,
3394 3016 3448 3061 et
3476 3019 3623 3073 supra
3656 3001 3776 3056 dimi-

2251 3102 2418 3164 dium,
2450 3116 2556 3155 non
2588 3109 2807 3170 possunt
2835 3099 3123 3154 extendere
3152 3100 3312 3168 pedes
3337 3113 3486 3152 suos.
3516 3116 3537 3150 ι
3571 3096 3670 3151 Vita
3698 3094 3776 3147 Ett-

636 3196 973 3250 Pmrecws.
1044 3196 1309 3267 ῐπαρχος.
1371 3198 1624 3255 Diversus
1679 3201 1763 3255 hic
1814 3218 1845 3256 a
1905 3203 2141 3270 praeside.

2255 3193 2558 3263 pltrosyncc,
2590 3208 2708 3261 cap.
2744 3190 2809 3244 16
2834 3211 2846 3245 :
2877 3210 2895 3243 ι
2930 3193 2981 3245 In
3011 3191 3196 3246 eadem
3226 3192 3360 3246 cella
3386 3191 3675 3246 demoratus
3696 3197 3774 3249 est.

571 3285 727 3354 Smpe
765 3297 940 3339 tamen
988 3288 1308 3371 interp’t‘incs
1341 3287 1578 3366 ἔπαρχον
1621 3307 1724 3346 nou
1757 3292 1856 3347 ritc
1880 3295 2146 3361 president

570 3387 802 3432 vertunt.
860 3377 1145 3440 Palladius,
1195 3395 1318 3448 cap,
1345 3378 1400 3434 5.
1437 3398 1454 3431 ι
1478 3382 1605 3435 Eam
1636 3382 1869 3437 traderet
1897 3384 2146 3452 praelecto

571 3470 950 3526 Alexandrino.
976 3490 994 3524 ι
1031 3472 1082 3525 in
1108 3470 1316 3540 Graeco,
1359 3475 1600 3550 ἐπάρχῳ.
1648 3476 1908 3532 llervetus
1940 3480 2147 3545 prwsidi

575 3568 830 3624 verterat,
872 3570 925 3614 et
952 3562 1028 3615 sic
1058 3558 1226 3616 ferme
1252 3577 1482 3632 semper.
1518 3567 1853 3620 Alexandriae
1882 3578 2058 3621 autem
2090 3580 2147 3623 et

572 3649 829 3720 Egypto,
860 3666 964 3705 non
996 3667 1217 3720 prteses,
1246 3652 1339 3707 sed
1367 3654 1643 3723 praefectus
1673 3658 2008 3725 praesidebat.
2033 3658 2149 3715 Sm-

570 3741 686 3808 pins
716 3755 925 3809 quoque
975 3740 1028 3795 in
1078 3741 1159 3796 his
1183 3742 1333 3797 lihris
1384 3748 1618 3799 occurrit
1645 3747 1732 3801 ἀπ’
1760 3750 2027 3825 ἐπάρχου,
2057 3767 2141 3805 εει

574 3832 864 3900 praefectus.
911 3831 1063 3899 Quod
1093 3831 1178 3887 ltic
1206 3842 1262 3887 et
1286 3834 1411 3888 alibi
1454 3851 1556 3889 non
1598 3837 1699 3892 rite
1746 3855 1976 3895 versum.
2018 3842 2147 3899 Vide

576 3922 901 3976 Frontonem
936 3932 1199 3988 nostrum,
1231 3925 1294 3977 ad
1317 3925 1777 3998 Chrysostomom.

649 4011 986 4065 Ριιιεροειτυε
1015 4027 1163 4068 socru
1187 4029 1451 4069 cumcum.
1471 4017 1753 4087 Palladius,
1777 4021 1845 4075 de
1867 4021 2059 4088 Lauso,
2094 4024 2146 4078 in

575 4100 886 4170 praefatione
914 4100 1184 4157 Lausiacte
1215 4104 1450 4160 historia:
1476 4120 1490 4159 :
1528 4127 1546 4160 ς
1576 4109 1654 4163 Ad
1680 4109 1909 4165 Lausum
1943 4128 2148 4182 prmpo-

570 4191 750 4245 situm.
784 4210 802 4243 ι
835 4191 999 4260 Cujus
1040 4193 1115 4248 rei
1147 4195 1461 4262 praepositus
1492 4196 1668 4265 fuerit,
1695 4201 1930 4256 declarat
1959 4205 2071 4269 ipse
2094 4206 2145 4261 in

571 4283 778 4352 epilogo
809 4282 950 4347 libri,
975 4283 1064 4338 ubi
1097 4300 1217 4338 eum
1250 4298 1403 4341 vocat
1431 4292 1773 4363 πραιπόσιτον
1794 4302 1882 4350 τοῦ
1909 4299 2148 4354 εὐσεϐεσ-

572 4376 727 4428 τάτου
757 4381 1012 4440 κοιτῶνος,
1061 4376 1391 4443 praepositum
1439 4382 1575 4433 sacri
1622 4382 1859 4439 cubiculi.
1909 4385 2150 4444 Occurrit

574 4464 809 4519 ofﬁcium
860 4467 961 4519 hoc
1009 4464 1062 4519 iu
1104 4467 1333 4521 novellis
1368 4468 1461 4533 ‘22,
1489 4470 1544 4534 5,
1574 4472 1607 4525 4
1635 4491 1648 4525 :
1679 4473 1704 4527 ὁ
1733 4483 1832 4530 τῶν
1874 4478 2149 4548 βασύικῶν

2251 3286 2303 3339 in
2331 3287 2518 3339 eodem
2569 3283 2796 3353 psiatltio
2836 3282 3108 3338 dormiens
3138 3285 3189 3337 in
3238 3299 3346 3352 quo
3394 3286 3775 3355 Euphrosyna.»

2253 3377 2368 3432 Vita
2408 3377 2583 3431 Maria:
2631 3376 2803 3444 neptis
2832 3375 3083 3440 Abraha,
3112 3390 3230 3444 cap.
3265 3376 3299 3431 8
3330 3391 3346 3431 :
3383 3393 3404 3428 ι
3443 3374 3777 3445 Quinquaginta

2248 3482 2422 3523 annos
2475 3467 2901 3523 conversationis
2956 3475 3084 3533 tute,
3141 3480 3301 3537 super
3355 3468 3626 3537 psiathiutn
3667 3461 3777 3517 cubi-

2252 3571 2479 3616 laveras.
2516 3578 2536 3613 ι

2322 3651 2597 3721 Frequens
2624 3651 2738 3705 haec
2768 3665 2867 3704 vox
2909 3650 2961 3703 in
2993 3649 3327 3719 supellectile
3355 3649 3674 3717 antiquorum
3695 3654 3779 3695 mo-

2251 3743 2565 3798 nachorum.
2621 3739 2911 3795 Psiathium
2942 3740 3142 3796 Graecis
3187 3750 3332 3811 teges
3385 3744 3498 3796 sive
3540 3749 3693 3793 stores
3731 3747 3779 3791 ex

2244 3837 2412 3905 junco
2458 3843 2550 3889 aut
2580 3850 2780 3906 papyro
2811 3834 3074 3889 confecta.
3105 3835 3175 3888 Ea
3208 3849 3304 3903 pro
3332 3835 3473 3891 lecto
3500 3846 3551 3890 et
3590 3835 3780 3904 stragulo

2250 3928 2534 3982 utebantur
2579 3926 2823 3980 monachi
2868 3925 3127 3995 Egyptii.
3185 3926 3515 3983 Glossarium
3559 3945 3572 3982 :
3617 3926 3779 3998 Τίθει,

2250 4021 2470 4074 videto».
2521 4018 2651 4074 Vide
2694 4017 2959 4083 Classiam,
3010 4017 3103 4072 lib.
3137 4033 3186 4072 tv
3217 4017 3413 4085 lttstit.,
3458 4021 3621 4090 capite
3648 4020 3781 4081 13,et

2251 4112 2432 4166 collat.
2464 4125 2502 4178 t,
2531 4111 2704 4179 capite
2723 4108 2815 4164 25.
2839 4109 3135 4179 Hesychius
3167 4128 3181 4164 :
3211 4114 3389 4169 Ψιὰθια
3407 4115 3472 4169 τὰ
3491 4114 3539 4169 ἐν
3554 4120 3651 4174 τοῖς
3673 4110 3780 4166 dtu-

2256 4204 2486 4275 στηρίοις
2516 4205 2600 4257 ἐπὶ
2636 4209 2735 4256 τῶν
2764 4199 3013 4274 καθεδρῶν
3054 4204 3455 4277 irritat-opstipum:
3480 4222 3492 4255 :
3520 4222 3539 4256 ι
3573 4202 3781 4266 Psiatbia,

2255 4308 2374 4363 qua:
2390 4294 2437 4346 in
2451 4294 2770 4362 judiciorum
2790 4292 2906 4348 loco
2917 4292 3188 4348 cathedris
3206 4296 3585 4350 insternuntur.
3610 4314 3626 4347 ι
3644 4294 3781 4348 Idem:

2251 4389 2453 4451 Ψίαθος,
2484 4389 2514 4445 ἠ
2540 4390 2803 4459 χαμεύνη,
2827 4391 2913 4441 καὶ
2932 4389 2990 4442 τὸ
3011 4389 3184 4460 φυτὸν,
3206 4389 3257 4453 ἐξ
3283 4385 3341 4443 οὗ
3361 4390 3589 4444 πλέκεται
3606 4388 3780 4459 {euecti

2262 4498 2279 4531 ε
2318 4480 2585 4554 Psiathus,
2620 4481 2788 4535 lectus
2829 4482 2971 4533 humi
3003 4489 3223 4545 stratus,
3272 4493 3325 4534 et
3373 4483 3563 4543 frutex.
3607 4496 3662 4533 ex
3703 4491 3783 4546 quo

573 4557 801 4612 xorrévmv
845 4560 1133 4631 προεστὼς.
1168 4556 1233 4611 Et
1254 4560 1709 4628 apudeosimutn.
1736 4566 1930 4621 Notitia
1958 4570 2144 4625 Orien-

2256 4572 2501 4639 plectitur
2546 4572 2804 4641 psiathus.
2863 4589 2882 4624 ι
2935 4571 3064 4626 Vide
3109 4571 3358 4627 eumdem
3403 4574 3458 4628 in
3507 4575 3706 4634 Κάνναα,
3742 4576 3783 4621 et

573 4647 641 4701 tis
669 4664 681 4699 :
718 4664 737 4697 ‹
760 4647 871 4702 Sub
918 4648 1265 4717 dispositione
1318 4650 1417 4705 viri
1451 4653 1674 4708 illustris
1711 4662 1975 4725 prtcpositi
2007 4662 2147 4716 sacri

577 4735 807 4791 cubiculi
836 4735 1028 4790 domus
1055 4736 1231 4791 divina
1265 4753 1360 4807 per
1386 4737 1797 4810 Cappadociam.
1824 4764 1844 4798 ι

645 4828 966 4882 ΡιιοΑετιθα.
1019 4832 1361 4905 Προάστειον,
1415 4835 1759 4889 suburbanum
1814 4854 1911 4894 seu
1964 4858 2152 4913 prour-

577 4918 734 4971 bium.
787 4919 905 4973 Vita
958 4920 1159 4990 Basdii,
1202 4937 1322 4991 cap.
1352 4922 1423 4975 2:
1457 4942 1475 4975 ι
1507 4924 1715 4981 Invenit
1745 4928 1911 5001 (eum)
1940 4933 1991 4986 itt
2027 4949 2149 5002 pro-

575 5012 713 5064 astio
760 5024 879 5065 cum
929 5012 1288 5083 philosophis.
1319 5034 1338 5067 ι
1394 5015 1656 5083 Rullinus,
1705 5022 1798 5077 lib.
1837 5039 1917 5093 ttt,
1951 5041 2005 5079 n.
2042 5028 2144 5084 i9:

583 5116 601 5149 ι
635 5099 805 5169 Prope
846 5102 1136 5167 proastium
1179 5104 1267 5173 qui
1318 5115 1538 5162 vocatur
1569 5109 1620 5162 in
1652 5111 1910 5179 Septimo.
1943 5134 1962 5167 ι
1997 5117 2147 5182 Quod

579 5191 631 5244 in
663 5191 849 5244 eadem
876 5207 930 5246 re
960 5193 1096 5262 apud
1128 5193 1417 5265 Pelagium,
1473 5198 1655 5255 libello
1695 5218 1782 5267 xv,
1815 5221 1868 5259 n.
1907 5204 1999 5271 66,
2031 5208 2152 5261 sub-

582 5281 835 5333 urbanum
857 5280 1071 5336 dicitur.
1100 5281 1295 5339 Paulus
1318 5286 1603 5355 Diaconus,
1631 5291 1699 5345 de
1725 5302 1861 5360 gest.
1888 5294 2149 5365 Langob.,

587 5374 680 5428 lib.
707 5388 780 5437 v1,
829 5387 879 5427 c.
928 5372 995 5426 5.8
1022 5390 1037 5427 :
1068 5392 1087 5426 ι
1108 5374 1218 5430 Rex
1267 5376 1624 5448 Luitprandus
1654 5384 1703 5435 in
1734 5384 1936 5438 Oloona
1984 5389 2153 5444 nihilo

585 5465 760 5519 minus
801 5479 898 5519 suo
945 5465 1198 5534 proastio,
1249 5470 1383 5523 miro
1413 5485 1575 5537 opere
1607 5473 1656 5525 in
1690 5473 1945 5529 honorem
1976 5478 2151 5534 sancti

585 5554 850 5611 Anastasii
883 5559 1134 5627 martyris
1157 5557 1373 5613 Christo
1402 5561 1726 5615 domicilium
1758 5569 1958 5621 statuit.
1987 5586 2004 5619 ι
2034 5570 2152 5635 Quo

588 5649 706 5703 loco
759 5646 1114 5702 hallucinatns
1160 5657 1243 5703 est
1295 5651 1492 5707 Bonan.
1550 5652 1855 5721 Vulcanius,
1903 5660 1990 5727 qui
2029 5664 2149 5729 quia

589 5739 846 5794 urohastio
876 5739 928 5794 in
961 5739 1095 5794 libro
1133 5756 1230 5797 suo
1275 5742 1493 5810 invenit,
1527 5738 1850 5802 existimavit
1876 5751 2149 5819 dignitatis

2256 4664 2500 4737 εάναθρα.
3460 4718 3473 4724 _

2328 4754 2577 4808 P'rtsntit.
2612 4752 2901 4819 Palladius,
2933 4753 3186 4808 Lausiaca
3215 4769 3279 4809 ex
3326 4756 3490 4811 veteri
3518 4756 3782 4820 interpreta‘

2255 4844 2422 4909 tione,
2452 4858 2570 4912 cap.
2603 4843 2669 4899 15
2712 4859 2724 4895 :
2758 4861 2779 4895 ι
2820 4846 3040 4912 Propter
3067 4842 3428 4900 inﬁrmitatem
3457 4842 3693 4900 stomachi
3715 4852 3783 4891 co-

2254 4946 2398 4991 ctum
2427 4937 2601 4990 cibum
2632 4937 2874 5004 accipere
2919 4936 3225 5005 compulsus
3248 4948 3352 4992 est.
3383 4938 3571 4993 Panem
3609 4934 3781 5005 quidem

2251 5030 2359 5098 jam
2391 5045 2496 5082 non
2546 5030 2796 5097 contigit;
2824 5029 2967 5083 olera
3020 5045 3145 5084 vero
3190 5039 3243 5084 et
3270 5031 3519 5098 ptisanas,
3564 5045 3621 5082 ac
3668 5028 3782 5094 legu-

2257 5136 2376 5173 men
2413 5134 2579 5190 usque
2607 5119 2672 5173 ad
2721 5103 2856 5174 duos
2883 5134 3055 5174 annos
3099 5121 3385 5189 accipiens,
3436 5123 3504 5175 ita
3550 5119 3783 5175 defunctus

2257 5219 2355 5263 est.
2393 5226 2412 5259 ι
2448 5209 2563 5273 Quo
2595 5209 2712 5261 loco
2761 5207 3051 5262 Heraclidis
3097 5211 3397 5279 interpres,
3425 5227 3474 5264 c.
3500 5212 3603 5265 25:
3636 5225 3654 5259 ι
3680 5206 3782 5259 Cum

2259 5314 2482 5354 necesse
2510 5306 2654 5354 esset
2677 5299 2889 5367 corpori
2931 5300 3048 5369 ejus
3080 5312 3296 5370 prapter
3321 5300 3575 5356 stomachi
3603 5292 3785 5352 inﬁrmi.

2262 5403 2447 5461 tatem,
2497 5399 2555 5445 ut
2600 5404 2810 5445 cocum
2861 5400 3098 5446 sumeret
3149 5392 3359 5457 cibum,
3390 5406 3571 5462 panem
3610 5382 3782 5457 quidem

2259 5484 2430 5553 attigit
2459 5497 2751 5551 nunquam,
2776 5482 2924 5537 olera
2954 5492 3157 5537 tantum
3185 5492 3241 5537 et
3270 5498 3499 5553 poscam,
3524 5491 3575 5536 et
3602 5476 3785 5534 lenticu-

2261 5574 2361 5627 lam
2387 5587 2480 5642 per
2508 5572 2682 5628 Solum
2715 5571 2982 5628 hienniutn
3009 5584 3251 5643 gustans.
3283 5592 3303 5626 ι
3339 5574 3607 5636 Palladius,
3644 5583 3699 5624 ex
3722 5565 3784 5619 in-

2261 5667 2641 5736 tt-rpretationc
2670 5666 2906 5732 llerveti,
2930 5681 3049 5736 cap.
3084 5664 3151 5721 86
3182 5685 3196 5719 :
3232 5686 3250 5719 ι
3287 5668 3417 5725 Cum
3441 5680 3578 5728 caro,
3608 5670 3784 5737 propter

2261 5758 2678 5813 imbecillitatem
2700 5759 2940 5827 corporis
2968 5768 3023 5815 et
3052 5759 3335 5826 stomachi,
3368 5775 3499 5829 opus
3525 5758 3720 5811 haberet
3741 5751 3782 5801 tt'
