4014 6368
243 421 349 480 189

921 430 1401 489 ONOMASTICON
1442 431 1688 489 [UERUM
1731 432 1816 490 er
1859 434 2241 496 veneunun
2287 441 2815 506 mmetuonuu.

3423 466 3526 523 59.0

230 536 434 605 aliquid
486 547 721 593 sumeret
764 540 904 609 quod
935 558 1034 614 per
1062 545 1239 615 ignem
1270 546 1599 611 transiisset,
1635 561 1798 615 parieti

1906 598 1908 604 λ
1934 560 2218 618 pugnatam
2250 555 2437 613 urbem
2467 558 2672 626 gestis:
2700 564 2892 638 ῥακίοις
2911 567 3297 645 ὶσπιιραμένοι,
3333 583 3521 645 pannis

227 628 447 694 quidem
468 630 661 699 tetigit,
683 646 1016 704 nequaquam
1040 646 1217 693 autem
1240 639 1470 708 sumpsit
1490 647 1640 693 cocta
1654 640 1824 708 olera,

228 718 326 773 sed
356 719 444 774 vel
498 720 797 791 ptisanam,
825 727 909 780 vel
958 728 1221 797 legumina
1276 731 1411 785 duos
1454 746 1641 786 annos.
1674 752 1693 785 ι
1728 732 1827 800 Qui

224 810 382 867 iocus
412 812 460 867 si
489 820 609 869 cum
640 816 1083 889 interpretatione
1114 824 1350 892 priurum
1391 825 1717 896 conferatur,
1754 830 1827 883 le-

224 904 463 969 gendum
489 890 717 975 videtur,
755 929 774 962 ι
812 927 1002 980 panem
1029 890 1244 984 quidem
1277 918 1446 989 tetigit
1467 934 1825 989 nequaquam,

220 995 461 1059 sumpsit
501 1007 678 1051 autem
704 1010 853 1054 cocta
883 1003 1051 1067 olera,
1082 1006 1164 1059 vel
1218 1008 1502 1075 ptisanam,
1552 1011 1636 1065 vel
1684 1012 1826 1081 legu-

230 1083 380 1137 mina
405 1085 543 1141 duos
586 1101 782 1144 annos.
819 1110 838 1142 ι
871 1093 1103 1149 Omnino
1145 1105 1371 1166 nugatur
1413 1099 1499 1155 ltie
1542 1101 1827 1157 Goldastus

226 1175 474 1230 scribens
517 1177 584 1231 ad
636 1181 875 1250 regulam
930 1187 1101 1239 sancti
1150 1188 1487 1255 Columbani,
1539 1191 1827 1262 legensque

224 1272 442 1337 pisanas
465 1287 562 1342 pro
593 1276 822 1340 ptisanae
848 1296 863 1332 :
900 1297 920 1330 ‹
954 1280 1164 1347 Pisana,
1191 1284 1378 1353 inquit,
1410 1287 1823 1353 pulmentarium

221 1374 295 1415 ex
330 1362 461 1431 ipsis
508 1366 835 1423 confectura.
887 1389 908 1422 ι
944 1372 1142 1429 Carere
1193 1386 1497 1443 poteramus
1554 1379 1653 1433 liae
1699 1380 1823 1434 crisi

219 1462 413 1507 contra
444 1469 768 1514 consensum
790 1464 1030 1518 omnium
1063 1466 1410 1536 interpetum,
1435 1470 1524 1539 qui
1551 1470 1602 1524 in
1631 1470 1822 1528 Grazco

219 1543 309 1598 vel
338 1549 625 1606 πτισσὸωην
653 1550 931 1618 invenere,
958 1564 1012 1609 et
1038 1556 1089 1610 in
1118 1556 1307 1612 Latino
1349 1566 1497 1614 textu
1527 1562 1820 1632 retinuere,

219 1635 309 1691 vel
342 1653 437 1705 per
467 1655 674 1706 pascam
702 1642 844 1698 idem
872 1646 1091 1703 voluere
1119 1649 1444 1718 exprimere.

296 1730 596 1786 Prucmuu.
629 1734 755 1789 Vita
781 1735 1155 1807 Euplirosina},
1198 1755 1317 1810 cap.
1345 1743 1379 1796 7
1411 1760 1424 1795 :
1459 1761 1479 1796 ι
1517 1744 1656 1800 Ecce
1706 1755 1822 1814 ptu-

220 1818 368 1887 cbia,
414 1821 763 1890 bierocomia,
803 1830 1158 1900 xenodochia,
1192 1836 1536 1891 monasteria.
1572 1856 1591 1890 ι
1627 1838 1819 1893 Plerae—

1932 640 2165 697 involuti.
2195 646 2259 699 Et
2300 648 2442 715 apud
2471 652 2754 722 eumdem,
2796 657 2888 713 lib.
2919 674 2975 714 ιιι
3015 640 3093 720 De
3128 640 3299 725 isaaei
3329 640 3518 744 dugcli

1929 730 2193 801 imperio,
2224 736 2530 809 ῥακενδύτης
2556 749 2844 813 exponitur
2871 765 2901 804 a
2940 751 3251 817 Glossatore
3291 763 3521 839 ῥασαρο·

1928 830 2051 896 ρῶν,
2082 841 2252 880 rasam
2281 829 2479 897 ferens,
2512 832 2578 887 de
2607 851 2710 906 qua
2743 839 2862 895 vide
2892 844 2942 896 in
2971 845 3210 905 Senatu.

2000 915 2442 978 RAPHANELEUII.
2474 925 2758 998 Pelagius,
2800 933 2891 989 lib.
2925 953 2956 989 v
2989 938 3064 994 De
3100 941 3232 1000 Vitis
3262 944 3516 1016 Patrum,

1930 1004 2113 1063 libello
2138 1025 2210 1077 tv,
2243 1028 2297 1065 n.
2328 1012 2435 1068 59:
2472 1035 2491 1069 ι
2533 1018 2854 1090 Vasculum,
2881 1027 2933 1083 in
2963 1045 3069 1099 quo
3098 1046 3214 1090 erat
3246 1004 3516 1109 raphane:

1928 1098 2106 1154 laeum.
2140 1121 2160 1156 ι
2199 1105 2477 1166 Editiones
2519 1113 2747 1183 vulgata:
2778 1134 2899 1174 cum
2944 1123 3128 1182 addito
3174 1098 3360 1202 legunt
3385 1151 3400 1190 :
3428 1153 3514 1190 m-

1928 1193 2280 1266 phanelwum,
2325 1201 2379 1254 id
2424 1213 2499 1259 est
2547 1206 2641 1260 lini
2695 1210 2881 1269 oleum.
2932 1193 3258 1281 Parisiensis
3294 1228 3512 1294 Editiu,

1926 1288 2127 1345 omisso
2172 1292 2336 1356 verbo
2373 1298 2757 1367 raphanelarum
2787 1307 3089 1378 substituit,
3120 1315 3290 1373 oleum
3330 1323 3393 1376 de
3433 1338 3518 1379 ae-

1912 1380 2060 1435 mine
2089 1382 2183 1437 lini
2200 1402 2518 1457 expressum.
2538 1390 2958 1462 Raphanelteum
2989 1406 3117 1474 quid
3142 1410 3234 1475 sit,
3252 1412 3514 1470 describit.

1925 1470 2129 1529 Plinius
2150 1476 2242 1530 lib.
2269 1494 2382 1545 xix,
2405 1495 2523 1550 cap.
2546 1483 2603 1551 5,
2627 1500 2791 1554 agens
2815 1490 2887 1546 de
2914 1470 3190 1563 rapltano:
3275 1501 3508 1575 Egypto

1924 1563 2060 1618 mire
2087 1566 2412 1637 celebratur,
2446 1584 2664 1643 propter
2685 1578 2788 1634 olei
2815 1580 3165 1659 fertilitatem,
3199 1563 3398 1661 quodve
3417 1563 3509 1655 se-

1924 1656 2069 1711 mine
2112 1658 2229 1728 ejus
2270 1660 2645 1724 faciunt.Hoc
2684 1673 2915 1731 maxime
2958 1679 3179 1748 cupiunt
3216 1699 3434 1754 serere,
3464 1691 3511 1746 si

1924 1744 2110 1816 liceat;
2139 1754 2392 1821 quoniam
2441 1767 2496 1813 et
2533 1769 2770 1829 quaestus
2799 1766 3079 1837 plusquam
3105 1788 3171 1827 ex
3198 1774 3504 1848 frumento,

1923 1846 1978 1892 et
2005 1841 2178 1896 minus
2209 1844 2392 1901 tributi
2422 1857 2529 1916 est,
2558 1852 2870 1924 nullumque
2896 1860 3163 1929 copiosius
3185 1865 3384 1924 olemn.
3406 1888 3429 1924 ι

218 1926 330 1981 εἰιιθ
374 1914 675 1983 Editiones,
734 1933 833 1989 pro
884 1923 1110 1992 plac/tia,
1162 1924 1360 1982 habent
1404 1930 1616 1997 tapetia,
1671 1932 1817 1987 nullo
1852 1927 1895 1985 Β
1992 1930 2184 2001 ΒεδιΑ,
2219 1935 2465 1994 absolute
2496 1942 2725 2007 positum
2757 1958 2964 2015 portam
2998 1954 3305 2020 primariam
3334 1960 3507 2031 signi-

218 2016 386 2031 .“m
457 2007 792 2031 numnum
846 2013 945 2031 ..νῇ
1271 2020 1282 2031 .
1407 2030 1413 2031 ,
1726 2025 1752 2031 ,.
1926 2021 1951 2031 η
2095 2024 2154 2031 -..
2246 2028 2292 2031 --
2364 2030 2369 2031 ν

216 2016 408 2059 sensu.
455 2007 797 2065 Ptncltiorum
844 2013 1098 2084 frequens
1144 2020 1285 2087 apud
1334 2030 1543 2076 veteres
1592 2025 1808 2079 mentio.

215 2093 417 2150 Canon.
462 2098 528 2154 10
572 2102 784 2157 concilii
833 2102 1321 2174 Chalcedonensis,
1372 2114 1688 2168 tecumeuici
1737 2129 1808 2169 v:

210 2181 283 2240 Ἠ
304 2210 387 2243 τοι
410 2198 510 2244 τῶν
537 2194 626 2247 ὑπ’
654 2196 811 2255 αὐτὴν
839 2203 1137 2276 μαρτυρίων
1169 2201 1199 2261 ἢ
1227 2207 1533 2274 πτωχιὶων,
1561 2205 1593 2265 ἣ
1623 2205 1815 2270 ξενοδο-

213 2281 383 2350 χεὶων
411 2296 427 2334 :
462 2298 481 2331 ι
520 2281 611 2339 Vel
640 2300 827 2342 eorum
854 2305 975 2357 quze
1004 2292 1106 2345 sub
1134 2306 1195 2347 ea
1225 2302 1354 2348 sunt
1391 2296 1808 2367 martyriorum,

216 2371 303 2424 vel
334 2372 664 2440 ptocbiorum
686 2416 701 2442 ,
738 2380 822 2434 vel
868 2382 1357 2453 xenodocbiorum,
1390 2398 1446 2444 et
1485 2403 1607 2445 can.
1642 2389 1677 2443 8
1706 2408 1720 2445 :
1751 2394 1811 2447 οἱ

214 2464 436 2539 κληραοὶ
457 2475 555 2522 τῶν
572 2474 870 2543 πτωχεὶων,
894 2479 976 2531 καὶ
999 2486 1356 2552 μοναστηρὲων
1378 2486 1461 2538 καὶ
1480 2487 1808 2575 μαρτυρίαινε

214 2554 277 2575 tu
290 2572 306 2575 Α
320 2573 327 2575 ξ
348 2557 361 2575 9
376 2573 389 2575 -
401 2560 411 2569 ¹
481 2568 492 2575 .
512 2574 517 2575 ,
569 2561 580 2575 I
607 2562 618 2574 ο
1099 2570 1113 2575 -

211 2554 413 2612 Clerici
443 2561 800 2632 ptocbiorum,
821 2570 1270 2627 monasteriorum
1287 2583 1345 2628 et
1368 2556 1804 2648 martyriorum.»

213 2643 335 2699 Vox
368 2646 553 2704 Graeca
577 2651 737 2707 etiam
765 2654 969 2713 Latinis
997 2661 1219 2717 usitata.
1244 2664 1649 2724 Testamentum
1686 2685 1809 2726 san-

210 2738 288 2791 cti
306 2734 536 2812 Remigii
559 2759 574 2798 :
601 2762 620 2795 ι
648 2745 797 2802 Sicut
818 2749 1138 2819 disposuero
1160 2757 1215 2810 in
1241 2759 1493 2828 ptoeliiis,
1527 2765 1806 2834 cmnobiis,

214 2836 509 2903 martyriis,
536 2838 823 2908 diaeoniis,
857 2847 1243 2917 xenodocbiis,
1282 2854 1641 2926 omnibusque
1687 2874 1805 2915 ma-

210 2922 425 2978 triCulis
445 2927 545 2983 sub
587 2938 676 2985 tua
696 2932 899 2991 ditione
920 2937 1257 3009 degentibus.
1289 2962 1310 2996 ι
1335 2922 1681 3018 Capitularia,
1708 2953 1803 3009 lib.

209 3029 312 3081 vn,
347 3020 429 3073 tit.
452 3021 525 3074 2:
564 3040 584 3074 ι
620 3024 807 3082 Clerici
834 3031 925 3099 qui
964 3035 1331 3101 przefieiuntur
1352 3039 1405 3094 in
1438 3043 1685 3111 ptocltiis,
1718 3047 1803 3101 vel

213 3108 310 3177 qui
351 3108 667 3172 ordinantur
705 3121 759 3174 in
806 3112 1169 3195 manasteriis,
1199 3131 1284 3184 vel
1328 3108 1566 3189 basilicis
1606 3146 1799 3209 marty-
1892 3160 1893 3163 η

205 3213 357 3265 rutn,
392 3220 414 3253 ι
446 3219 567 3274 quae
593 3207 875 3281 desumpta
922 3228 1047 3271 sunt
1096 3233 1164 3274 ex
1192 3235 1315 3276 can.
1345 3222 1379 3277 8
1402 3226 1617 3281 concilii
1643 3207 1803 3283 Chal-

1919 2021 2062 2078 ficat.
2095 2024 2214 2082 Vita
2244 2028 2425 2085 Mariae
2445 2032 2809 2103 Egyptiacaz,
2838 2054 2959 2110 cap.
2981 2042 3015 2098 5
3041 2060 3058 2098 :
3090 2063 3109 2096 ι
3138 2045 3298 2117 Regia
3328 2021 3509 2111 auvtem

1918 2118 2234 2172 monasterii
2263 2134 2533 2191 nunquam
2564 2125 2925 2195 aperiebatur.
2966 2150 2986 2183 ι
3021 2134 3113 2189 Sic
3154 2138 3295 2206 apud
3323 2140 3501 2197 Enno-

1917 2204 2483 2280 dium,epigrammate
2504 2214 2588 2280 l7,
2613 2216 2891 2288 inscriptio
2912 2232 2993 2278 est
3017 2240 3030 2275 :
3056 2242 3076 2276 ι
3100 2204 3272 2297 Super
3301 2233 3506 2303 regiam

1922 2297 2144 2355 triclinii
2184 2302 2235 2355 in
2282 2303 2473 2372 domo,
2512 2324 2532 2358 ι
2575 2323 2697 2378 qua:
2737 2310 3047 2371 Heliconem
3094 2330 3332 2378 montem
3370 2340 3502 2382 eum

1916 2389 2069 2458 aquis
2093 2392 2205 2447 suis
2236 2394 2575 2463 praeferebat.
2610 2399 2901 2472 Gregorius
2951 2406 3322 2481 Turonensis,
3359 2417 3496 2474 libro
3588 2464 3593 2469 .

1916 2495 1994 2548 IV,
2022 2498 2142 2554 cap.
2173 2486 2237 2539 15
2266 2506 2278 2540 ;
2314 2506 2334 2541 σ
2364 2489 2501 2546 Dum
2532 2492 2949 2554 deambulabant
2989 2516 3085 2571 per
3115 2505 3400 2565 ecclesiam
3432 2515 3501 2568 ad

1913 2577 2089 2646 regias
2119 2580 2251 2636 azdis
2286 2596 2457 2640 sacra:
2480 2628 2496 2653 ,
2524 2602 2644 2656 quae
2670 2598 2794 2645 tunc
2821 2606 3075 2652 reserata)
3124 2598 3374 2671 fuerant,
3403 2620 3501 2675 ap-

1914 2669 2290 2741 propinquant.
2324 2693 2343 2726 ι
2374 2675 2691 2735 Anastasius
2735 2681 3179 2745 Bibliothecarius
3223 2692 3277 2748 in
3321 2669 3505 2752 Hono-

1912 2761 2036 2815 rio:
2067 2761 2345 2820 Investivit
2388 2770 2562 2838 regias
2590 2770 2645 2826 in
2688 2773 2933 2844 ingressu
2966 2784 3227 2840 ecclesiae
3274 2788 3499 2858 majoris

1913 2866 2033 2923 qua:
2057 2855 2394 2925 appellantur
2421 2860 2707 2929 medianae,
2736 2879 2801 2919 ex
2832 2879 3075 2938 argento.
3104 2891 3126 2925 ι
3158 2874 3290 2930 ltem
3319 2855 3373 2932 in
3395 2879 3499 2935 uo-

1911 2958 2050 3000 none
2083 2963 2098 3001 :
2136 2948 2350 3019 1050
2378 2949 2479 3015 Qui
2508 2952 2658 3009 missi
2692 2953 2905 3013 fuerant
2939 2960 3009 3015 de
3041 2966 3281 3022 exercitu
3306 2969 3371 3023 ad
3403 2985 3498 3026 cu-

1890 3038 2218 3099 stodiendas
2244 3042 2421 3112 regias
2444 3043 2697 3115 basilicae,
2729 3050 2939 3108 clausas
2973 3053 3353 3115 observabant.
3394 3081 3413 3114 ι

1980 3146 2221 3205 Reeuu.
2250 3150 2509 3222 Regulam
2550 3154 2617 3209 ab
2654 3158 2862 3229 Angelo
2904 3162 3106 3234 accepit
3149 3164 3491 3233 Pachomius.

1910 3239 2045 3296 Vita:
2070 3243 2221 3313 ejus,
2252 3259 2375 3316 cap.
2408 3244 2476 3302 12
2510 3266 2523 3301 :
2560 3266 2581 3300 ς
2617 3248 2786 3317 Quam
2834 3256 3071 3325 regulam
3117 3258 3498 3324 Tabennenses

1931 3291 2042 3296 ""'
2075 3291 2184 3312 νιν·-
2254 3291 2312 3300 ν·-
2362 3291 2375 3300 ·
2414 3291 2476 3302 ι-
2510 3291 2521 3301 ·
2562 3291 2578 3300 ·
2620 3291 2786 3317 ιιι-ιιι·-
2836 3291 3071 3325 ινδυιαιιι
3124 3291 3495 3324 ιαυυιιιιειιδῠε

205 3291 531 3350 δεδοηθηδίε
554 3297 667 3367 iam
694 3302 881 3360 είιεῐο·
914 3306 1076 3364 Plura
1103 3311 1173 3367 de
1203 3313 1429 3382 Ρῑοεῖιῖῖε
1475 3326 1528 3372 εἰ
1574 3321 1801 3388 Ρῑοοδοο
1831 3311 1875 3373 C
1909 3331 2172 3403 hodieque
2200 3291 2529 3395 custodiunt.
2565 3357 2583 3392 ι
2619 3343 2796 3408 Quare
2837 3344 3033 3402 labitur
3056 3350 3289 3412 Joannes
3317 3357 3495 3440 Meur-

207 3383 522 3440 tronhiis‘in
552 3389 697 3440 Juris
731 3392 938 3440 Larini:
1178 3410 1179 3413 η
1907 3424 1946 3440 -.
2076 3425 2088 3438 .
2189 3426 2248 3440 η.
2409 3431 2419 3440 .
2664 3432 2696 3440 η
2847 3435 2860 3440 ,
2944 3438 2955 3440 -

207 3383 449 3452 trophiis‘
468 3388 522 3442 in
552 3389 697 3448 Juris
730 3392 958 3454 Lexicis.

194 3516 197 3517 ν
276 3473 499 3534 Βλελιη
527 3494 622 3538 seu
654 3484 932 3547 manu“.
961 3492 1079 3548 Vita
1105 3498 1327 3556 Joannis
1351 3500 1796 3577 Eleemosynarii,

201 3581 332 3637 cap.
360 3569 467 3625 20:
507 3591 528 3626 ι
564 3578 695 3633 Cum
731 3584 928 3639 storeis
962 3598 1019 3642 et
1056 3590 1323 3650 rachanis.
1361 3613 1382 3648 ι
1424 3597 1574 3655 Unde
1603 3569 1796 3658 rae/ta;

195 3662 391 3728 neum,
422 3681 542 3737 cap.
573 3668 641 3724 20
673 3689 690 3727 :
727 3692 747 3727 ι
780 3675 1237 3740 Venundabantur
1264 3690 1406 3745 enim
1450 3702 1679 3763 quatuor
1708 3712 1795 3753 ra-

195 3753 462 3814 clianellte
510 3766 834 3826 numismate
879 3788 1006 3830 uno.
1046 3795 1066 3828 ι
1102 3779 1410 3853 Ennodius,
1441 3786 1535 3842 lib.
1563 3804 1651 3860 ιχ,
1678 3794 1793 3861 epi-

195 3847 339 3901 stola
372 3850 458 3917 17,
483 3854 548 3908 ad
578 3858 926 3925 Apodemiam
950 3883 965 3919 :
994 3885 1018 3920 ι
1045 3868 1260 3928 Ltenam
1289 3884 1343 3931 et
1369 3847 1612 3949 racanas,
1637 3847 1791 3955 cujus

191 3950 297 3993 vos
327 3942 600 4001 volueritis
631 3951 850 4022 coloris,
881 3956 1054 4025 rubei,
1086 3971 1179 4017 aut
1205 3965 1372 4036 fusci,
1403 3971 1535 4027 mihi
1561 3976 1665 4032 sub
1696 3992 1787 4033 ce-

202 4027 420 4088 leritate
447 4035 679 4109 dirigite.
710 4061 731 4096 ι
762 4045 994 4107 Jacobus
1019 4052 1342 4115 Sirmondus
1369 4073 1555 4120 noster
1579 4067 1650 4123 ibi
1689 4085 1788 4125 no-

193 4128 308 4179 tat:
323 4122 549 4185 Racanaa
564 4134 704 4203 quod
724 4152 895 4207 genus
910 4146 1215 4204 vestimenti
1234 4150 1415 4222 fuerit,
1441 4170 1547 4213 non
1579 4159 1780 4231 liquet;

191 4212 261 4267 ad
312 4218 673 4280 calceamenta
712 4230 1012 4291 referendae
1042 4239 1309 4313 videntur,
1356 4255 1413 4301 ut
1446 4257 1501 4305 et
1549 4212 1691 4322 ragjae
1730 4265 1786 4311 et

189 4315 419 4377 tzangte.
445 4312 509 4368 L.
534 4330 593 4371 ιιι
615 4316 748 4374 Cod.
772 4321 980 4381 'l‘heod.
1012 4330 1087 4385 De
1129 4312 1315 4391 habitu
1357 4354 1464 4408 quo
1493 4342 1569 4397 uti
1610 4312 1778 4415 opor-

189 4406 306 4453 teat
334 4399 469 4458 intra
501 4409 684 4465 urbem
712 4431 726 4467 :
763 4433 784 4467 ι
816 4416 957 4474 intra
999 4425 1189 4481 urbem
1210 4425 1450 4489 §Romam
1497 4451 1656 4495 nemo
1687 4443 1775 4498 vel

182 4492 335 4561 ragis
362 4497 444 4551 vel
476 4505 675 4561 tzancis
706 4515 900 4567 utatur.
927 4531 946 4565 ι
976 4516 1051 4569 lta
1084 4517 1195 4573 ille.
1224 4521 1421 4580 Dubito
1443 4543 1507 4582 an
1536 4529 1617 4586 lue
1639 4549 1782 4607 roga:

182 4582 253 4607 υ,
286 4601 437 4607 υω
821 4601 855 4607 _
928 4605 937 4607 _

181 4582 257 4638 ad
284 4601 499 4645 racanas
527 4608 789 4663 spectant.
821 4601 1007 4661 Potius
1029 4609 1334 4670 existimem
1364 4634 1558 4674 racana
1588 4582 1771 4682 detoar—

181 4682 301 4729 tum
329 4693 358 4731 a
377 4678 567 4739 Graeco
595 4688 750 4762 ῥάκη.
782 4694 924 4761 quod
950 4698 1053 4754 vile
1077 4704 1454 4764 vestimentum
1474 4752 1491 4778 ,
1524 4723 1579 4769 ut
1609 4719 1769 4775 etiam

180 4767 298 4835 hic,
328 4771 394 4827 de
421 4788 615 4834 mana
647 4782 976 4857 intelligitur.
1002 4790 1133 4846 Nam
1159 4794 1401 4867 jungitur
1422 4767 1773 4873 apud

178 4860 335 4917 dium
367 4879 487 4921 cum
518 4870 672 4938 laena,
704 4890 820 4943 qum
848 4880 1055 4949 abjecta
1089 4889 1268 4943 vestis.
1295 4892 1561 4965 Corrupto
1586 4901 1769 4958 Enno-

175 4954 274 5009 dio
302 4971 431 5012 usus
459 4969 543 5014 est
580 4963 835 5024 Claudius
878 4972 1172 5032 Salmasius
1197 5019 1211 5044 ,
1259 4982 1383 5038 dum
1436 4954 1501 5041 ad
1555 4991 1769 5064 Vopisci

176 5043 424 5103 Firmum
457 5049 764 5118 Tyrannum
809 5062 940 5117 citat
977 5065 1112 5120 lana:
1150 5086 1385 5129 racanas.
1428 5043 1765 5151 Hesychius:

174 5139 328 5197 Ῥάκη
349 5178 367 5205 ,
398 5143 922 5221 ἁποσκορακὶσματα,
966 5160 1054 5211 καὶ
1083 5161 1504 5237 ἀποσπάσματος,
1541 5175 1724 5245 ἱμάτια
1749 5198 1762 5233 :

140 5238 151 5274 .‘
177 5248 198 5282 ε
235 5230 620 5305 Praesegmina,
651 5241 996 5317 divulsiones,
1022 5262 1218 5310 vestes.
1258 5275 1276 5308 ι
1313 5260 1456 5316 idem
1488 5284 1501 5319 :
1532 5270 1762 5339 'Pa'tzzoc,

174 5320 202 5339 ..
269 5326 315 5339 ..
398 5328 410 5339 .
479 5330 493 5339 .
548 5332 557 5339 .
739 5334 748 5339 -

1902 3424 2017 3479 sius
2072 3425 2126 3480 in
2186 3426 2457 3485 Glossario
2506 3447 2603 3487 suo
2655 3432 3092 3508 Grmeobarbaro,
3141 3445 3266 3501 duzn
3322 3436 3492 3509 verbo

1901 3519 2151 3588 Μοναχὸς
2206 3521 2479 3577 existimat
2540 3532 2784 3581 sanctum
2842 3528 3182 3590 Benedictum
3240 3543 3483 3610 regulam

1899 3610 2177 3666 monachis
2205 3613 2432 3680 primum
2461 3617 2874 3687 praiscripsisse.
2910 3621 3001 3677 Vel
3026 3624 3140 3693 ipse
3163 3628 3487 3693 Benedictus

1897 3700 2095 3769 regula:
2121 3717 2233 3757 sua:
2260 3719 2380 3774 cap.
2410 3705 2477 3760 73
2502 3708 2736 3775 priorem
2785 3716 2953 3768 sancti
3010 3714 3192 3773 Basilii
3245 3724 3484 3794 regulam

1895 3794 2134 3862 agnoscit
2161 3816 2176 3852 :
2209 3814 2229 3849 ι
2259 3796 2581 3856 Cullationes
2614 3801 2852 3872 Patrum,
2894 3816 2947 3861 et
2976 3807 3235 3881 instituta,
3276 3826 3331 3871 et
3379 3820 3487 3877 vita

1894 3896 2102 3950 eorum,
2126 3886 2219 3940 sed
2245 3896 2302 3941 et
2326 3889 2507 3957 regula
2534 3893 2702 3947 sancti
2733 3894 2905 3951 Patris
2930 3901 3096 3955 nostri
3126 3902 3324 3974 Basilii,
3356 3913 3486 3981 quid

1894 3975 2041 4031 aliud
2071 3986 2215 4045 sunt,
2249 3979 2353 4034 nisi
2381 3980 2518 4037 bene
2545 3984 2832 4042 viventium
2862 4000 2916 4045 et
2958 3993 3320 4056 obedientium
3368 3975 3487 4061 ino-

1892 4066 2184 4124 nachorum
2223 4069 2578 4129 instrumenta
2604 4076 2882 4136 virtutum.
2919 4101 2939 4135 ι
2970 4084 3035 4139 Ει
3055 4086 3166 4156 jam
3216 4103 3341 4152 ante
3383 4097 3484 4153 Pa-

1888 4156 2133 4214 cltomius
2160 4160 2229 4215 ab
2256 4163 2449 4233 angelo
2493 4168 2731 4238 regulam
2763 4184 3064 4244 acceperat.
3111 4180 3289 4249 Quare
3335 4193 3477 4259 quod

1888 4243 2225 4319 Hildegardis
2250 4252 2379 4311 dicit
2403 4255 2472 4312 de
2502 4257 2793 4316 Benedicto
2836 4243 3009 4333 primo
3036 4243 3472 4343 aggeratim;

1886 4348 2056 4407 ctore,
2084 4342 2323 4416 intellige
2352 4346 2419 4403 de
2446 4348 2615 4417 italia,
2648 4368 2804 4424 quam
2844 4356 2958 4428 ipse
2985 4342 3189 4429 primus
3229 4383 3323 4423 sua
3374 4371 3479 4428 Bc-

1884 4430 2007 4500 gula
2036 4438 2267 4492 maxime
2294 4438 2597 4497 illustravit.

1956 4547 2255 4607 Resccus.
2282 4553 2547 4626 Pelagius,
2582 4556 2676 4614 lib.
2702 4576 2735 4614 v
2768 4562 2842 4619 De
2862 4563 2996 4623 Vitis
3023 4567 3261 4640 Patrum,
3286 4574 3470 4632 libello

1882 4653 1936 4708 x,
1969 4654 2024 4693 n.
2060 4640 2126 4695 18
2158 4659 2171 4694 :
2207 4661 2226 4695 ‹
2250 4642 2407 4701 Dedit
2432 4648 2481 4702 ei
2511 4662 2722 4722 aurum,
2748 4662 2801 4708 et
2829 4672 3095 4726 nummos,
3115 4672 3169 4718 et
3192 4669 3468 4736 rescellas,

1880 4738 1934 4785 et
1962 4746 2121 4787 omne
2150 4736 2289 4805 quod
2320 4737 2373 4791 in
2403 4754 2663 4810 responso
2689 4759 2787 4801 suo
2816 4747 3065 4808 habebat.
3113 4774 3134 4808 ι
3165 4754 3233 4812 Et
3262 4775 3316 4815 ιι.
3348 4762 3416 4815 76
3453 4780 3467 4814 :

1884 4841 1904 4874 α
1935 4822 2128 4880 Vestes
2155 4842 2287 4883 mete
2315 4830 2675 4889 inaestimabili
2699 4841 2869 4908 pretio
2889 4842 3065 4913 dignae
3091 4861 3262 4915 erant,
3293 4862 3349 4907 et
3370 4868 3469 4923 pro

1876 4912 1959 4968 bis
1989 4922 2109 4970 utor
2140 4917 2235 4972 llas
2265 4920 2396 4977 viles
2429 4927 2699 4984 rescellas.
2743 4948 2762 4982 ι
2798 4932 3055 4992 Videntur
3085 4944 3326 5001 rescellas
3378 4947 3466 5004 liie

1874 5008 1988 5077 capi
2011 5023 2109 5078 pro
2135 5010 2224 5065 vili
2249 5017 2591 5073 vestimento.
2620 5021 2706 5076 Sic
2729 5026 2866 5093 apud
2891 5031 3138 5088 eumdem
3163 5036 3462 5113 Pelagium,

1872 5098 2052 5157 libello
2086 5119 2203 5170 xm,
2233 5122 2285 5160 ιι.
2323 5108 2347 5160 1
2383 5127 2396 5164 :
2436 5129 2455 5162 ‹
2497 5111 2714 5169 Vestivit
2741 5132 2802 5173 se
2830 5123 3083 5181 rescellas
3127 5098 3459 5207 suas,"qnas

1876 5193 2023 5261 prius
2089 5196 2363 5253 habuerat.
2418 5218 2437 5252 ι
2487 5201 2818 5262 Glossarium
2871 5212 3301 5280 (lamberonense
3356 5228 3458 5283 Ms.

1879 5302 1897 5333 α
1934 5284 2164 5353 Recella,
2194 5291 2509 5350 diminuitur
2536 5312 2566 5351 a
2597 5300 2797 5369 recula,
2830 5306 3010 5365 recula
3040 5322 3219 5371 autem
3250 5333 3279 5371 a
3312 5336 3391 5379 re.
3431 5342 3451 5377 ι

168 5320 447 5402 διερρωγός
475 5330 704 5401 ἱμάτιονε
730 5334 952 5392 lacerum
975 5346 1342 5405 vestimentum.
1368 5352 1510 5410 Idem
1536 5375 1552 5411 :
1576 5367 1760 5435 Ῥάχη,

168 5416 591 5481 ἀπαραχίσματα
629 5430 712 5481 καὶ
757 5431 1149 5481 ἀποσπᾶσηαῳη
1179 5457 1193 5472 ι
1230 5456 1460 5481 νηηηη-η»
1506 5461 1549 5481 οι
1596 5453 1739 5481 ,ι;....ι

1934 5320 2164 5353 ιιῠιῠιια,
2194 5320 2507 5350 uiumluttur
2536 5320 2566 5351 ει
2597 5320 2797 5369 recula,
2830 5320 3010 5365 recula
3040 5322 3219 5371 autem
3250 5333 3279 5371 a
3312 5336 3391 5379 re.
3431 5342 3451 5377 1

1906 5375 2144 5434 iliarisius
2165 5380 2456 5452 Sosipater,
2490 5388 2580 5443 lib.
2615 5406 2630 5443 ι
2659 5391 3056 5469 Οηιηιηιθιίοέη,
3083 5420 3114 5460 a
3136 5424 3217 5481 res
3240 5411 3456 5471 deducit

1870 5472 2118 5535 reculam,
2156 5480 2400 5543 utaspes
2430 5480 2653 5547 specula.
2705 5483 2780 5539 lta
2825 5498 2877 5543 et
2923 5476 3247 5569 Priscianus,
3292 5517 3457 5571 super

1869 5559 2149 5617 duodecim
2180 5581 2365 5621 versus
2389 5568 2537 5637 AEn.,
2561 5575 2611 5627 in
2639 5574 2768 5631 illud
2797 5579 2887 5637 lib.
2921 5598 2977 5638 ιιι
2999 5586 3212 5646 ASneid.
3234 5559 3262 5644 '1
3292 5559 3453 5652 Ρὲεὶζ

1862 5666 2013 5718 quam
2042 5670 2122 5707 res
2166 5656 2324 5711 Asite.
2382 5660 2604 5727 ibidem,
2661 5666 2713 5721 in
2759 5669 3028 5731 Glossario
3080 5680 3449 5744 Camberon.:

1863 5741 2141 5811 Resccllac,
2170 5762 2335 5816 genus
2359 5750 2684 5821 indumenti;
2713 5757 2767 5812 id
2788 5769 2890 5830 est,
2912 5764 3095 5833 pelles.
3121 5788 3139 5821 ι
3166 5771 3447 5844 Apuleius,

1542 5783 1558 5785 ε
1594 5783 1757 5801 υν--..,
1863 5783 1921 5795 ..ι
1944 5783 2141 5811 υυιεηυυ,
2170 5783 2335 5816 cunno
2359 5783 2651 5809 IlluulllCllll
2671 5798 2684 5821 ,
2713 5783 2767 5812 lu
2788 5783 2890 5830 85!,
3121 5788 3139 5821 )

166 5783 339 5841 Alex“
386 5790 611 5860 Anseli.
658 5799 993 5874 ρακινδύτης,
1042 5814 1127 5865 cui
1172 5815 1358 5873 Clossa
1402 5821 1498 5879 Ms.
1532 5828 1757 5884 ascribit
1862 5834 1955 5888 lib.
1988 5851 2039 5889 tv
2070 5836 2281 5893 Metam.
2314 5859 2327 5895 :
2361 5860 2377 5893 ι
2415 5843 2550 5909 Quid
2594 5853 2932 5919 paupertinas
2963 5871 3335 5932 pannosasque
3364 5882 3450 5923 re-

166 5881 417 5932 μονα-νὸς.
442 5884 534 5932 Sic
560 5888 696 5932 amid
722 5895 971 5932 aram/lam
1033 5900 1168 5932 In“...
1202 5908 1272 5932 nn
1308 5913 1393 5932 -4
1604 5927 1613 5932 -
1958 5926 1969 5932 -
2109 5928 2120 5932 -

1694 5881 1755 5884 ν.-
1863 5881 1955 5888 ---η
1988 5881 2030 5889 -.
2070 5881 2281 5893 ..-νε-...η
2314 5882 2327 5895 .
2361 5881 2377 5893 ι
2416 5881 2549 5909 κυιιι
2595 5881 2781 5919 ναυμει
2798 5881 2932 5909 una:
2963 5881 3335 5932 pannosasque
3364 5882 3448 5923 ΓΕ·-

163 5881 417 5953 μοναχός.
442 5884 534 5939 Sic
560 5888 698 5955 apud
722 5895 996 5965 eumdem,
1032 5900 1170 5961 libro
1201 5908 1275 5965 De
1308 5913 1465 5970 rebus
1500 5927 1619 5986 post
1658 5937 1754 5979 ex-
1861 5926 2033 5983 sculns
2052 5928 2364 5991 miserrima:
2388 5952 2519 5993 anus
2545 5939 2708 5997 donas
2738 5944 2921 6002 vicinis
2948 5949 3222 6009 divitibus.
3252 5972 3273 6007 ›
3305 5958 3448 6031 Ergo

457 5978 728 6031 Pyrum-
776 5988 1041 6031 [YYIV
1346 6000 1355 6005 ’

456 5978 729 6043 Parnoc.
775 5988 1061 6055 LXXIV.
1346 6000 1355 6005 '
1500 5978 1512 5986 I
1718 5978 1721 5979 ν
2016 5978 2364 5991 mmumm
2388 5978 2708 5997 unum.“
2742 5978 2921 6002 "um
2948 5978 3087 6105 u"lli;

242 5693 400 5760 Apud
429 5695 670 5755 Nicelam
700 5704 1048 5779 Cltoniatem,
1090 5716 1183 5773 lib.
1222 5736 1259 5775 ιι
1293 5724 1368 5780 De
1405 5729 1565 5785 rebus
1593 5736 1758 5801 gestis
