4014 6368
521 340 619 394 ‘9!

1202 326 1680 386 ONOMASTICON
1720 327 1955 386 RERUM
1997 328 2084 386 ΕΤ
2126 326 2507 385 VERBORUM
2550 333 3075 391 DlFFIClLlORUM.

3694 344 3822 399 ωε».

517 469 644 508 ares
675 451 903 524 primum
942 451 1159 519 rescula,
1192 450 1315 506 inde
1336 450 1563 505 rescella.
1610 450 1790 505 Liceat
1833 447 1918 503 hic
1963 461 2097 503 cono
2129 444 2180 506 A
2208 467 2374 519 μενον.
2408 447 2643 515 Plinius,
2679 447 2770 504 lib.
2819 463 2893 518 xi,
2927 464 3044 520 cap.
3078 449 3185 505 54:
3221 467 3239 501 ι
3264 449 3358 506 Est
3396 452 3590 510 animal
3625 456 3822 515 inﬁxo

511 550 769 618 jecturam
799 561 970 602 meam
1000 560 1297 616 proponere
1335 544 1401 599 de
1443 545 1559 598 loco
1603 541 1743 612 apud
1790 541 2096 611 Apuleium,

513 640 607 694 lib.
635 655 693 694 ιιι
719 638 1092 708 Metamorph.,
1124 638 1366 706 deposito
1392 653 1405 690 :
1432 655 1450 689 ι
1479 639 1671 706 Specta
1689 637 1918 708 denique
1941 650 2095 707 quam

515 729 689 797 parvis
718 744 983 799 quamque
1008 729 1245 784 futilibus
1269 736 1410 782 tanta
1435 743 1520 782 res
1547 736 1877 797 procuretur.
1905 728 2102 782 Hercu-

513 824 592 879 les
621 823 800 878 anethi
831 823 1096 877 modicum
1129 836 1250 877 cum
1281 818 1426 876 foliis
1461 821 1592 875 lauri
1623 820 1940 885 immissum,
1975 835 2098 876 rore

513 914 733 970 fontano
762 915 919 969 datur
969 914 1255 978 lavacrum,
1283 921 1337 966 et
1361 911 1627 980 poculum.
1653 930 1671 964 ι
1710 911 1997 966 Beroaldus
2023 912 2100 964 ait

512 1006 642 1062 olim
691 1005 854 1061 fuisse
889 1003 1148 1070 Herculis,
1181 1013 1233 1058 et
1272 1005 1386 1072 ipse
1422 1003 1678 1058 reformat
1724 1002 1991 1066 Hercules,
2041 1009 2099 1056 ut

512 1096 581 1151 sit
611 1095 934 1151 asseveratio
963 1110 1059 1165 per
1090 1095 1396 1163 llerculem,
1428 1094 1586 1165 quale
1628 1104 1711 1150 est
1740 1094 1869 1149 illttd
1902 1094 2097 1148 meher-

510 1191 670 1256 cules,
702 1189 1078 1257 mediusﬁdius.
1126 1186 1356 1258 Lipsius,
1389 1189 1480 1244 lib.
1517 1203 1557 1242 ιι
1587 1204 1675 1258 ep.
1709 1204 1820 1258 qq.,
1867 1203 1953 1257 ep.
2002 1186 2094 1255 22,

511 1282 585 1335 ait
639 1281 955 1336 dormivisse
1010 1296 1258 1350 magnum
1312 1279 2092 1350 interpretem.(Beroaldum).

515 1371 673 1426 Vetus
704 1371 859 1426 lectio
888 1369 1156 1427 Herculis.
1198 1371 1348 1441 Legit
1375 1371 1488 1440 ipse
1519 1388 1532 1426 :
1570 1389 1590 1424 ι
1624 1370 1791 1425 Tanta
1841 1385 1927 1424 res
1972 1386 2096 1460 pro-

512 1474 730 1519 curetur
755 1464 1014 1520 herbulis.
1037 1464 1251 1531 Anethi,
1283 1483 1301 1517 ι
1329 1474 1433 1520 etc.
1459 1465 1530 1520 lta
1569 1466 1678 1520 ille.
1703 1464 1826 1521 Scio
1847 1466 2093 1536 equidem

509 1556 735 1610 multum
774 1557 1057 1612 herbarum
1089 1571 1243 1611 usum
1273 1555 1437 1612 fuisse
1482 1559 1535 1613 in
1568 1572 1626 1614 re
1675 1559 1897 1627 magica,
1954 1559 2094 1615 unde

505 1647 646 1714 apud
676 1647 944 1714 eumdem,
978 1647 1131 1716 Apol.
1169 1649 1218 1713 1,
1246 1647 1514 1715 radiculw,
1542 1648 1730 1717 herbas,
1759 1650 1979 1704 surculi.
2027 1651 2092 1705 Et

504 1737 597 1794 lib.
627 1753 664 1792 ιι
695 1737 935 1802 Melam.,
969 1738 1186 1792 surculis
1217 1748 1261 1792 et
1293 1738 1484 1809 lapillis
1515 1748 1561 1793 et
1605 1740 1659 1792 id
1689 1757 1849 1811 genus
1893 1741 2090 1811 frivolis

2206 553 2421 611 semper
2446 541 2693 612 sanguini
2723 541 2898 612 capite
2924 542 3135 608 vivens,
3158 543 3209 598 in
3232 543 3405 600 bubus
3432 546 3711 618 frequens,
3746 551 3818 605 in

2204 633 2428 688 canibus
2443 634 2750 703 aliquando,
2772 635 2824 689 in
2844 634 3032 690 ovibus
3053 644 3104 688 et
3121 635 3298 705 capris
3316 635 3416 692 hoc
3431 639 3623 695 solum.
3637 660 3655 692 ›
3674 641 3820 697 Sui-

2202 724 2299 779 das
2320 735 2478 780 vocat
2501 732 2733 787 κυνείους
2762 728 2990 802 φθεῖρας,
3013 728 3273 797 pediculos
3298 746 3502 784 cauum.
3535 734 3816 799 Aristot.;

2200 815 2293 870 lib.
2324 831 2356 870 v
2382 816 2632 871 Historia:
2662 818 2986 874 Animalium
3013 861 3026 884 ,
3085 835 3204 890 cap.
3235 821 3297 873 3i
3327 839 3340 876 :
3369 826 3444 878 Τὰ
3469 827 3521 882 δὲ
3545 828 3820 902 πρόϐατα

2201 908 2286 961 καὶ
2307 903 2446 980 αἶγες
2474 908 2725 981 κρότωνας
2762 907 2952 979 ἔχουσι
2970 949 2986 977 ,
3022 919 3129 971 τοῖς
3158 909 3210 966 δὲ
3239 916 3385 968 κυσὶν
3423 915 3467 967 οἱ
3494 916 3818 987 καλούμενοι

2199 999 2417 1070 γίνονται
2440 1001 2834 1075 κυνορραῐσταίε
2859 1020 2875 1053 t
2894 1001 3034 1057 Oves
3049 1011 3103 1058 et
3118 1017 3292 1074 capra:
3312 1006 3544 1062 redivios
3561 1008 3817 1075 habent,

2197 1091 2420 1146 canibus
2453 1093 2724 1162 proprium
2752 1093 2974 1161 riciuus,
3005 1095 3095 1165 qui
3125 1097 3195 1150 ab
3223 1097 3414 1153 eodem
3440 1101 3659 1155 animali
3685 1114 3815 1156 oo-

2199 1197 2321 1237 men
2350 1182 2736 1253 cynorrhaista:
2757 1185 2983 1255 accepit.
3026 1204 3044 1237 ι
3078 1184 3396 1253 Columella,
3423 1189 3515 1244 lib.
3540 1205 3614 1251 vr.
3638 1204 3693 1244 c.
3737 1188 3814 1258 2,

2197 1272 2535 1340 rediviorum;
2565 1274 2791 1340 Plinius,
2816 1276 2910 1332 lib.
2938 1292 3068 1344 xxu,
3097 1293 3146 1332 c.
3175 1279 3261 1346 l8,
3287 1281 3562 1334 ricinarum
3591 1295 3818 1336 canum

2197 1366 2463 1422 meminit.
2495 1368 2776 1445 ἐκϐρᾶσαι
2804 1368 2870 1422 ad
2897 1369 3119 1425 verbum
3148 1379 3313 1438 esset,
3339 1370 3551 1425 ebullire
3571 1373 3810 1442 faceret,

2197 1455 2504 1522 e/funderel,
2533 1465 2592 1510 ut
2616 1472 2656 1510 tt
2690 1457 2934 1514 Machab.
2972 1475 3029 1524 ι,
3063 1459 3165 1513 l2:
3197 1462 3355 1522 Αὐτὸς
3387 1463 3485 1535 γὰρ
3516 1463 3814 1535 ἐξέϐραξσσ

2195 1551 2317 1608 τοὺς
2347 1551 2797 1622 παραταξαμένους
2826 1551 2878 1604 ἐν
2923 1560 2986 1624 τῇ
3018 1551 3139 1626 ἁγίᾳ
3163 1553 3325 1608 πόλει.
3362 1550 3484 1620 Ipse
3504 1569 3622 1606 vero
3645 1551 3815 1607 ebul-

2198 1639 2292 1693 lire
2312 1640 2430 1709 fecit
2453 1657 2536 1695 eos
2564 1644 2652 1711 qui
2681 1653 3042 1712 pugnaverunt
3064 1645 3117 1697 in
3143 1654 3324 1698 sancta
3345 1645 3566 1700 ciuitate.

2267 1731 2562 1788 Rosantnu.
2602 1734 2737 1790 Usus
2781 1738 3053 1792 orationes
3101 1737 3489 1792 annnmerandi
3535 1737 3649 1794 Deo
3693 1751 3812 1808 per

507 1828 772 1881 inhalatis.
807 1829 848 1882 E
879 1828 1074 1896 quibus
1120 1828 1292 1884 videri
1338 1844 1549 1900 quoque
1597 1833 1763 1900 possit
1809 1832 2088 1902 legendum
2121 1825 2170 1885 Β
2196 1822 2446 1892 CalculOS,
2473 1824 2637 1880 habes
2666 1825 2752 1880 bic
2779 1827 3080 1896 exemplum
3102 1828 3242 1897 apud
3269 1829 3585 1897 Palladium,
3617 1845 3667 1884 c.
3691 1829 3808 1899 25,

505 1922 723 1974 surculis
776 1936 872 1988 pro
901 1919 1147 1975 lierculis.
1181 1923 1355 1976 Malim
1406 1933 1583 1979 tamen
1626 1924 1805 1994 legere
1849 1926 2041 1981 recolis
2076 1946 2087 1980 :

504 2010 560 2062 1°
589 2012 721 2081 Quia
748 2014 886 2068 soliti
917 2015 1042 2069 olim
1066 2017 1299 2071 scribere
1328 2018 1547 2072 Ite'eculis
1573 2027 1624 2072 ut
1656 2019 1708 2072 Η
1714 2037 1883 2087 renus,
1916 2020 2091 2074 Ludo-

503 2103 643 2156 vicus
667 2103 719 2158 in
753 2105 851 2159 Ms.
881 2107 1267 2175 vetustissimo,
1304 2110 1442 2163 unde
1474 2113 1884 2180 transpositione
1913 2111 2090 2168 fecere

505 2194 746 2249 Itercult's.
771 2196 832 2250 2°
860 2195 1068 2252 Περαίας
1097 2200 1372 2268 sequentia
1405 2201 1581 2255 omnia
1606 2204 2088 2270 comprehendunt,

501 2287 767 2352 anethum,
799 2288 1020 2354 laurum,
1053 2307 1216 2343 rorem
1247 2295 1546 2361 lanternam;
1577 2309 1683 2347 non
1726 2296 1793 2348 ita
1839 2295 2087 2363 herbulae,

501 2392 622 2445 quae
656 2379 707 2433 in
752 2380 953 2434 nullum
981 2381 1202 2436 istorum
1235 2384 1514 2452 quadrant,
1546 2384 1588 2439 si
1619 2385 1859 2439 anethum
1884 2387 1952 2442 de
1999 2401 2087 2442 se-

501 2471 646 2525 mine
687 2472 888 2541 capias.
917 2472 974 2524 5°
1007 2475 1208 2528 Recula:
1237 2474 1324 2529 hic
1365 2476 1505 2545 quod
1538 2476 1674 2530 libro
1702 2493 1738 2530 ιι
1769 2478 1907 2547 apud
1939 2493 2090 2532 eum-

499 2563 624 2618 dem
669 2565 871 2635 frivola.
901 2566 955 2620 4⁸
991 2567 1210 2623 lleculas
1250 2579 1476 2640 usurpat
1522 2570 1659 2625 idem
1689 2581 1874 2626 auctor
1909 2572 2003 2628 lib.
2037 2586 2088 2627 tv

501 2652 851 2724 Metamorph.
881 2655 990 2726 jam
1021 2658 1202 2712 citato.

571 2743 876 2811 Dicebatur,
907 2755 962 2800 et
1014 2747 1246 2802 Reicula.
1279 2747 1681 2818 Capitularium,
1713 2752 1808 2809 lib.
1853 2769 1946 2821 vlt,
2001 2756 2084 2810 tit.

499 2836 646 2893 192:
685 2857 704 2891 ι
742 2840 841 2910 Qui
887 2841 1141 2897 reiculam
1187 2843 1428 2901 ecclesia:
1472 2856 1659 2916 petunt
1705 2864 1735 2903 a
1783 2849 2000 2921 regibus
2033 2859 2089 2907 et

497 2927 782 2985 horrendae
808 2933 1111 3002 cupiditatis
1161 2936 1394 3006 Impulsu
1423 2940 1695 3008 egentium
1728 2941 2085 2998 substantiam

499 3020 732 3088 rapiunt.
767 3040 787 3074 ι
822 3022 1125 3080 Chronicon
1157 3028 1329 3083 sancti
1361 3029 1532 3095 Galli,
1582 3031 1656 3087 De
1699 3037 1864 3103 gestis
1901 3034 2086 3092 Caroli

495 3109 665 3181 Magni
692 3129 706 3167 :
737 3130 758 3166 ι
789 3113 942 3182 Quod
973 3117 1186 3173 reicula:
1211 3120 1382 3175 sancti
1411 3119 1549 3176 Galli
1583 3137 1688 3178 non
1712 3139 1778 3178 ex
1811 3125 2083 3195 regalibus

2196 1914 2263 1969 de
2295 1913 2458 1969 Paulo
2488 1914 2538 1969 in
2570 1927 2753 1974 monte
2783 1918 2998 1975 Pheane
3029 1919 3302 1975 habitante
3329 1938 3341 1973 :
3373 1940 3392 1973 ι
3422 1921 3520 1976 Hic
3545 1921 3802 1979 habebat

2197 2014 2463 2060 trecentas
2490 2021 2678 2075 preces
2721 2021 3005 2078 expressas
3048 2018 3103 2063 et
3151 2010 3506 2078 praestitum,
3557 2012 3808 2068 totidem

2196 2095 2398 2153 habens
2451 2098 2504 2152 in
2552 2099 2675 2154 sinu
2716 2101 2949 2157 calculos
2971 2142 2985 2168 ,
3020 2111 3075 2158 et
3102 2103 3155 2157 in
3189 2117 3507 2174 unaquaque
3535 2105 3805 2162 oratione

2190 2187 2394 2256 jaciens
2424 2204 2585 2243 unum
2617 2190 2910 2256 calculum,
2948 2211 2967 2244 ι
3004 2193 3184 2268 ψῆφον.
3215 2193 3362 2250 ldetu
3391 2195 3458 2250 de
3497 2210 3566 2250 eo
3595 2203 3802 2253 narrat

2192 2278 2552 2347 Sozomenus,
2582 2282 2680 2335 lib.
2708 2297 2794 2348 vr,
2826 2298 2944 2353 cap.
2974 2284 3044 2339 29
3065 2325 3080 2349 ,
3113 2295 3168 2340 et
3195 2300 3260 2341 ex
3289 2301 3356 2341 eo
3393 2286 3800 2353 Cassiodorus,

2194 2369 2286 2425 lib.
2313 2387 2425 2438 Vill,
2457 2387 2576 2441 cap.
2611 2375 2662 2427 l.
2694 2374 2864 2428 Etiam
2903 2375 3082 2430 divam
3124 2376 3335 2432 Claram
3381 2379 3801 2434 sanctissimam

2192 2460 2446 2517 feminam
2480 2464 2737 2532 precariis
2779 2464 3000 2522 calculis
3028 2481 3214 2531 usam,
3264 2478 3320 2524 ut
3355 2467 3464 2524 Deo
3502 2470 3798 2527 orationes

2189 2572 2314 2613 suas
2340 2568 2737 2624 annumeraret,
2773 2559 3006 2628 produnt
3031 2561 3149 2631 ejus
3177 2563 3332 2618 Acta.
3363 2561 3476 2618 Nec
3511 2565 3794 2633 supersti-

2190 2647 2357 2703 tiosus
2386 2657 2468 2703 est
2492 2648 2577 2704 hic
2598 2649 2929 2704 calculorum
2955 2665 3105 2718 usus,
3131 2666 3236 2706 non
3262 2653 3431 2722 magis
3454 2669 3616 2724 quam
3640 2655 3795 2710 duo-

2188 2741 2363 2798 decim
2394 2743 2629 2812 lapides,
2656 2758 2792 2812 quos
2827 2742 2991 2799 Josue
3031 2743 3193 2813 jussit
3235 2744 3432 2801 milites
3474 2760 3602 2802 suos
3629 2746 3796 2804 sicco

2193 2833 2326 2903 pede
2357 2842 2699 2889 transeuntes
2730 2843 2914 2890 secum
2942 2850 3008 2890 ex
3039 2835 3192 2891 alveo
3231 2835 3479 2892 Jordanis
3511 2837 3564 2891 in
3601 2847 3799 2895 castra

2189 2924 2426 2993 deferre,
2471 2942 2663 2998 nempe
2711 2937 2770 2983 ut
2814 2929 3210 2986 commonitorii
3245 2939 3426 2986 essent
3451 2929 3707 2988 beneﬁcii
3758 2945 3796 2987 ι

2189 3015 2300 3073 Deo
2321 3017 2447 3087 Opt.
2474 3018 2613 3073 Max.
2648 3019 2895 3089 praestiti.

2258 3110 2532 3168 Saeuum.
2580 3111 2700 3168 Vita
2748 3113 2901 3170 Pauli
2943 3115 3102 3186 primi
3149 3113 3420 3186 eremita,
3472 3131 3621 3171 num.
3663 3116 3790 3173 ss:

494 3201 751 3270 donariis,
779 3205 874 3261 sed
894 3221 961 3260 ex
985 3207 1315 3276 privatorum
1340 3211 1734 3275 traditiunculis
1756 3217 2016 3274 collectae.
2055 3237 2073 3271 ι

2200 3218 2210 3254 ι
2249 3201 2504 3258 Sabulum
2553 3204 2716 3273 capiti
2767 3205 3191 3277 superjaciebat.
3229 3226 3247 3259 ι
3284 3207 3398 3261 Vita
3442 3207 3792 3278 Hilarionis,

567 3296 648 3348 An
678 3309 926 3351 actenus
959 3297 1040 3352 ιιω
1075 3299 1430 3357 Ecclesiarum
1475 3314 1602 3360 sunt
1651 3306 1739 3361 illa
1780 3307 1931 3379 ipsa,
1960 3326 2081 3381 qua:

493 3384 695 3443 Grtecis
752 3388 1064 3446 dicebantur
1113 3395 1396 3465 πτωχικάῖ
1449 3395 1775 3465 Balsamon,
1831 3402 1899 3457 ad
1945 3403 2079 3458 Can.

491 3478 682 3545 Apost.
732 3478 843 3535 59:
876 3491 930 3535 '0
969 3483 1244 3545 ἐπίσκοπος
1283 3487 1459 3557 ὀφείλει
1498 3492 1631 3558 μετά
1667 3497 1759 3550 τήν
1801 3493 2081 3567 ἀναγκαίαν

492 3569 652 3623 αὑτοῦ
678 3567 903 3630 δαπάνην
922 3613 936 3636 ,
971 3578 1055 3628 καὶ
1081 3581 1170 3633 τήν
1195 3585 1286 3636 τῆς
1308 3578 1575 3640 ἐκκλησίας
1599 3585 1684 3636 καὶ
1710 3591 1811 3639 τῶν
1839 3585 2080 3660 κληριιῶν

493 3664 682 3720 συνήθη
713 3663 912 3734 οἰκονομ.
933 3687 1016 3730 αν,
1047 3667 1112 3721 τὰ
1140 3670 1500 3742 περιττεύοντα
1528 3675 1584 3725 ἐκ
1605 3681 1704 3728 τῶν
1742 3674 1954 3732 εἰσόδων
1989 3688 2081 3740 τῆς

488 3752 753 3814 ἐκκλησίας
775 3752 1052 3812 διαδιδόναι
1071 3761 1199 3833 πρὸς
1219 3760 1459 3822 πένητας·
1484 3768 1729 3836 πτωχικά
1748 3769 1848 3842 γὰρ
1868 3769 2080 3824 καλοῦν-

489 3862 610 3902 ταιε
649 3864 669 3899 ι
707 3847 1000 3921 Episcopus
1047 3862 1169 3922 post
1208 3856 1545 3914 necessarios
1573 3859 1675 3914 sibi
1717 3871 1990 3934 sumptus,
2025 3874 2080 3922 et

489 3936 735 3992 ecclesia:
777 3953 841 3994 ac
876 3941 1193 3997 clericorum
1237 3955 1549 4002 consuetam
1581 3948 2075 4021 dispensationem,

489 4029 756 4096 superflua
787 4045 854 4087 ex
878 4033 1257 4092 ecclesiasticis
1280 4039 1542 4095 reditibus
1561 4040 1724 4098 debet
1749 4042 2076 4102 distribuere

490 4119 833 4188 pauperibus.
876 4122 1007 4178 Nam
1045 4130 1324 4197 πτωχικὰ,
1359 4128 1410 4183 id
1455 4139 1566 4197 est,
1600 4147 1890 4202 pauperum
1934 4136 2075 4193 bona

488 4220 769 4264 vocantur.
802 4229 823 4264 s
851 4213 917 4266 Et
941 4213 994 4268 in
1022 4217 1267 4270 eumdem
1291 4233 1550 4276 canonem
1573 4220 1810 4280 Zonaras
1838 4241 1852 4279 :
1881 4228 1955 4281 Τὰ
1975 4234 2075 4283 τῶν

488 4301 758 4360 ἐκκλησιῶν
783 4307 1066 4379 πράγματα
1086 4310 1116 4368 ἡ
1135 4315 1300 4387 γραφή
1328 4317 1577 4384 πτωχικά
1604 4317 1859 4388 ὀνομάζει,
1882 4322 1968 4373 καὶ
1993 4318 2075 4375 δεῖ

486 4399 652 4451 ταῦτα
679 4393 996 4454 διαδίδοσθαι
1020 4408 1130 4461 τοῖς
1153 4412 1396 4474 πτωχοῖς
1421 4423 1433 4458 :
1474 4423 1492 4458 ι
1530 4393 1807 4476 Scriptura
1831 4412 2074 4468 nominat

485 4485 837 4544 ecclesiarum
886 4491 1024 4546 bona
1067 4499 1338 4566 πτωχικὰ,
1386 4512 1506 4566 qua:
1550 4509 1824 4572 πτωχοῖς,
1861 4501 1915 4557 id
1951 4514 2067 4572 est,

483 4577 746 4633 mendicis
774 4588 830 4633 et
860 4579 1104 4650 inopibus
1132 4583 1378 4641 distribui
1409 4599 1642 4658 oportet.
1679 4610 1699 4644 ι

556 4665 766 4723 Ιὶιιετεε
785 4668 1023 4726 Piscwu.
1055 4671 1173 4727 Vita
1207 4674 1430 4732 Joannis
1464 4679 1916 4754 Eleemosynarii,
1943 4701 2065 4758 cap.

483 4757 548 4812 l9
575 4775 590 4813 :
628 4777 648 4813 ι
681 4759 824 4816 Mille
852 4771 1022 4819 restes
1048 4764 1369 4824 siccatorum
1400 4770 1649 4842 piscium,
1678 4777 1770 4844 qui
1797 4757 2069 4835 meuome-

482 4865 564 4905 ute
590 4852 858 4909 dicuntur.
897 4873 916 4908 ι
947 4856 1038 4911 Sic
1063 4857 1344 4926 Martialis,
1369 4862 1462 4917 lib.
1489 4879 1584 4931 xu,
1613 4880 1701 4937 ep.
1733 4867 1804 4924 52
1830 4887 1841 4923 :

666 4943 923 5008 Calvaeque
950 4956 1110 4998 restes
1132 4949 1366 5013 allioque,
1383 4955 1633 5016 cepisque.

481 5022 568 5078 ubi
599 5028 831 5084 restibus
875 5031 1144 5087 calvitiem
1184 5035 1410 5103 tribuit,
1461 5048 1517 5092 ut
1563 5049 1768 5096 veteres
1811 5053 1865 5098 et
1911 5045 2064 5102 tritas

485 5123 752 5191 ostendat,
783 5138 815 5180 e
839 5125 1032 5194 quibus
1061 5127 1186 5184 allia
1214 5138 1268 5184 et
1292 5147 1436 5201 cepze
1466 5134 1698 5203 pendere
1720 5138 1897 5195 solita.

549 5215 786 5273 thmus.
819 5218 1108 5290 Palladius,
1140 5237 1259 5294 cap.
1289 5223 1384 5277 86:
1409 5243 1427 5277 ι
1463 5228 1611 5282 Adeo
1640 5240 1696 5286 ut
1724 5246 1920 5303 corpus
1942 5235 2056 5302 ejus

479 5323 584 5364 non
625 5323 780 5368 secus
824 5327 887 5367 ac
934 5327 1130 5384 corpus
1183 5316 1420 5374 ferarum
1472 5322 1823 5379 animantium
1871 5328 2056 5383 ricinis

475 5409 725 5458 scateret.
763 5421 784 5456 ι
819 5404 1083 5463 Hervetus
1109 5417 1365 5478 verterat,
1398 5423 1608 5468 scateret
1634 5417 1839 5472 muscis.
1869 5417 2054 5475 Graece

471 5506 593 5550 est:
621 5498 690 5559 ὡς
728 5499 812 5553 καὶ
835 5498 894 5554 τὸ
914 5505 1067 5570 σῶμα
1105 5502 1360 5577 κρότωνας
1399 5507 1661 5584 ἐκϐρᾶσαι.
1699 5509 1813 5563 Dixi
1855 5511 1922 5566 de
1953 5511 2054 5567 hoc

474 5589 604 5646 satis
632 5590 751 5647 fuse
772 5591 840 5647 ad
864 5602 1098 5649 veterem
1122 5594 1342 5652 Palladii
1363 5599 1694 5656 Lausiacam.
1729 5602 1881 5659 Nunc
1903 5620 2051 5676 quae-

470 5668 591 5736 dam
623 5679 762 5738 addo
801 5696 867 5738 ex
909 5682 1179 5740 Frontone
1228 5695 1452 5744 nostro:
1487 5692 1682 5763 Κρότων
1729 5693 1816 5748 hic
1855 5668 2054 5754 rectius

469 5774 697 5831 sumitur
726 5790 824 5845 pro
854 5779 1038 5848 rieigw,
1069 5788 1126 5836 ut
1155 5780 1331 5864 δίε-,τὸ
1369 5786 1420 5838 ἐν
1451 5790 1573 5840 κυσί
1609 5791 1690 5843 καὶ
1723 5787 1879 5860 βουσὶ
1912 5793 2052 5863 7nd-

2185 3308 2336 3348 num.
2369 3295 2478 3350 40:
2514 3312 2532 3346 ι
2569 3295 2668 3363 Qui
2698 3311 2818 3352 cum
2849 3297 2949 3352 tria
2991 3299 3166 3352 crucis
3210 3297 3361 3367 signa
3413 3299 3686 3368 pinxisset
3729 3301 3792 3358 in

2183 3384 2392 3440 sabulo.
2420 3404 2439 3438 ι
2463 3383 2794 3442 Glossarium
2823 3387 3256 3445 Camberouense
3279 3390 3377 3445 Ms.
3401 3405 3415 3442 :
3447 3407 3466 3442 ι
3488 3389 3786 3461 Sabulum,

2182 3491 2352 3548 genus
2389 3487 2548 3534 teme
2587 3479 2942 3537 levissimum.
2982 3500 3002 3535 ι
3039 3482 3201 3547 Plin.,
3252 3483 3347 3539 lib.
3379 3499 3544 3549 xvnt,
3579 3499 3630 3539 c.
3655 3485 3735 3540 18
3768 3504 3786 3541 :

2189 3588 2208 3621 ι
2243 3570 2450 3640 Quippe
2478 3572 2723 3627 sabulum
2753 3572 2938 3629 subest
2967 3613 2984 3641 ,
3016 3589 3351 3644 granumque
3390 3574 3517 3630 limo
3567 3582 3787 3631 tantum

2181 3665 2509 3720 continetur.
2551 3683 2571 3717 ι
2609 3665 2990 3737 Hieronymus,
3023 3669 3077 3723 in
3105 3681 3228 3738 cap.
3258 3681 3404 3723 vau
3430 3665 3656 3733 Επειδὴ..
3691 3668 3786 3723 Ast

2185 3757 2408 3810 tumulos
2430 3756 2600 3810 sabuli
2626 3757 2912 3814 orientalis.

2256 3847 2509 3904 Sabulum
2556 3858 2729 3903 autem
2778 3851 2937 3921 capiti
2982 3854 3308 3922 superjacere
3353 3850 3598 3906 solemne
3653 3860 3790 3907 erat

2180 3941 2321 4010 apud
2352 3942 2610 4012 plurimas
2637 3950 2824 4013 gentes
2854 3944 2908 3998 in
2938 3943 3108 4031 ltmtu,
3153 3945 3388 4001 maxime
3427 3942 3670 4000 funebri.
3699 3943 3788 4000 De

2178 4033 2465 4106 Egyptiis,
2495 4036 2644 4092 testis
2669 4036 2785 4092 haec
2812 4037 2950 4093 Vita.

2249 4130 2326 4185 De
2373 4129 2629 4185 Romanis
2664 4129 2952 4201 Virgilius,
2990 4130 3085 4186 lib.
3131 4147 3164 4186 x
3199 4128 3442 4195 Eneid.,
3471 4128 3542 4186 de
3577 4129 3784 4188 Latino

2177 4235 2307 4294 rege
2327 4221 2396 4279 ob
2422 4223 2669 4294 conjugis
2695 4231 2752 4280 et
2776 4223 2926 4280 urbis
2955 4224 3102 4279 fata:

2581 4374 2598 4390 .
2634 4376 2648 4389 .
2687 4377 2701 4390 .
2738 4376 2751 4389 .
2791 4377 2804 4390 .
2841 4341 2878 4388 it
2899 4341 3046 4390 scissa
3071 4349 3213 4392 veste
3235 4338 3439 4391 Latinus

2301 4401 2794 4466 Conjugisattonitus
2818 4401 2946 4462 fatis,
2976 4404 3210 4466 urbisque
3233 4407 3390 4466 ruina,

2305 4465 2512 4536 1051
2534 4464 2772 4515 Canitiem
2785 4464 3032 4514 immundo
3053 4464 3295 4529 perfusam
3315 4465 3521 4527 pulvere
3546 4471 3771 4527 turpans.

2097 4585 2151 4648 ι)
2175 4574 2242 4630 Ει
2289 4575 2428 4630 libro
2469 4592 2500 4630 x
2553 4575 2623 4633 de
2673 4576 2938 4634 Mezentio
2973 4587 3193 4649 propter
3234 4578 3468 4635 Lausum
3498 4578 3668 4635 lilium
3690 4582 3772 4638 ab

2173 4666 2346 4722 {Enen
2373 4667 2611 4723 occisum
2646 4685 2658 4722 :

2296 4779 2506 4845 agnovit
2528 4778 2678 4845 longe
2702 4784 2938 4845 gemitum
2966 4795 3187 4845 praesaga
3209 4783 3320 4835 mali
3343 4795 3520 4835 mens:

2293 4841 2534 4891 Canitiem
2561 4841 2805 4893 immundo
2827 4841 3066 4896 deformat
3091 4841 3374 4909 pulvere...

2169 4933 2313 4988 Idem
2340 4935 2392 4988 in
2415 4933 2524 4989 Ciri
2559 4954 2571 4988 :

2229 5069 2232 5071 _
2509 5064 2522 5077 .
2551 5066 2562 5078 .
2587 5066 2598 5076 .
2637 5064 2649 5075 .
2677 5064 2689 5074 .
2715 5064 2730 5077 .
2765 5029 2911 5079 Clade
2936 5033 3176 5080 exterrita
3201 5033 3324 5082 tristi

2295 5087 2516 5138 intonsos
2535 5089 2688 5139 multo
2707 5091 2936 5154 deturpat
2962 5093 3168 5155 pulvere
3193 5097 3371 5143 crines.

2168 5169 2404 5226 Catullus
2422 5173 2475 5227 in
2514 5173 2890 5257 Argonauticis
2918 5191 2934 5231 :

2291 5261 2533 5314 Canitiem
2558 5271 2690 5314 terra
2716 5269 2865 5328 atque
2889 5264 3045 5316 infuso
3070 5265 3274 5329 pulvere
3296 5266 3492 5317 fmdans.

2167 5345 2327 5402 Silius
2357 5346 2594 5416 Italicus,
2624 5348 2717 5404 lib.
2742 5364 2833 5404 xtt.
2871 5351 2946 5406 De
2966 5352 3254 5421 Campanis
3284 5369 3300 5407 ε

2445 5478 2455 5488 .
2481 5477 2495 5490 .
2517 5475 2530 5490 .
2559 5478 2570 5490 .
2594 5480 2604 5490 .
2642 5455 2770 5492 nunc
2791 5443 3034 5494 fmdantes
3051 5445 3100 5494 in
3123 5445 3330 5508 pulvere
3352 5448 3536 5497 crinem

2286 5501 2574 5555 Canentem.

2162 5582 2402 5652 Ovidius,
2428 5585 2518 5640 lib.
2555 5602 2642 5642 vtu
2675 5587 3052 5660 Metamorph.,
3084 5591 3192 5646 fab.
3220 5593 3254 5647 4
3285 5609 3299 5647 :

2285 5739 2499 5810 Pulvere
2521 5743 2751 5810 canitiem
2775 5685 3495 5810 gettitbr,.v.ultt?sﬁijnueeussenlles

2289 5802 2457 5852 Fwdat
2482 5803 2613 5853 humi
2637 5804 2792 5855 fusus.
