4014 6368
292 446 404 503 493

998 455 1478 516 ONOMASTICON
1518 458 1768 516 RERUM
1804 459 1889 515 ΕΤ
1936 460 2307 525 VERBURUM
2350 468 2879 530 DIFFICILIOHUM.
2960 458 2965 461 ’

3462 471 3564 536 494

363 560 440 618 De
467 562 669 619 Graecis
701 567 851 621 testis
873 567 1143 627 'llomerus
1162 615 1177 639 ,
1241 573 1390 630 Iliad.
1414 583 1466 642 Σ,
1521 575 1612 631 ubi
1640 576 1874 633 Achilles
1903 576 1949 636 A
1978 594 2164 636 senum
2193 580 2622 650 Calvinistatn,et
2643 587 2783 657 apud
2817 578 3201 654 Kormaunum,
3233 589 3308 646 De
3328 592 3562 646 miracu—

288 655 470 710 audita
500 668 674 713 morte
700 658 926 715 Patrdcli
954 679 968 715 :

357 770 699 855 ’Δμξφοτερῇσι
727 773 781 830 δέ
810 780 994 855 χερσὶν
1022 779 1141 834 ἑλών
1173 781 1303 836 κόνιν
1333 785 1692 855 αἰθαλόεσσαν,

356 844 554 897 Χιύατο
575 844 680 898 ’κὰκ
706 844 933 920 assentiri}.

378 933 629 1008 'A‘mjhahos
647 944 811 985 autem
835 939 1055 1008 manibus
1072 942 1271 1004 capiens
1295 943 1551 1008 pulverem
1571 946 1779 998 calidum

374 993 524 1045 Fudit
541 1008 697 1060 super
714 1007 881 1062 caput.

285 1078 432 1132 Idem
458 1080 607 1135 Iliad.
630 1088 699 1149 Ω,
730 1083 800 1138 de
831 1084 1062 1155 Priamo,
1113 1087 1206 1159 qui
1236 1089 1460 1160 pulvere
1488 1104 1740 1161 aspersus
1764 1093 1857 1149 lilii

280 1169 529 1228 llectoris
558 1184 785 1231 mortem
818 1176 1001 1233 deﬂet.

355 1262 434 1320 De
458 1264 765 1323 Judteorum
798 1284 949 1327 more
982 1272 1035 1328 in
1056 1270 1158 1330 hac
1185 1272 1374 1331 eadem
1403 1289 1466 1331 re
1490 1282 1677 1332 notum
1706 1276 1866 1333 nimis

276 1371 344 1410 ex
367 1360 539 1412 sacris
568 1360 780 1415 litteris.

346 1448 567 1505 Suras.
602 1453 890 1515 Palladius.
920 1469 1039 1524 cap.
1062 1456 1173 1511 εἰς
1218 1474 1241 1513 t
1279 1456 1413 1513 Cum
1453 1456 1616 1513 saites
1643 1458 1862 1513 octode-

273 1540 379 1595 cim
406 1542 677 1598 ebibisset.
720 1564 739 1598 ι
774 1545 998 1602 Graece:
1033 1551 1214 1608 σαῗτην
1240 1554 1368 1607 πιὼν
1392 1553 1462 1612 ὡς
1500 1552 1755 1608 Ἰταλικῶν
1778 1552 1858 1609 δε·

272 1640 496 1695 καοκτώ.
523 1638 872 1708 Epiphanius,
917 1642 992 1696 De
1019 1644 1241 1712 ponder.
1279 1655 1334 1699 et
1361 1660 1599 1702 mensttr.
1628 1665 1641 1700 :
1672 1647 1860 1719 ’Δπὸῥ-

271 1729 415 1805 ρυμα
451 1728 509 1785 δὲ
544 1734 686 1805 παρὰ
730 1729 900 1803 μόνοις
938 1736 1175 1796 Θηϐαίοις
1216 1746 1504 1810 μετρεῖται.
1541 1738 1731 1813 Ἠμισυ
1753 1745 1856 1816 γάρ

270 1823 370 1876 τοῦ
402 1820 580 1881 animo
605 1823 766 1888 ἐστὶν,
794 1822 819 1878 ὁ
845 1821 900 1878 δέ
928 1824 1151 1885 ἀληθινὸς
1180 1826 1364 1889 cratim:
1384 1829 1574 1893 ξέστων
1593 1833 1733 1886 ἐστὶν
1754 1832 1851 1893 κδ’,

275 1927 297 1961 ι
331 1908 669 1982 Aporrhyma
700 1913 840 1982 apud
887 1915 1031 1970 solos
1062 1915 1345 1973 Thebanos
1371 1931 1729 1976 mensuratur.
1760 1923 1848 1976 Di-

271 2001 496 2055 midium
532 2004 675 2056 enim
724 2005 872 2057 saita:
924 2013 1026 2073 est,
1070 2022 1231 2064 verus
1256 2016 1434 2065 autem
1464 2011 1647 2080 saites,
1678 2024 1857 2072 sextao

268 2090 471 2147 riorum
500 2093 680 2164 viginti
704 2096 929 2153 duorum
950 2107 1051 2155 est.
1087 2119 1107 2154 ι

342 2182 664 2245 δικοτοιωιι
706 2201 947 2243 COIPOBA
974 2205 1328 2249 mcoaaurn.
1378 2194 1514 2249 Vitae
1540 2195 1850 2265 Hilarionis,

268 2288 418 2329 num.
443 2272 558 2329 46:
609 2295 629 2328 ι
688 2278 753 2332 Et
780 2287 892 2334 toto
930 2294 1177 2350 corpore,
1218 2282 1371 2354 quasi
1411 2285 1588 2341 adhuc
1623 2287 1849 2355 viveret,

273 2365 502 2436 integro.
544 2386 565 2420 ι
596 2369 832 2451 Joannes
863 2372 1147 2439 Moschus,
1186 2373 1332 2430 Prati
1376 2376 1671 2447 spiritualis
1717 2396 1839 2450 cap.

268 2456 395 2524 121,
424 2459 493 2514 de
506 2460 717 2517 duobus
738 2466 1017 2521 monachis
1042 2481 1152 2534 prae
1172 2467 1259 2523 siti
1290 2469 1516 2525 mortuis
1545 2488 1559 2525 :
1590 2490 1611 2525 ι
1637 2471 1848 2528 inveni-

268 2566 392 2609 mus
418 2566 550 2609 vero
565 2556 757 2612 ambos
781 2556 1043 2630 integros,
1065 2570 1447 2633 sumentesque
1466 2563 1612 2633 illos,
1643 2566 1848 2636 sepeli-

264 2643 442 2699 vimus
468 2645 524 2700 in
542 2645 778 2717 Raythu.
806 2666 828 2700 ι

337 2736 627 2795 Multorum
652 2747 966 2797 sanctorum
993 2756 1227 2813 corpora
1249 2743 1394 2801 Dens
1417 2742 1521 2802 hac
1542 2745 1850 2818 integritate

261 2827 549 2886 honoravit
572 2847 591 2887 ι
619 2831 800 2889 Sancti
826 2831 1024 2899 Ursini,
1040 2834 1199 2904 primi
1216 2835 1452 2907 episcopi
1472 2836 1845 2906 Bituricensis,

260 2918 405 2987 apud
429 2919 745 2990 Gregorium
782 2923 1187 2993 .Turonensem,
1222 2925 1301 2982 De
1347 2926 1519 2997 gloria
1557 2926 1847 2983 Confessu-

263 3024 406 3077 rum,
423 3025 477 3069 c.
503 3012 606 3080 80;
629 3014 801 3071 sancti
835 3016 1011 3087 Eligii,
1033 3019 1173 3086 apud
1193 3017 1430 3084 Sui-ium,
1457 3021 1478 3076 1
1506 3020 1842 3088 Decembris,

260 3113 484 3161 auctore
502 3105 764 3163 Andoeno
788 3107 1207 3180 Bothomagensi
1235 3111 1519 3182 episcopo;
1561 3114 1733 3170 sancti
1761 3112 1846 3170 Si-

257 3197 473 3266 geberti
492 3199 637 3270 regis
662 3198 1011 3271 Francorum,
1044 3211 1267 3258 auctore
1288 3202 1566 3273 Sigeberto
1581 3206 1844 3263 monacho

262 3288 657 3406 ἓξωωεῗεξιῖε,
851 3293 1003 3406 ξιιμ,
1048 3294 1074 3348 1
1125 3293 1287 3406 Febr.
1306 3337 1322 3360 ,
1354 3304 1641 3406 tomonvrt;
1671 3299 1840 3403 sancti
1869 3315 1918 3379 ς

260 3380 563 3438 Wenceslai
588 3385 742 3441 ducis
768 3386 1062 3456 Bohemiai,
1095 3404 1194 3459 per
1211 3388 1473 3446 Joannem
1496 3389 1841 3459 Duhravium,

258 3472 679 3533 Olomucensem
709 3480 1043 3557 episcopum,
1075 3482 1148 3536 28
1175 3482 1506 3553 Septembr.,
1560 3484 1702 3554 apud
1738 3486 1840 3541 Su-

258 3564 422 3631 rium,
454 3575 599 3622 tomo
620 3585 725 3635 vn;
759 3575 930 3627 sancti
960 3572 1240 3641 Stanislai,
1290 3575 1530 3645 episcopi
1558 3586 1610 3632 et
1639 3586 1839 3647 marty-

252 3657 358 3721 ris,
389 3657 530 3726 apnd
558 3658 774 3718 Surium
798 3663 862 3717 11
884 3664 1112 3734 Aprilis;
1139 3668 1309 3723 sancti
1327 3667 1569 3737 Hnberti,
1602 3669 1842 3739 episcopi

258 3747 599 3818 Leodiensis,
623 3756 762 3823 apud
786 3756 1058 3825 eumdem,
1089 3757 1481 3827 3Novembris;
1510 3760 1687 3818 sancti
1711 3762 1842 3816 0th-

258 3841 422 3909 mari,
455 3842 665 3901 abbatis
686 3846 1070 3918 Sangallensis,
1098 3859 1314 3909 auctore
1328 3853 1625 3911 Walafrido
1645 3855 1841 3913 abbate

254 3933 540 4004 Augiensi,
596 3938 736 4007 apud
767 3939 1006 4009 Surium,
1060 3940 1129 3997 16
1175 3944 1491 4014 Novembr.;
1523 3947 1698 4002 sancti
1726 3946 1837 4003 Ed-

262 4027 449 4081 mundi
469 4026 707 4101 episcopi
725 4027 1148 4099 Cantuariensis,
1169 4034 1310 4105 apud
1338 4036 1577 4105 Surium,
1603 4037 1673 4097 16
1726 4037 1837 4093 Νο-

252 4118 524 4186 vemhris;
549 4122 719 4178 sancti
741 4120 1028 4193 Baynaldi,
1062 4126 1458 4199 archiepiscopi
1487 4129 1835 4201 Ravennatis,

253 4219 482 4267 auctore
505 4212 831 4285 Hieronymo
859 4215 1067 4284 Bubeo,
1122 4218 1191 4274 18
1238 4218 1481 4292 Augusti,
1539 4224 1683 4294 apud
1738 4224 1838 4282 Su-

257 4301 422 4365 rium,
454 4310 599 4360 tomo
624 4321 730 4373 vtt;
770 4308 943 4364 sancti
971 4309 1108 4365 Sosii
1135 4311 1609 4385 diaconiJauetore
1630 4316 1836 4374 Joanne

251 4392 501 4462 diacono,
536 4394 743 4464 5Jan.,
790 4401 932 4470 apud
962 4402 1246 4473 eumdem,
1304 4407 1495 4464 eodem
1544 4418 1714 4475 tomo,
1764 4408 1836 4470 25

251 4483 624 4556 Septembris;
663 4490 834 4547 sancti
884 4492 1161 4562 Honorati,
1209 4497 1446 4567 episcopi
1477 4499 1833 4566 Arelatensis,

248 4588 473 4636 auctore
494 4580 697 4636 Hilario
708 4584 875 4652 episc.
898 4584 1219 4656 Arelatensi,
1243 4591 1382 4660 apud
1393 4594 1664 4662 eumdem,
1688 4604 1833 4651 tonio

248 4677 470 4744 eodem,
504 4679 571 4734 15
596 4678 743 4747 Jan.;
775 4683 944 4736 sancti
969 4681 1414 4752 Judoci,auctore
1437 4687 1705 4745 Florentio
1734 4692 1830 4745 ah-

246 4769 402 4837 bate,
427 4770 568 4840 apud
612 4771 882 4839 eumdem,
922 4782 1067 4830 tomo
1122 4778 1332 4844 eodem,
1368 4777 1435 4833 15
1476 4780 1827 4847 Decembris;

250 4863 433 4920 sancti
459 4862 767 4931 Hermanni,
798 4880 893 4920 seu
922 4866 1166 4937 Josephi,
1206 4872 1447 4926 canonici
1470 4871 1831 4932 Steinfelden,

244 4956 349 5025 sis,
371 4957 511 5027 apud
555 4960 825 5026 eumdem,
863 4970 1008 5017 torno
1036 4963 1249 5031 eodem,
1309 4966 1340 5019 7
1367 4965 1601 5035 Aprilis;
1656 4973 1829 5028 sancti

246 5050 521 5108 Theodori
552 5050 801 5121 Studita,
835 5062 1054 5111 auctore
1081 5056 1339 5115 Michaele
1371 5058 1598 5128 Studita,
1632 5064 1692 5118 11
1728 5064 1826 5119 Νο-

250 5144 527 5213 vcmbris;
575 5155 777 5203 sancta
806 5147 1105 5218 Edilbergaa
1139 5150 1381 5221 virginis,
1438 5154 1579 5223 apud
1608 5154 1826 5219 Bedam,

251 5238 296 5294 l.
325 5253 384 5298 ιιι
413 5237 551 5295 Hist.
579 5239 910 5311 Anglicanas,
941 5255 1062 5312 cap.
1094 5242 1149 5311 8,
1199 5242 1326 5302 Julii
1349 5246 1401 5309 7,
1454 5247 1508 5302 in
1554 5256 1702 5304 tumo
1742 5248 1831 5305 Vll

249 5329 425 5399 Surii;
476 5340 678 5390 sancte
721 5332 999 5390 Ludmilla:
1049 5336 1340 5405 martyris,
1392 5337 1449 5394 in
1500 5338 1620 5395 Vita
1661 5343 1832 5398 sancti

249 5428 580 5496 Wenceslai,
605 5443 789 5500 supra.

327 5532 491 5589 Plura
522 5549 632 5591 non
659 5548 915 5605 congero.
944 5532 1147 5590 Similia
1176 5535 1421 5607 exempla
1446 5536 1745 5607 saepissime
1768 5540 1820 5595 in

253 5629 577 5685 Sanctorum
626 5625 765 5681 Vitis
816 5634 1126 5681 occurrunt.
1195 5626 1331 5681 Vide
1377 5628 1621 5697 quaedam
1676 5633 1815 5701 apud

257 5722 521 5778 Joannem
543 5719 834 5790 Baptist
864 5717 1104 5788 Signiam
1131 5717 1187 5773 in
1217 5717 1336 5787 eius
1361 5719 1692 5792 Reliquiario
1711 5765 1727 5790 ,
1772 5739 1826 5782 c.

249 5816 347 5882 21,
379 5824 434 5871 et
464 5814 777 5871 Gretzernm
807 5820 1074 5875 nostrum,
1120 5810 1175 5866 in
1226 5811 1481 5884 Apologia
1506 5813 1543 5867 2
1573 5824 1629 5871 et
1666 5818 1702 5872 3
1731 5832 1830 5887 pro

248 5910 369 5975 Vita
397 5911 566 5968 sancti
596 5907 781 5989 lgnatii
810 5905 1003 5975 nostri,
1048 5906 1141 5962 lib.
1172 5921 1245 5975 tv,
1271 5920 1389 5985 cap.
1423 5909 1481 5976 t,
1513 5918 1700 5966 contra
1732 5911 1828 5967 Mi-

1979 671 2042 726 lis
2070 683 2424 745 mortuarum,
2457 693 2604 747 parte
2636 696 2711 733 ιιι.
2744 680 2872 735 Vide
2894 690 2947 736 ct
2976 680 3311 749 Gretzerutn,
3362 682 3438 737 De
3472 683 3557 737 fu-

1977 778 2107 819 nere
2138 765 2459 835 Christianu,
2490 770 2582 826 lib.
2616 773 2666 835 1,
2699 786 2817 838 cap.
2848 774 2900 826 τι.

2046 853 2448 914 SANCTUARIUII.
2486 860 2600 915 Vita
2632 862 2970 931 Euphrasiaz,
3002 879 3119 932 cap.
3158 866 3177 918 l
3212 880 3224 916 :
3280 883 3299 915 ι
3336 864 3557 922 Multas-

1975 961 2081 1015 que
2103 948 2404 1008 oblationes
2426 953 2482 1007 in
2512 954 2756 1010 ecclesiis
2784 963 2842 1010 et
2864 956 3178 1011 sanctttat'iis
3209 956 3486 1012 offerebat.
3527 975 3548 1007 ι

1971 1037 2042 1092 Ει
2063 1054 2182 1122 cap.
2211 1042 2245 1096 5
2271 1061 2282 1095 :
2322 1062 2341 1095 ο
2378 1044 2507 1111 Qua:
2527 1046 2687 1100 etiam
2717 1046 2828 1101 illic
2856 1062 3053 1103 vacans
3080 1047 3135 1101 in
3161 1048 3496 1103 sanctuariis.
3532 1067 3552 1099 ι

1969 1128 2166 1186 Nescio
2185 1147 2252 1187 an
2281 1132 2370 1190 hic
2397 1136 2697 1190 sanctuaria
2722 1145 2879 1191 vocet
2906 1144 3135 1209 σεμνεῐα,
3160 1137 3211 1191 id
3242 1146 3344 1201 est,
3369 1153 3558 1193 mona-

1969 1223 2154 1279 steria.
2201 1224 2350 1279 Alias
2396 1227 2755 1283 sanctuarium
2798 1239 2978 1285 certus
3027 1229 3083 1285 in
3135 1233 3332 1299 templo
3380 1231 3552 1285 locus.

1967 1313 2101 1370 Vide
2132 1315 2534 1400 Sscasyaatuu.

2036 1408 2313 1479 Aggemts,
2345 1414 2637 1466 c‘omment.
2684 1411 2737 1466 in
2778 1411 3118 1476 Frontinum,
3168 1414 3242 1469 De
3295 1414 3553 1469 limitibus

1963 1512 2215 1569 agrorum
2253 1518 2265 1554 :
2302 1520 2320 1552 ι
2353 1484 2642 1563 Profanttm
2665 1512 2880 1572 autem,
2926 1505 3068 1575 quod
3119 1506 3243 1560 dum
3297 1517 3545 1561 sanctum

1966 1589 2173 1651 fuisset,
2201 1605 2380 1661 postea
2403 1593 2454 1647 in
2478 1578 2577 1648 usu
2608 1594 2880 1649 hominum
2911 1579 3130 1662 facium,
3160 1597 3260 1651 hoc
3282 1606 3366 1652 est
3394 1608 3543 1652 extra

1961 1676 2166 1746 fanum,
2189 1688 2341 1736 extra
2370 1684 2757 1749 sanctuarium,
2782 1684 3060 1754 profanum
3083 1687 3285 1741 dictum
3314 1699 3415 1743 est.
3448 1708 3465 1740 ι

2031 1771 2187 1831 Dicta
2228 1776 2389 1830 etiam
2433 1778 2733 1831 sancturiria
2779 1779 2893 1833 vela
2945 1778 3188 1848 qutedam
3231 1793 3381 1833 sacra
3447 1796 3542 1834 Seu

1958 1864 2230 1921 brandaea.
2274 1867 2349 1922 De
2389 1869 2580 1936 quibus
2612 1871 2677 1923 ita
2730 1869 3012 1936 Baronius,
3057 1870 3418 1925 natationibus
3466 1875 3534 1926 ad

1890 1943 2395 2033 BMartyrologiutn
2456 1961 2751 2017 Romanum
2808 1963 2877 2017 ad
2926 1963 3067 2017 diem
3136 1963 3204 2017 lii
3260 1964 3493 2032 januarii
3528 2007 3545 2028 ,

1960 2061 2241 2123 postquam
2296 2054 2538 2110 recitavit
2590 2058 2751 2111 verba
2793 2058 2965 2112 sancti
3009 2057 3263 2111 Germani
3322 2070 3375 2112 et
3427 2063 3542 2113 col-

1957 2144 2194 2215 legarum
2251 2147 2547 2217 legatorum
2602 2151 3019 2230 apostolicornm
3068 2153 3133 2207 ad
3199 2151 3538 2209 liormisdum

1956 2254 2147 2310 papam
2181 2257 2196 2296 :
2232 2259 2252 2293 r
2284 2241 2434 2299 Unde
2464 2244 2508 2298 si
2539 2242 2856 2299 beatitudini
2902 2259 3091 2302 veSIra:
3122 2249 3355 2314 videtur,
3405 2262 3534 2302 san-

1954 2332 2157 2387 ctuaria
2189 2332 2466 2389 beatorum
2495 2334 2863 2403 apostolorum
2894 2336 3033 2393 Petri
3066 2349 3119 2395 et
3146 2340 3317 2405 Pauli,
3349 2334 3542 2395 sectiu-

1954 2421 2080 2477 dum
2112 2438 2341 2488 morem,
2364 2424 2415 2479 ei
2447 2426 2663 2497 elargiri
2694 2427 2999 2497 praecipito;
3034 2438 3088 2483 et
3117 2431 3162 2485 si
3195 2431 3307 2487 fieri
3341 2441 3539 2501 potest,

1952 2512 2017 2567 ad
2049 2514 2338 2571 secundam
2388 2526 2711 2573 cataractam
2744 2517 2857 2588 ipsa
2905 2522 3208 2576 sanctuaria
3261 2522 3532 2592 deponere

1951 2613 2186 2660 vestrum
2211 2615 2295 2661 est
2321 2607 2649 2665 deliberare.
2678 2627 2699 2660 ο
2739 2610 2965 2666 Exstant
2992 2610 3058 2666 ad
3080 2612 3303 2669 eosdem
3334 2612 3539 2682 legatos

1952 2693 2254 2752 llormisdac
2284 2712 2455 2767 papae,
2479 2698 2548 2755 de
2571 2699 2759 2757 eadem
2805 2717 2866 2757 re
2894 2704 3110 2774 scripta:
3154 2703 3370 2769 litterar,
3418 2703 3541 2759 alia:

1950 2784 2133 2841 itidem
2167 2787 2234 2842 ad
2266 2787 2649 2854 Justinianum,
2698 2790 3048 2861 significantis
3094 2806 3156 2850 se
3182 2800 3385 2847 tantum
3408 2807 3538 2848 san—

1947 2877 2153 2933 ctuaria
2182 2878 2417 2939 mittere.
2449 2879 2556 2937 Per
2583 2882 2947 2939 sanctuarium
2966 2890 3146 2946 autem
3167 2882 3348 2941 velunt
3377 2882 3541 2938 inteb-

1951 2967 2117 3038 ligere
2138 2968 2419 3037 debemus,
2443 2972 2585 3042 quod
2610 2985 2828 3028 sanetus
2857 2973 3171 3044 Gregorius,
3218 2974 3273 3028 in
3305 2974 3535 3043 epistola

1947 3060 2013 3115 ad
2042 3059 2405 3118 Constantiam
2429 3079 2566 3133 reg.,
2621 3063 2717 3119 lib.
2774 3080 2852 3132 ut,
2905 3067 3068 3134 epist.
3108 3064 3201 3130 50,
3236 3064 3536 3121 brandwnm

1946 3150 2203 3220 appellat,
2233 3165 2297 3206 ex
2315 3167 2421 3223 quo
2449 3154 2670 3225 sanguis
2687 3153 3051 3222 effluxit,cutn
3079 3170 3111 3209 a
3131 3165 3320 3210 sancto
3348 3154 3534 3215 Leone

1948 3256 2085 3313 papa
2110 3244 2191 3314 (ut
2209 3242 2306 3315 ait)
2334 3244 2623 3316 forcipibus
2651 3239 3000 3303 incideretur.
3017 3246 3157 3303 Alibi
3179 3238 3357 3303 autem
3390 3247 3533 3302 idem

2022 3335 2181 3404 pellat
2201 3335 2448 3405 velamen,
2480 3338 2620 3406 quod
2648 3338 3157 3394 admoverisolitum
3187 3348 3308 3394 erat
3332 3338 3536 3394 sanctis

1944 3437 2239 3499 martyrum
2269 3430 2606 3499 corporibus,
2639 3439 2698 3484 ut
2725 3432 2816 3486 lib.
2846 3446 2920 3498 tv,
2950 3430 3109 3502 e'pist.
3132 3430 3225 3495 44,
3272 3446 3339 3487 ex
3367 3445 3535 3501 syno-

1943 3517 2013 3573 do
2046 3519 2306 3588 Romana,
2338 3529 2395 3575 et
2417 3521 2555 3576 libro
2586 3538 2682 3588 κη,
2715 3523 2920 3583 decrct.
2952 3525 3008 3591 4,
3040 3522 3361 3580 Brandteum
3400 3522 3529 3579 item

1941 3610 2171 3679 appellat
2194 3610 2372 3668 velum
2396 3612 2527 3669 illud
2548 3614 2785 3670 Joannes
2815 3615 3105 3683 Diaconus,
3133 3616 3186 3671 in
3216 3614 3333 3670 Vita
3357 3617 3534 3671 sancti

1942 3702 2186 3775 Gregorii
2221 3704 2357 3761 libro
2385 3722 2446 3774 tt,
2476 3708 2650 3777 capite
2679 3707 2769 3774 42,
2802 3724 2925 3763 cum
2953 3709 3142 3780 ingens
3164 3722 3228 3763 ea
3252 3706 3321 3762 tle
3350 3720 3410 3762 re
3432 3707 3535 3762 mi-

1942 3794 2178 3850 raculum
2203 3806 2409 3851 narrat.
2454 3797 2723 3855 llactenus
2751 3799 3037 3855 Baronius.

2016 3887 2185 3940 Erant
2212 3895 2269 3942 et
2291 3902 2476 3961 regum
2508 3896 2564 3944 et
2590 3889 2893 3960 principum
2918 3893 3257 3962 sanctuaria,
3311 3901 3528 3949 secreta

1943 3976 2191 4033 videlicet
2234 3989 2290 4033 et
2317 3992 2510 4033 arcana
2559 3979 2844 4036 tabularia.
2892 3981 3111 4050 Plinius,
3167 3982 3309 4039 libro
3367 3998 3528 4049 xsttt,

1938 4074 2059 4137 cap.
2085 4068 2118 4123 8
2150 4086 2163 4122 :
2196 4086 2215 4120 ι
2246 4068 2301 4122 In
2330 4068 2652 4132 sanctuariis
2673 4069 2992 4131 Mithridatis
3019 4072 3235 4131 maximi
3266 4075 3407 4146 regis
3432 4075 3532 4130 de-

1940 4161 2067 4217 victi
2095 4158 2196 4216 Cn.
2227 4162 2512 4233 Pompeius
2542 4162 2747 4226 invenit
2768 4163 2823 4219 in
2852 4164 3107 4235 peculiari
3135 4168 3525 4224 commentario

1946 4254 2114 4324 ipsius
2137 4270 2297 4312 manu
2324 4257 2770 4328 compositionem
2800 4259 3049 4315 antidoti.
3084 4278 3104 4313 ο
3139 4261 3355 4321 Sicolus
3372 4262 3530 4318 Flac-

1938 4362 2054 4413 cus,
2106 4349 2156 4402 in
2198 4348 2336 4404 libro
2369 4348 2442 4404 De
2480 4348 2876 4405 conditionibus
2902 4366 3199 4422 agrorum:
3226 4369 3246 4405 ε
3283 4353 3435 4418 Quod
3476 4358 3529 4411 si

1939 4440 2059 4511 quis
2083 4440 2437 4507 contradicat,
2460 4441 2823 4496 sanctuarium
2855 4441 3083 4498 Caesaris
3114 4443 3308 4512 respici
3337 4444 3519 4513 solet;

1937 4531 2177 4585 omnium
2204 4530 2348 4597 enim
2378 4545 2629 4601 agrorum
2649 4541 2703 4587 et
2728 4530 3022 4587 divisorum
3046 4542 3101 4587 et
3127 4534 3523 4604 assignatornm

1940 4623 2160 4689 formas,
2186 4622 2279 4677 sed
2307 4607 2360 4677 et
2382 4621 2722 4688 divisionem,
2751 4631 2807 4677 et
2829 4622 3253 4679 commentarius
3275 4633 3331 4679 et
3366 4624 3529 4693 prin-,

1863 4705 1918 4769 Ι)
1940 4718 2146 4787 cipatus
2168 4716 2224 4772 in
2249 4718 2556 4772 sanctuario
2582 4718 2761 4774 habet.
2803 4717 3212 4788 Qualescunque
3237 4721 3384 4775 enim
3412 4721 3524 4776 fore

1942 4824 2044 4863 ma:
2066 4808 2285 4876 fuerint,
2307 4813 2350 4863 si
2392 4809 2714 4880 ambigatur,
2740 4809 2810 4865 de
2836 4824 3024 4885 eorum
3050 4809 3154 4866 fide
3183 4809 3248 4864 ad
3274 4821 3525 4868 sanctuae

1940 4903 2077 4957 rium
2103 4902 2361 4971 principis
2386 4903 2765 4959 revertendum
2786 4903 2911 4958 erit.
2945 4921 2965 4955 ›

2008 4998 2347 5053 SARTAGINEB
2386 5010 2600 5057 reuna.
2635 4995 3011 5065 Hieronymus,
3073 4996 3126 5050 in
3185 4996 3308 5053 Vita
3348 5000 3522 5055 sancti

1942 5084 2089 5141 Pauli
2118 5084 2275 5154 primi
2305 5084 2569 5151 eremitae,
2594 5098 2741 5139 num.
2766 5085 2800 5139 3
2828 5100 2843 5138 :
2880 5101 2900 5136 ι
2949 5083 3049 5150 Qui
3070 5083 3265 5153 ignitas
3292 5088 3523 5159 sartagi-
3620 5088 3627 5093 ’

1942 5191 2039 5231 nes
2068 5185 2191 5231 ante
2215 5184 2541 5246 superasset.
2577 5194 2595 5227 ι
2630 5173 2799 5244 Hujus
2842 5173 3089 5244 supplicii
3114 5178 3316 5234 mentio
3339 5178 3384 5235 ll
3412 5180 3524 5238 Mar

1940 5267 2095 5323 chab.
2128 5283 2223 5332 vn,
2263 5267 2405 5339 quod
2458 5266 2531 5322 ita
2554 5266 2808 5337 exprimit
2834 5266 3177 5336 Prudentius,

1939 5360 2139 5433 hymno
2166 5361 2235 5416 14
2261 5376 2276 5415 :

2093 5452 2301 5504 Videbat
2322 5453 2454 5514 ipsos
2470 5457 2731 5515 apparatus
2750 5451 2974 5502 funerum

2094 5516 2321 5579 Praesens
2342 5527 2563 5579 suorum,
2585 5526 2688 5579 nec
2696 5516 2989 5579 movebatur
3011 5527 3211 5579 parens,

2093 5576 2295 5635 Ltctata,
2323 5578 2521 5637 quoties
2542 5574 2625 5625 aut
2645 5576 2770 5627 olivo
2787 5574 2988 5626 stridula
3013 5574 3027 5579 ’
3090 5581 3093 5583 “

2094 5638 2298 5700 Sartago
2320 5637 2498 5688 frixum
2520 5641 2780 5688 torruisset
2800 5639 3063 5701 puberem.

1939 5722 2097 5778 Plura
2120 5721 2187 5776 de
2218 5722 2302 5776 his
2328 5720 2451 5777 vide
2470 5720 2612 5790 apud
2636 5719 2924 5776 Antonium
2954 5722 3281 5790 Gallonium,
3309 5722 3405 5779 lib.
3440 5723 3519 5781 De

1936 5823 2246 5871 sanctorum
2274 5822 2570 5884 martyrum
2596 5813 2941 5880 cruciatibus,
2966 5828 3089 5884 cap.
3113 5815 3167 5869 7.

2006 5906 2227 5970 SATVJH.
2273 5906 2625 5986 Hieronymus
2668 5906 2722 5961 in
2768 5904 2881 5967 Vita
2927 5906 3099 5967 sancti
3148 5905 3295 5971 Pauli
3354 5907 3520 5988 primi
