4014 6368
451 304 547 356 αἰυὸ

1152 272 1629 375 οΝὸδιΑετιροΝ
1670 314 1907 370 ιιειιυιι
1948 314 2029 371 ΕΤ
2078 315 2445 376 νειιιιυιιυιι
2489 320 3016 378 ῡιῖριιῖιιιιοιιυιι.

3618 307 3721 365 ιῦϐ

448 422 713 490 ercmitzr,
731 437 877 477 num.
904 421 964 477 8:
998 439 1014 473 ι
1037 420 1183 488 Quos
1214 420 1362 474 vario
1391 418 1575 473 delusa
1600 431 1785 473 errore
1809 415 2021 488 gentili-

2159 450 2256 497 nte
2307 445 2667 515 καμιλαύχιον.
2728 444 2891 516 Igitur
2952 447 3025 499 ita
3076 443 3371 500 instituitur
3423 446 3661 502 novitius
3704 464 3719 500 :

447 530 530 572 tas
556 516 768 589 1052
800 514 1033 578 Faunos,
1065 512 1424 582 Satyrosque,
1457 519 1511 564 et
1559 508 1785 563 lncubos
1830 523 2029 563 vocans

450 612 597 666 colit.
638 629 658 664 ι
693 610 768 664 De
795 608 1005 678 Satyris
1032 606 1250 661 consule
1274 604 1466 659 Lilium
1493 600 1808 671 Gregorium
1850 600 2029 657 Giral-

449 708 573 757 «lunt
610 700 855 756 llistorite
886 700 1106 755 deorum
1134 704 1468 769 syntagmate
1514 694 1599 760 15,
1652 702 1706 748 et
1748 692 2029 748 Martinum

454 796 690 851 Delrium
722 802 988 858 nostrum,
1047 798 1196 862 parte
1223 806 1277 844 ιιι
1309 786 1683 844 commentarii
1728 786 1779 841 in
1811 786 2030 843 Senecae

449 888 744 958 OEdipum;
775 886 1015 941 Natalem
1040 884 1329 950 Comitem,
1366 882 1503 937 libro
1526 898 1554 934 v
1598 879 1911 952 Mytbolog.,
1942 894 2029 933 ca-

452 980 560 1041 pite
581 978 635 1045 8,
663 988 715 1035 et
743 976 1207 1032 Conimbriccnses
1238 985 1470 1042 nostros,
1507 974 1558 1029 in
1592 973 1686 1029 lib.
1719 988 1757 1026 ιι
1787 969 2025 1042 Physic.,

451 1085 572 1138 cap.
601 1071 658 1134 9,
682 1078 874 1139 qumst.
911 1068 967 1131 5,
994 1078 1092 1121 art.
1119 1067 1172 1121 2.

521 1161 801 1216 Sumus.
835 1160 1213 1229 Hieronymus,
1248 1157 1365 1213 Vita
1393 1157 1543 1213 Pauli
1574 1156 1728 1227 primi
1767 1156 2027 1220 eremitm,

451 1270 599 1309 nutu.
626 1255 659 1310 5
688 1270 702 1308 :
733 1272 751 1306 ι
791 1252 955 1307 Erant
995 1258 1258 1319 praeterea
1290 1262 1385 1319 per
1407 1265 1628 1306 exesum
1658 1259 1893 1303 montem
1926 1262 2030 1302 non

452 1360 613 1414 pauca
638 1343 963 1411 habitacula,
992 1342 1044 1397 in
1087 1342 1282 1411 quibus
1312 1341 1561 1411 scalpraa,
1621 1341 1781 1396 etiam
1813 1339 2032 1394 incudcs

448 1448 502 1494 et
531 1434 730 1501 mallei,
762 1434 955 1504 quibus
987 1434 1211 1503 pecunia
1240 1432 1369 1487 olim
1400 1433 1628 1501 signata,
1658 1433 2025 1487 visebantur»

451 1529 523 1582 Ita
553 1526 897 1582 vetustissimi
926 1524 1023 1580 Ms.
1060 1539 1155 1594 pro
1183 1526 1393 1577 scabrw.
1437 1522 1627 1593 Papias
1654 1524 2027 1578 Vocabulista:

457 1644 474 1674 ι
508 1622 775 1693 Scalpere,
801 1620 1016 1685 fricare,
1050 1618 1360 1681 terebrare;
1395 1616 1645 1687 Scalprus
1674 1616 1865 1682 dictus,
1892 1615 2031 1686 quod

448 1714 640 1784 pituris
668 1714 701 1748 "
728 1721 781 1768 et
808 1708 1159 1765 foraminibus
1189 1707 1257 1762 sit
1288 1716 1464 1776 aptus,
1497 1709 1644 1777 quasi
1677 1707 1989 1778 sealpltot'us
2014 1726 2028 1771 ;

447 1805 601 1875 cujus
626 1802 1003 1858 diminutivum
1021 1799 1305 1869 scalpellus
1338 1798 1481 1854 facit.
1535 1799 1779 1871 Scalpra,
1831 1799 2030 1856 lerrum
2065 1796 2110 1855 B
2142 1796 2318 1884 Εδηίο
2349 1830 2508 1884 habet
2550 1848 2565 1885 ε

448 1915 552 1968 quo
574 1897 778 1953 corium
804 1902 1036 1965 aptatur,
1063 1908 1170 1964 quo
1198 1892 1526 1948 fabricantur
1548 1890 1735 1947 forma:
1767 1903 2030 1950 sutorum.

450 1988 759 2059 Scatpetlus,
793 1984 999 2042 ferrum
1027 2000 1131 2057 quo
1151 1985 1357 2039 corium
1387 1993 1620 2054 aptatur,
1645 2000 1752 2054 quo
1776 1984 2035 2040 fabrican-

448 2091 531 2136 tur
577 2080 764 2133 formre
808 2087 1097 2141 sutorum,
1150 2084 1205 2131 et
1246 2091 1353 2146 quo
1407 2076 1620 2130 chartas
1670 2076 1966 2147 corrigunt.
2011 2097 2028 2128 ι

454 2173 688 2228 Joannes
718 2187 749 2226 a
770 2172 940 2225 Janua
972 2174 1023 2223 in
1053 2167 1331 2223 Catholico
1359 2186 1370 2220 :
1407 2186 1425 2219 ι
1468 2167 1745 2236 Scalprum
1772 2184 1800 2222 a
1828 2170 2031 2238 scalpo,

454 2265 557 2332 pis,
590 2263 787 2317 dicitur
819 2262 920 2316 hoc
946 2261 1236 2331 scalprum,
1285 2260 1387 2330 pri,
1430 2270 1485 2314 et
1531 2262 1615 2315 hic
1662 2260 1940 2331 scalprus,
1984 2262 2032 2316 id

450 2364 550 2421 cst,
584 2354 803 2420 ferrum,
830 2369 949 2408 cum
981 2368 1085 2423 quo
1114 2353 1315 2407 corium
1347 2359 1557 2420 aptatur
1584 2351 1668 2406 vel
1695 2353 1923 2417 raditur,
1950 2353 2035 2408 vel

451 2446 723 2513 cultellus,
755 2450 837 2499 vel
869 2444 1089 2514 capulus
1113 2443 1456 2514 scriptorum.
1484 2444 1616 2497 Item
1645 2444 1913 2520 scalprum
1951 2445 2032 2497 vel

452 2538 694 2605 scalprus
742 2536 935 2591 dicitur
978 2535 1245 2605 quoddam
1302 2534 1535 2591 ferreum
1598 2538 2031 2600 instrumentum,

450 2628 594 2695 quod
622 2628 728 2681 alio
760 2625 975 2680 nomine
998 2625 1191 2680 dicitur
1233 2625 1421 2681 celtes.
1478 2626 1634 2682 Unde
1666 2627 1765 2681 hoc
1812 2626 2038 2697 scalpel-

428 2720 582 2786 lum,
618 2721 681 2784 li;
713 2728 766 2773 et
796 2718 881 2773 hic
910 2716 1219 2787 scalpellus,
1257 2717 1712 2783 li,diminutivum
1741 2719 2034 2775 secundum

452 2810 827 2881 llugutionem.
863 2809 1013 2866 Unde
1036 2809 1283 2864 Jeremiae
1305 2825 1465 2864 xxxvi
1500 2828 1513 2865 :
1550 2809 1715 2865 Scidit
1742 2811 1873 2863 illud
1906 2811 2033 2863 scal-

452 2903 585 2971 pello
617 2903 814 2957 scribta.
856 2920 874 2953 ι
911 2900 1326 2955 Vocabularium
1350 2901 1575 2957 Gerardi
1604 2901 1673 2956 de
1704 2900 1984 2957 Scheuren
2021 2918 2032 2954 :

455 3014 473 3044 ι
514 2993 808 3061 Scalprnm,
836 2993 936 3062 pri,
971 3002 1022 3047 et
1054 2991 1305 3063 Scalprus
1326 3033 1342 3060 ,
1375 2992 1476 3061 pri.
1511 2990 1623 3046 Een
1653 3010 1771 3063 yser
1799 2993 2037 3047 daermen

453 3086 588 3139 leder
618 3085 763 3140 mede
790 3085 994 3141 rchanet
1021 3100 1040 3139 :
1071 3089 1146 3154 oft
1176 3102 1266 3140 een
1298 3087 1480 3156 scherp
1519 3084 1719 3140 mesken
1748 3085 1837 3139 der
1861 3086 2037 3155 schzy-

453 3198 542 3236 uer
570 3196 587 3234 :
629 3184 701 3252 oft
734 3197 821 3235 ceu
844 3197 1024 3251 yseren
1040 3162 1232 3249 brytel.
1269 3199 1287 3232 ι

522 3273 857 3327 ΞοΑρυιΑιιε.
890 3272 1027 3326 Vita:
1053 3272 1289 3338 Antonii,
1319 3272 1494 3341 capite
1518 3270 1588 3325 25
1613 3289 1626 3325 :
1666 3272 2033 3341 «Lavitepcn-

453 3363 613 3433 dyteu
639 3378 815 3427 suum,
847 3363 999 3417 idest
1024 3363 1322 3430 scapulare.
1358 3363 1433 3418 lta
1466 3365 1711 3434 plerique
1739 3362 1905 3428 editi;
1942 3360 2034 3415 sed

454 3454 735 3523 scapulare
780 3455 1317 3524 interpretamentum
1372 3456 1565 3526 prioris
1617 3470 1647 3509 θ
1694 3455 1935 3525 margine
1984 3455 2035 3508 in

456 3556 665 3602 textum
697 3548 931 3618 irrepsit.
965 3547 1256 3617 Scapulare
1289 3550 1501 3618 proprie
1533 3550 1750 3622 ἐπωμίς.

527 3640 765 3694 Sanam.
819 3640 934 3694 Vita
965 3638 1355 3710 Euphrosynte,
1397 3654 1516 3709 cap.
1550 3639 1583 3692 7
1620 3656 1637 3693 :
1698 3656 1716 3690 ι
1757 3637 2038 3708 Ιηᾶιιίιίιιιο

455 3747 571 3787 eam
606 3733 835 3788 tunicam
858 3733 1169 3788 schematis.
1208 3751 1227 3784 ι
1264 3732 1385 3787 Vita
1412 3731 1748 3802 Euphrasiao,
1788 3731 1901 3786 sive
1929 3732 2037 3786 Eu-

460 3827 718 3897 phraxitc,
756 3843 874 3898 cap.
907 3826 939 3880 8
974 3824 985 3881 ἐ
1027 3847 1045 3879 ι
1085 3828 1141 3884 Si
1180 3843 1275 3883 nos
1298 3827 1492 3898 dirigis,
1535 3836 1651 3881 esto
1685 3827 1958 3881 nobiscum
1988 3826 2037 3879 in

458 3925 643 3973 nostro
673 3922 963 3974 schemate.
1000 3936 1019 3969 ι
1057 3917 1375 3973 Anastasius
1405 3917 1564 3973 Persa
1583 3916 1703 3971 Jan.
1733 3915 1824 3983 22,
1857 3916 1909 3970 in
1935 3917 2044 3972 Mo-

459 4010 589 4062 ltteis
619 4026 633 4065 :
694 4012 781 4064 Rati
824 4010 1088 4084 γενόμενος
1134 4013 1185 4065 ἐν
1234 4019 1297 4086 τῇ
1325 4018 1451 4087 μονῇ
1481 4015 1572 4065 τοῦ
1602 4009 1750 4083 ἁγίου
1782 4009 1953 4064 Σάϐϐα
1987 4010 2043 4064 τὸ

459 4105 588 4177 ἱερὸν
612 4110 711 4157 τῶν
739 4110 978 4174 μοναχῶν
1008 4112 1196 4174 σχῆμα
1221 4104 1486 4176 λαμϐάνει.
1522 4122 1540 4154 t
1583 4102 1827 4157 Existens
1850 4102 1902 4157 in
1926 4116 2039 4156 nro-

462 4192 695 4247 nasterio
724 4195 895 4247 sancti
937 4191 1092 4246 Saba!
1123 4207 1334 4247 sacrum
1386 4192 1772 4246 monachorum
1804 4190 2042 4245 habitum

461 4285 643 4339 sumit.
659 4302 677 4336 ι
701 4283 1008 4353 Βωρίεείιηε
1025 4285 1259 4338 occurrit
1278 4283 1417 4354 apud
1442 4284 1736 4353 scriptores
1759 4284 2044 4340 asceticos.

492 4374 493 4377 Ἴ
536 4397 641 4453 Sed
665 4398 789 4468 quia
820 4397 1015 4467 duplex
1042 4396 1141 4452 fuit
1168 4398 1384 4452 schema
1427 4396 1828 4464 monachicum,
1860 4412 2046 4461 unum,

465 4489 609 4561 quod
661 4489 939 4546 dicebatur
988 4490 1048 4546 τὸ
1074 4490 1253 4561 μικρὸν
1282 4498 1497 4562 σχῆμα,
1550 4490 1664 4545 sive
1686 4495 1776 4545 τοῦ
1799 4486 2047 4561 μανδύου,

464 4595 674 4648 parvum
705 4581 933 4643 schema,
989 4560 1104 4633 sive
1132 4560 1613 4649 schemaimandyi;
1652 4560 1880 4634 alterum
1908 4581 2046 4651 quod
2084 4560 2127 4618 υ

465 4672 742 4745 dicebatur
779 4673 835 4726 τὸ
883 4673 1037 4746 μέγα,
1091 4672 1205 4727 sive
1232 4673 1290 4728 τὸ
1328 4673 1609 4746 ἁγγελικὸν,
1662 4689 1905 4743 magnum
1936 4674 2048 4727 sive

464 4766 754 4834 angelicum
778 4764 1012 4830 schema;
1061 4764 1208 4834 juvat
1237 4766 1322 4820 hic
1350 4781 1414 4820 ex
1446 4765 1773 4838 Eucbologio
1802 4759 2045 4837 quaedam

469 4862 746 4931 utriusque
774 4860 989 4928 generis
1018 4869 1279 4925 attexere,
1325 4860 1538 4916 omissis
1587 4863 1835 4930 precibus
1861 4907 1876 4932 ,
1917 4864 2051 4918 ritus

471 4960 675 5007 tantum
708 4952 1048 5024 attingendo,
1081 4952 1362 5022 praemisso
1381 4964 1506 5008 ante
1526 4952 1716 5009 ordine
1738 4953 2047 5009 instituendi

470 5044 751 5101 novitium.

707 5136 989 5196 ’Δκολουθία
1017 5144 1089 5201 si;
1117 5138 1373 5215 ἁρχιὶριον
1403 5140 1806 5214 ρασοφοροῦντα.

650 5230 792 5285 Ordo
813 5230 1115 5285 instituendi
1133 5232 1376 5284 nouitium
1398 5247 1569 5285 rasam
1611 5232 1871 5302 ferentem.

470 5321 624 5389 Quod
652 5323 705 5375 in
725 5321 903 5376 Indice
924 5322 1156 5390 capitum
1182 5322 1248 5377 ita
1277 5322 1579 5390 concipitur
1602 5321 1758 5392 paulo
1782 5321 2011 5393 plenius
2038 5338 2050 5374 :

476 5414 765 5472 ’Δκολουθία
803 5416 1030 5489 γινομένη
1057 5419 1128 5476 sic
1153 5418 1211 5471 τὸ
1238 5418 1448 5493 φορέσαι
1474 5418 1585 5473 τινὰ
1606 5417 1769 5491 ράσον
1792 5418 1940 5486 μό·.ον
1967 5420 2055 5470 καὶ

473 5507 814 5580 καμιλαύχιον
847 5523 859 5561 ;
905 5523 923 5559 ι
961 5506 1127 5575 Ordo,
1151 5509 1238 5577 qui
1272 5511 1587 5563 scrvaturin
1615 5508 1820 5564 ferente
1852 5517 2053 5564 tantmn

472 5615 651 5657 tasam
677 5608 732 5655 et
751 5597 1196 5663 camclauchium.
1222 5619 1239 5651 ι
1273 5599 1387 5655 Non
1412 5612 1557 5658 recte
1594 5601 1733 5672 apud
1765 5601 2053 5657 Meursium

476 5696 529 5750 in
562 5694 756 5749 Lexico
788 5691 1206 5748 Grzecobarbaro
1231 5694 1282 5748 in
1319 5696 1454 5768 ῥάσα
1505 5696 1715 5763 ponitur
1747 5697 1959 5765 negatio
1986 5702 2056 5766 μή

553 5812 582 5847 ⁸
620 5811 732 5867 Sic.
769 5813 847 5864 An
884 5808 1165 5879 legendum
1197 5810 1407 5881 picturis
1438 5811 1520 5867 vel
1551 5811 1852 5881 scripturis?
1881 5810 2034 5866 Eutr.

2204 535 2255 588 1.
2282 534 2339 591 Ὀ
2367 538 2529 613 ἱερεὺς
2557 540 2785 616 κουριύιι
2804 538 2958 593 αὐτὸν
2979 536 3324 612 σταυροειδῶς
3349 555 3361 591 :
3399 555 3419 590 ς
3450 536 3720 594 Sacerdos

2133 626 2387 681 novitium
2412 628 2461 681 iu
2491 630 2667 684 crucis
2696 628 2921 684 formam
2954 629 3158 685 tondet.
3189 648 3209 682 ι

2200 720 2254 773 2.
2278 716 2468 775 Ἐνδύει
2495 722 2643 776 αὐτὸν
2675 729 2891 792 χιτῶνα,
2928 725 3018 777 καὶ
3043 722 3382 794 καμιλαύχιον
3415 738 3430 775 :
3489 743 3508 774 ι
3544 722 3724 778 Induit

2133 826 2254 867 eum
2280 812 2459 870 tunica
2482 822 2536 868 et
2561 813 2951 869 camelaucbio.
2986 833 3004 866 ι

2206 904 2285 959 Ex
2315 905 2505 975 quibus
2527 914 2692 975 patet,
2735 909 2876 986 ῥάσα
2919 910 3147 960 tunicam
3176 905 3364 961 fuisse.
3417 905 3628 961 Rudem
3668 914 3726 961 et

2133 1010 2397 1066 asperam,
2428 1012 2534 1053 non
2581 998 2820 1065 mollem,
2870 999 3073 1055 indicat
3109 998 3322 1054 Nicetas
3377 999 3429 1052 in
3470 998 3725 1055 Manuelo

2133 1090 2428 1155 Comneno,
2462 1090 2600 1146 libro
2622 1106 2695 1144 tm
2721 1108 2735 1145 :
2762 1092 2830 1145 Τὸ
2857 1089 3119 1164 μοναδικὲν
3148 1098 3338 1162 σχῆμα
3355 1091 3524 1166 ﬁnus,
3559 1094 3647 1144 καὶ
3674 1090 3723 1145 οι

2132 1185 2253 1255 περὶ
2281 1185 2433 1238 αὺτὸν
2455 1180 2563 1237 ὅθεν
2592 1184 2819 1261 εὑρόντες
2843 1185 2977 1244 τινὸς
2997 1190 3236 1254 μοναχοῦ
3258 1184 3393 1259 ρἀα
3418 1181 3726 1260 περιδύουσι

2134 1280 2223 1348 μὲν
2244 1278 2415 1344 αὐτὸν,
2431 1279 2517 1331 καὶ
2546 1276 2862 1333 ἀπικδύουσι
2887 1279 2951 1333 τὰ
2972 1278 3171 1348 μαλακὰ
3197 1279 3283 1332 καὶ
3300 1278 3500 1351 ἁρχικὰ
3521 1274 3687 1348 ἅμμα
3708 1292 3723 1329 :

2141 1386 2159 1420 ι
2197 1368 2569 1422 Monacbicum
2600 1368 2819 1423 schema
2848 1367 3092 1439 expetiit,
3150 1377 3203 1423 et
3236 1368 3325 1438 qui
3362 1368 3412 1423 ei
3449 1369 3723 1431 astabant,

2135 1460 2317 1516 nescio
2344 1460 2490 1516 unde
2520 1462 2863 1517 invenientes
2891 1462 3169 1530 cujusdam
3225 1460 3477 1516 monachi
3518 1473 3725 1526 rasa-ru,

2134 1567 2197 1606 ea
2225 1566 2346 1609 eum
2379 1552 2687 1619 induerunt,
2748 1561 2805 1608 et
2839 1561 3107 1608 exuerunt
3136 1566 3258 1607 eum
3290 1553 3527 1607 vestibus
3550 1552 3730 1606 molli-

2135 1644 2234 1699 bus
2250 1654 2304 1698 et
2327 1644 2710 1712 imperialibus.
2739 1663 2758 1696 ι
2787 1644 2861 1699 lta
2890 1644 3105 1715 quidem
3133 1644 3263 1700 citat
3282 1643 3521 1700 Joannes
3548 1644 3733 1699 Meur:

2148 1740 2261 1802 sius
2286 1740 2337 1796 in
2381 1740 2655 1794 Gtossario
2710 1739 3159 1803 Graecobarbaro,
3209 1752 3307 1806 pro
3356 1752 3463 1808 quo
3512 1738 3731 1807 vulgata

2616 1836 2705 1884 Καὶ
2748 1839 2842 1892 τῆς
2890 1831 3362 1903 πνιυματικωτᾶρας
3403 1831 3730 1900 ἆμφιὰσιως,

2139 1921 2368 1991 ἐχούσης
2389 1922 2447 1975 τὸ
2472 1923 2830 1998 ἀπαράσκευον
2859 1922 3127 1998 τριϐωνίου
3148 1922 3380 1991 μέλανος,
3416 1922 3463 1975 οε
3493 1924 3617 1994 περὶ
3640 1922 3732 1977 τᾶν

2140 2013 2357 2082 βασιλέα
2384 2012 2586 2066 ὁθενοῦν
2612 2015 2984 2087 ενιὶτινοριὰσαιιτῐῑς⁸
3022 2028 3035 2064 :
3100 2030 3119 2064 ι
3157 2012 3222 2066 Et
3249 2010 3578 2078 spiritualem
3632 2025 3732 2065 ve-

2139 2118 2274 2160 Stem
2307 2106 2459 2177 nigro
2498 2120 2676 2174 panno
2707 2107 2885 2160 omnis
2922 2114 3144 2165 ornatus
3190 2115 3466 2175 expertem
3497 2104 3733 2160 ministri

2139 2201 2320 2253 nescio
2342 2198 2431 2253 ubi
2456 2199 2622 2253 nacti.
2646 2217 2665 2250 ι
2695 2199 2784 2254 Sic
2814 2214 2935 2268 qua:
2956 2199 3145 2254 eodem
3168 2198 3304 2253 libro
3316 2206 3441 2253 sunt
3464 2200 3733 2268 ἐσθήματα

2144 2289 2351 2345 scilicet
2399 2291 2663 2363 μοναχικά
2692 2332 2706 2356 ,
2761 2288 2964 2343 Glossaa
3021 2298 3231 2344 veteres
3282 2289 3409 2343 Mss.
3452 2297 3735 2358 apponunt

2139 2382 2302 2455 ῥάσα.
2340 2380 2406 2434 Et
2435 2380 2677 2449 ejusdem
2702 2379 2957 2434 Manuelis
2980 2379 3076 2435 lib.
3112 2395 3198 2446 tv,
3229 2379 3317 2433 ubi
3348 2379 3498 2450 μέλαν
3520 2377 3732 2451 ἇμφιον,

2140 2476 2313 2545 glossa
2337 2476 2556 2545 apponit
2582 2476 2736 2551 ράισα.
2781 2475 2845 2527 Et
2876 2472 3013 2542 apud
3044 2472 3292 2528 eumdem
3328 2471 3594 2535 Nicetam,
3630 2472 3730 2525 lib.

2142 2583 2201 2630 tt.
2224 2567 2300 2621 De
2329 2566 2554 2636 imperio
2584 2565 2747 2619 Isaaci
2781 2564 2992 2631 Angeli,
3029 2564 3119 2618 ubi
3164 2564 3215 2617 in
3265 2571 3409 2617 textu
3440 2574 3542 2628 est,
3576 2566 3736 2635 μέλαν

2142 2657 2543 2733 ἄμφιον,ειοεεει
2582 2672 2682 2712 ms.
2730 2657 2953 2711 ascribit
2989 2656 3151 2729 ράσα.
3192 2655 3280 2710 Sic
3301 2654 3440 2723 apud
3458 2655 3729 2720 eumdem,

2147 2753 2241 2808 lib.
2268 2768 2347 2819 ιιι,
2375 2752 2442 2807 de
2470 2751 2710 2822 ejusdem
2740 2750 2903 2805 lsaaci
2932 2750 3177 2820 imperio,
3210 2747 3539 2827 ρακινδῦιίης,
3584 2753 3732 2820 quod

2142 2844 2323 2916 glossa
2353 2858 2455 2899 ms.
2481 2844 2715 2911 explicat
2749 2858 2843 2911 per
2871 2843 3200 2919 ῥασαφορῶν.

2214 2934 2292 2990 De
2322 2933 2690 2989 camelaucliio
2717 2947 2874 3003 supra
2903 2932 3033 2987 satis
3065 2933 3317 2987 diximus.

2215 3026 2372 3082 Rasae
2400 3028 2767 3082 indumentum
2798 3027 3022 3097 mystice
3047 3024 3389 3096 signiﬁcabat
3428 3025 3736 3081 sanctiﬁca-

2146 3119 2307 3173 tionis
2337 3119 2553 3173 stolam.
2596 3116 2875 3188 Colligitur
2905 3116 3254 3174 exoratione
3275 3131 3393 3185 quae
3418 3126 3504 3173 est
3534 3116 3590 3171 in
3620 3117 3737 3171 Eu.

2142 3209 2386 3279 chologio
2417 3228 2431 3265 :
2458 3206 2707 3263 Ἐνδυσον
2735 3209 2885 3264 αὑτὸν
2913 3208 3169 3281 ἁγιασμοῦ
3189 3209 3395 3275 στολήν,
3429 3209 3737 3285 σωφροσύνῃ

2141 3303 2427 3375 περίζωσον
2455 3306 2547 3358 τήν
2600 3300 2760 3373 ὀσφὺν
2784 3300 2967 3363 αὐτοῦ,
3022 3302 3196 3360 πάσης
3236 3301 3387 3356 αὐτὸν
3431 3302 3738 3375 ἐγκρατείας

2142 3390 2403 3455 astant...
2429 3393 2718 3462 ἀγωνιστήν
2752 3406 2767 3445 :
2834 3407 2853 3441 ι
2905 3389 3070 3444 Indue
3098 3390 3270 3461 ipsum
3299 3392 3740 3447 sanctiﬁcationis

2141 3483 2354 3547 stolam,
2381 3481 2736 3552 temperantia
2756 3480 3118 3551 circumcinge
3138 3479 3350 3538 iambos
3378 3482 3516 3552 ejus,
3557 3484 3741 3537 omnis

2147 3572 2324 3644 ipsum
2349 3573 2699 3628 continentia:
2728 3574 2954 3629 ostende
2973 3573 3227 3644 pugilem.
3268 3593 3286 3627 ι

2212 3690 2494 3746 Ἀκολουθία
2518 3695 2610 3744 τοῦ
2639 3697 2822 3765 μικροῦ
2854 3694 3132 3762 σχήματος
3154 3692 3268 3750 ἤτοι
3291 3698 3384 3746 τοῦ
3412 3692 3663 3764 μανδύον.

2291 3782 2433 3835 Ordo
2471 3783 2765 3837 instituendi
2796 3788 3099 3838 monachum
3133 3786 3275 3854 parvi
3298 3784 3593 3852 schematis,

2760 3890 2848 3927 seu
2876 3876 3107 3947 mandyi.

2217 3964 2272 4017 1.
2301 3968 2502 4023 Τίθησιν
2531 3962 2557 4019 ὁ
2604 3964 2765 4036 ἱερεὺς
2814 3965 2979 4020 ἐπάνω
3008 3968 3165 4020 αὐτοῦ
3194 3966 3251 4021 τὸ
3280 3968 3699 4041 σχηματολόγιον
3724 3987 3739 4022 :

2153 4072 2171 4104 ι
2206 4054 2468 4111 Sacerdos
2492 4056 2641 4125 ponit
2663 4068 2826 4122 super
2851 4070 2973 4110 eum
2996 4055 3506 4126 schematologium.
3548 4076 3567 4109 ι

2218 4145 2271 4199 2.
2314 4146 2515 4203 Deinde
2570 4158 2797 4219 accepto
2825 4149 2875 4203 in
2926 4163 3085 4202 manu
3116 4149 3341 4218 psalidio
3384 4163 3479 4205 seu
3515 4147 3742 4220 forcipe,

2148 4242 2381 4316 κουριύει
2404 4240 2604 4296 αὒτὸνὸ
2635 4243 2799 4317 ἱερεὺς
2831 4239 3179 4318 σταυροειδῶς
3212 4257 3227 4296 :
3287 4258 3307 4293 ε
3362 4242 3577 4297 Tondet
3616 4259 3742 4297 eum

2150 4329 2401 4384 sacerdos
2424 4330 2474 4383 in
2500 4330 2724 4385 formam
2750 4333 2945 4387 crucis.
2976 4349 2998 4385 ι

2223 4423 2355 4487 Qua:
2378 4422 2602 4477 crinium
2646 4427 2878 4481 resectio
2933 4427 3326 4480 irrationalium
3382 4426 3741 4496 cupiditatum

2155 4513 2503 4583 rejectionem
2533 4516 2819 4586 signiﬁcat,
2876 4518 3016 4587 quod
3064 4517 3361 4573 insinuatur
3388 4518 3442 4571 in
3472 4518 3743 4583 oratione,

2156 4621 2272 4677 qua:
2301 4606 2454 4661 initio
2483 4608 2825 4676 praemittitur
2857 4626 2872 4664 :
2898 4608 3008 4664 Ἰνα
3048 4617 3110 4684 τῇ
3152 4612 3417 4687 ἀφαιρέσει
3469 4617 3571 4665 τῶν
3593 4610 3745 4665 ἀναι-

2156 4702 2351 4757 σθήτων
2378 4706 2603 4775 τριχῶν,
2637 4702 3053 4761 συναποϐἁληται
3098 4705 3180 4755 καὶ
3218 4703 3309 4762 τὰς·
3352 4701 3565 4776 ἀλόγους
3607 4701 3748 4757 ἔνθυ-

2155 4794 2334 4864 μγὲσιις
2350 4811 2403 4846 es
2426 4793 2512 4847 καὶ
2532 4794 2810 4865 προσάξεις
2831 4809 2843 4843 :
2878 4811 2895 4844 ι
2920 4791 2986 4847 Ut
3005 4791 3352 4862 ademptione
3372 4806 3530 4846 sensu
3554 4807 3748 4848 caren-

2155 4886 2285 4938 tium
2314 4883 2649 4952 capillorum,
2672 4885 2833 4938 etiam
2857 4886 3069 4955 abjiciat
3097 4885 3437 4941 irrationales
3454 4887 3741 4956 cOgitatio-

2158 4985 2253 5025 ncs
2282 4980 2339 5027 et
2365 4988 2549 5040 opera.
2587 4992 2609 5025 ι
3190 4998 3191 5001 η
3506 4991 3510 4995 ’

2227 5062 2281 5116 5.
2335 5060 2395 5116 Ὀ
2422 5061 2628 5135 ἀδελφὸς
2678 5064 2866 5133 ἡμῶνὸ
2908 5062 3045 5118 δεῖνα
3092 5062 3320 5119 ἐνδύεται
3358 5072 3555 5134 χιτῶνα
3580 5065 3746 5137 5:721-

2157 5147 2373 5209 λιάσεως
2406 5148 2439 5202 ;⁷
2483 5166 2501 5200 ι
2539 5147 2731 5203 Frater
2778 5160 2964 5203 thSlet‘
2991 5148 3055 5203 N.
3088 5148 3325 5204 induitur
3354 5152 3532 5205 tunica
3564 5151 3747 5206 exsul-

2158 5237 2388 5293 tationis.
2418 5257 2438 5290 ι

2227 5329 2282 5384 4.
2325 5332 2692 5405 Περιζὼννυται
2745 5335 2835 5389 τὴν
2865 5332 3024 5402 ὀσφὺν
3052 5332 3204 5386 αὐτοῦ
3233 5330 3445 5402 δύναμιν
3489 5332 3745 5397 ἀληθείας,

2157 5422 2229 5481 εἰς
2279 5422 2515 5495 νέκρωσιν
2570 5424 2847 5494 σώματος,
2905 5426 2987 5477 καὶ
3031 5424 3345 5478 ἀνακαίενισιν
3404 5421 3746 5493 “trutinatur:

2169 5529 2186 5563 ι
2222 5510 2407 5568 Frater
2434 5521 2633 5569 noster
2656 5514 2869 5569 lumbos
2895 5514 3127 5583 cingitur
3171 5518 3372 5568 virtute
3409 5513 3653 5568 veritatis
3690 5513 3746 5566 in

2166 5604 2629 5661 mortificationem
2652 5608 2912 5675 corporis,
2946 5615 2999 5662 et
3030 5607 3439 5662 renovationem.
3463 5606 3742 5674 spiritus.»

2237 5697 2289 5753 5.
2316 5698 2628 5757 Καλύπτεται
2656 5701 3041 5775 περικεφαλαίαν
3065 5697 3241 5754 ἐλπίδα
3254 5700 3543 5771 σωτηρίας-ε
3580 5714 3598 5748 ι
3619 5695 3736 5751 Fra-
