4014 6368
291 331 395 391 ω’]

368 539 426 595 6.
457 536 717 608 Λαμϐάνει
744 534 800 589 τὸ
820 533 994 588 παλίον
1022 533 1107 586 τὸν
1131 529 1403 605 ἀρραϐῶνα
1429 534 1516 582 τοῦ
1540 524 1761 599 μεγάλου
1792 527 1878 578 καὶ

293 630 565 705 ἁγγιλικοῦ
595 628 892 696 σχήματος,
935 625 1006 684 εἷς
1047 622 1225 681 στολήν
1271 620 1551 692 ἀφθαρσίας
1579 620 1661 669 καὶ
1697 615 1879 687 σεμνό-

297 736 494 783 τητοςζ
532 736 551 770 ι
589 716 777 772 Frater
832 722 1014 767 noster
1058 712 1219 765 sumit
1265 709 1481 778 pallium
1524 706 1877 760 arrhabonem

294 811 477 881 tnagni
504 817 559 864 et
578 806 806 878 angelici
836 804 1049 860 habitus
1073 802 1126 857 in
1159 800 1352 856 stolam
1382 797 1804 866 incorruptionis
1824 804 1882 850 et

294 904 695 961 sanctimonia).
723 921 744 955 ι

368 1000 424 1052 7.
452 996 756 1053 Ὕπιοδύεται
783 996 847 1050 τὰ
898 992 1145 1049 σανδάλια
1172 994 1243 1053 εἰς
1274 991 1571 1062 ἑτοιμασίαν
1600 994 1689 1044 τοῦ
1721 989 1883 1059 Εὐαγ-

296 1090 470 1164 γιλίου
499 1091 819 1164 τῆςὶῖρὴνης
850 1104 863 1137 :
915 1103 934 1137 ι
972 1084 1164 1139 Frater
1186 1093 1369 1137 noster
1393 1081 1732 1137 subindnitur
1773 1079 1882 1134 cal«

298 1181 600 1237 ceamentis
623 1180 683 1234 in
705 1178 1146 1248 prmparationem
1174 1175 1445 1245 Evangelii
1470 1174 1637 1244 pacis.
1678 1192 1696 1225 ι

376 1272 581 1328 Deinde
624 1271 955 1327 concludunt
1006 1289 1017 1323 :
1079 1268 1259 1324 Ἐλαϐε
1322 1271 1409 1323 τὸν
1465 1267 1735 1344 ἁρῥαϐῶνα
1792 1272 1883 1319 τοῦ

302 1366 530 1440 μεγάλου
585 1370 666 1420 καὶ
708 1365 965 1439 άγγελικοῦ
1013 1368 1287 1435 σχήματος
1336 1378 1351 1415 :
1411 1379 1429 1412 ι
1468 1361 1652 1414 Frater
1703 1369 1886 1413 noster

297 1459 537 1529 sumpsit
560 1457 916 1512 arrhaboncm
950 1455 1124 1525 magni
1149 1462 1204 1510 et
1234 1453 1463 1524 angelici
1490 1452 1722 1506 habitus.
1755 1470 1773 1502 ι

368 1549 432 1604 8.
459 1548 663 1606 Δὶδοται
690 1557 764 1622 τῷ
794 1551 1104 1619 άποκαρέντι
1128 1548 1295 1619 κηρὸς,
1346 1548 1429 1599 καὶ
1459 1545 1515 1597 τὸ
1556 1540 1697 1616 ἅγιον
1731 1543 1887 1613 Εὐαγ-

295 1638 490 1714 γὲλιον,
519 1643 603 1695 καὶ
630 1642 876 1714 σταυρὸς,
909 1643 992 1692 καὶ
1016 1642 1205 1711 γίνεται
1248 1636 1274 1691 ὁ
1302 1634 1575 1706 ἀσπασμὸς
1605 1652 1618 1687 :
1676 1654 1693 1686 ι
1728 1634 1889 1688 Datur

298 1737 535 1789 detonso
563 1747 774 1799 cereus,
796 1744 850 1788 et
872 1741 1115 1787 sanctum
1148 1731 1519 1802 Evangelium,
1549 1738 1601 1785 et
1629 1744 1784 1794 crux,
1834 1736 1887 1782 et

300 1824 363 1879 ﬁt
389 1825 729 1896 amplexatio.
762 1844 781 1877 ι
1036 1860 1039 1861 ν
1482 1834 1485 1837 '

611 1940 895 1994 Ἀκολουθία
925 1945 1018 1995 τοῦ
1046 1939 1263 2013 μεγάλου
1295 1943 1592 2009 σχήματος.

629 2050 789 2141 ⁸Ονιίο
811 2052 985 2122 magni
1013 2049 1311 2129 etrangefici
1341 2048 1561 2102 habitus.

384 2168 431 2223 1·
470 2179 526 2222 'O
547 2168 710 2243 ἱερεὺς
740 2168 971 2242 κουρεύει
1008 2168 1162 2222 αὐτὸν
1202 2162 1544 2239 σταυροειδῶς
1564 2168 1636 2224 εἰς
1659 2166 1715 2217 τὸ
1742 2161 1896 2234 ὄνομα

314 2267 414 2316 τοῦ
441 2262 658 2335 Πατρός,
716 2258 924 2330 1053
969 2267 1097 2323 etc.,
1139 2256 1405 2312 Sacerdos
1446 2255 1634 2309 tondet
1676 2268 1798 2309 eum
1841 2255 1895 2309 in

307 2352 543 2406 formam
560 2351 758 2413 crucis,
782 2351 835 2404 in
856 2351 1074 2405 nomine
1098 2348 1293 2415 Patris,
1329 2366 1348 2399 ι
1384 2356 1491 2402 etc.

382 2464 443 2515 2.
475 2463 533 2517 '0
566 2462 773 2535 ἀδελφὸς
810 2464 949 2533 ἡμῶν
974 2462 1000 2517 ὁ
1028 2460 1162 2517 δεῖνα
1199 2460 1426 2517 ἐνδύεται
1464 2469 1664 2533 χιτῶνα
1705 2460 1898 2516 δικαιο-

310 2556 479 2614 σύνης
499 2557 584 2608 καὶ
611 2553 955 2625 ἀγαλλιάσεως
976 2559 1068 2607 τοῦ
1095 2552 1316 2624 μεγάλου
1348 2554 1434 2605 καί
1470 2553 1733 2625 άγγελικοῢ
1757 2553 1900 2622 σχῆε

314 2667 501 2717 ματος,
532 2655 637 2699 etc.
668 2662 680 2697 :
714 2662 733 2696 ι
774 2643 965 2698 Frater
993 2650 1178 2697 noster
1201 2643 1265 2697 Ν.
1289 2643 1529 2699 induitur
1549 2643 1726 2698 tunica
1747 2640 1904 2711 justi-

310 2738 407 2790 ιίιυ
435 2747 488 2790 et
516 2736 888 2792 exsultationis
918 2733 1095 2805 magni
1126 2743 1181 2789 et
1219 2734 1443 2804 angelici
1475 2736 1705 2790 habitus.
1736 2754 1755 2787 ι

385 2827 439 2882 5.
468 2829 724 2900 Δαμϐάνει
748 2831 806 2884 τὸ
826 2827 1004 2883 παλίον
1025 2834 1113 2883 τοῦ
1136 2828 1357 2899 μεγάλου
1378 2830 1462 2883 καὶ
1483 2830 1743 2903 ἀγγελικοῦ
1764 2833 1905 2901 σχή-

308 2940 499 2992 ματος,
530 2923 604 2979 εἰς
623 2919 803 2977 στολήν
824 2919 1113 2995 ἀφθαρσίας
1133 2924 1215 2975 καὶ
1233 2921 1555 2995 σεμνότητος,
1575 2932 1678 2978 etc.

315 3011 419 3066 mit
448 3008 668 3079 pallium
700 3010 878 3081 magni
921 3021 977 3066 et
1018 3012 1246 3081 angelici
1276 3013 1487 3069 habitus
1526 3016 1578 3068 in
1606 3015 1795 3071 stolam
1824 3015 1906 3069 in-

307 3105 695 3174 corruptionis,
727 3112 784 3161 et
810 3107 1201 3163 sanctimoniae.
1241 3127 1261 3161 ι

999 276 1484 380 δΝΟΜΑΞΤΙΕΟΝ
1529 316 1763 374 RERUM
1809 312 1892 372 ET
1935 314 2315 373 VERBURUM
2362 312 2889 374 DlFFlClLlORUM.

293 461 380 507 ter
410 450 596 501 noster
620 439 859 512 operitur
884 440 1033 509 galea
1064 455 1162 494 ceu
1190 454 1286 508 spe
1315 438 1519 493 salutis.
1561 456 1578 488 ι
1899 437 1945 494 Α

1710 2924 1908 2978 :tSu-

3463 322 3562 378 498

2120 442 2227 487 tum
2279 443 2595 501 conservet,
2652 450 2811 504 quem
2859 434 2911 489 in
2978 434 3173 490 virtute
3225 446 3308 492 tua
3351 437 3559 505 induit,

2127 528 2398 583 habitum:

2058 624 2160 679 Pro
2191 624 2369 678 tunica
2400 623 2612 693 quidem
2634 620 2893 691 justitiam
2940 613 3184 688 amicius,
3426 684 3429 687 Α

2057 717 2120 771 Et
2172 731 2267 784 pro
2311 729 2441 769 zona
2489 714 2953 769 mortificationem
2990 714 3232 784 corporis
3272 724 3325 769 et
3371 724 3573 784 tempe-

2124 810 2347 863 rantiam
2372 810 2424 863 in
2456 809 2631 877 seipso
2662 804 3071 869 circumferens,

2056 903 2123 957 Et
2155 917 2250 972 pro
2268 902 2552 971 scapulari,
2580 916 2737 956 cruce
2767 910 2821 955 et
2848 901 2950 955 ﬁde
2979 900 3269 955 adornatus
3294 912 3322 964 ;'

2057 996 2120 1049 Et
2154 1010 2245 1064 pro
2273 995 2452 1064 pallio,
2483 995 2617 1049 stola
2662 993 3075 1061 incorruptionis
3109 992 3376 1055 munitus;

2057 1086 2449 1143 Calceamentis
2493 1100 2643 1152 vero,
2676 1094 2735 1139 ut
2766 1083 3022 1155 procedat
3071 1084 3121 1137 in
3174 1085 3311 1136 viam
3344 1084 3488 1152 paris
3521 1093 3577 1141 et

2094 1179 2308 1233 salutis.
2344 1199 2363 1231 ι
2884 1240 2889 1243 _

2063 1276 2387 1344 Sequuntur,
2420 1280 2562 1342 post,
2594 1270 2781 1325 eadem
2807 1286 2923 1339 qua:
2954 1270 3005 1323 in
3034 1267 3220 1325 ordine
3242 1270 3386 1338 parvi
3411 1269 3571 1325 sche-

1989 1370 2148 1423 matis
2177 1369 2245 1423 de
2276 1381 2462 1433 cruce,
2494 1380 2672 1429 ceree,
2706 1363 3116 1432 amplexatione.

2060 1460 2243 1514 Dictus
2294 1458 2503 1511 videtur
2551 1454 2827 1524 angelicas
2875 1453 3109 1515 habitus,
3141 1451 3282 1523 iptod
3313 1467 3379 1508 eo
3411 1451 3579 1507 induti

1990 1566 2257 1607 memores
2300 1563 2418 1602 esse
2446 1546 2728 1613 deberent,
2763 1546 2947 1598 vivere
2970 1560 3029 1597 se
3058 1543 3256 1598 debere
3285 1543 3579 1613 angelicam

1990 1645 2177 1699 vitam.
2214 1638 2470 1703 Euchol.,
2499 1651 2553 1706 p.
2578 1635 2707 1691 102:
2728 1645 2789 1711 Σῇ
2817 1638 2916 1709 γάρ
2945 1637 3196 1699 πεποιθὼς
3224 1639 3468 1710 συνεργίᾳ
3490 1642 3580 1693 τήν

1993 1735 2255 1809 ἀγγελικὴν
2283 1732 2541 1786 πολιτείαν
2576 1730 2767 1791 ταύτην
2798 1724 3195 1802 ἑπεισὲρχομαι,
3230 1727 3539 1801 φιλάνθρωπα
3567 1742 3578 1777 :

1924 1811 1965 1869 Β
2004 1846 2021 1878 ι
2053 1827 2180 1879 Ture
2208 1824 2348 1879 enim
2372 1821 2630 1879 obediens
2662 1817 3052 1888 cooperatioui,
3086 1816 3379 1885 angelicam
3404 1816 3584 1869 viven-

1999 1918 2050 1972 di
2082 1917 2339 1970 rationem
2374 1912 2509 1966 hanc
2538 1910 2771 1966 accedo,
2819 1916 3025 1962 amator
3068 1905 3364 1958 hominum.
3404 1923 3421 1954 ι
3457 1903 3589 1957 Ruf-

2000 2011 2156 2070 linus,
2194 2006 2289 2062 lib.
2332 2020 2365 2058 n
2391 2047 2403 2071 ,
2435 2018 2557 2071 cap.
2591 2001 2649 2056 ll
2686 2000 2751 2054 de
2797 1999 2903 2053 llor
2938 2016 2952 2051 :
2992 2017 3009 2050 ‹
3034 1997 3127 2051 llic
3158 1998 3443 2051 multorum
3471 2007 3588 2048 erat

2000 2099 2451 2155 monasteriorum
2484 2096 2662 2159 Pater,
2694 2094 2783 2162 qui
2821 2093 3000 2147 habitu
3033 2092 3149 2159 ipso
3181 2089 3400 2143 honoris
3433 2088 3582 2141 vide-

1998 2195 2154 2248 batur
2195 2189 2441 2261 angelici.
2476 2208 2492 2239 ι
2524 2188 2598 2242 De
2627 2186 2817 2241 eodem
2846 2184 3110 2238 Palladius
3140 2228 3154 2251 ,
3179 2197 3299 2251 cap.
3325 2180 3357 2235 9
3391 2200 3403 2233 :
3439 2199 3457 2231 ι
3485 2180 3589 2234 lla-

2001 2286 2132 2339 bens
2157 2280 2479 2336 monasteria
2508 2277 2658 2334 mille
2674 2276 2926 2342 fratrum,
2954 2274 3136 2328 habitu
3175 2273 3417 2344 angelico
3446 2286 3591 2341 pne.

2004 2379 2164 2432 ditus.
2201 2396 2218 2428 ι
2257 2373 2526 2439 Bullinus,
2583 2371 2677 2425 lib.
2734 2387 2795 2435 ιι,
2851 2384 2971 2437 cap.
3024 2366 3077 2434 lt,
3112 2366 3179 2423 de
3209 2367 3355 2422 Bene
3384 2382 3396 2418 :
3428 2383 3448 2419 ι
3489 2364 3590 2423 l'er

2005 2469 2185 2523 oinnia
2219 2466 2371 2536 quasi
2402 2464 2626 2536 angelici
2656 2460 2861 2517 ordinis
2892 2462 2991 2516 vir.
3026 2480 3045 2515 ι

2076 2560 2229 2631 Apud
2280 2557 2592 2630 Dionysium
2650 2572 2863 2628 quoque
2921 2556 3298 2626 Areupagitam
3327 2595 3342 2620 ,
3371 2567 3491 2624 cap.
3516 2552 3549 2607 6
3575 2596 3588 2617 ,

2006 2663 2142 2728 part.
2179 2670 2237 2724 ιι,
2264 2651 2411 2707 Eccl.
2440 2652 2637 2706 hierar.
2667 2694 2681 2718 ,
2731 2652 2820 2705 ubi
2861 2651 3039 2721 agitur
3069 2649 3137 2704 de
3182 2649 3440 2721 mysterio
3471 2664 3589 2705 m0-

2007 2754 2225 2810 nasticze
2252 2750 2727 2808 consummationis
2750 2788 2769 2815 ,
2794 2748 2997 2803 mentio
3020 2756 3259 2802 tonsura:
3289 2759 3410 2800 cum
3435 2744 3591 2813 signo

2004 2848 2182 2902 crucis
2211 2854 2265 2899 et
2297 2843 2576 2898 Trinitatis
2601 2840 2960 2913 invocatione,
2996 2836 3309 2899 mutationis
3328 2822 3515 2899 restis,
3541 2844 3597 2888 et

2007 2938 2439 3008 amplexationis,
2470 2951 2563 2991 seu
2592 2933 2926 2988 salutationis
2953 2941 3069 3005 ιΤῷ
3099 2928 3422 3003 σταυροειδεῖ
3444 2928 3593 2995 τύπῳ

2006 3030 2415 3103 σφραγισάμενος
2445 3028 2600 3081 αὑτὸν
2631 3026 2655 3080 ὁ
2688 3027 2851 3097 ἱερεὺς
2874 3065 2888 3089 ,
2932 3026 3210 3097 ἀποκείρει,
3258 3026 3347 3079 τὴν
3374 3023 3596 3094 τρισσήν

1964 3188 1977 3206 ι
2007 3131 2097 3180 τῆς
2131 3122 2265 3181 θείας
2295 3120 2665 3194 μακαριότητος
2703 3116 2986 3175 ἐπιϐοήσεις
3024 3114 3333 3179 ὑπόστασιν,
3374 3113 3457 3165 καὶ
3503 3114 3595 3169 τήν

395 3200 450 3253 4.
477 3198 736 3256 Ἐνδῦιται
759 3202 817 3254 τὸ
838 3203 1115 3257 κουκούλιον
1142 3212 1232 3264 τῆς
1255 3206 1486 3269 άκακίας,
1520 3209 1593 3266 εἰς
1632 3227 1901 3281 περικςφα-
1933 3196 1978 3248 (λ
2011 3215 2196 3271 ἐσθῆτα
2221 3218 2395 3267 πᾶσαν
2422 3210 2774 3282 ἀπαμφιέσας,
2804 3208 2980 3282 ἑτέραν
3008 3207 3325 3278 ἀμφιέννυσι,
3357 3205 3441 3258 καί
3467 3204 3598 3275 μετὰ

309 3293 459 3346 λαίαν
501 3291 700 3353 ἐλπίδος
738 3296 1035 3370 σωτηρίουτ
1075 3312 1093 3345 ι
1133 3294 1376 3348 Induitur
1405 3296 1665 3350 cucullam
1696 3297 1901 3366 simpli-

308 3384 491 3438 citatis
511 3385 564 3439 in
589 3384 795 3454 galeam
826 3386 940 3455 spei
978 3386 1243 3441 salutaris.
1277 3404 1294 3435 ι

378 3474 445 3527 '5.
476 3475 731 3545 Λαμϐάνει
753 3477 839 3530 τὸν
859 3477 1110 3531 ἀνάλαϐον
1140 3479 1187 3529 ἐν
1218 3476 1421 3547 ὀνόματι
1447 3484 1536 3532 τοῦ
1564 3480 1759 3553 Πατρὸς
1782 3520 1795 3541 ,
1824 3481 1908 3533 καὶ

312 3571 410 3619 τοῦ
433 3566 576 3630 Υἱοῦ,
609 3569 693 3619 καὶ
723 3559 820 3621 τοῦ
863 3569 1011 3637 ἁγίου
1054 3569 1371 3636 Πνεύματος,
1413 3568 1777 3639 ἀναλαμϐάνων
1820 3571 1906 3623 τὸν

313 3657 545 3730 σταυρὸν
565 3658 727 3711 αὐτοῦ
749 3658 835 3711 ἐπὶ
863 3664 963 3712 τῶν
995 3657 1164 3728 ὤμων,
1192 3662 1273 3711 καὶ
1300 3657 1573 3712 ἀκολουθῶν
1588 3665 1658 3728 τῷ
1681 3657 1905 3730 δεσπότῃ

314 3752 562 3818 Χριστῷε
595 3762 614 3796 ι
661 3746 870 3815 Accipit
896 3747 1175 3815 scapulare
1205 3747 1258 3801 in
1284 3748 1501 3800 nomine
1526 3747 1695 3800 Putris
1713 3755 1765 3800 et
1788 3747 1904 3800 Filii

317 3845 379 3893 et
410 3837 642 3906 Spiritus
664 3839 855 3904 sancti,
881 3852 1158 3893 assumens
1187 3855 1402 3894 crucem
1435 3854 1584 3893 suam
1618 3840 1668 3893 in
1720 3840 1908 3896 hume-

320 3943 435 3995 ros,
460 3943 691 3999 sequens
720 3930 1005 3986 Dominum
1035 3932 1330 3988 Christum.
1364 3952 1383 3984 ι

393 4025 447 4075 6.
472 4026 831 4094 Περιζὼννυται
874 4030 963 4083 τήν
1004 4026 1159 4096 ὀσφὺν
1198 4027 1357 4080 αὐτοῦ
1398 4024 1607 4088 δύναμιν
1636 4027 1860 4088 ἀληθείας
1892 4044 1904 4079 :

326 4134 345 4165 ι
387 4114 592 4169 Fratris
622 4115 789 4169 nostri
827 4114 993 4169 lumbi
1023 4116 1308 4184 cinguntur
1333 4116 1528 4169 virtute
1548 4118 1807 4170 veritatis.
1846 4136 1866 4169 ι

392 4209 446 4262 7.
473 4207 773 4264 ’Υποδύεται
793 4212 859 4265 τά
889 4206 1137 4264 σανδάλια
1174 4212 1248 4269 εἰς
1286 4209 1582 4279 ἑτοιμασίαν
1614 4216 1707 4266 τοῦ
1746 4212 1906 4282 Εὐαγ-

315 4300 483 4374 γιλίου
530 4309 623 4361 τῆς
666 4303 903 4377 εἰρήνηςε
942 4317 961 4349 t
1022 4297 1377 4353 Subiuduitur
1430 4301 1807 4355 calceamentis
1852 4302 1906 4355 in

324 4395 770 4462 praeparationem
799 4391 1070 4461 Evangelii
1107 4391 1274 4459 pacis.
1313 4412 1331 4445 ι
1484 4448 1489 4455 ,

388 4484 705 4543 Concludit:
735 4484 919 4541 ’Ἐλαϐι
946 4487 1006 4543 τὸ
1037 4487 1250 4559 μεγάλον
1284 4490 1365 4541 καὶ
1400 4488 1655 4561 άγγελικόν
1678 4496 1863 4557 σχῆμα
1890 4504 1901 4539 :

324 4595 343 4630 ι
382 4578 621 4648 Sumpsit
649 4592 899 4647 magnum
930 4587 983 4634 et
1007 4577 1302 4648 angelicum
1335 4577 1594 4632 habitum.
1633 4596 1650 4628 ι

389 4672 522 4736 Quae
550 4670 700 4738 quasi
729 4682 978 4741 repetens
1002 4671 1402 4742 recapitulatur.
1430 4678 1487 4726 et
1514 4670 1794 4739 explicans
1820 4686 1905 4725 ex-

320 4762 505 4832 primit
531 4778 719 4819 rursus
746 4764 800 4817 in
831 4764 1109 4819 oratione:

387 4854 496 4911 Ἰνα
515 4859 567 4911 ὲν
604 4857 843 4931 ἁγιασμῷ
881 4856 1316 4929 πολιτευσάμενος
1354 4853 1568 4912 ἄσπιλον
1597 4855 1904 4931 διατηρήσῃ,

316 4948 445 5021 ὅπερ
469 4958 531 5019 τῇ
560 4947 767 5020 δυνάμει
794 4970 888 5004 σου
917 4947 1188 5004 ἐνεδύσατο
1218 4956 1429 5018 σχῆμα⁸

391 5050 474 5115 Τῷ
503 5044 592 5113 μὲν
614 5050 794 5113 χιτῶνι
809 5051 900 5102 τῆν
921 5041 1237 5102 δικαιοσύνην
1265 5045 1644 5115 ἀμπεχόμενος’

391 5143 464 5205 Τῇ
493 5133 555 5194 δή
579 5138 709 5209 ζώνῃ
730 5141 820 5194 τὴν
842 5137 1085 5211 νέκρωσιν
1108 5142 1199 5191 τοῦ
1224 5138 1484 5207 σώματος,
1502 5140 1581 5190 καὶ
1604 5140 1692 5194 τὴν
1716 5157 1912 5211 σωφρο-

320 5231 478 5287 σύνην
498 5228 545 5281 ἓν
571 5227 737 5283 ἑαυτῶ
763 5230 1063 5308 περιφέρων·

391 5329 476 5395 Τῷ
497 5319 551 5376 δὲ
574 5318 829 5393 ἀναλάϐω,
852 5328 925 5396 τῷ
945 5328 1157 5394 σταυρῷ
1181 5329 1243 5399 τῇ
1265 5324 1351 5377 καὶ
1366 5319 1541 5379 πίστει
1564 5322 1910 5393 κατακοσμού-

318 5428 487 5482 tutor

392 5512 476 5578 Τῷ
508 5503 563 5559 δέ
596 5505 928 5580 περιϐολαίῳ,
961 5506 1146 5565 στολήν
1175 5507 1455 5580 ἀφθαρσίας
1494 5506 1906 5581 Θωρακιζὸμενος.

396 5604 519 5656 τοῖς
546 5594 602 5651 δέ
623 5595 928 5661 σανδαλίοις,
951 5598 1033 5654 ’ἕνα
1063 5598 1211 5672 ἐπιϐῇ
1234 5606 1296 5671 τῇ
1323 5596 1422 5669 ὁδῷ
1446 5605 1536 5657 τῆς
1562 5601 1761 5673 εἰρήνης
1779 5638 1794 5664 ,
1832 5601 1911 5654 καὶ

320 5700 412 5752 τῆς
440 5694 723 5768 σωτηρίας’

331 5803 349 5839 ι
395 5783 462 5841 Ut
493 5787 545 5843 in
601 5785 1026 5844 sanctiﬁcatione
1057 5787 1217 5842 \itam
1268 5786 1570 5854 instituens,
1606 5786 1914 5842 immacula-

2006 3312 2106 3363 τῶν
2136 3303 2293 3359 ἄλλων
2325 3306 2471 3376 ἱερῶν
2510 3301 2730 3377 ἀνδρῶν,
2783 3298 2902 3367 ὅσοι
2930 3300 3192 3373 πάρεισιν,
3234 3296 3601 3363 ἀσπασάμενος

2007 3400 2159 3454 αὐτὸν
2222 3397 2443 3452 κοινωνὸν
2506 3394 2743 3451 ἀποτελεῖ
2785 3399 2883 3450 τῶν
2935 3395 3220 3467 θεαρχικῶν
3265 3391 3595 3462 μυστηρίωνε

2017 3510 2035 3542 ι
2070 3489 2408 3555 Consignans
2433 3501 2557 3541 eum
2608 3485 2766 3554 signo
2816 3481 2990 3538 crucis
3036 3480 3290 3536 sacerdos
3314 3520 3328 3547 ,
3364 3477 3549 3533 tondet
3583 3518 3598 3541 ,

2021 3586 2189 3639 trinas
2217 3583 2412 3638 divitue
2441 3578 2787 3637 beatitudinis
2818 3590 3075 3647 personas
3104 3574 3398 3629 inclamans
3423 3589 3438 3638 ;
3468 3586 3598 3624 exn-

2012 3689 2228 3747 tumque
2278 3684 2425 3731 veste
2453 3674 2641 3739 omni,
2687 3672 2845 3728 aliam
2892 3670 3103 3735 induit,
3151 3677 3206 3722 et
3250 3680 3372 3721 cum
3399 3663 3601 3720 sanctis

2011 3767 2129 3823 aliis
2176 3767 2267 3836 qui
2313 3774 2494 3820 astant
2553 3764 2682 3818 viris
2733 3764 2904 3830 ipsum
2952 3760 3235 3822 salutans,
3290 3755 3596 3809 divinorum

2017 3856 2401 3928 mysteriorum
2430 3852 2747 3922 participem
2780 3852 2964 3906 eilicit.
3009 3869 3027 3901 ι
3075 3849 3141 3903 Ει
3167 3844 3406 3917 mysterii
3432 3845 3598 3911 expli-

2012 3947 2281 4000 cationem
2314 3943 2587 4013 subjungit
2613 3958 2625 3995 :

2083 4051 2133 4093 Ἣ
2159 4037 2214 4095 δὲ
2240 4045 2332 4093 τοῦ
2359 4036 2725 4115 σταυροειδοῦς
2753 4040 2919 4094 τύπου
2942 4042 3158 4113 σφραγὶς
3179 4079 3192 4097 ,
3224 4040 3290 4097 ὡς
3337 4034 3433 4094 ἤδη
3479 4033 3602 4107 παρ’

2012 4134 2150 4203 ἡμῶν
2178 4128 2393 4204 εἴρηται,
2420 4128 2562 4188 δηλοῖ
2584 4136 2675 4190 τὴν
2704 4138 2889 4186 πασῶν
2924 4130 3052 4202 ὁμοῦ
3080 4138 3180 4184 τῶν
3205 4135 3456 4205 σαρκικῶν
3491 4131 3602 4202 ὁρέ-

2011 4225 2132 4288 ξεων
2154 4224 2514 4299 ἀνενεργησίαν
2546 4240 2558 4274 :
2598 4241 2616 4273 ι
2654 4222 2724 4276 At
2752 4236 2882 4276 vero
2912 4222 3086 4277 cruris
3116 4230 3318 4276 sanctae
3359 4218 3603 4289 signacu-

2012 4314 2120 4368 lum
2145 4355 2160 4379 ,
2216 4324 2273 4367 ut
2320 4314 2428 4382 jam
2480 4312 2683 4368 dictum
2713 4321 2834 4380 est,
2868 4312 3339 4366 mortificationem
3363 4309 3603 4365 omnium

2012 4405 2172 4460 simul
2200 4406 2497 4459 carnalium
2529 4404 2880 4473 cupiditatum
2910 4403 3103 4474 signat.
3142 4421 3160 4455 ι

2084 4508 2135 4551 Ἠ
2162 4495 2215 4552 δέ
2238 4504 2338 4553 τῶν
2379 4504 2578 4571 τριχῶν
2617 4498 2935 4572 άπὸκαρσις,
2983 4498 3207 4569 ἐμφαίνει
3246 4500 3336 4553 τήν
3381 4495 3610 4568 καθαράν

1942 4576 1986 4633 Ι)
2013 4590 2095 4641 καὶ
2126 4586 2527 4656 ἀσχημάτιστον
2558 4591 2719 4651 ζωήν,
2763 4587 2855 4639 οὐκ
2895 4586 3220 4647 ἔπιπλάστοις
3259 4587 3505 4654 σχήμασι
3549 4583 3607 4636 τὸ

2014 4678 2145 4731 κατὰ
2172 4683 2287 4730 νοῦν
2317 4675 2549 4736 δυσειδὲς
2577 4677 2867 4736 ἑπιθετικῶς
2891 4676 3326 4737 καλλωπίζουσαν,
3375 4671 3481 4728 ἀλλ’
3512 4670 3608 4725 αὖ·

2012 4774 2102 4827 τὴν
2130 4767 2202 4839 ἐφ’
2237 4768 2422 4829 ἑαυτῆς
2465 4769 2556 4821 οὐκ
2593 4768 2923 4841 ἀνθρωπικοῖς
2961 4766 3219 4827 κάλλεσιν,
3262 4762 3367 4818 ἀλλ’
3406 4762 3607 4821 ενιαὶοις

2016 4863 2097 4915 καὶ
2122 4869 2369 4931 μοναχοῖς
2395 4865 2469 4923 εἰς
2494 4862 2552 4916 τὸ
2582 4859 2953 4915 θεοειδέστατον
2990 4858 3299 4928 ἀναγομένην
3323 4870 3339 4910 :
3381 4872 3400 4906 ι
3432 4854 3604 4909 Porro

2020 4963 2235 5008 tonsura
2290 4953 2518 5007 crinium
2550 4953 2713 5007 vitam
2746 4948 3192 5010 .mundissimam
3243 4946 3479 5013 indicat,
3537 4955 3592 5001 et

2022 5044 2166 5100 nulla
2218 5044 2383 5115 ﬁgura
2419 5044 2672 5108 fucatam,
2703 5050 2758 5098 et
2785 5056 2903 5111 qua:
2945 5041 3104 5095 nullis
3149 5040 3283 5095 fictis
3326 5039 3599 5095 coloribus

2018 5136 2250 5192 inductis
2293 5135 2455 5189 animi
2500 5134 2894 5190 deformitatem
2945 5137 3201 5194 exornet;
3233 5129 3327 5185 sed
3377 5130 3489 5198 ipsa
3544 5128 3600 5181 in

2018 5229 2192 5300 seipsa
2226 5242 2332 5283 non
2364 5227 2612 5283 humanis
2642 5224 3035 5293 venusmtibus,
3090 5224 3181 5279 sed
3239 5222 3607 5294 singularibus

2017 5331 2073 5377 et
2114 5322 2309 5389 unicis,
2365 5320 2431 5376 ad
2486 5321 2576 5375 Dei
2626 5317 3027 5374 exactissimam
3055 5317 3458 5373 similitudinem
3478 5328 3604 5386 pror

2020 5426 2187 5488 peret.
2229 5436 2248 5469 ι

2091 5522 2142 5564 Ἦ
2176 5509 2229 5565 δὲ
2263 5516 2354 5567 τῆς
2377 5511 2635 5585 προτέρας
2664 5511 2875 5570 ὲσθῆτος
2900 5507 3155 5574 ἀποϐολή,
3186 5509 3266 5562 ναὶ
3305 5512 3397 5565 τῆς
3432 5503 3611 5579 ἔτέρσςη

2018 5604 2190 5675 λῆψις,
2211 5607 2302 5661 τήν
2322 5602 2423 5657 ἀπὸ
2444 5603 2604 5673 μέσης
2636 5602 2778 5677 ἱερᾶς
2806 5605 2939 5666 ζωῆς
2960 5602 3045 5655 ἐπὶ
3069 5603 3158 5657 τήν
3186 5596 3491 5669 τελεωτέραν
3520 5612 3608 5661 p.3-

2020 5694 2223 5757 τάταξιν
2242 5693 2485 5765 ἐμφαίνει’
2517 5693 2742 5763 καθάπερ
2780 5694 2865 5747 ἐπὶ
2904 5699 2993 5751 τῆς
3035 5691 3175 5764 ἱερᾶς
3230 5683 3535 5755 θεογενισίας
3581 5683 3612 5741 ἦ

2021 5795 2109 5848 τῆς
2130 5786 2339 5848 ἐσθῆτος
2367 5781 2575 5858 ἆμειψις
2616 5785 2789 5849 ἐδήλου
2838 5789 2927 5843 τὴν
2972 5779 3440 5857 ἀποκαθαιρομένηῖ
3482 5779 3613 5840 ζωῆς
