4014 6368
442 196 543 262 ίςιθ

1118 193 1591 261 υκωιΔδτιοοΝ
1630 190 1870 259 nancti
1913 202 2000 258 er
2044 186 2416 258 vsnoouim
2457 182 2985 253 otsrtcnuouuu.

3600 176 3710 240 500

406 374 407 381 η
442 322 511 381 εἰς
536 318 840 392 θεωρητικήν
865 313 950 368 καὶ
975 312 1275 385 panormi»
1300 307 1399 371 ἴξιν
1415 306 1680 375 ἀναγωγήν
1710 319 1725 392 εν
1759 319 1780 352 ι
1820 300 2019 392 Priorls
2046 354 2051 362 ,

2188 300 2281 353 llic
2323 298 2575 368 Eulogius
2616 295 2715 350 luit
2762 293 3167 365 disciplinarum
3196 290 3502 347 liberalium
3556 291 3710 346 acho-

448 416 626 463 autem
656 406 822 460 vestis
851 403 1046 474 positio
1070 443 1085 466 ,
1116 397 1443 466 alteriusque
1472 391 1795 462 assumptio,
1820 391 2021 460 migra-

443 499 644 554 tionem
676 495 821 551 illam
851 508 880 548 a
911 491 1087 550 media
1116 490 1223 545 vita
1251 487 1425 557 (sacra
1455 482 1605 552 licet)
1631 483 1697 537 ad
1739 482 2024 552 perfectio-

442 603 557 643 rem
604 587 868 656 signiﬁcat
899 601 913 638 :
944 584 1083 638 sicut
1130 584 1185 635 in
1213 578 1390 634 divina
1421 574 1830 645 regeneratione
1850 615 1866 641 ,
1897 588 2023 644 pro-

455 678 747 731 motionem
773 672 1044 729 indicabat
1064 686 1094 724 a
1116 675 1336 739 purgata
1365 666 1472 719 vita
1490 663 1553 718 ad
1570 663 2021 732 contemplantem

450 767 946 836 illuminantemque
998 762 1261 827 habitum,
1295 760 1384 814 illa
1427 758 1587 813 vestis
1617 756 1894 811 candentis
1924 756 2026 810 im-

449 860 695 916 mutatio.
728 876 747 912 ι

516 953 573 1006 Ei
600 950 655 1006 δὲ
697 952 779 1004 καί
812 955 898 1002 νῦν
936 946 961 1002 ὁ
1007 947 1170 1020 ἱερεύς
1204 964 1258 999 τι
1300 944 1385 997 καί
1424 943 1609 1001 πάντες
1648 936 1765 995 ὅσοι
1789 940 2026 1014 τιάριισιν

448 1036 589 1119 ίιροὶ,
618 1042 702 1095 τὸν
720 1038 1069 1108 τιτιλεσμένον
1092 1036 1408 1099 ἀσπάζονται
1433 1074 1447 1097 ,
1482 1035 1572 1091 τήν
1594 1031 1727 1107 ίιρὰν
1756 1037 1853 1119 τῷν
1874 1030 2026 1083 Orosi-

449 1118 549 1188 δῶν
573 1132 799 1188 ἐννόησον
843 1129 1123 1191 κοινωνίαν,
1159 1127 1487 1198 ἆγαπητιχῶς
1524 1122 1572 1174 iv
1609 1118 1890 1193 εὐφροσύνῃ
1921 1119 2028 1191 θείᾳ

450 1222 802 1293 συνηδομένων
841 1220 1113 1283 meo“:
1147 1236 1166 1269 ι
1199 1214 1353 1283 Quod
1393 1213 1438 1268 si
1470 1212 1629 1266 modo
1674 1224 1884 1281 quoque
1920 1218 2025 1263 tam

446 1311 702 1368 sacerdos
729 1324 890 1380 quam
940 1311 1349 1364 circumstantes
1375 1304 1565 1373 reliqui
1600 1301 1700 1357 viri
1747 1301 1917 1356 sancti
1950 1300 2028 1355 sic

451 1404 684 1459 dicatum
709 1401 1067 1465 consalutant,
1102 1412 1311 1454 sacram
1352 1396 1588 1464 intellige
1617 1393 1709 1448 Dei
1740 1394 2029 1463 prveferen-

450 1497 583 1551 tium
631 1496 866 1564 speciem
910 1494 1249 1557 societatem,
1281 1504 1383 1560 qua
1408 1487 1514 1545 sibi
1542 1487 1766 1542 invicem
1787 1500 1909 1541 cum
1938 1486 2029 1541 lae-

451 1590 564 1645 titia
589 1596 645 1644 et
667 1588 927 1643 cbaritate
955 1585 1306 1657 gratulantur.
1332 1600 1354 1637 ι

2127 390 2365 444 lasticus.
2380 408 2399 442 ι
2420 387 2643 443 Palladii
2669 385 2925 442 Lausiaca
2947 401 3018 442 ex
3041 383 3209 441 veteri
3235 382 3705 453 interpretatione,

2126 482 2177 536 in
2208 479 2524 550 appendice,
2549 492 2671 548 cap.
2704 477 2772 534 16
2803 495 2816 531 :
2846 495 2864 529 t
2902 476 3000 533 Hie
3046 475 3300 545 Eulogius
3346 473 3712 529 scholasticus

2127 581 2318 627 eratet
2341 570 2582 626 eruditus
2610 569 2710 624 vir.
2749 586 2770 621 ι
2815 568 3173 639 Hieronymus
3202 565 3461 636 Catalogo
3502 564 3706 619 Illustr.

2126 664 2273 720 Eccl.
2321 665 2601 735 scriptor.,
2639 678 2760 733 cap.
2816 662 2907 729 99,
2966 663 3033 717 de
3084 660 3381 745 Serapione
3432 659 3711 714 Thmueoa

2128 756 2387 826 episcopo
2418 773 2432 809 :
2469 772 2488 806 ι
2524 755 2784 824 Serapion
2812 754 2882 808 ob
2909 752 3230 821 elegantiam
3264 750 3486 821 ingenii,
3508 763 3712 820 cogno-

2128 861 2250 900 men
2282 843 2590 899 scholastici
2618 844 2833 898 meruit.
2856 862 2876 895 ι
2910 842 3343 911 Martyrologium
3367 840 3703 907 Romanun,

2128 936 2162 990 5
2193 935 2466 991 Februarii
2493 953 2505 989 :
2534 935 2620 989 tln
2642 935 3139 1006 cujus(Dorotlte:e)
3166 933 3711 990 confessionewa

2130 1027 2306 1097 philus
2335 1028 2543 1098 quidam
2574 1029 2930 1083 scholasticus
2957 1027 3021 1082 ad
3052 1027 3248 1082 Christi
3291 1027 3452 1082 ﬁdem
3483 1038 3713 1083 conver-

2127 1133 2238 1172 sus.
2278 1137 2301 1171 ι
2329 1119 2470 1173 Idem
2503 1119 2642 1188 apud
2672 1119 2869 1174 Bedam
2901 1127 2957 1175 et
2991 1117 3317 1174 Usuardum.

2203 1210 2294 1264 Est
2321 1220 2495 1265 autem
2518 1211 2852 1265 scholasticus
2876 1211 3159 1281 posteriori
3182 1211 3380 1266 smculo
3408 1209 3709 1267 advocatus.

2130 1301 2272 1355 unde
2303 1301 2352 1354 in
2384 1300 2531 1356 Actis
2579 1301 2863 1356 Dorothete
2906 1302 3238 1372 'I‘beOphilus
3266 1318 3409 1357 nunc
3437 1302 3715 1357 scholasti-

2128 1408 2243 1457 cus,
2268 1408 2407 1447 nunc
2436 1396 2714 1447 advocatus
2752 1394 2976 1449 dicitur.
3012 1394 3130 1447 Vita
3158 1394 3329 1448 sancti
3358 1393 3665 1449 Sebastiani
3691 1428 3709 1458 ,

2135 1487 2173 1540 l.
2208 1502 2241 1539 ιι
2276 1504 2290 1540 :
2327 1502 2348 1537 ι
2382 1486 2514 1540 Dum
2537 1502 2565 1539 a
2598 1485 2754 1541 beato
2797 1487 3041 1541 Tiburtio
3067 1488 3184 1540 viro
3213 1484 3711 1551 scholasticissimo,

2134 1589 2190 1630 ct
2235 1579 2396 1633 nobili
2446 1590 2501 1633 et
2547 1586 2759 1634 saneto.
2790 1596 2810 1630 ι
2840 1580 2942 1645 Qui
2987 1586 3112 1633 ante
3158 1580 3439 1632 advocatus
3467 1577 3711 1631 dicitur:

526 1678 746 1734 Vestem
786 1691 905 1732 eam
932 1651 983 1743 ,⁷
1008 1689 1113 1745 qua
1159 1674 1398 1729 induitur
1449 1671 1771 1735 monachus,
1824 1670 2031 1739 nigram
2062 1651 2110 1709 Β
2142 1684 2161 1720 ι
2201 1670 2265 1722 Ει
2295 1670 2382 1737 qui
2416 1669 2625 1722 iuturus
2651 1683 2797 1723 eram
2845 1668 3136 1724 advocatus
3164 1667 3233 1722 ad
3261 1666 3498 1735 agendas
3527 1679 3716 1721 causas

454 1768 623 1825 fuisse
646 1775 796 1823 notat
819 1766 1206 1837 Paehymeres,
1241 1773 1298 1819 et
1333 1761 1776 1835 signiﬁcationem
1805 1759 1924 1831 ejus
1960 1760 2034 1813 ita

454 1860 687 1929 explicat
710 1872 725 1911 :
748 1862 1015 1926 Μοναχική
1034 1858 1196 1921 τάξις,
1223 1854 1304 1911 ὅτι
1323 1860 1564 1928 μοναχῶς
1584 1856 1670 1907 καί
1690 1850 1934 1915 ἓνοιιόῶς,
1954 1853 2035 1905 καί

458 1952 515 2005 οὐ
532 1948 721 2021 διχῶς,
744 1950 776 2011 ἢ
796 1956 1019 2024 τριχῶς,
1042 1947 1072 2007 ἢ
1091 1947 1368 2017 πολλαχῶς
1393 1945 1726 2001 πολιτιύιταιι.
1751 1949 1911 1998 Τοῦτο
1934 1942 2037 2014 γὰρ

461 2039 607 2099 δηλοῖ
624 2041 677 2096 δέ
696 2044 754 2097 τὸ
782 2044 1165 2114 ἀμφιεννύμενον
1205 2040 1377 2112 μέλαν.
1407 2038 1483 2091 Τά
1529 2040 1621 2107 μὲν
1654 2037 1755 2108 ’γὰρ
1788 2031 1913 2089 ἄλλα
1939 2041 2039 2090 τῶν

463 2135 757 2208 χρωμάτων
776 2136 846 2194 εἰς
864 2134 1016 2207 ἕτερα
1054 2137 1465 2202 μιταπισοΰνται
1493 2128 1714 2207 ῥᾳδίως,
1759 2130 1840 2183 καί
1870 2129 2040 2183 πάντα

464 2228 532 2287 tl:
552 2228 608 2282 τὸ
632 2228 803 2299 μέλαν’
830 2229 887 2282 τὸ
910 2226 964 2281 δὲ
999 2228 1154 2298 μέλαν
1175 2227 1258 2279 οὐκ
1292 2224 1410 2280 ἔστι
1446 2225 1814 2294 μεταϐληθῆναι
1841 2225 1912 2286 εἰς
1931 2226 2042 2280 ἔτι·

468 2335 557 2389 ρον
584 2327 777 2393 χρῶμα
800 2323 1006 2375 πώποτε
1032 2337 1046 2373 :
1084 2336 1105 2370 ι
1140 2316 1445 2372 Monacbica
1468 2316 1737 2372 ordinatio
1763 2358 1777 2381 ,
1808 2328 1867 2372 ut
1913 2317 2041 2372 soli-

467 2410 601 2466 tarie
655 2419 710 2465 et
758 2410 917 2465 unice
946 2448 962 2473 ,
1013 2424 1118 2464 non
1176 2408 1457 2478 dupliciter
1498 2408 1581 2461 vel
1626 2407 1929 2476 tripliciter,
1960 2409 2042 2462 vel

468 2498 834 2569 multipliciter
862 2507 1235 2554 conversetur.
1264 2497 1376 2552 Hoc
1420 2497 1564 2552 enim
1596 2496 1864 2565 signiﬁcat
1893 2498 2045 2567 nigra

472 2603 577 2658 qua
608 2588 848 2644 induitur
873 2589 1065 2642 vestis.
1095 2587 1200 2641 Alii
1231 2586 1375 2641 enim
1404 2585 1615 2641 colores
1655 2585 1812 2641 facile
1837 2586 1891 2640 in
1913 2588 2048 2641 alios

473 2687 755 2733 transeunt
779 2686 837 2735 et
866 2686 1144 2733 mutantur
1167 2718 1184 2745 ,
1218 2684 1276 2732 et
1302 2690 1490 2732 omnes
1518 2676 1734 2745 quidem
1760 2676 1813 2731 in
1840 2677 2046 2748 nigrum

473 2767 670 2823 mutari
686 2774 913 2837 possunt
930 2783 942 2819 :
960 2766 1111 2837 niger
1133 2780 1263 2821 vero
1284 2764 1435 2821 color
1457 2766 1605 2821 nullo
1626 2779 1857 2835 unquam
1888 2766 2051 2821 modo

476 2857 532 2912 ln
559 2856 725 2912 alium
753 2857 1098 2913 transmutari
1123 2864 1322 2926 potest.
1349 2871 1372 2908 ι

547 2950 677 3006 Haec
702 2963 848 3007 nunc
866 2950 935 3006 de
955 2949 1154 3021 duplici
1176 2946 1562 3006 monachorum
1592 2947 1867 3006 schemate
1902 2948 2051 3006 sull-

474 3040 639 3097 ciant.

548 3130 904 3187 Scuountus.
950 3124 1168 3185 Pratum
1217 3126 1495 3200 spirituale
1537 3123 1761 3187 Joannis
1807 3125 2047 3199 Moschi,

485 3235 605 3290 cap.
636 3220 709 3275 25
736 3236 750 3275 :
787 3238 807 3273 ι
839 3221 908 3277 Ut
937 3220 1091 3275 nobis
1114 3220 1280 3275 abbas
1299 3220 1590 3291 Gregorius
1617 3237 1685 3277 ex
1712 3222 2058 3279 Scltolaribus

482 3309 685 3364 retulit.
716 3329 735 3361 ι
783 3311 970 3366 Graece
994 3319 1100 3379 est,
1138 3313 1193 3365 ἐκ
1229 3312 1540 3389 Σχολαρίων,
1593 3314 1733 3381 quod
1778 3328 1883 3367 non
1914 3322 2060 3369 recte

484 3400 746 3454 llervetus
766 3399 1099 3454 scholasticus
1129 3408 1384 3455 verterat.
1404 3401 1536 3456 Nam
1558 3402 1863 3458 scholastici
1883 3406 2060 3460 causis

487 3490 733 3546 dicendis
783 3498 939 3546 erant
961 3531 976 3555 ,
1007 3490 1282 3545 scholares
1309 3504 1438 3545 vero
1465 3491 1712 3561 palatina:
1751 3491 1954 3547 militiae
1994 3494 2059 3548 ad

485 3585 707 3639 tutelam
732 3585 1009 3655 principis.
1040 3584 1332 3655 Gregorius
1353 3586 1515 3656 igitur
1535 3585 1623 3640 hie
1641 3601 1705 3640 ex
1728 3587 2064 3643 scholaribus

487 3690 584 3730 seu
613 3675 976 3743 exscbolaris,
1026 3675 1079 3730 id
1115 3682 1202 3730 est
1236 3675 1363 3730 olim
1403 3674 1668 3731 scholaris
1691 3716 1707 3741 ,
1750 3691 1891 3732 nunc
1932 3690 2063 3732 vero

487 3768 673 3823 abbas.
703 3769 893 3825 Suidas
924 3787 937 3821 :
969 3770 1238 3842 Σχολάριοι
1261 3812 1277 3836 ,
1302 3769 1590 3846 τρισχίλιοι
1633 3769 1952 3824 πεντακόσιοι
1978 3770 2062 3824 ἐπὶ

488 3862 683 3936 φυλακῇ
720 3872 810 3918 τοῦ
833 3864 1110 3923 Πάλλαντος
1136 3860 1267 3921 ἦσαν
1295 3863 1613 3934 τεταγμένοι,
1641 3859 1931 3938 ἀριστίνδην
1950 3862 2064 3915 ἔπι-

489 3955 755 4024 λιχθέντες
783 3958 833 4019 ἐξ
852 3957 1140 4031 Ἀρμενίων,
1190 3952 1263 4014 οἷς
1294 3956 1559 4018 συντάξεις
1603 3954 1837 4008 ἀνέκαθεν
1862 3954 2067 4013 πλείους

491 4043 521 4099 ἣ
544 4051 656 4102 τοῖς
686 4040 849 4104 ἄλλοις
880 4042 1044 4098 ἅπασι
1080 4044 1136 4097 τὸ
1163 4041 1404 4112 δημόσιον
1452 4043 1711 4113 ἐχορήγει.
1752 4058 1771 4091 ι
1807 4039 2066 4094 Scholarii

498 4145 578 4188 ter
630 4132 842 4204 1054
878 4133 1021 4188 mille
1049 4133 1322 4203 quingenti
1360 4131 1427 4187 ad
1479 4132 1773 4187 custodiam
1812 4131 2067 4185 Pallantis

502 4234 657 4277 erant
707 4223 1020 4288 conStituti,
1063 4236 1131 4277 ex
1178 4221 1522 4291 optimatibus
1565 4219 1942 4275 Armeniorum
1973 4220 2067 4275 dea-

502 4314 646 4377 lecti,
680 4314 870 4383 quibus
896 4314 1189 4381 antiquitus
1217 4312 1516 4381 respublica
1558 4310 1759 4380 majora
1806 4311 2066 4379 stipendia

2139 1763 2465 1815 mortalium.
2506 1778 2526 1814 ι
2556 1761 2768 1817 Sardic.
2795 1777 2977 1828 conc.,
2999 1777 3121 1816 can.
3151 1761 3216 1814 13
3245 1779 3259 1815 :
3298 1780 3319 1814 ι
3355 1761 3412 1818 Si
3434 1762 3720 1817 scholasti—

2137 1867 2231 1907 ens
2258 1853 2324 1907 de
2354 1850 2471 1905 fore
2499 1853 2782 1920 episeOpus
2803 1852 2964 1908 fuerit
2986 1853 3304 1923 postulatus.
3339 1872 3358 1905 ι
3392 1852 3612 1907 Graecus
3638 1853 3722 1908 iu-

2143 1953 2346 2009 terpres
2377 1943 2725 2012 σχολαστικὸς
2753 1944 2856 1997 ἀπὸ
2896 1953 2989 2004 τῆς
3036 1946 3248 2020 ἀγορᾶς.
3302 1944 3369 1998 Ει
3418 1944 3481 1999 L.
3518 1959 3557 1997 ll
3581 1944 3718 2000 Cod.

2140 2033 2267 2097 1b.,
2302 2032 2375 2086 De
2408 2033 2673 2087 Goncuss.
2703 2032 2950 2087 advocat.
2975 2051 2994 2085 ι
3024 2033 3228 2088 Praeter
3251 2034 3525 2089 solemnes
3551 2044 3608 2090 et
3633 2049 3721 2089 ea-

2143 2125 2367 2177 nonicas
2410 2123 2796 2190 pensitationes
2835 2124 3000 2179 multa
3038 2139 3069 2179 a
3117 2124 3531 2194 provincialibus
3576 2125 3725 2181 Afris

2147 2214 2515 2283 indignissime
2544 2215 2881 2283 postulantur
2916 2216 2984 2270 ab
3011 2216 3329 2272 oiﬁcialibus
3355 2225 3410 2271 et
3436 2216 3726 2272 scholasti¢

2146 2305 2242 2359 cis.
2277 2305 2383 2359 Nec
2430 2307 2556 2359 latet
2601 2305 3060 2361 mansuetudinem
3102 2317 3337 2362 nostram
3368 2346 3384 2373 ,
3418 2307 3718 2377 saepissime

2146 2396 2496 2450 scholasticos
2523 2397 2659 2450 ultra
2690 2397 2905 2452 modum
2933 2397 3167 2466 acceptis
3194 2397 3494 2453 honerariis
3540 2397 3594 2451 in
3622 2396 3730 2453 de-

2148 2484 2393 2541 fensione
2432 2502 2714 2541 causarum
2767 2488 3006 2542 omnium
3050 2496 3106 2543 et
3130 2502 3372 2544 annonas
3399 2498 3455 2543 et
3481 2498 3729 2557 sumptus

2149 2579 2395 2647 accipere
2418 2592 2730 2635 consuesse.
2758 2598 2779 2631 ι

2223 2666 2312 2723 Sic
2341 2683 2552 2724 canone
2581 2669 2674 2735 97,
2705 2669 2757 2723 in
2782 2667 2984 2724 Codice
3008 2681 3274 2724 canonum
3301 2667 3681 2724 Alricanomm
3704 2680 3725 2722 :

2150 2755 2307 2815 'mm
2333 2758 2531 2818 δοθῆναι
2559 2757 2729 2814 ἄδειαν
2749 2766 2842 2816 τοῦ
2866 2769 3177 2819 καταστῆσαι
3196 2758 3420 2821 ἐκδίκους
3440 2759 3733 2831 σχολαστιδ

2156 2852 2277 2911 uoti;
2308 2867 2324 2904 :
2361 2868 2380 2901 ι
2406 2849 2468 2905 Ut
2496 2850 2626 2905 dent
2654 2848 2960 2905 iaeultatem
3004 2848 3319 2906 deleusores
3369 2850 3733 2906 constituendi

2160 2940 2529 2996 scholasticos.
2566 2957 2587 2993 ι
2623 2940 2724 2998 Ubi
2750 2939 3120 3011 intelliguntur
3146 2941 3402 2996 advocati.
3432 2941 3568 2995 Nam
3598 2941 3732 2994 sub-

2081 3016 2129 3084 (ἶ
2157 3030 2299 3086 ditur
2332 3048 2345 3085 :
2379 3033 2570 3093 οἵτινις
2597 3032 2719 3088 αὖτό
2752 3040 2907 3088 τοῦτο
2934 3034 2994 3087 τὸ
3036 3029 3376 3108 λειτούργημα
3401 3037 3494 3087 τοῦ
3528 3030 3736 3086 ἐκδικεῖν

2157 3130 2225 3183 τὰ
2273 3129 2558 3202 πράγματα
2587 3126 2895 3201 ἐπιτήδευμα
2924 3126 3159 3199 flauas:
3187 3145 3205 3179 ι
3242 3125 3341 3193 Qui
3372 3128 3425 3181 in
3455 3138 3579 3181 actu
3614 3134 3737 3180 sunt

2160 3219 2246 3272 vel
2278 3232 2500 3272 munere
2530 3216 2859 3273 delensionis
2882 3232 3187 3273 causarum.
3222 3236 3240 3271 ι
3268 3220 3447 3284 Quare
3467 3231 3573 3271 non
3592 3226 3737 3270 recte

2162 3309 2421 3376 Molanus,
2441 3310 2507 3364 ad
2537 3308 2765 3366 Usuardi
2789 3311 3246 3382 Martyrologium,
3274 3310 3306 3363 6
3338 3310 3525 3375 Febr.,
3554 3310 3739 3365 existi-

2164 3403 2331 3457 mavit
2358 3402 2410 3456 in
2441 3404 2589 3459 Actis
2639 3403 2922 3459 Dorotbeaa
2969 3403 3324 3473 Theophilum
3352 3401 3553 3457 dictum
3581 3405 3736 3457 sebo.

2164 3493 2409 3547 lasticum
2459 3509 2555 3564 per
2600 3503 2984 3563 contemptum.
3030 3495 3164 3549 Nam
3207 3510 3273 3549 eo
3312 3506 3553 3563 tempore
3581 3496 3738 3550 scho-

2165 3585 2381 3640 lasticus
2410 3600 2561 3655 azque
2584 3596 2745 3656 atque
2786 3588 3075 3643 advocatus
3128 3588 3181 3642 iu
3222 3589 3415 3643 bonam
3449 3598 3656 3657 partem
3688 3590 3737 3643 in

2167 3690 2265 3729 “Ml
2296 3685 2431 3729 erat.

2239 3764 2377 3819 Olim
2404 3767 2757 3825 scholasticus
2787 3770 2960 3826 dictus
2985 3770 3331 3837 declamator,
3361 3771 3665 3842 quicunque
3680 3787 3742 3828 se

2169 3855 2223 3910 in
2252 3856 2426 3911 causis
2455 3858 2592 3913 ﬁctis
2616 3861 2922 3917 exercebat.
2955 3862 3183 3927 Plinius,
3205 3861 3298 3916 lib.
3340 3877 3378 3916 ιι
3407 3902 3422 3926 ,
3469 3863 3630 3931 epist.
3662 3865 3696 3918 3
3726 3881 3741 3918 :

2177 3965 2197 4000 ι
2233 3948 2441 4003 Annum
2470 3953 2861 4019 sexagesimum
2889 3955 3143 4020 excessit,
3176 3963 3231 4009 et
3258 3953 3433 4007 adhuc
3462 3954 3745 4009 scholasti-

2171 4053 2267 4094 eus
2296 4049 2502 4095 tantum
2533 4050 2633 4110 est,
2663 4058 2767 4114 quo
2791 4058 2987 4114 genere
3017 4044 3290 4099 hominum
3323 4045 3456 4099 nihil
3486 4055 3580 4100 aut
3613 4047 3742 4100 sim‘

2176 4130 2389 4197 plicius,
2418 4143 2509 4186 aut
2537 4134 2831 4201 sincerius,
2864 4142 2955 4190 aut
2984 4135 3191 4190 melius.
3224 4136 3331 4190 Nos
3361 4138 3527 4200 enim,
3560 4137 3651 4205 qui
3694 4136 3745 4189 in

2176 4218 2290 4275 foro
2341 4222 2592 4292 verisque
2645 4224 2826 4280 litibus
2881 4226 3103 4280 terimur
3134 4265 3151 4293 ,
3202 4227 3425 4280 multum
3478 4227 3747 4292 malitia,

2173 4313 2418 4379 quamvis
2446 4313 2709 4381 nolimus,
2742 4316 3089 4381 addiscimus.
3122 4334 3143 4370 ι
3177 4319 3269 4373 Sic
3311 4333 3445 4386 cape
3489 4318 3750 4390 Hierony-

496 4419 655 4473 quam
682 4402 893 4457 caeteris
921 4402 1167 4459 omnibus
1211 4402 1602 4472 suppeditabat.
1624 4419 1643 4453 ι
1680 4401 1820 4457 Idem
1844 4416 1862 4454 :
1887 4400 2070 4477 ‘Imp-
2097 4390 2148 4451 ι)
2176 4419 2341 4470 mum,
2374 4405 2530 4472 epist.
2562 4407 2731 4471 26,ad
2752 4407 3172 4476 Pammachium,
3204 4408 3273 4463 de
3299 4409 3447 4463 obitu
3478 4408 3744 4464 Paulinae:

496 4498 727 4572 ἀριθμος,
769 4494 917 4557 οὗτος
960 4501 984 4549 ὁ
1027 4496 1234 4571 ἀριθμὸς
1277 4502 1376 4551 τῶν
1414 4495 1710 4570 σχολαρίων
1752 4495 2069 4564 καλουμένων

497 4589 798 4663 τρισχιλίων
824 4590 1170 4643 πεντακοσίων
1203 4585 1378 4654 ὄντων,
1404 4588 1607 4663 ἑτέρους
1630 4586 1920 4659 δισχιλίους
1941 4589 2070 4643 ἐνθέ-

497 4682 656 4736 θεικιν
682 4680 776 4733 ’1ου
787 4679 1052 4743 στινιανός,
1079 4677 1170 4739 οὓς
1192 4679 1355 4741 οὕτως
1376 4679 1627 4733 ὶκὰλισιν.
1664 4688 1684 4728 ‘t
1706 4679 2071 4745 Supernume-

498 4770 694 4834 rarius,
723 4777 781 4823 ut
807 4780 927 4824 cum
961 4784 1215 4825 numerus
1254 4768 1660 4824 scholiariorum
1708 4776 1850 4823 esset
1902 4768 2074 4823 homi-

501 4874 627 4913 num
654 4867 734 4915 ter
760 4859 903 4914 mille
929 4868 984 4914 et
1009 4859 1440 4930 quingentorum,
1469 4858 1798 4913 Justinianus
1825 4858 1961 4913 alios
1994 4859 2075 4913 bis

502 4952 650 5007 mille
698 4954 746 5007 ei
788 4952 1006 5022 adjecit,
1038 4968 1172 5022 quos
1202 4954 1273 5007 ita
1311 4952 1541 5006 vocavit.
1585 4969 1603 5002 ι
1637 4952 1869 5007 Severus
1898 4950 2076 5019 Sulpi-

502 5042 642 5109 cius,
671 5041 711 5095 ι.
746 5058 783 5107 l,
805 5058 854 5098 c.
882 5044 934 5107 l,
966 5043 1041 5097 De
1084 5043 1199 5097 Vita
1226 5042 1395 5098 sancti
1435 5041 1643 5096 Martini
1671 5060 1684 5094 :
1719 5057 1737 5091 ι
1769 5041 1886 5109 Ipse
1914 5056 2079 5095 arma~

500 5142 612 5187 tam
646 5132 889 5188 militiam
918 5133 972 5187 in
997 5134 1359 5191 adolescentia
1385 5143 1621 5199 secutus,
1646 5134 1784 5187 inter
1806 5134 2081 5189 scholares

507 5223 620 5277 alas
649 5222 748 5276 sub
776 5236 900 5292 rege
927 5222 1264 5291 Constantio,
1288 5222 1482 5279 deinde
1503 5223 1601 5278 sub
1629 5223 1845 5279 Juliano
1868 5226 2078 5280 Caesare

507 5313 769 5373 militavit.
807 5333 826 5365 ι

574 5404 990 5460 Scaeusrrcus.
1022 5404 1357 5469 Paschasius,
1406 5404 1521 5470 hic,
1548 5406 1643 5461 lib.
1682 5420 1777 5470 vn,
1821 5420 1939 5476 cap.
1971 5406 2036 5462 l9
2058 5446 2076 5474 ,

509 5504 658 5551 hum.
684 5494 715 5547 3
744 5513 757 5550 :
792 5514 810 5546 ι
850 5496 946 5550 llic
970 5496 1222 5566 Eulogius
1245 5497 1596 5553 scholasticus
1625 5507 1760 5565 erat,
1808 5497 2079 5553 arculari-

515 5580 613 5644 bus
642 5587 832 5643 littetis
861 5588 1120 5645 eruditus.
1154 5606 1173 5641 ι
1206 5589 1494 5657 Palladius,
1516 5589 1621 5656 hic,
1642 5589 1733 5645 lib.
1759 5606 1869 5657 vni,
1894 5604 1943 5643 c.
1966 5590 2033 5643 ‘26
2058 5604 2072 5642 :

2183 4510 2201 4544 t
2240 4493 2542 4549 Meminisse
2601 4505 2653 4551 te
2696 4505 2820 4564 puto
2864 4514 3065 4553 erroris
3107 4497 3312 4565 mutui,
3351 4499 3566 4568 quando
3594 4513 3752 4554 omne

2180 4582 2495 4638 Athenaaum
2524 4583 2965 4641 scholasticorum
2995 4588 3214 4643 vocibus
3257 4590 3562 4643 resonabat.
3604 4608 3624 4640 ι
3680 4587 3751 4644 De

2180 4690 2285 4745 quo
2311 4688 2413 4731 suo
2446 4676 2621 4732 studio
2652 4679 2766 4748 ipse
2794 4682 2902 4750 agit
2934 4683 2985 4735 in
3017 4680 3191 4749 Epist.
3210 4680 3275 4735 ad
3299 4681 3499 4745 Galat.,
3531 4696 3653 4751 cap.
3682 4697 3750 4736 rt:

2188 4783 2206 4815 ι
2232 4766 2526 4835 Aliquoties
2548 4781 2667 4822 cum
2692 4769 3119 4825 adolescentulus
3147 4771 3332 4826 Roma:
3358 4772 3751 4828 controversias

2182 4855 2538 4912 declamarem
2570 4901 2585 4926 ,
2630 4867 2686 4913 et
2729 4859 2794 4913 ad
2840 4876 2963 4915 vera
2997 4862 3292 4916 certamina
3324 4863 3457 4916 lictis
3490 4863 3543 4916 in
3576 4862 3753 4917 litibus

2182 4963 2482 5003 exercerer.
2521 4967 2541 5001 ι

2261 5038 2440 5093 Dictus
2471 5040 2629 5094 etiam
2662 5042 3012 5097 scholasticus
3042 5043 3121 5097 vir
3151 5044 3429 5113 eloquens,
3464 5047 3704 5101 eruditus
3736 5085 3751 5112 .

2188 5130 2291 5185 etsi
2322 5145 2419 5185 nec
2449 5147 2640 5187 causas
2673 5133 2821 5187 ﬁctas
2851 5146 3050 5203 ageret,
3083 5144 3142 5189 ut
3169 5136 3515 5203 declamator,
3547 5154 3647 5191 nec.
3670 5153 3755 5192 ve-

2186 5239 2274 5279 ras
2305 5234 2363 5278 ut
2390 5225 2684 5282 advocatus
2720 5245 2732 5280 :
2766 5229 2887 5283 talis
2934 5228 3129 5285 dicitur
3184 5229 3533 5286 Prudentius.
3574 5228 3751 5285 Wala-

2187 5315 2355 5371 lridus
2379 5316 2596 5385 Strabo,
2629 5319 2701 5374 De
2732 5321 2893 5376 rebus
2923 5319 3093 5386 Eecl.,
3127 5335 3175 5375 c.
3204 5320 3277 5375 25'
3303 5337 3319 5375 :
3348 5339 3368 5374 ι
3386 5322 3584 5389 Quales
3613 5336 3754 5376 coma-

2188 5421 2480 5476 pnsuerunt
2527 5411 2863 5477 Ambrosius,
2898 5413 3148 5475 Hilarius,
3201 5423 3257 5468 et
3288 5414 3431 5469 Beda
3460 5413 3751 5484 Anglorum

2187 5513 2356 5570 pater,
2408 5513 2462 5558 et
2519 5504 2839 5561 Prudentius
2884 5506 3239 5562 scholasticus
3294 5505 3688 5575 Hispaniarum.
3727 5521 3744 5553 I

2184 5589 2511 5661 Sigehcrtus,
2533 5593 3043 5665 inChronieo,anno
3070 5596 3267 5653 Christi
3297 5596 3466 5651 H158:
3495 5616 3516 5649 ι
3546 5596 3751 5652 France
