4014 6368
307 300 404 356 501
523 350 529 359 ,
1017 300 1508 358 θΝοιιΑδτιροΝ
1549 302 1789 360 ΒΕΠῸΜ
1837 303 1922 358 ΕΤ
1964 303 2344 364 γειιιιοιιυιι
2389 309 2922 370 DlFFlCILlORUM.
3486 328 3582 382 509

305 415 665 472 scholasticus
707 414 1082 470 LeoJicnsium
1127 425 1180 471 ct
1223 416 1447 470 scientia
1475 417 1786 484 ,litterarum
1841 424 1894 471 et
1921 416 1970 478 A
1999 431 2102 485 que
2132 419 2446 488 quibusdam
2475 422 2526 476 in
2553 423 2815 480 altissimo
2836 426 2950 482 loco
2974 430 3039 484 ad
3072 433 3376 500 prmsidium
3410 440 3581 494 cccle-

301 521 517 561 morum
572 505 835 574 probitate
887 506 1072 558 claret.
1117 524 1136 557 ι
1199 505 1271 559 lia
1331 507 1493 561 etiam
1550 517 1770 562 vocatur
1826 508 1892 560 ab
1997 511 2368 570 siaibonorem
2394 516 3580 604 colloratis,etsubselliisprzetereaundique

301 597 524 667 Aigidio
547 600 738 651 Aurea:
765 596 941 661 vallis,
969 595 1217 664 religioso
1239 597 1376 651 libro
1405 597 1477 652 De
1495 598 1661 667 gestis
1692 598 1888 653 Pontif.
1995 605 2184 661 ordine
2235 607 2575 682 dispensatis
2609 654 2624 680 ,
2677 612 2872 670 decore
2924 617 3226 687 eximieque
3273 595 3536 680 exornato
3557 667 3575 692 ,

301 689 620 753 Leodiens.,
652 704 771 757 cap.
795 689 844 742 1.
867 689 956 742 Sic
992 687 1276 758 Dionysius
1303 689 1562 760 Exiguus,
1587 690 1752 745 abbas
1784 690 1888 744 iio-
1993 695 2256 767 altarique
2280 699 2508 769 denique
2532 710 2780 771 tanquam
2809 717 2990 761 sancta
3015 721 3322 766 sanctorum
3372 714 3424 768 ξι,
3467 687 3578 771 me.

302 797 520 845 manus,
557 782 818 850 interpres
849 780 983 834 Vita:
1012 779 1285 835 Pacliomii
1317 821 1334 846 ,
1385 781 1438 834 in
1495 781 1624 836 Mss.
1691 781 1888 836 dicitur
1993 787 2082 841 dio
2112 790 2399 844 sanctuarii
2433 793 2642 865 1055
2667 794 2812 851 sito:
2848 797 2946 853 ista
2995 814 3210 856 rursum
3233 843 3250 867 ,
3283 812 3393 858 uta
3426 806 3580 874 plebe

296 875 681 932 scholasticus.
713 873 801 930 Sic
840 873 1005 930 credo
1051 873 1312 944 Serapion
1362 888 1556 944 supra,
1591 878 1731 946 apud
1766 876 1889 931 llie-
1991 888 2045 932 et
2091 880 2427 938 multitudine
2463 899 2527 939 eo
2559 901 2663 940 non
2708 898 2895 956 posset
2935 894 3156 960 accedi,
3198 873 3459 954 cancellis
3510 917 3572 954 ex

294 983 607 1039 ronymum,
643 967 885 1036 catalogo
930 966 1128 1021 illustr.
1162 967 1296 1022 eccl.
1345 969 1560 1037 script.,
1620 983 1740 1039 cap.
1775 969 1843 1024 99
1865 1011 1884 1034 ,
1991 969 2137 1039 ligno
2169 969 2441 1027 fabricatis
2469 975 2842 1033 circumdedit.
2877 998 2896 1032 ι
2933 980 3058 1037 Haec
3086 984 3197 1041 ille.
3578 1017 3585 1044 l

296 1060 656 1118 scholasticus
681 1060 889 1126 dictus;
923 1059 1002 1114 sic
1031 1059 1173 1114 forte
1197 1059 1357 1116 etiam
1380 1061 1656 1132 Eulogius,
1688 1062 1757 1118 de
1781 1078 1885 1134 quo
2059 1064 2197 1118 Ante
2235 1063 2395 1133 igitur
2441 1066 2622 1122 altaris
2670 1071 2939 1126 cancellos
2979 1074 3216 1142 apsidem
3275 1077 3567 1148 respicien-

289 1169 475 1223 οηρη,
1989 1162 2069 1208 tes
2091 1165 2316 1224 apparet
2337 1168 2716 1228 congregatum
2746 1159 2910 1218 fuisse
2934 1165 3221 1220 concilium
3241 1208 3256 1232 ,
3292 1177 3568 1240 totumque

366 1247 666 1301 Sscnsrux
693 1286 708 1312 ,
738 1247 854 1302 sive
887 1246 1291 1302 Sacris-rimati.
1324 1245 1443 1301 Vita
1470 1246 1690 1304 Joannis
1721 1248 1880 1305 Elee-
1984 1261 2278 1318 occupasse
2308 1249 2506 1315 ﬁlocum
2555 1253 2641 1321 qui
2695 1252 2980 1324 interjacet
3027 1256 3164 1312 inter
3194 1261 3465 1317 cancellos
3518 1272 3571 1318 et

287 1339 608 1408 mosynarii,
641 1353 763 1409 cap.
801 1338 836 1391 2
871 1355 882 1390 :
922 1356 939 1388 ι
983 1337 1121 1414 Dicit
1170 1353 1351 1394 coram
1399 1340 1648 1396 omnibus
1685 1339 1751 1394 ad
1783 1355 1879 1396 eos
1983 1341 2248 1408 apsidem,
2283 1341 2371 1398 ubi
2422 1352 2538 1398 erat
2583 1346 2806 1402 thronus
2836 1349 3174 1418 episcopalis,
3215 1354 3305 1422 qui
3352 1355 3566 1424 quidem

286 1431 386 1500 qui
415 1440 569 1486 erant
598 1432 652 1485 in
683 1430 983 1486 honorabili
1002 1439 1233 1487 secreto.
1257 1450 1274 1484 ι
1298 1433 1634 1505 lntelligitur,
1657 1435 1870 1506 opinor,
1983 1433 2034 1487 in
2067 1435 2421 1505 amplioribus
2447 1437 2683 1494 basilicis
2708 1439 2848 1497 haud
2880 1443 3170 1501 mediocris
3199 1445 3494 1503 latitudinis
3516 1460 3570 1504 et

289 1528 440 1580 locus
468 1524 716 1580 ecclesiae
757 1525 845 1594 qui
901 1524 1098 1579 dicitur
1145 1527 1496 1583 secretarium
1527 1573 1541 1599 ,
1574 1528 1642 1584 de
1674 1546 1780 1599 quo
1804 1532 1875 1585 ita
1978 1525 2328 1596 longitudinis
2377 1530 2686 1599 existebat,
2740 1541 2798 1587 et
2851 1534 3068 1603 quidem
3111 1551 3282 1606 capax
3332 1538 3567 1608 cujusvis

283 1621 748 1686 Baronius,tomo
780 1619 866 1686 Vl,
894 1635 1036 1675 anno
1057 1619 1257 1676 Christi
1277 1621 1407 1678 451.
1978 1619 2248 1674 numerosi
2300 1633 2593 1675 consessus
2658 1622 3064 1692 episcoporum.
3128 1626 3385 1699 intelligis
3440 1641 3566 1699 puto

365 1714 521 1782 Quod
544 1714 597 1768 in
621 1713 831 1786 synodo
861 1713 1284 1772 Chalcedonensi
1314 1717 1542 1775 habetur
1569 1733 1688 1775 eam
1721 1720 1843 1778 liabi

1981 1719 2040 1765 et
2092 1726 2162 1765 ex
2206 1710 2496 1782 his”quam
2529 1715 2714 1784 procul
2762 1715 2903 1771 absit
2965 1720 3300 1776 ut'veritatis
3342 1737 3562 1793 scopum

280 1816 396 1861 tam
421 1819 539 1861 ante
567 1784 823 1862 macello:
849 1809 986 1861 sacri
1015 1809 1217 1874 altaria,
1251 1810 1529 1868 Liberatus
1558 1813 1821 1868 Diaconos

1973 1804 2254 1874 attigerint
2275 1806 2370 1874 qui
2396 1807 2464 1862 de
2481 1809 2788 1863 secretariis
2809 1810 2964 1866 aliter
2981 1821 3106 1866 sunt
3133 1814 3332 1882 opinati
3359 1832 3374 1869 :
3401 1784 3564 1872 fuisse

281 1897 338 1952 in
374 1898 1110 1968 Breviculo,capite42,eum
1138 1901 1318 1956 locum
1341 1907 1865 1972 vocaturretarium,
1972 1895 2192 1964 ιιυὶἀεω
2241 1911 2308 1952 ea
2338 1897 2476 1952 Ῐηιΐδ
2520 1899 2788 1968 ερείάειη»
2821 1901 3074 1958 Paulinus
3119 1904 3170 1959 ίη
3219 1906 3440 1974 ερίεῑοιίι
3475 1906 3561 1971 12,

1971 1987 2039 2041 ad
2074 1987 2333 2043 Severum
2387 1988 2527 2044 haud
2557 1989 2786 2046 obscure
2836 1993 3131 2062 significat;
3173 1995 3224 2048 in
3260 1996 3560 2066 iisdemque

1970 2077 2183 2147 disponi
2211 2092 2366 2134 sacra
2391 2094 2518 2135 vasa
2549 2080 2615 2135 ad
2641 2081 3025 2147 ministerium,
3044 2093 3098 2139 et
3117 2099 3301 2139 sacros
3329 2085 3555 2142 Codices

1969 2170 2036 2222 ad
2058 2169 2345 2224 lectionem
2360 2170 2615 2224 ostendit.
2630 2170 2710 2224 Ad
2728 2171 2841 2226 hmc
2854 2173 3014 2226 etiam
3033 2184 3240 2243 spectat
3253 2175 3393 2246 quod
3409 2191 3557 2230 sane

1971 2268 2058 2314 tus
2083 2259 2375 2330 Gregorius
2401 2276 2552 2331 papa,
2587 2263 2679 2316 lib.
2716 2277 2785 2332 ιι,
2815 2263 2974 2334 epist.
3000 2264 3224 2334 54.jure
3247 2268 3556 2337 expostulat

1968 2351 2227 2407 adversus
2272 2351 2536 2409 Joannem
2579 2353 2949 2411 Ravennatem
2994 2357 3327 2428 episcopum,
3365 2377 3384 2411 ‹
3414 2361 3555 2428 quod

1967 2453 2209 2514 tempore
2237 2444 2424 2516 jejunii
2456 2454 2692 2518 gestaret
2713 2448 2936 2518 pallium
2975 2464 3069 2519 per
3099 2450 3303 2520 plateas
3332 2462 3388 2508 et
3419 2453 3554 2520 vias,

1964 2535 2181 2604 quando
2228 2551 2329 2592 nec
2374 2537 2498 2593 licet
2526 2552 2591 2593 eo
2621 2540 2694 2592 uti
2727 2540 2778 2593 in
2804 2544 3119 2608 secretario,
3153 2542 3270 2597 loco
3302 2542 3554 2598 nimirum

1963 2635 2244 2694 consueto,
2273 2627 2363 2682 ubi
2411 2627 2463 2681 in
2495 2642 2596 2682 suo
2644 2629 2839 2684 throno
2862 2629 2914 2685 in
2945 2633 3132 2700 apside
3170 2633 3435 2690 collocato
3469 2650 3556 2690 se-

1963 2716 2093 2772 dere
2123 2717 2327 2772 soleret
2353 2717 2657 2788 episcopus,
2688 2728 2744 2774 et
2785 2735 2906 2774 cum
2953 2735 3018 2776 co
3073 2724 3394 2794 presbyteri,
3440 2725 3554 2779 dia-

1963 2809 2086 2864 coni
2138 2823 2500 2879 nequaquam.
2530 2810 2662 2864 Nam
2712 2809 2829 2866 haec
2871 2811 3032 2868 habet
3078 2827 3250 2868 canon
3307 2817 3548 2871 decimus

1965 2903 2184 2969 quintus
2214 2903 2428 2957 concilii
2464 2903 2798 2958 Arelatensis
2829 2919 2871 2958 ιι
2905 2922 2918 2958 :
2955 2923 2973 2956 ι
3018 2906 3071 2960 ln
3117 2910 3410 2962 secretario
3440 2909 3552 2962 dia-

1961 3007 2126 3048 conos
2172 2993 2312 3048 inter
2341 2994 2693 3066 presbyteros
2721 2996 2910 3052 sedere
2949 3011 3054 3050 non
3088 2999 3263 3052 liceat.
3304 3018 3324 3049 ι
3360 2999 3550 3054 [laete-

1967 3095 2120 3140 tenus
2149 3087 2431 3142 Baronius.

276 1990 372 2044 ubi
402 1991 477 2045 ait
510 2007 523 2044 :
555 2008 575 2044 ι
614 1989 926 2050 Adveniens
978 1991 1279 2048 Marcianus
1326 1993 1625 2063 imperator
1668 1996 1734 2050 ad
1780 2011 1865 2051 se-

277 2085 566 2138 cretarium
599 2098 720 2138 cum
759 2083 1028 2153 judicibus
1053 2093 1107 2139 et
1132 2099 1289 2141 sacro
1312 2096 1501 2142 senatu
1529 2129 1546 2155 ,
1579 2089 1864 2145 allocutio-

279 2174 368 2228 nis
399 2175 556 2229 verba
588 2174 713 2230 fecit
753 2176 806 2229 in
837 2177 1088 2242 concilio,
1116 2187 1219 2232 etc.
1244 2197 1263 2230 ι
1309 2177 1474 2248 Cujus
1505 2181 1581 2234 rei
1613 2195 1777 2236 causa
1833 2195 1866 2237 e

272 2265 404 2321 ioco
429 2275 704 2321 mutuatus
733 2267 846 2335 ipse
871 2281 1090 2334 nomen,
1108 2267 1342 2338 singulas
1364 2272 1636 2327 sessiones
1664 2273 1862 2329 ibidem

277 2357 489 2413 habitas
549 2359 839 2414 secretaria
888 2360 1199 2416 nominavit.
1233 2361 1394 2417 Moris
1422 2379 1649 2432 namque
1679 2363 1779 2420 fuit
1807 2374 1865 2421 ut

274 2451 329 2505 in
377 2451 717 2507 basilicarum
748 2453 1048 2508 secretariis
1077 2454 1303 2508 concilia
1343 2455 1720 2525 episcoporum
1753 2470 1858 2512 ce-

274 2540 638 2597 lebrarentur.
672 2542 850 2598 Habes
878 2543 946 2598 de
975 2543 1058 2598 his
1094 2543 1234 2598 inter
1271 2545 1370 2599 alia
1421 2547 1569 2615 plura
1601 2549 1858 2616 exi-inpia

272 2632 522 2687 ecclesia:
563 2631 830 2688 Africanae
857 2673 872 2698 ,
906 2633 996 2687 ubi
1041 2634 1269 2688 concilia
1315 2634 1757 2706 Carthaginensia
1804 2639 1859 2694 in

271 2725 579 2780 secretariis
609 2724 877 2782 celebrata
903 2739 1024 2781 esse
1054 2727 1312 2795 reperies,
1347 2742 1444 2782 nec
1475 2743 1577 2782 non
1605 2728 1860 2785 Romana:

268 2819 372 2874 sub
401 2819 648 2884 Martino,
675 2829 730 2873 et
749 2819 975 2873 aliarum
1007 2820 1386 2874 ecclesiarum.

342 2908 450 2963 Sed
482 2911 724 2978 quisnam
754 2909 904 2964 locus
931 2919 1048 2963 ante
1072 2909 1360 2976 cancellos,
1392 2927 1549 2980 quem
1579 2911 1858 2968 Liberatus

265 3002 512 3056 nominat
558 3004 942 3058 secretarium?
982 3003 1100 3058 Non
1155 3005 1316 3058 alium
1359 3005 1572 3075 quidem
1610 3018 1858 3076 putamus

263 3109 435 3162 quam
467 3108 589 3149 eum
618 3097 706 3164 qui
737 3097 803 3150 ab
835 3095 1069 3164 Evagrio
1098 3130 1122 3162 ,η
1145 3096 1241 3150 lib.
1271 3111 1310 3150 ιι
1338 3137 1352 3163 ,
1380 3111 1504 3166 cap.
1537 3097 1570 3148 5
1599 3138 1616 3163 ,
1648 3097 1852 3153 descri‘.

262 3183 433 3239 bente
463 3162 646 3253 ipsum
671 3197 868 3240 sancta:
892 3162 1206 3255 Eupliemiac
1235 3162 1490 3256 templum
1515 3162 1855 3243 itaidelinea-
1881 3162 1926 3222 Ο
2033 3180 2217 3234 Bittius
2247 3195 2480 3251 quoque.
2513 3182 2579 3236 ad
2618 3183 2792 3239 tomJ
2839 3185 3071 3251 Concil.,
3106 3201 3224 3257 pag.
3258 3186 3399 3253 9.9-1,
3429 3187 3545 3243 haec

258 3286 356 3331 tur
387 3293 402 3331 :
443 3294 462 3328 ι
497 3278 576 3332 Ad
609 3278 760 3347 cujus
783 3279 924 3333 latus
944 3294 1130 3335 versus
1161 3280 1485 3350 Aquilonum
1514 3290 1596 3336 est
1626 3282 1851 3337 alterum

261 3369 549 3424 mdiﬁcium
578 3370 743 3439 (quod
774 3379 933 3424 vocat
963 3371 1172 3425 tertiam
1207 3372 1390 3442 templi
1436 3382 1638 3442 partem
1661 3416 1675 3440 ,
1707 3388 1854 3429 eam-

267 3476 378 3529 que
405 3461 670 3530 intimam)
703 3462 841 3531 quod
870 3471 1078 3532 spectat
1104 3464 1170 3518 ad
1194 3466 1325 3518 soiis
1346 3474 1546 3532 ortum,
1570 3466 1852 3536 ipsumque

265 3551 338 3604 ad
373 3551 597 3604 formam
645 3551 977 3608 testitudinis
1003 3593 1022 3619 ,
1055 3555 1319 3610 columnis
1360 3555 1514 3610 valde
1561 3557 1851 3612 artificiose

265 3641 561 3696 fabricatis.
599 3661 618 3692 ι
656 3642 720 3696 Et
748 3645 904 3711 paulo
938 3654 1056 3713 post
1090 3660 1103 3697 :
1142 3661 1162 3695 ι
1202 3645 1341 3698 Intra
1383 3645 1751 3701 testitudinem
1782 3648 1848 3701 ad

257 3735 539 3789 Orientem
565 3745 648 3790 est
670 3735 961 3790 sacrarium
996 3736 1192 3792 decore
1220 3746 1585 3792 constructum
1611 3777 1627 3804 ,
1659 3739 1711 3793 in
1742 3754 1848 3809 quo

255 3827 613 3879 sanctissima:
642 3827 895 3896 martyris
924 3827 1160 3896 reliquiae
1197 3829 1249 3882 in
1300 3843 1457 3897 capsa
1507 3829 1644 3886 bene
1689 3831 1846 3902 longa

255 3918 532 3984 repositae,
568 3934 587 3969 ι
623 3927 726 3972 etc.
761 3918 1014 3972 Nominat
1050 3917 1310 3987 Evagrius
1341 3920 1672 3985 sacrarium,
1703 3924 1845 3989 quod

258 4010 542 4064 Liberatus
569 4011 962 4075 sanctuarium;
979 4011 1257 4080 utriusque
1276 4026 1505 4080 namque
1528 4013 1672 4067 vocis
1699 4027 1846 4066 eam-

244 4101 379 4154 dem
415 4100 859 4168 signiﬁcationem
889 4116 1050 4168 esse,
1104 4101 1264 4156 docet
1306 4117 1479 4157 canon
1520 4104 1583 4157 :21
1633 4105 1843 4160 concilii

253 4195 545 4249 Laodicen.
572 4194 757 4264 prima:
787 4194 1038 4249 editionis
1065 4193 1243 4249 verbis
1269 4194 1386 4248 istis
1415 4211 1429 4248 :
1465 4213 1482 4246 ι
1520 4195 1633 4249 Non
1683 4210 1844 4266 opor-

258 4295 334 4338 tet
366 4285 725 4340 subdiacnnos
757 4286 1025 4340 licentiam
1049 4285 1248 4340 habere
1278 4285 1332 4340 in
1360 4287 1706 4342 secretarium
1747 4302 1843 4343 seu

253 4380 570 4447 sacrarium,
605 4379 747 4449 quod
771 4377 944 4433 Graeci
971 4377 1272 4432 diaconium
1304 4377 1592 4447 appellant,
1635 4378 1840 4448 ingredi

253 4483 313 4529 et
340 4474 653 4542 contingere
683 4487 809 4528 vasa
844 4472 1168 4526 Dominica.»
1198 4469 1266 4525 Et
1294 4472 1399 4528 alio
1426 4472 1673 4542 ejusdem
1703 4489 1834 4529 con-

250 4563 361 4618 cilii
385 4578 593 4617 canone
622 4561 688 4615 57
719 4560 902 4630 prima:
926 4561 1180 4615 editionis
1206 4577 1218 4613 :
1244 4579 1264 4612 ι
1293 4561 1441 4627 Quod
1465 4577 1570 4617 non
1589 4572 1835 4632 oporteat

261 4654 608 4725 presbyteros
638 4665 761 4707 ante
789 4655 1189 4722 processionem
1233 4654 1469 4722 episcopi
1514 4654 1735 4710 introire
1757 4672 1836 4709 sa-

249 4745 512 4810 crarium,
539 4752 595 4798 et
624 4743 834 4798 sedere.
882 4762 898 4794 ι
935 4741 1124 4798 Graece
1154 4741 1314 4796 etiam
1339 4743 1603 4797 invenitur
1633 4759 1835 4798 nuncu-

245 4844 428 4904 patum
461 4834 894 4909 ἱερατεῐον,(ιιιοι1
909 4843 993 4889 est
1018 4834 1323 4901 sacrarium,
1353 4834 1466 4890 sive
1494 4836 1660 4910 βῆμα,
1693 4836 1833 4906 quod

248 4943 360 4999 prce
391 4930 604 4984 caeteris
631 4928 875 4983 ecclesiae
906 4927 1035 4981 locis
1063 4927 1318 4983 emineat.

323 5030 430 5086 Sed
461 5029 730 5100 quomodo
759 5028 867 5083 dici
899 5037 1075 5098 potest
1105 5037 1228 5083 ante
1259 5010 1530 5082 cancellos
1559 5027 1721 5082 fuisse
1746 5042 1832 5082 se-

245 5122 554 5189 cretarium,
589 5122 705 5176 sive
736 5120 1078 5176 sacrarium?
1114 5119 1423 5176 Meminisse
1452 5121 1615 5175 debes
1665 5121 1828 5190 (quod

247 5226 301 5271 et
336 5217 386 5269 in
417 5216 650 5286 antiquis
682 5214 918 5270 basilicis
951 5213 1210 5282 cernitur)
1258 5214 1399 5268 inter
1442 5214 1685 5269 ecclesiae
1712 5230 1831 5284 gre-

243 5310 413 5362 mium
444 5319 499 5363 et
524 5308 763 5378 apsidem
791 5349 804 5372 ,
835 5307 927 5362 ubi
959 5308 1117 5362 sedes
1141 5308 1382 5377 episcopi
1407 5308 1570 5363 locari
1601 5310 1826 5377 solebat,

246 5415 367 5455 esse
397 5401 763 5455 sanctuarium
797 5401 1138 5464 collocatum,
1197 5399 1341 5469 quod
1395 5400 1610 5470 quidem
1661 5400 1830 5455 altare

239 5500 362 5546 erat
390 5491 704 5561 primarium
744 5490 797 5546 in
829 5491 1009 5546 medio
1056 5490 1260 5557 situm,
1317 5490 1551 5561 undique
1598 5492 1828 5547 circum-

235 5586 382 5646 circa
426 5584 678 5640 cancellis
718 5593 952 5654 septum.
1001 5583 1324 5639 Describitur
1343 5582 1472 5653 'ejus
1504 5583 1675 5639 forma
1707 5598 1829 5655 gra-

240 5675 400 5745 pbice
429 5690 558 5731 sane
589 5676 656 5732 ab
683 5675 936 5747 Eusebio,
989 5675 1078 5730 lib.
1129 5691 1182 5742 x,
1212 5689 1332 5744 cap.
1366 5675 1424 5739 4,
1450 5675 1629 5732 verbis
1658 5676 1776 5732 istis
1808 5694 1822 5731 :

241 5784 262 5818 ι
306 5764 621 5824 Sanctuario
653 5766 754 5826 hoc
781 5766 943 5823 modo
969 5765 1215 5823 absoluto
1240 5775 1293 5823 et
1332 5765 1595 5837 perfecto,
1631 5767 1822 5852 cellis-

1961 3279 2112 3326 notat
2145 3289 2158 3326 :
2192 3272 2332 3328 Loca
2364 3275 2608 3332 ecclesia:
2637 3277 2773 3345 apud
2811 3277 3049 3345 apsidem
3081 3281 3272 3347 posita,
3307 3295 3427 3350 quae
3457 3281 3544 3336 hic

1957 3375 2011 3419 et
2061 3380 2088 3417 a
2146 3365 2390 3430 Paulino,
2443 3367 2600 3436 epist.
2665 3366 2751 3433 12,
2813 3369 3099 3424 secretaria
3156 3373 3543 3435 nominantur,

1955 3457 2145 3511 eadem
2175 3473 2208 3510 a
2243 3458 2446 3524 Clem.,
2492 3458 2585 3516 lib.
2619 3477 2654 3515 ιι
2685 3460 2896 3528 Const.,
2927 3477 3046 3532 cap.
3079 3463 3148 3517 (52
3179 3467 3542 3535 pastophoria,

1957 3547 2009 3602 id
2039 3558 2140 3616 est,
2158 3560 2213 3603 ut
2245 3550 2475 3619 explicat
2491 3551 2638 3628 Hier.
2658 3553 2709 3606 in
2730 3553 2925 3608 Ezecli.
2943 3569 3072 3619 nn,
3089 3556 3193 3610 duo
3210 3557 3423 3611 thalami
3448 3573 3542 3612 seu

1954 3639 2214 3695 interiora
2247 3643 2495 3698 cubicula
2527 3644 3004 3712 appellantur.Ubi
3043 3644 3176 3700 dicit
3205 3647 3259 3700 in
3294 3647 3542 3702 omnibus

1954 3733 2204 3787 ecclesiis
2247 3735 2353 3788 duo
2395 3735 2735 3804 pastophoria
2762 3735 2936 3791 extrui
2969 3739 3338 3803 consuevisse,
3369 3753 3541 3808 eaque

1956 3824 2085 3880 binc
2115 3826 2238 3880 inde
2267 3827 2405 3894 apud
2452 3828 2690 3894 apsidem
2733 3827 2904 3896 posita
2951 3828 3137 3892 fuisse,
3170 3830 3361 3883 asserit
3402 3846 3539 3899 pra:-

1952 3913 2101 3968 dicto
2130 3917 2250 3970 loco
2296 3917 2570 3970 Paulinus.
2606 3916 2843 3982 Quorum
2897 3918 3016 3986 quis
3043 3930 3188 3974 esset
3234 3933 3382 3987 usus,
3430 3919 3538 3974 duo

1951 4005 2065 4058 haec
2091 4005 2317 4061 disticha
2344 4007 2411 4059 ab
2433 4007 2624 4061 eodem
2643 4007 2872 4076 desuper
2895 4007 3143 4078 inscripta
3167 4009 3466 4065 declarant.
3490 4016 3531 4066 Α

1947 4098 2133 4153 dextra
2155 4099 2354 4168 apsidis
2380 4117 2394 4155 :

2041 4190 2291 4258 Hic_locus
2312 4199 2392 4242 est
2424 4191 2705 4258 veneranda
2733 4205 2906 4255 penus,
2927 4205 3022 4258 qua
3047 4193 3285 4257 conditur,
3307 4202 3354 4245 et
3379 4208 3473 4258 qua

2133 4254 2382 4304 Proznitur
2408 4252 2533 4303 alma
2555 4257 2681 4303 sacri
2709 4252 2880 4317 p—ompa
2895 4252 3184 4305 ministerii.

1946 4335 1986 4388 A
2016 4334 2228 4388 sinistra
2258 4335 2497 4404 ejusdem
2525 4353 2540 4390 :

2038 4428 2086 4474 Si
2113 4441 2258 4489 quem
2287 4433 2452 4475 sancta
2480 4433 2619 4475 tenet
2641 4425 2904 4476 meditandi
2932 4428 2978 4476 in
3003 4427 3120 4488 lege
3145 4427 3365 4477 voluntas

2039 4489 2132 4537 llic
2159 4493 2339 4550 poterit
2365 4489 2592 4538 residens
2615 4491 2767 4538 sacris
2793 4490 3054 4539 intendere
3078 4491 3235 4537 libris.

1944 4571 2210 4624 Hactenus
2236 4570 2438 4623 Bittius.

2015 4661 2141 4714 Erat
2177 4658 2536 4714 secretarium
2584 4658 2721 4713 intra
2768 4658 2964 4723 velum,
3021 4667 3076 4713 et
3125 4658 3324 4712 dictum
3363 4660 3524 4715 etiam

1943 4751 2210 4818 reperitur
2269 4750 2614 4804 diaconicum.
2672 4748 3060 4810 Nazianzenus,
3089 4758 3228 4802 orat.
3259 4747 3351 4813 20,
3408 4765 3527 4819 qua

1937 4850 2021 4896 est
2051 4842 2102 4895 in
2133 4840 2348 4895 laudem
2381 4839 2562 4894 Basdii
2607 4841 2804 4910 Magni,
2837 4841 2904 4896 de
2937 4839 3155 4893 Valente
3188 4840 3442 4894 Basilium
3471 4842 3526 4896 in

1943 4933 2179 4988 sacrario
2195 4934 2596 4989 conveniente:
2628 4935 2714 4988 ἐὰν
2761 4932 2883 4988 εἵσω
2909 4938 2999 4987 τοῦ
3046 4935 3526 5004 παραπετάσματος

1940 5027 2119 5083 ἑαυτὸν
2160 5029 2430 5085 ἐποιήσατο
2479 5042 2493 5079 :
2540 5045 2560 5078 ε
2607 5040 2731 5080 cum
2772 5027 2905 5081 intra
2948 5025 3123 5079 velum
3163 5025 3449 5082 extitisset.
3499 5045 3518 5078 ι

1943 5119 2041 5175 Ubi
2103 5119 2318 5176 Nicetes
2362 5122 2746 5197 παραπέτασμα
2796 5119 3178 5188 interpretatur
3226 5119 3521 5176 διακονικὸν.

1940 5216 2288 5270 Diacunicum
2339 5225 2519 5270 autem
2571 5214 2873 5284 significare
2918 5214 3230 5281 sacrarium,
3267 5223 3411 5284 patet
3456 5231 3520 5270 ex

1941 5321 2149 5364 canone
2203 5307 2270 5362 21
2304 5303 2525 5362 concilii
2571 5307 2948 5374 Laodicensis;
3001 5289 3089 5362 ubi
3111 5309 3164 5362 in
3204 5308 3390 5364 Gnaeo
3439 5321 3524 5365 est

1934 5400 2249 5468 διακονικὸν,
2307 5402 2570 5471 interpres
2617 5411 2772 5456 vetus
2821 5401 2983 5456 habet
3028 5403 3370 5456 secretarium.
3421 5402 3521 5458 Ca-
3553 5389 3582 5486 ξ,

1941 5509 2082 5548 none
2112 5493 2180 5546 5t}
2209 5493 2405 5548 concili
2439 5493 2748 5559 Laodiceni,
2793 5492 2882 5548 ubi
2916 5496 2966 5548 in
2999 5494 3188 5549 Graeco
3217 5503 3426 5551 vetetur
3451 5509 3520 5550 ne
3596 5492 3599 5495 ’

1938 5585 2240 5655 presbyteri
2289 5592 2415 5639 ante
2469 5583 2768 5653 ingressum
2800 5585 3040 5654 episcopi
3073 5585 3292 5640 sedeant
3347 5587 3394 5638 ἐν
3445 5593 3515 5652 τῷ

1929 5677 2148 5748 βήματι,
2174 5682 2328 5731 vetus
2351 5674 2618 5744 interpres
2648 5674 2805 5729 liabet
2827 5675 2876 5727 in
2905 5674 3148 5729 sacrario.
3182 5673 3362 5729 Codex
3407 5673 3512 5725 Ca-

1937 5783 2133 5821 nonum
2187 5765 2424 5822 African.
2461 5764 2770 5832 Grtecolat.,
2805 5766 2856 5820 in
2889 5766 3114 5837 Hippon.
3163 5764 3390 5818 concilio
3416 5780 3504 5819 an.
