4014 6368
469 201 572 260 ε·κῦ

1143 195 1622 257 ONOMASTICON
1662 196 1703 250 Il
1716 196 1751 250 E
1763 196 1801 251 Ii
1812 196 1847 249 Ii
1860 195 1903 250 Μ
1949 196 2035 250 ET

2175 189 2458 248 ιιῐιυιιωι
2503 181 3030 244 DlFFlCILIURUM.

3622 186 3729 242 εει

463 290 608 347 593:
644 300 705 344 Ev
728 290 938 342 ’ἱππῶνι
969 281 1139 356 Ῥισγίῳ
1180 285 1252 343 αἱς
1276 283 1335 338 τὸ
1380 284 1627 356 σῆκρητον
1652 293 1744 339 τῆς
1788 278 2052 355 ἐκκλησίας

2171 278 2297 348 apud
2320 281 2655 349 Septimium,
2688 301 2706 332 ι
2734 280 2872 349 quod
2897 279 3183 350 aliquoties
3204 275 3278 334 ibi
3296 276 3552 333 occurrit.
3571 276 3739 347 Lege,

462 386 630 444 πάκης
656 398 670 436 :
692 400 710 434 ι
733 382 973 449 Hippone
990 376 1179 447 Regio,
1195 377 1248 430 in
1274 374 1566 430 secretario
1587 373 1820 428 basilicae
1834 373 1998 443 pacis.
2023 390 2041 424 ι

464 474 763 533 Concilium
818 467 1241 539 Carthaginense
1291 465 1512 521 nomine
1562 464 1800 527 tertium,
1861 463 2051 517 ordine

467 565 725 635 temporis
752 561 891 617 inter
937 576 999 616 ea
1029 574 1146 628 quae
1174 566 1296 627 post
1342 555 1612 610 Nicmnum
1646 561 1878 618 exstant,
1926 567 2051 608 vere

470 655 817 713 secundum:
867 670 886 703 ι
942 651 995 704 in
1055 647 1346 704 secretario
1414 644 1648 699 basilica:
1707 640 2045 699 restitutae.»

472 747 607 803 Vide
656 746 779 801 dist.
823 741 916 812 εδ,
951 742 1073 797 Νοη
1119 748 1347 811 oportet;
1378 745 1432 793 et
1481 738 1534 792 in
1567 735 1780 807 ,concil.
1834 734 2051 804 Agath.,

471 853 594 903 cap.
627 836 752 893 166.

544 927 849 998 Aliquando
871 923 1129 994 accipitur
1153 920 1506 977 secretarium
1538 932 1636 988 pro
1666 918 1779 987 ipsa
1810 917 2055 972 sessione

478 1031 533 1075 ct
560 1028 850 1076 conventu.
884 1016 1037 1071 Unde
1077 1017 1216 1068 inter
1242 1010 1497 1082 epistolas
1521 1009 1776 1065 Bonifacii
1815 1008 2053 1077 archiep.

475 1111 765 1183 Moguntiui
812 1109 946 1173 I55,
990 1115 1201 1160 venturo
1256 1104 1563 1167 secretario;
1615 1102 1744 1156 item
1799 1101 2056 1170 prwterito

474 1203 761 1261 secretario.
802 1200 876 1253 Ex
908 1199 1024 1268 ipso
1054 1196 1303 1252 videlicet
1331 1194 1469 1259 loco,
1501 1203 1794 1247 conventus
1838 1204 2032 1245 nomen

476 1295 703 1365 accepit.

546 1386 701 1457 Apud
728 1387 1105 1455 Augustinum,
1132 1393 1285 1435 conc.
1317 1378 1378 1443 2,
1399 1377 1528 1446 psal.
1574 1389 1754 1442 xxxiv,
1786 1372 2058 1427 secretaria

475 1479 652 1534 mentis
680 1477 866 1534 habes.

542 1574 746 1626 SEIINA
788 1581 1083 1625 vmruwu.
1128 1564 1249 1619 Vita
1304 1561 1476 1617 sancti
1519 1559 1736 1614 Antonii
1779 1572 1899 1626 cap.
1944 1556 2055 1610 I5:

2153 371 2457 442 Septimum.
2485 372 2681 427 Ibidem
2706 373 2803 428 fuit
2830 374 3089 443 templum
3115 374 3282 427 sancti
3311 372 3536 447 Joannis
3559 371 3743 439 Bapti-

2151 472 2269 528 stm,
2319 463 2459 517 unde
2488 463 2827 535 subjungitut‘
2860 481 2873 517 :
2906 464 2927 516 ι
2975 462 3317 519 Denuntiatio
3365 477 3494 516 vero
3524 462 3743 529 tyranni

2153 555 2205 610 in
2230 555 2428 623 templo
2456 555 2625 609 sancti
2659 554 2878 609 Joannis
2905 554 3155 623 Baptista:
3182 552 3368 608 effe-cla
3395 561 3499 606 est.
3539 571 3558 603 ι
3587 552 3743 615 Quod

2152 656 2208 702 et
2233 662 2354 701 mox
2395 646 2483 701 hic
2520 647 2708 702 babes.
2744 646 2921 700 Variae
2968 645 3113 700 urbis
3141 655 3199 700 et
3240 646 3619 699 suburbiorum
3654 657 3743 695 re-

2154 738 2339 807 giones
2366 745 2541 806 erant,
2575 738 2806 792 maxime
2860 736 3359 804 Constantinopoli,
3410 745 3466 789 et
3510 734 3749 788 Alexan-

2156 829 2306 894 drim,
2340 845 2460 897 qum
2481 839 2630 885 certo
2658 844 2884 885 numero
2914 829 3405 899 distinguebantur.
3431 827 3523 881 Sic
3554 827 3607 879 in
3639 825 3748 879 Me-

2162 921 2295 975 nmis
2318 920 2731 986 Grmcorumﬂﬁ
2751 921 2972 991 Aprilis,
3005 921 3340 991 martyrium.
3364 934 3459 974 seu
3484 917 3747 985 templum

2159 1014 2330 1067 sancti
2360 1013 2572 1084 Georgii
2603 1013 2991 1083 'I‘roptcOphori
3037 1028 3160 1068 esse
3204 1013 3398 1067 dicitur
3441 1013 3585 1081 ἐντῷ
3634 1010 3751 1065 6m-

2158 1107 2312 1180 τέρῳ,
2337 1106 2389 1159 in
2410 1106 2649 1160 secundo.
2675 1107 2727 1159 In
2754 1106 2942 1160 iisdem
2963 1105 3025 1160 I8
3048 1105 3323 1173 Septemb.
3344 1103 3653 1158 celebratur
3674 1101 3755 1156 fe-

2158 1210 2301 1254 stum
2333 1210 2626 1269 martyrum
2657 1200 3043 1267 Charalampys
3064 1239 3078 1262 ,
3122 1196 3463 1252 Pantaleonis
3488 1237 3503 1260 ,
3556 1204 3614 1250 et
3661 1211 3752 1249 so-

2161 1288 2385 1351 ciorum,
2409 1292 2460 1342 ὲν
2488 1297 2561 1361 τῷ
2590 1292 2855 1367 μαρτυρίᾳ)
2881 1291 3045 1344 αὐτῶν
3072 1296 3145 1361 τῷ
3172 1285 3277 1343 ὄντι
3303 1288 3353 1343 ἓν
3380 1296 3453 1358 τῷ
3483 1286 3709 1361 δευτέρῳ
3735 1303 3750 1340 :

2160 1380 2215 1432 in
2246 1380 2478 1446 ecclesia,
2509 1396 2626 1450 qua:
2653 1391 2726 1434 est
2755 1382 2806 1434 in
2847 1381 3092 1434 secundo.
3126 1378 3306 1435 Codex
3339 1378 3473 1434 Can.
3506 1378 3750 1433 African.

2161 1472 2469 1537 Grmcolat.,
2497 1475 2548 1527 in
2570 1473 2737 1527 Cone.
2768 1472 3044 1543 Carthag.,
3078 1486 3221 1527 anno
3247 1470 3355 1527 404
3386 1487 3399 1524 :
3433 1473 3516 1526 ἐν
3540 1485 3753 1546 Καρχη-

2163 1564 2272 1620 δόνι
2300 1568 2371 1626 εἰς
2396 1571 2487 1625 τὴν
2527 1567 2793 1625 ἐκκλησίαν
2840 1574 2934 1627 τῆς
2981 1567 3244 1639 βασιλικῆς
3274 1563 3550 1621 σεκοῦνδου
3581 1581 3597 1619 :
3628 1566 3757 1617 Car-

481 1690 499 1723 ι
530 1669 698 1739 IIujus
726 1666 908 1737 operis
937 1661 1145 1719 homini
1179 1661 1380 1714 inserta
1422 1666 1609 1711 natura
1636 1662 1739 1711 est.
1765 1673 1784 1707 ›
1820 1655 1909 1709 Sic
1938 1653 2055 1724 plc-
2088 1668 2133 1727 Β
2167 1657 2375 1729 thagine
2401 1659 2453 1712 in
2470 1658 2683 1712 basilica
2736 1659 2956 1727 regionis
2985 1660 3241 1712 secundae.
3281 1658 3412 1711 Item
3460 1657 3513 1711 in
3545 1655 3755 1710 Concii.

476 1763 629 1831 rique
676 1758 862 1812 Patres
892 1755 1154 1809 virtutum
1201 1751 1405 1806 semina
1455 1747 1659 1803 homini
1710 1747 1893 1801 innata
1938 1759 2060 1800 esse

474 1862 534 1908 ct.
576 1852 735 1908 insita
776 1848 1038 1905 scribunt.
1086 1846 1215 1913 Quae
1272 1842 1542 1914 quomodo
1583 1840 1688 1894 dici
1728 1840 1935 1910 possint
1980 1838 2061 1894 in-

471 1943 606 2012 sita,
659 1940 783 1996 vide
828 1936 1242 1999 Bellarmiuum,
1296 1942 1426 1987 tom.
1475 1929 1541 1985 IV
1571 1931 1622 1984 in
1662 1928 1920 1984 Controv.
1970 1943 2062 1997 ge-

474 2053 594 2092 uer.
643 2034 720 2090 De
749 2031 1088 2104 reparatione
1130 2029 1337 2100 gratiae,
1366 2033 1612 2081 controv.
1646 2024 1674 2079 I
1706 2022 1877 2093 princ.
1900 2065 1915 2091 ,
1963 2022 2059 2077 lib.

472 2147 529 2196 v,
558 2144 677 2198 cap.
709 2127 800 2192 12,
823 2140 939 2196 arg.
974 2125 1027 2178 7.

550 2222 961 2275 SEPTIIANABH.
998 2214 1114 2269 Vita
1168 2213 1504 2283 Euphras'tae,
1547 2224 1645 2265 seu
1696 2208 2017 2278 Euphraxire
2045 2248 2061 2274 ,

476 2331 596 2383 (ουρ.
618 2312 689 2366 22
714 2330 727 2365 :
763 2330 781 2364 ‹
810 2310 919 2367 Nisi
944 2308 1214 2378 collegero
1237 2306 1401 2375 ligna,
1424 2312 1479 2360 et
1499 2301 1853 2373 septimanam
1881 2315 2054 2355 meam

478 2404 849 2475 cornplcvero,
893 2416 1000 2457 non
1033 2397 1344 2455 ascendam.
1375 2413 1396 2448 ι
1428 2395 1519 2450 Sic
1564 2395 1616 2447 in
1663 2392 1843 2461 regula
1892 2391 2063 2445 sancti

480 2495 750 2551 Benedicti
780 2512 796 2547 ε
831 2511 851 2546 ι
886 2490 1080 2561 Egredi
1120 2488 1188 2545 de
1216 2488 1537 2556 septimana,
1566 2503 1586 2537 ι
1617 2483 1757 2554 quod
1788 2492 1870 2537 est
1896 2481 2063 2551 septi-

480 2600 691 2641 manam
713 2582 1003 2653 complere,
1037 2589 1094 2635 et
1129 2577 1497 2648 septimonarii
1548 2588 1739 2629 manus
1768 2572 2059 2642 deponere.

481 2678 817 2742 Benedictus,
840 2691 954 2747 reg.
972 2672 1042 2727 35
1067 2692 1079 2727 :
1104 2692 1121 2725 ‹
1147 2673 1475 2742 Egressurus
1504 2668 1573 2723 dc
1594 2667 1914 2736 septimana,
1940 2664 2067 2719 sab-

476 2774 602 2827 hato
630 2767 917 2826 munditias
946 2763 1129 2821 faciat.
1166 2780 1188 2815 ι
1218 2762 1351 2817 Item
1379 2778 1392 2814 :
1426 2779 1447 2813 ι
1489 2759 1843 2829 Egredientes
1883 2764 2063 2809 autem

486 2864 553 2917 de
580 2860 902 2932 septimana,
936 2856 1119 2911 dicant
1149 2853 1292 2909 bunc
1316 2864 1529 2907 versum
1567 2866 1581 2903 :
1624 2847 1942 2902 Benedictus
1963 2857 2022 2899 es
2051 2882 2066 2909 ,

484 2956 729 3012 nomine.
760 2973 779 3006 ι
815 2949 1174 3020 Hildegardis,
1198 2948 1250 3001 in
1279 2945 1530 3017 explicat.
1561 2943 1750 3013 Regul.
1784 2959 1798 2995 :
1829 2958 1847 2991 ι
1874 2940 2068 3009 Egres-

2162 1750 2439 1819 Carthag.,
2470 1764 2614 1803 anno
2651 1748 2756 1804 407
2787 1766 2800 1802 :
2829 1750 2909 1804 Ἐν
2938 1748 3227 1824 Καρχηδόνι
3268 1753 3342 1808 εἰς
3369 1753 3460 1808 τήν
3491 1747 3758 1804 ἐκκλησίαν

2167 1849 2265 1900 τοῦ
2308 1841 2548 1919 δευτέρου
2587 1843 2827 1914 κλίματος
2862 1860 2874 1894 ;
2908 1842 3218 1913 Carthagine
3254 1844 3307 1895 in
3348 1842 3565 1895 basilica
3590 1842 3758 1910 regio-

2163 1936 2243 1988 nis
2262 1935 2521 1988 secundm.
2546 1936 2782 1998 Sozom.,
2811 1935 2847 1988 Ι.
2871 1950 2963 2003 vit,
2990 1950 3043 1989 c.
3067 1935 3137 1989 Ἃ
3164 1950 3177 1986 :
3204 1928 3413 2005 Λέγεται
3432 1931 3489 1987 δέ
3517 1933 3635 1987 τότε
3666 1940 3759 1991 τῆς

2163 2028 2725 2089 ’κονσταντινουπὸλιως
2754 2026 2976 2101 ἐκδημῶν
3001 2028 3128 2103 πρὸς
3149 2033 3224 2098 τῷ
3240 2025 3477 2099 Ἑϐδόμῳ
3492 2026 3607 2099 μῆλ’
3634 2025 3758 2095 (sic)

2161 2117 2447 2191 γενόμενος,
2474 2119 2858 2195 προσεύξασθαι
2883 2126 2956 2189 τῷ
2986 2126 3094 2187 Θεῷ
3127 2119 3174 2170 ἐν
3194 2126 3258 2189 τῇ
3301 2114 3470 2170 ἐνθάδε
3497 2115 3756 2188 inludo}.

2165 2217 2224 2275 ἣν
2244 2219 2327 2271 ἐπὶ
2346 2225 2469 2291 τιμῇ
2489 2218 2717 2271 Ἰωάννου
2744 2222 2838 2272 τοῦ
2868 2221 3159 2271 Βαπτιστοῦ
3185 2212 3418 2284 ἐδείματο
3450 2230 3464 2264 :
3502 2228 3523 2263 ε
3568 2210 3758 2265 Fertur

2167 2317 2345 2361 autem
2369 2309 2510 2376 quod
2550 2323 2670 2361 cum
2716 2321 2967 2375 egressus
2997 2304 3461 2373 Constantinopoli
3495 2304 3563 2357 ad
3593 2304 3758 2372 septi-

2168 2414 2314 2453 mum
2342 2399 2569 2453 milliare
2596 2399 2949 2467 pervenisset,
2973 2396 3186 2469 1056
3208 2397 3315 2450 Deo
3347 2409 3538 2464 preces
3566 2388 3758 2450 nuncu-

2170 2492 2309 2558 parit
2335 2491 2385 2543 in
2412 2489 2639 2544 ecclesia
2665 2490 2750 2544 illa
2781 2505 2941 2559 quam
2973 2492 3025 2542 in
3053 2490 3309 2542 honorem
3346 2488 3574 2542 Joannis
3619 2487 3754 2557 Bap-

2169 2586 2311 2639 tista:
2362 2590 2753 2639 construxerat.
2795 2602 2814 2635 ›
2852 2582 2925 2637 [ta
2975 2582 3135 2636 vertit
3182 2579 3744 2650 Christophorsonus,

2170 2678 2261 2748 qui
2290 2693 2389 2748 pro
2417 2678 2709 2748 depravata
2741 2677 2834 2731 illo
2876 2676 3137 2731 vocabulo
3167 2676 3295 2745 legit
3337 2676 3528 2747 μηλίῳ,
3578 2674 3657 2729 uti
3708 2684 3756 2729 et

2169 2768 2484 2837 Curterius;
2514 2770 2771 2838 Scaliger,
2797 2769 2965 2842 μιλὶῳ.
3003 2767 3113 2837 Ego
3151 2768 3401 2822 existimo
3449 2767 3622 2821 fuisse
3661 2767 3758 2820 κλί-

2172 2883 2317 2933 ματι,
2344 2861 2428 2915 vel
2458 2862 2535 2925 γλ,
2564 2859 2896 2915 abbreviate.
2950 2858 3061 2914 Nec
3092 2859 3233 2915 enim
3280 2858 3530 2913 existimo
3582 2858 3755 2912 eccle«

2173 2953 2307 3007 siam
2339 2952 2485 3006 illam
2522 2951 2693 3006 sancti
2734 2951 2953 3006 Joannis
2986 2950 3232 3020 Baptista:
3275 2950 3476 3003 distare
3529 2949 3757 3018 septimo

481 3063 605 3103 δυτει
631 3046 700 3101 de
740 3044 1063 3115 septimana:
1113 3039 1336 3094 εθδδδιο
1382 3035 1670 3091 munditias
1713 3032 1860 3097 Γθθίῑν
1886 3028 2065 3099 scopis
2097 3046 2141 3109 C
2174 3046 2386 3099 milliari
2436 3060 2467 3099 a
2505 3043 2992 3112 Constantinopoli,
3026 3038 3121 3097 sed
3161 3054 3280 3096 esse
3306 3039 3356 3094 in
3389 3039 3624 3109 septimo
3659 3038 3756 3093 eli-

486 3138 678 3194 sordes
704 3145 758 3191 et
783 3135 1078 3204 pulverem,
1105 3130 1197 3186 ubi
1220 3142 1440 3184 necesse
1460 3124 1643 3191 fuerit,
1671 3121 2019 3191 extergendo.
2042 3136 2061 3171 ι

485 3230 715 3305 ﬂegino,
763 3226 967 3282 Chron.
1015 3223 1108 3278 lib.
1137 3237 1226 3277 Il:
1271 3239 1289 3273 ι
1323 3219 1537 3275 Accidit
1584 3227 1761 3272 autem
1811 3223 1887 3281 ut,
1918 3214 2068 3282 juxta

485 3302 628 3388 quod
657 3331 775 3373 mos
804 3325 906 3380 est,
940 3313 1007 3368 ad
1041 3311 1286 3380 coquinae
1332 3309 1569 3363 ollicium
1625 3302 2070 3359 hebdomadarius

484 3414 855 3478 deputaretur.
892 3423 912 3458 ι
942 3400 1361 3465 Cassianus,lib.
1392 3415 1444 3453 tv
1475 3395 2066 3459 Institutionum,c.19:

492 3522 508 3550 α
536 3499 771 3571 Singulis
797 3492 1221 3553 hebdomadibus
1248 3493 1441 3547 fratres
1473 3490 1588 3544 hzec
1608 3486 1785 3543 officia
1814 3486 1911 3540 sibi
1942 3483 2067 3539 red-

486 3591 659 3648 denda
707 3587 1022 3645 succedunt.
1060 3603 1079 3637 ›
1118 3582 1248 3639 Item
1291 3600 1303 3635 :
1340 3600 1360 3634 t
1388 3580 1495 3636 Has
1521 3590 1699 3633 autem
1743 3578 2070 3647 septimanas

488 3683 855 3754 unusquisque
882 3678 1208 3747 suscipiens,
1233 3687 1401 3744 usque
1428 3671 1496 3726 ad
1534 3671 1756 3727 Coenam
1804 3665 2068 3722 Dominici

485 3778 590 3833 diei
620 3774 1019 3830 miuistraturus
1047 3769 1319 3825 observat.
1358 3784 1392 3825 ,ι
1430 3765 1506 3821 De
1544 3765 1629 3819 his
1674 3761 2072 3834 septimanariis

484 3887 579 3926 seu
610 3865 1039 3925 behdomadariis
1065 3864 1177 3934 agit
1203 3862 1342 3917 idem
1373 3858 1683 3926 Cassianus,
1709 3859 1843 3914 libro
1859 3858 2070 3919 eodem,

486 3960 665 4030 capite
690 3958 884 4023 20-22,
912 3965 966 4010 et
986 3963 1172 4010 monet.
1202 3956 1339 4007 hanc
1360 3966 1457 4021 per
1485 3951 1723 4021 singulas
1751 3951 2073 4019 septimanae

489 4054 687 4108 culinae
733 4048 1058 4105 inserviendi
1106 4045 1547 4102 consuetudinem
1579 4044 1809 4115 viguisse
1852 4045 1907 4097 in
1956 4057 2074 4098 mo-

488 4143 734 4199 naSteriis
782 4140 1066 4196 Palestina:
1096 4146 1153 4194 et
1202 4136 1631 4208 Mesopotamiae;
1694 4136 1852 4189 aliam
1910 4133 2074 4211 fuisse

486 4233 925 4292 consuetudinem
972 4232 1026 4286 in
1074 4230 1421 4285 monasteriis
1454 4227 1694 4298 Egypti,
1750 4226 1838 4280 ubi
1886 4235 2069 4282 certus

486 4327 751 4399 quispiam
785 4334 898 4380 toto
927 4322 1055 4377 vita:
1083 4336 1192 4376 sum
1214 4329 1456 4390 tempore
1477 4318 1670 4372 culina:
1691 4316 2068 4386 deputabatur,

2171 3148 2336 3200 mate,
2366 3151 2459 3191 seu
2499 3137 2719 3205 regione
2748 3135 2897 3189 urbis
2927 3133 3012 3189 vel
3061 3131 3462 3187 suburbiorum.
3500 3130 3637 3184 Vide
3660 3130 3753 3185 Pe-

2173 3235 2311 3281 trum
2339 3225 2580 3292 Gillium,
2614 3223 3003 3295 'I‘opograpbia:
3029 3220 3638 3289 Constantinopolitanae
3664 3219 3751 3274 lib.

2172 3332 2245 3385 IV,
2296 3332 2414 3386 cap.
2455 3317 2510 3370 4.
2538 3316 2634 3371 Vel
2682 3324 2832 3371 certe
2874 3315 3158 3384 septimum
3189 3312 3496 3367 milliarium
3536 3312 3754 3381 capien-

2173 3410 2297 3463 dum
2330 3425 2436 3464 non
2477 3408 2545 3463 de
2576 3408 2805 3462 millibus
2837 3421 3111 3477 passuum,
3138 3405 3232 3462 sed
3262 3406 3329 3459 de
3365 3405 3587 3474 palatio,
3620 3404 3755 3473 quod

2174 3499 2226 3552 in
2259 3501 2487 3568 septimo
2512 3508 2649 3564 erat,
2680 3509 2734 3553 et
2754 3500 3039 3568 septimum
3071 3513 3284 3568 quoque
3303 3496 3603 3551 dicebatur.
3631 3496 3757 3551 Vide

2175 3590 2432 3646 Jacobum
2479 3591 2775 3660 Cujacium,
2804 3591 2892 3645 lib.
2926 3606 2992 3644 xx
3022 3576 3329 3655 Observat.,
3360 3604 3479 3658 cap.
3511 3588 3568 3640 5.
3604 3589 3756 3643 Forte

2177 3685 2329 3753 plura
2362 3683 2511 3738 fuere
2540 3683 2792 3737 milliaria
2824 3696 2917 3736 seu
2948 3682 3212 3736 columnae
3256 3680 3583 3751 insigniores
3623 3680 3755 3735 Con-
3838 3674 3839 3677 “

2175 3774 2545 3842 stantinOpoli,
2573 3782 2627 3829 et
2667 3773 2769 3827 hoc
2793 3772 2980 3827 ordine
3018 3772 3303 3842 septimum
3336 3778 3474 3826 erat.

2250 3870 2649 3925 SEVERIANITJ‘J.
2685 3868 2802 3922 Vita
2840 3866 3062 3920 Joannis
3109 3865 3559 3935 Eleemosynarii,
3588 3862 3755 3934 capite

2178 3964 2248 4018 50
2285 3982 2299 4018 :
2338 3982 2355 4015 ί
2398 3965 2461 4018 Et
2492 3978 2610 4017 cum
2653 3960 3028 4026 Severianitis,
3060 3974 3123 4013 ac
3151 3958 3361 4013 caeteris
3409 3958 3551 4012 circa
3586 3959 3755 4027 regio-

2181 4071 2303 4111 nem
2337 4054 2693 4111 existentibus
2743 4052 3033 4107 immundis
3090 4051 3377 4106 ha'reticis.
3410 4069 3430 4103 ι
3468 4052 3752 4122 Intelligit,

2185 4148 2395 4218 Opinor,
2432 4144 2731 4213 Acephalos
2761 4143 3063 4209 hmreticos,
3083 4144 3171 4214 qui
3200 4142 3355 4212 paqu
3376 4152 3501 4197 ante
3526 4155 3755 4212 tempora

2178 4237 2401 4293 Joannis
2453 4236 2871 4305 Eleemosynarii
2913 4235 3016 4289 orti
3063 4250 3204 4289 anno
3239 4234 3439 4289 Christi
3475 4234 3606 4301 5I5,
3636 4249 3755 4287 auc-

2181 4339 2295 4383 tore
2326 4329 2530 4385 Severo
2562 4328 2900 4381 Antiocheno
2930 4327 3205 4395 epiSCOpO.
3238 4326 3312 4381 De
3339 4341 3447 4397 quo
3480 4326 3755 4395 Evagrius,

489 4433 768 4491 quousque
820 4416 963 4469 vires
1012 4419 1379 4482 suppeterent.
1440 4410 1566 4464 ﬂare
1606 4418 1785 4462 tamen
1832 4421 1951 4477 quae
2002 4406 2065 4461 de

2182 4421 2315 4475 llist.
2353 4419 2497 4474 Eccl.
2541 4420 2634 4473 lib.
2668 4433 2749 4484 ut,
2777 4433 2899 4487 cap.
2932 4416 3002 4471 '55
3026 4427 3079 4472 et
3114 4418 3204 4474 34.
3238 4417 3386 4472 Vixit
3414 4418 3651 4473 Severus
3681 4417 3758 4471 hic

491 4510 802 4583 Euphraxia
828 4508 1106 4573 habemus,
1140 4504 1368 4559 suadent
1394 4503 1555 4558 etiam
1587 4503 1809 4557 alteram
1840 4515 2071 4555 consue-

492 4603 732 4660 tudinem
770 4601 824 4655 in
866 4598 1184 4669 quibusdam
1230 4594 1450 4669 Egypti
1492 4595 1833 4651 monasteriis
1888 4609 2073 4649 serva-

495 4708 629 4752 tam.
673 4694 763 4751 Sic
789 4694 841 4748 in
874 4692 989 4745 Vita
1022 4691 1292 4746 Pachomii
1324 4705 1442 4759 cap.
1472 4689 1537 4742 47
1568 4707 1581 4741 :
1614 4707 1633 4740 ι
1667 4688 1957 4741 Transiens
1987 4702 2079 4741 au-

495 4796 603 4843 tem
629 4785 813 4852 frater,
844 4784 938 4855 qui
978 4784 1303 4838 constitutus
1342 4791 1455 4837 erat
1487 4780 1551 4835 ad
1599 4780 1916 4848 obsequium
1959 4778 2077 4848 ejus

496 4880 590 4949 qui
633 4878 985 4948 septimanam
1025 4876 1273 4935 iaciebat.
1318 4894 1336 4926 ι
1387 4874 1455 4928 Et
1488 4874 1849 4942 Hieronymus
1897 4872 2081 4941 praela-

494 4973 642 5027 tione
660 4971 712 5026 in
731 4970 965 5041 regulam
982 4969 1153 5024 sancti
1176 4966 1448 5023 Pachomii
1467 4983 1479 5020 :
1501 4984 1520 5017 ‹
1542 4966 1751 5020 Habent
1767 4980 1860 5033 per
1872 4961 2081 5032 singula

495 5063 823 5121 monasteria
848 5063 1056 5127 Patres,
1079 5071 1133 5117 et
1157 5060 1580 5129 dispensatores,
1618 5069 1674 5114 et
1718 5056 2080 5112 hebdomada-

494 5157 628 5223 rios,
642 5168 705 5211 ac
721 5153 1019 5209 ministros.
1047 5171 1066 5205 ι
1084 5152 1256 5209 Etiam
1283 5150 1423 5219 apud
1442 5160 1685 5205 sanctum
1709 5149 2076 5216 Benedictum,

498 5265 616 5321 reg.
648 5248 739 5315 58,
767 5246 1006 5303 occurrit
1030 5245 1423 5315 septimanarius
1447 5244 1623 5298 lector.

572 5366 871 5421 SEPTIHUI.
931 5358 1196 5424 Bullinus,
1226 5358 1320 5414 lib.
1367 5372 1445 5423 tu,
1480 5374 1627 5413 num.
1665 5355 1772 5413 I9:
1813 5375 1830 5409 ι
1866 5357 2079 5412 Habita-

505 5457 599 5511 bat
655 5463 833 5507 autem
865 5462 1027 5519 parva
1058 5447 1190 5501 cella
1232 5445 1363 5501 foris
1394 5447 1687 5513 civitatem,
1736 5460 1902 5516 prope
1956 5460 2079 5516 pro-

496 5545 716 5607 astium,
749 5539 836 5613 qui
884 5547 1105 5595 vocatur
1131 5537 1183 5591 in
1203 5537 1461 5609 Septimo.
1504 5556 1522 5589 ι
1556 5537 1751 5592 Paulus
1793 5537 2077 5599 diaconus,

501 5636 853 5695 Historiarum
913 5631 1009 5687 lib.
1057 5644 1163 5685 xvii
1217 5644 1232 5683 :
1296 5648 1315 5682 ‹
1375 5628 1595 5686 Cunctis
1645 5626 2084 5686 convenientibus

2183 4512 2511 4583 temporibus
2564 4512 2831 4566 Anastasii
2885 4512 3012 4579 imp.
3060 4521 3115 4565 et
3140 4510 3436 4565 IIormisdte
3463 4508 3624 4565 Pont.
3674 4511 3759 4567 Ni-

2180 4606 2363 4673 ceph.,
2394 4605 2484 4658 lib.
2518 4619 2627 4674 xvi,
2662 4617 2780 4672 cap.
2811 4603 2901 4667 51,
2932 4612 2985 4657 et
3013 4602 3109 4656 lib.
3144 4617 3293 4668 xvnr,
3327 4617 3375 4658 c.
3407 4602 3465 4671 2,
3497 4604 3549 4669 7,
3580 4604 3634 4668 9,
3673 4602 3756 4671 25.

2182 4697 2280 4751 Vix
2324 4696 2575 4750 dilTerunt
2630 4695 2697 4749 ab
2748 4694 3114 4766 Eutycbianis.
3165 4693 3300 4749 Vide
3357 4694 3579 4763 Nicepb.
3614 4736 3631 4763 ,
3673 4694 3760 4749 lib.

2180 4804 2313 4855 vm,
2364 4804 2411 4844 c.
2465 4789 2553 4854 45,
2588 4796 2641 4843 et
2688 4786 2948 4842 Joannem
2995 4786 3353 4849 Maxentium,
3395 4796 3579 4840 contra
3632 4785 3761 4840 Ace-

2184 4882 2391 4952 phalos.
2419 4881 2561 4934 ldcm
2592 4896 2619 4933 a
2647 4876 2916 4933 nonnullis
2938 4879 3189 4932 dicuntur
3210 4878 3610 4948 Monophysitw,
3625 4877 3760 4947 quod

2189 4990 2346 5027 unam
2371 4987 2614 5028 naturam
2646 4974 2696 5027 in
2726 4972 2941 5027 Christo
2962 4970 3313 5027 defenderent
3336 4985 3456 5025 cum
3502 4971 3757 5043 Eutyche,

2186 5080 2413 5135 quorum
2444 5065 2687 5119 meminit
2718 5066 2871 5118 divus
2900 5064 3214 5132 Gregorius,
3234 5062 3370 5116 libro
3398 5078 3453 5129 x,
3481 5062 3643 5131 epist.
3664 5060 3759 5125 55;

2185 5171 2240 5217 et
2270 5162 2367 5216 lib.
2400 5178 2460 5225 ιι,
2510 5162 2664 5229 epist.
2702 5161 2791 5228 56,
2825 5160 2954 5214 dicit
2992 5158 3290 5228 Acephalos
3331 5172 3361 5212 a
3390 5156 3586 5226 Vigilio
3635 5170 3759 5226 papa

2196 5255 2362 5308 fuisse
2389 5252 2691 5306 damnatos.

2258 5346 2360 5399 Alii
2383 5356 2507 5398 sunt
2535 5343 2812 5400 Severiaui
2834 5359 2863 5397 a
2890 5344 3089 5397 Severo
3113 5339 3507 5396 Encratitarum
3540 5338 3759 5403 assecla,

2187 5437 2277 5507 qui
2309 5436 2413 5489 orti
2447 5436 2592 5489 circa
2619 5451 2816 5489 annum
2851 5435 2975 5499 I70,
2999 5433 3066 5489 de
3081 5432 3284 5505 quibus
3317 5432 3580 5487 Eusebius
3626 5429 3755 5483 libro

2189 5542 2263 5592 IV,
2289 5539 2406 5595 cap.
2439 5523 2509 5579 29
2532 5565 2547 5592 ,
2579 5533 2632 5581 et
2655 5525 3002 5596 Epiphanius,
3023 5526 3215 5582 lateres.
3240 5522 3310 5580 45
3329 5533 3383 5579 et
3407 5522 3745 5593 Augustinus,

2195 5621 2382 5678 hmresi
2408 5620 2500 5675 2i.
