4014 6368
303 334 412 394 505

1009 306 1488 385 ONGMASTICON
1532 325 1771 381 [ΚΕΒοΜ
1815 320 1901 378 ΕΤ
1945 319 2318 377 VERBORUM
2361 319 2891 379 DlFFlClLlORUM.

3454 328 3556 385 δοῦ

373 450 604 506 Stemus.
635 444 903 508 Moschus,
934 443 986 497 in
1019 443 1177 497 Prato
1214 439 1497 509 spirituali,
1531 439 1704 507 capite
1740 435 1875 491 125?
1905 437 1959 496 Α
1985 431 2167 487 donita
2196 449 2210 486 :
2250 451 2270 486 ι
2317 434 2387 488 Se
2416 434 2656 489 vendidit
2692 434 3055 492 histrionibus
3082 436 3266 506 viginti
3294 440 3501 496 solidis,
3535 462 3553 494 .

310 562 329 594 ι
372 540 659 607 lnvenique
695 536 765 591 ibi
796 549 978 590 senem
1003 532 1253 587 vestitum
1283 529 1515 585 collobio
1540 528 1606 583 de
1628 527 1820 581 sibino.
1853 543 1873 577 ι

305 632 512 694 Grasce,
558 634 815 701 θοροῦντοι
859 626 960 681 ἀπὸ
1010 625 1205 680 σιϐἱνου
1253 622 1521 676 mnsam.
1557 618 1794 673 llabetur
1829 626 1885 673 et

311 738 433 791 cap.
466 721 591 788 120,
643 719 731 775 hic
783 728 927 783 ante,
972 717 1066 771 sed
1117 715 1189 770 ibi
1219 715 1441 769 Graecus
1486 721 1664 767 textus
1708 713 1879 767 deest.

311 814 558 868 Sibinum
608 810 749 880 quod
786 809 891 864 huc
943 809 1119 871 faciat,
1168 806 1461 862 etiamnum
1519 819 1723 873 quacro.
1763 803 1884 858 Noti

304 907 524 970 Σίϐννοι,
548 916 717 973 genus
740 902 854 956 teli.
881 901 1233 965 Justinianus,
1265 897 1471 951 Novell.
1504 895 1573 951 85
1599 912 1614 950 :
1647 899 1737 951 ttat
1761 897 1886 956 τούς

303 1018 363 1054 τι
401 996 741 1065 καλουμένους
768 992 1032 1054 σιϐὐνους,
1055 990 1168 1049 ἤτοι
1201 990 1473 1062 μισιϐίλια.
1507 989 1574 1042 Ει
1619 988 1755 1056 apud
1786 986 1887 1042 Fe-

304 1096 448 1141 stum
477 1104 489 1138 :
524 1105 543 1138 ι
577 1084 812 1139 Sibinam
836 1080 1320 1151 appellantlllyrici
1344 1079 1506 1134 telum
1537 1077 1786 1134 venabuli
1805 1078 1883 1133 si-

304 1177 455 1231 mile.
484 1194 504 1227 ι
540 1174 783 1229 Ennius:
821 1190 840 1225 ι
882 1172 1073 1243 Illyrici
1122 1179 1330 1226 restant
1384 1170 1532 1235 sicis,
1583 1169 1882 1239 sibinisque

304 1267 577 1324 fodentes.
615 1284 634 1317 ι
1152 1308 1159 1314 .

380 1358 581 1414 διοιιωι
612 1370 946 1411 rencurenl.
973 1352 1241 1424 Pelagius,
1287 1354 1468 1409 libello
1494 1369 1627 1419 xvtt,
1660 1368 1885 1409 numero

302 1448 400 1506 20.
432 1448 526 1504 Sic
551 1447 692 1515 apud
733 1445 1016 1509 Joannem,
1046 1445 1215 1500 libell.
1235 1460 1314 1510 ιιι,
1341 1460 1487 1499 ιιιιιιι.
1510 1446 1906 1515 2,percutieus..

302 1540 385 1594 De
407 1537 856 1601 consideratione,
890 1535 1019 1590 dist.
1049 1536 1101 1601 2,
1132 1550 1255 1603 cap.
1288 1536 1358 1589 EO
1377 1575 1391 1598 ,
1421 1551 1489 1590 ex
1517 1536 1748 1591 concilio
1782 1535 1887 1590 Ca—

304 1628 617 1685 bilonensi:
656 1646 675 1679 ι
713 1626 906 1683 Solent
935 1627 1115 1694 plures
1144 1626 1232 1695 qui
1277 1641 1338 1681 se
1370 1627 1617 1695 jejunare
1666 1635 1885 1695 putant,

303 1722 361 1777 in
399 1717 822 1790 quadragesima,
847 1733 971 1773 mox
1002 1730 1057 1772 ut
1081 1718 1288 1787 signum
1311 1718 1580 1772 audierint
1608 1718 1674 1773 ad
1699 1719 1885 1772 horam

1986 526 2054 581 Et
2077 525 2162 580 hic
2186 535 2245 581 et
2272 528 2468 595 passim
2500 523 2737 583 Palladio
2766 529 2955 585 Graeco
3000 540 3080 587 εει
3125 534 3376 604 νόμισμα,
3417 534 3558 605 quoi]

1985 617 2247 673 Hervetus
2264 634 2485 689 semper
2506 636 2770 673 nummum
2807 624 2996 689 vertit;
3026 624 3119 678 sed
3146 625 3346 680 Fronto
3376 638 3559 683 noster

1986 710 2187 762 mavult
2213 710 2453 765 solidum.
2499 711 2689 765 Solent
2729 713 2868 767 enim
2904 715 3220 786 plerumque
3271 719 3561 784 scriptores

1949 819 1956 827 ·
1985 799 2155 854 Graeci
2177 802 2462 874 νόμισματα
2487 818 2682 858 vocare
2711 818 2923 868 aureos,
2964 821 3101 874 quos
3138 807 3402 877 interpres
3428 808 3557 863 Vul-

1983 899 2122 957 gatte
2151 891 2351 946 Latina:
2377 892 2571 947 solidos
2604 895 2786 958 vertit,
2810 904 2861 949 ut
2896 895 2916 949 Ι
2955 896 3131 954 Paral.
3163 916 3289 954 xxiv
3310 941 3324 965 ,
3356 903 3387 955 7
3435 922 3447 955 :
3476 907 3562 959 καὶ

1986 990 2223 1057 χρυσοῦς
2249 987 2482 1059 μυρίους,
2512 997 2559 1039 et
2587 986 2779 1041 solidos
2808 987 2976 1041 decem
3014 989 3197 1043 millia.
3231 992 3562 1061 Heraclides,

1984 1090 2105 1145 cap.
2135 1075 2227 1142 24,
2277 1077 2344 1131 de
2385 1078 2486 1132 hoc
2529 1079 2850 1149 Serapione,
2879 1100 2898 1133 ι
2952 1084 3093 1152 quod
3135 1085 3315 1151 viginti
3358 1088 3565 1142 solido-

1986 1185 2103 1225 rum
2172 1171 2345 1239 pretio
2403 1174 2623 1241 paganis
2685 1176 3031 1244 semetipsum
3089 1176 3403 1234 distraxerit
3459 1180 3563 1234 mi-

1988 1258 2112 1317 mis.
2161 1277 2179 1310 ι
2212 1258 2471 1315 Nummos
2530 1272 2706 1316 autem
2766 1264 2938 1319 Latini
2978 1266 3265 1334 scriptores
3314 1272 3565 1326 sestertios

1986 1350 2292 1419 appellant,
2347 1351 2429 1404 vel
2467 1362 2776 1421 argenteos,
2836 1355 2920 1409 vel
2966 1371 3184 1411 :ereos:
3224 1366 3280 1411 at
3329 1356 3554 1432 νόμισμα

1987 1459 2254 1496 nummum
2289 1459 2500 1498 aureum
2525 1446 2814 1515 signiﬁcat.
2850 1448 3060 1515 llorat.,
3091 1450 3246 1518 epist.
3289 1450 3342 1519 1,
3366 1453 3458 1508 lib.
3489 1468 3563 1508 tt:

2081 1532 2294 1582 Rettulit
2320 1542 2552 1596 acceptos
2571 1536 2742 1598 regale
2766 1540 3002 1588 numisma
3026 1540 3290 1601 Philippos.

1989 1616 2222 1670 Aureum
2247 1631 2375 1669 vero
2413 1626 2469 1671 et
2494 1618 2722 1672 solidum
2748 1620 3097 1681 idemvalere
3126 1624 3472 1696 intelligimus
3496 1642 3561 1682 ex

1994 1713 2159 1767 variis
2184 1710 2398 1782 legibus
2419 1714 2757 1785 Digestorum
2798 1726 2853 1771 et
2882 1716 3120 1783 Codieis,
3154 1729 3208 1776 et
3237 1737 3300 1776 ex
3331 1726 3568 1792 ecquod

303 1826 525 1875 nonam,
548 1808 854 1864 comedere.
901 1826 921 1859 ι
961 1805 1250 1877 Gregorius
1276 1808 1628 1872 Turonensis,
1672 1811 1724 1863 in
1752 1809 1888 1866 Vitis

2000 1804 2264 1867 Socrates,
2300 1805 2392 1859 lib.
2421 1822 2491 1869 tv,
2514 1820 2648 1876 'cap.
2682 1806 2776 1873 54,
2806 1809 3112 1881 ὀγδοήκοντα
3163 1818 3453 1887 χρυσίνους
3491 1817 3569 1869 di-

302 1901 523 1957 Patrum
569 1917 599 1955 a
647 1900 708 1955 se
761 1898 1124 1968 conscriptis,“
1174 1899 1226 1952 in
1265 1898 1539 1967 Gregmio.
1567 1899 1886 1969 Lingoncnsi

302 1990 602 2060 episcopo:
642 2008 661 2042 ι
695 1988 1083 2058 Commotoque
1124 1988 1278 2058 signo
1318 1996 1535 2044 sanctus
1583 1990 1700 2055 Dei,
1751 1991 1890 2045 sicut

304 2083 524 2153 reliqui,
554 2095 723 2135 novus
748 2080 812 2134 ad
845 2079 1078 2134 ofﬁcium
1101 2080 1435 2133 Dominicum
1463 2081 1838 2149 consurgebat.
1863 2100 1881 2133 ι

304 2173 495 2238 Idem,
545 2171 599 2226 in
665 2171 873 2225 Nicetio
928 2171 1182 2239 episc0po
1236 2170 1576 2240 Lugdunensi
1619 2189 1682 2224 ει
1737 2173 1888 2239 Quod

305 2266 589 2334 presbyter
628 2262 850 2317 audiens
887 2264 1122 2333 gavisus,
1161 2262 1325 2332 jussit
1349 2265 1560 2334 signum
1586 2266 1652 2319 ad
1681 2267 1890 2336 vigilias

304 2354 654 2410 commoveri.
687 2372 706 2407 ι
741 2354 909 2421 Idem,
944 2354 1039 2409 lib.
1068 2370 1107 2407 ιι
1161 2355 1300 2409 llist.
1342 2355 1559 2425 Franc.,
1585 2371 1635 2410 c.
1676 2357 1770 2423 25,
1802 2358 1894 2414 Si-

304 2462 467 2516 gnum
488 2445 558 2498 ad
579 2446 875 2499 matutinas.
894 2443 1220 2511 Einhardus,
1250 2446 1323 2500 De
1353 2447 1707 2502 translatione
1721 2449 1891 2504 sancti

306 2536 604 2591 Marcellini
648 2547 704 2591 et
746 2535 911 2605 Petri,
961 2536 1054 2590 lib.
1095 2552 1175 2603 ιιι,
1225 2552 1344 2605 cap.
1377 2537 1491 2592 15:
1530 2556 1549 2589 ι
1586 2539 1884 2605 Turricula,

311 2640 435 2694 (tua:
463 2626 612 2695 Signa
645 2624 879 2679 basilica:
922 2625 1250 2691 continebat,
1278 2625 1345 2680 ab
1392 2626 1472 2680 eis
1520 2628 1758 2695 conspici
1799 2643 1894 2697 po-

305 2719 521 2773 tuisset.
557 2735 577 2769 ι
610 2716 973 2786 ϐορὶιιιιιιιιὶιι,
1007 2717 1100 2772 lib.
1134 2733 1207 2783 vr,
1259 2718 1357 2770 tit.
1386 2715 1528 2773 168:
1558 2736 1578 2770 ι
1615 2717 1684 2773 Ut
1710 2732 1893 2774 sacer-

306 2810 465 2863 dotes
512 2808 661 2877 signa
711 2816 929 2876 tangant
979 2807 1127 2860 boris
1173 2807 1468 2862 canonicis.
1517 2826 1535 2859 ι
1593 2808 1648 2862 ln
1696 2809 1895 2865 Ordine

310 2900 573 2956 Dunstani
623 2899 1052 2954 Dorobernensis
1103 2899 1357 2968 Archiep.
1398 2918 1417 2951 ι
1466 2900 1773 2956 Benedictio
1826 2903 1894 2956 ad

308 2989 522 3059 signum
569 2990 836 3055 ecclesias,
870 2988 921 3042 id
950 2998 1051 3053 est,
1083 2989 1393 3043 tintinnum.
1429 3008 1448 3042 ι
1487 2990 1594 3044 Leo
1643 2992 1897 3046 Marsica-

310 3096 433 3144 nus,
458 3080 593 3134 libro
616 3096 703 3148 ιιι,
729 3095 850 3149 cap.
881 3080 953 3135 42
983 3096 997 3133 :
1033 3098 1051 3131 ι
1086 3080 1305 3150 Signum
1329 3096 1435 3151 quo
1462 3081 1684 3136 fratrum
1716 3084 1895 3138 obitus

1993 1904 2116 1959 eat;
2157 1904 2213 1951 et
2252 1896 2581 1964 Epiphanius
2632 1900 3272 1970 interpres-,Tripartittc
3310 1905 3402 1959 lib.
3444 1923 3595 1971 vui,-

1992 2001 2042 2039 c.
2081 1988 2185 2051 15,
2212 1995 2267 2040 et
2298 1987 2391 2041 lib.
2444 2004 2539 2056 an,
2574 2002 2693 2059 cap.
2717 1991 2793 2053 2,
2832 1994 3087 2062 octaginla
3139 1997 3328 2050 solidos
3376 2007 3569 2053 vertat.

1995 2078 2114 2134 Lib.
2150 2094 2187 2133 ιι
2233 2080 2465 2145 Codicis,
2496 2083 2533 2135 Ι.
2566 2082 2587 2134 l
2629 2100 2642 2136 :
2681 2103 2699 2134 ι
2750 2083 2962 2140 Solidos
3005 2096 3240 2143 veterum
3274 2090 3571 2162 prinripum

1992 2171 2334 2226 veneratione
2363 2171 2636 2228 formatos.
2678 2191 2696 2227 ι

2063 2261 2268 2325 Sonon,
2314 2262 2364 2316 id
2389 2273 2471 2318 est
2494 2272 2633 2320 uxor
2661 2265 3000 2323 continenter
3036 2268 3089 2324 in
3133 2272 3473 2328 matrimonio
3494 2275 3573 2329 vi-

1994 2366 2156 2418 vens;
2206 2352 2277 2405 ita
2330 2364 2384 2408 et
2439 2354 2602 2410 frater
2655 2357 2853 2412 dicitur
2902 2359 2970 2413 de
3016 2362 3207 2416 marito
3246 2365 3606 2431 continente,

1995 2444 2220 2507 Pallad.,
2264 2461 2315 2501 c.
2347 2449 2402 2512 8,
2446 2447 2514 2502 de
2563 2452 2826 2507 Ammone
2880 2453 3162 2524 conjugem
3220 2455 3572 2525 alloquente:

2002 2554 2021 2588 ι
2057 2536 2346 2602 Adesdum,
2379 2540 2591 2594 domina
2622 2551 2677 2597 et
2729 2557 2901 2597 soror.
2935 2563 2953 2596 ι
2987 2543 3137 2621 δεῦρο
3181 2544 3242 2605 δή
3286 2551 3437 2624 impia
3480 2554 3576 2606 καί

1996 2627 2197 2701 ἀδελφή.
2234 2629 2355 2686 Vita
2388 2631 2600 2699 Malchi,
2633 2648 2684 2688 c.
2714 2635 2781 2688 ιθ
2811 2652 2825 2689 :
2857 2653 2876 2687 ι
2907 2636 3141 2706 Diligens
3168 2653 3286 2693 eam
3328 2648 3385 2694 ut
3426 2629 3593 2694 sero;

1997 2736 2135 2786 rem,
2171 2737 2275 2776 non
2298 2731 2476 2779 tamen
2499 2724 2550 2779 ei
2581 2740 2668 2778 me
2705 2726 2933 2781 credens
2955 2737 3014 2781 ut
3039 2730 3233 2785 sorori.
3277 2747 3295 2780 ι
3334 2730 3449 2784 Vita
3476 2730 3577 2784 Ba-

1997 2811 2104 2865 silii
2146 2812 2215 2867 de
2260 2813 2543 2869 Anastasio
2570 2824 2626 2870 et
2666 2816 2975 2885 Theognia:
3013 2836 3031 2869 ι
3071 2819 3210 2873 Dicit
3261 2820 3595 2874 nominativi

1999 2902 2150 2956 uxori
2182 2919 2317 2971 suat,
2350 2921 2448 2960 usu
2479 2917 2655 2961 autem
2686 2909 2880 2962 sorori.
2922 2928 2940 2961 ι
2975 2909 3245 2976 Paulinus,
3266 2912 3426 2981 epist.
3471 2912 3574 2977 26,

2000 2996 2065 3049 ad
2102 2997 2410 3051 Victricium
2442 3015 2457 3053 :
2488 3017 2506 3052 ι
2528 3000 2763 3054 G!ericos
2812 3004 2985 3070 pascit
3032 3004 3435 3072 subjugatorum
3466 3004 3577 3059 Deo

1999 3086 2284 3157 coniugum
2315 3103 2506 3142 arcana
2537 3090 2880 3159 germanitas,
2913 3106 3033 3161 qua:
3058 3093 3391 3145 orationibus
3416 3093 3578 3147 sedu-

310 3175 602 3245 signiﬁcari
654 3176 812 3240 solet,
844 3174 1102 3229 insonuit.
1135 3193 1154 3225 ι
1184 3174 1320 3229 Vide
1368 3174 1669 3245 Alcuinum,
1704 3176 1777 3230 De
1815 3175 1896 3231 di-
1923 3188 1967 3249 (ι
2002 3178 2087 3241 lis,
2122 3178 2301 3233 ltetum
2328 3179 2380 3233 in
2420 3180 2669 3245 operibus
2695 3179 3095 3236 suistristum
3123 3182 3189 3236 ad
3217 3183 3575 3238 visitationem

314 3270 452 3322 vinis
481 3267 707 3333 Ofﬁciis,
738 3283 858 3334 cap.
898 3267 1037 3332 Quid
1062 3269 1348 3351 signiﬁcent
1376 3270 1709 3335 vestimenta;
1735 3268 1897 3325 Ama-

313 3363 506 3416 larium
554 3362 932 3426 Fortunatum,
979 3360 1074 3414 lib.
1110 3377 1145 3424 ι,
1196 3362 1271 3415 De
1302 3361 1599 3416 ecclesiast.
1643 3362 1759 3427 oﬁ‘.,
1808 3377 1897 3416 ca-

311 3454 425 3523 pite
453 3453 509 3518 l;
543 3451 767 3507 Walafr.
800 3451 1144 3514 Strabonem,
1177 3451 1251 3505 De
1291 3451 1406 3505 reb.
1460 3452 1605 3507 Eccl.
1627 3494 1639 3518 ,
1689 3469 1808 3522 cap.
1840 3455 1892 3509 5.

314 3553 356 3603 Α
378 3548 527 3616 signa
555 3544 723 3601 Gallis
741 3544 1014 3599 veteribus
1036 3544 1191 3612 scius,
1224 3551 1280 3597 et
1305 3544 1431 3599 inde
1461 3546 1644 3599 tocsin.

388 3638 520 3704 Qua:
561 3638 709 3706 signa
743 3635 870 3689 olim
922 3635 1093 3704 lignea
1114 3643 1284 3689 erant.
1320 3634 1477 3689 Liber
1522 3636 1897 3691 miraculorum

317 3730 590 3784 Anastasii
635 3726 925 3796 martyris,
988 3727 1078 3794 qui
1127 3727 1385 3781 recitatur
1423 3727 1475 3780 in
1528 3742 1601 3781 vlt
1651 3728 1894 3798 synodo,

318 3828 429 3872 act.
463 3817 533 3870 ὡς
564 3836 584 3869 ι
613 3816 886 3885 Lignaque
915 3828 1068 3867 sacra
1098 3815 1372 3883 pulsantes
1414 3815 1640 3869 invicem
1686 3816 1896 3870 obviam

315 3908 443 3963 facti
484 3917 627 3962 sunt.
667 3925 684 3957 ι
716 3905 847 3960 Vide
896 3905 1204 3967 Baronium,
1238 3900 1382 3956 tom.
1429 3903 1479 3967 Ι,
1513 3918 1654 3957 anno
1702 3903 1891 3961 Christi

317 4003 421 4067 58,
464 4001 531 4056 de
558 3998 754 4067 duplici
794 3998 964 4064 signo,
1006 4011 1111 4064 quo
1137 3997 1261 4047 olim
1296 3995 1481 4049 ﬁdeles
1519 3995 1583 4048 ad
1608 3997 1896 4049 ecclesiam

316 4094 777 4156 convocabantur,
828 4098 1096 4158 agentem.
1144 4087 1340 4156 Lignea
1380 4086 1492 4141 fere
1544 4089 1899 4143 monasterio-

317 4199 437 4239 rum
470 4192 643 4237 erant.

393 4296 933 4350 Siscuuusrenus.
966 4290 1083 4344 Vita
1117 4288 1412 4357 Pachumii,
1461 4291 1635 4358 capite
1688 4289 1775 4354 15,
1833 4305 1897 4345 ex

319 4385 536 4441 Psalmo
562 4400 778 4441 Lxxvn:
814 4402 833 4434 ι
890 4383 1275 4438 Exterminavit
1303 4397 1418 4434 eam
1475 4397 1603 4449 aper
1632 4382 1697 4436 de
1742 4383 1896 4450 silva,

319 4486 375 4530 et
406 4476 686 4545 singularis
710 4474 855 4529 ferus
878 4475 1132 4540 depastus
1162 4483 1243 4527 est
1262 4487 1401 4527 eam.
1437 4492 1455 4524 ι
1488 4474 1782 4544 Singularis
1814 4475 1900 4529 hic

1996 3268 2105 3337 jam
2137 3285 2243 3323 non
2268 3268 2529 3325 maritalis
2559 3272 2684 3336 tori,
2718 3272 2810 3325 sed
2844 3272 3061 3326 fraterni
3101 3273 3290 3328 cubilis
3312 3274 3519 3330 invitat.
3549 3292 3572 3326 ι

1998 3359 2266 3424 Sidonius,
2303 3360 2395 3415 lib.
2428 3376 2480 3426 v,
2515 3362 2673 3428 epist.
2708 3360 2794 3430 16,
2838 3363 2905 3418 de
2948 3362 3233 3430 Papianilla
3261 3379 3355 3418 sua
3388 3382 3402 3418 :
3431 3382 3451 3416 ι
3484 3366 3577 3420 Li-

1999 3459 2085 3503 cet
2113 3452 2185 3504 sis
2233 3467 2366 3505 uxor
2407 3452 2564 3517 bona,
2600 3468 2754 3507 soror
2780 3470 2994 3524 quoque
3021 3458 3222 3523 optima
3267 3470 3347 3520 es.
3387 3475 3407 3510 ι
3444 3456 3579 3514 Gre-

2000 3542 2213 3610 gorius,
2250 3543 2367 3622 _lib.
2402 3560 2450 3597 IV
2485 3545 2711 3614 Dialog.,
2759 3561 2877 3615 cap.
2926 3546 2985 3600 11
3020 3562 3035 3601 2
3072 3564 3091 3598 ι
3122 3546 3408 3618 Presbyter
3459 3549 3579 3618 qui-

2000 3631 2121 3686 dam
2164 3634 2530 3703 presbyterum
2583 3651 2732 3688 suam
2778 3647 2834 3690 nt
2891 3651 3132 3691 sororem
3184 3638 3431 3707 diligens,
3481 3642 3576 3695 sed

2000 3727 2151 3792 quasi
2182 3725 2387 3780 hostem
2417 3741 2633 3793 cavens,
2659 3728 2723 3781 ad
2746 3743 2803 3782 se
2824 3729 3043 3797 propius
3077 3728 3340 3784 accedere
3368 3744 3474 3785 non
3504 3732 3577 3787 si-

2001 3816 2181 3869 nebat.
2211 3834 2229 3867 ι

2072 3904 2566 3959 SPE1LUU.Relinm
2586 3919 2771 3960 vocem
2788 3905 3047 3973 Graecam,
3070 3910 3206 3976 quod
3231 3924 3409 3965 rarum
3433 3922 3580 3969 esset

2003 3996 2339 4058 vocabulum,
2375 4006 2429 4048 et
2483 4000 2700 4050 incerta:
2725 3998 3146 4066 significationis.
3183 4001 3418 4058 Joannes
3466 4004 3581 4059 Mo-

2002 4086 2370 4150 schus,Prato
2400 4086 2684 4154 spirituali,
2732 4103 2849 4157 cap.
2905 4088 3001 4143 184
3034 4107 3049 4144 :
3082 4109 3103 4141 ι
3137 4090 3210 4145 Ita
3258 4093 3459 4165 degens
3492 4094 3578 4163 ju-

2000 4180 2159 4249 giter,
2181 4179 2312 4233 nihil
2337 4194 2456 4234 cum
2478 4189 2778 4235 moreretur
2799 4195 2898 4236 suo
2928 4182 2981 4237 in
3006 4188 3330 4241 monasterio
3354 4188 3576 4253 dimisit,

2003 4287 2108 4327 non
2133 4281 2357 4340 portam,
2388 4288 2493 4326 non
2518 4272 2947 4338 fencstram,non
2975 4277 3225 4344 spetlum,
3251 4292 3357 4332 non
3379 4278 3580 4334 calide.

2005 4365 2132 4431 lam,
2187 4380 2288 4418 non
2332 4366 2585 4421 tabulam.
2639 4385 2659 4419 ι
2694 4368 2879 4421 Grznce
2906 4366 2929 4421 ':
2959 4372 3029 4422 οὐ
3074 4371 3251 4442 θύραν,
3292 4372 3351 4423 οὺ
3377 4370 3577 4444 θυρίδα,

2254 4463 2311 4513 οὐ
2330 4460 2562 4526 σπιτλὸν,
2588 4462 2644 4514 οὐ
2667 4459 2930 4525 κανδίλλαν,
2955 4463 3013 4515 οὐ
3033 4465 3241 4515 πίνακα.
3268 4462 3579 4518 Ambrosius

322 4568 653 4623 substantive
675 4564 997 4634 accipiturut
1020 4562 1202 4618 Graece
1224 4565 1411 4635 μονιὸς.
1435 4563 1624 4618 διιίὼις
1651 4581 1663 4618 :
1689 4568 1893 4629 Μονιὸς,

2004 4550 2422 4605 Camaldnlensis
2467 4552 2729 4620 interpres
2759 4551 3014 4606 omiserat
3039 4552 3275 4606 σπέτλον.
3329 4553 3582 4623 Suspicor

322 4656 500 4730 ἄγριος
518 4654 576 4718 ὗς
589 4658 925 4729 νεμονωμένος
942 4652 1123 4726 [Forte
1134 4655 1454 4725 νενεμημένος
1478 4655 1554 4705 vel
1575 4651 1867 4726 νεμόμενος]
1885 4670 1899 4705 :

329 4764 350 4798 ι
381 4746 612 4811 Monius,
631 4746 877 4800 silvester
918 4757 1109 4811 porcus
1138 4757 1414 4810 pascens.)
1450 4742 1744 4812 Hesychius
1774 4741 1904 4804 ι’Υς

323 4837 496 4915 ἄγριος
526 4837 640 4910 ὁμὴ
664 4844 771 4897 τοῖς
799 4834 962 4896 ἄλλοις
989 4834 1439 4907 συναγελαζόμενος
1465 4850 1478 4885 :
1512 4850 1531 4884 ι
1566 4835 1768 4888 Porcus
1798 4835 1906 4903 syl-

322 4944 503 4983 veszer
544 4944 663 4982 cum
710 4927 829 4982 aliis
881 4944 984 4980 non
1038 4934 1408 4996 congregatus.
1452 4945 1467 4975 ι
1500 4925 1588 4979 Sic
1616 4925 1667 4978 in
1720 4926 1906 4981 fabulis

324 5021 537 5089 Esopi,
580 5021 749 5092 μονιὸς
778 5018 974 5096 ἄγριος.
1003 5019 1251 5089 Cyrillus,
1280 5018 1332 5072 in
1363 5017 1705 5086 expositione
1744 5018 1902 5073 Osete

328 5112 605 5183 prophetae
630 5114 796 5185 μονιὸν
825 5112 955 5164 dicit
985 5110 1287 5177 signiﬁcare
1316 5106 1447 5171 ὄνον,
1468 5119 1524 5162 ιιι
1553 5118 1769 5162 annotat
1802 5110 1905 5163 lle-

327 5205 582 5273 sychius;
614 5202 749 5259 ferte
778 5202 891 5268 ille,
923 5201 1013 5272 qui
1066 5199 1278 5278 ὅναγρος
1304 5241 1320 5268 ,
1363 5199 1417 5254 id
1449 5208 1561 5266 est,
1612 5200 1786 5253 asinus
1814 5202 1904 5254 sil—

326 5306 506 5349 υειιιγ.

398 5384 667 5438 Βιριιωιι.
705 5383 870 5452 Vide,
912 5385 1086 5456 infra,
1129 5384 1396 5439 ZIPPULE.
1440 5383 1631 5439 Nescio
1686 5399 1753 5437 an
1803 5385 1913 5439 huc

328 5475 488 5530 faciat
516 5474 655 5543 quod
687 5484 768 5529 est
810 5475 862 5529 in
918 5475 1124 5530 Glossis
1177 5476 1596 5545 Latinograecis:
1630 5476 1862 5545 Sappulo
1886 5520 1901 5545 ,

326 5565 520 5634 λάμϐα.
545 5564 624 5617 An
650 5563 904 5635 Sappula,
927 5567 1010 5621 vel
1049 5566 1308 5638 Sippula?
1339 5566 1449 5622 Nisi
1474 5566 1573 5623 hoc
1601 5568 1672 5622 sit
1698 5582 1728 5623 a
1756 5583 1905 5637 sapa,

330 5657 381 5714 id
413 5666 515 5721 θυι,
542 5655 662 5711 vino
687 5657 913 5713 defruto.

402 5749 655 5808 Setinus.
707 5749 994 5817 Palladius,
1044 5766 1161 5822 cap.
1217 5751 1306 5821 85,
1337 5752 1407 5809 de
1435 5752 1726 5825 Serapione
1778 5750 1901 5808 Sitt-

2003 4644 2223 4710 intelligi
2254 4646 2488 4711 σπέκλον,
2510 4645 2793 4714 speculum,
2834 4643 2885 4697 id
2916 4656 2997 4698 est
3033 4643 3252 4699 vitream
3284 4644 3574 4702 fenestram

2002 4752 2069 4791 ex
2103 4736 2365 4804 speculari
2393 4738 2599 4803 lapide;
2631 4753 2753 4792 nam
2800 4752 2892 4805 per
2917 4737 3101 4813 θυρίδα
3131 4738 3352 4807 intelligi
3403 4749 3579 4808 potest

2004 4829 2222 4898 fenestra
2250 4830 2441 4897 lignea.
2484 4827 2598 4882 Vox
2642 4829 2755 4881 haec
2782 4837 2835 4882 et
2864 4828 2988 4881 alibi
3039 4828 3304 4894 occurrit;
3360 4838 3416 4882 ut
3473 4844 3576 4883 non

2004 4920 2248 4975 videatur
2299 4935 2420 4976 esse
2470 4920 2779 4988 depravata.
2826 4920 3150 4984 Dorotheus,
3199 4920 3439 4975 doctrina
3496 4921 3576 4975 ὃς

1998 5010 2121 5066 Ἀλλ’
2142 5013 2315 5089 ὥσπερ
2332 5012 2524 5081 λύχνος
2546 5011 2628 5066 διὰ
2652 5012 2883 5074 arrideo,
2903 5012 3065 5071 οὕτως
3084 5010 3313 5084 ἄρχεται
3337 5013 3577 5070 δεικνύειν

2010 5108 2131 5178 ἡμῖν
2159 5107 2542 5183 ἀμαυρότερονε
2580 5123 2599 5157 ι
2645 5105 2749 5160 Sed
2777 5104 2925 5174 quasi
2972 5104 3149 5159 lumen
3184 5121 3276 5173 per
3303 5108 3577 5170 speculum

2014 5201 2368 5262 translucens,
2413 5202 2483 5254 ita
2514 5199 2668 5254 nobis
2701 5197 2888 5267 incipit
2916 5213 3245 5269 quaecunque
3274 5200 3582 5257 obscuriora

2011 5299 2063 5344 et
2111 5290 2473 5344 tenebrosiora
2526 5290 2832 5345 ostendere.
2866 5307 2885 5343 ρ
2938 5290 3036 5344 Ms.
3080 5291 3201 5345 libri
3255 5291 3341 5349 hic
3387 5291 3584 5347 habent

2012 5379 2401 5449 σπέτλων,“οχ
2454 5397 2559 5450 quo
2600 5381 2846 5436 Editores
2914 5380 3092 5436 fecere
3144 5396 3285 5436 nunc
3332 5383 3581 5438 σπέκλων.

2009 5476 2229 5531 Basilica
2256 5472 2494 5549 εὨσπερ
2520 5476 2585 5529 τὰ
2604 5474 2895 5545 ἔμϐ).ήματα
2931 5481 3031 5529 τῶν
3076 5476 3338 5549 ἀργυρίων
3365 5481 3583 5539 σκευῶν,
3612 5536 3617 5543 ι

2009 5573 2093 5624 καὶ
2120 5564 2185 5623 τὰ
2224 5568 2416 5622 exitia
2453 5574 2545 5622 τοῦ
2587 5566 2747 5622 οἴκου.
2778 5584 2797 5619 ι
2829 5565 2978 5622 Sicut
3019 5564 3341 5620 emblemata
3394 5579 3560 5632 argen

2012 5664 2216 5712 teornm
2248 5671 2531 5724 vasorum,
2575 5664 2631 5711 et
2673 5656 2885 5726 specula
2935 5655 3150 5709 domus.
3183 5673 3202 5706 ι
3230 5655 3272 5707 D
3309 5653 3578 5707 ctissimus

2014 5747 2360 5805 Leunclavius
2389 5757 2535 5820 putat
2562 5747 2840 5819 legendum
2871 5748 3077 5804 enim.
3115 5745 3315 5802 Forsan
3359 5742 3448 5799 illo
3477 5756 3583 5797 atu-
