4014 6368
440 291 540 348 507

1129 287 1601 346 ONOMAS'I'ICON
1640 287 1875 342 REliUil
1920 284 2003 339 ET
2051 283 2422 342 VERBURUM
2463 286 2991 347 DIFFICILIORUM.

3569 295 3674 350 508
3711 357 3714 360 λ

441 407 562 460 culu
594 404 660 458 ita
694 405 853 459 locuti
883 404 1153 459 sunt.Non
1173 404 1595 459 temereaveteri
1622 405 1885 473 scriptura
1915 418 1999 457 re-
2029 400 2074 456 Α
2109 420 2127 452 ι
2159 401 2390 456 Primum
2414 403 2464 456 in
2485 402 2687 457 crimen
2710 410 2947 467 vocatur,
2972 403 3110 468 quod
3133 401 3386 457 tributum
3415 404 3672 462 linearum

439 495 733 551 cedendum
761 505 860 550 est.
894 495 1120 561 Psellus,
1156 495 1231 549 De
1257 485 1584 550 daemonibus
1621 513 1631 546 :
1666 493 1752 555 ⁸ος-
1776 497 1860 549 ἐπὶ
1901 503 2002 549 τῶν

439 586 688 658 ἐνόπτρων
711 588 792 640 καί
817 594 916 640 τῶν
947 587 1173 641 σπίκλων
1195 585 1314 661 ὁρᾷν
1337 589 1494 642 ἐστιν.
1529 603 1548 636 ε
1584 584 1734 640 Sicut
1763 600 1857 655 per
1885 600 2003 656 spe—

441 677 559 733 cula
585 677 764 730 videre
787 686 887 731 est.

510 769 815 823 SrAsuLuu.
851 768 968 822 Vita
996 768 1168 837 neptis
1196 769 1442 834 Abrahae,
1468 784 1586 838 cap.
1620 785 1676 825 ιιι
1708 785 1726 824 :
1764 789 1783 822 ι
1832 771 2004 838 Atque

442 861 496 914 in
520 859 731 912 stabulo
761 874 818 912 se
845 860 1097 927 quodam,
1128 869 1328 914 mutato
1358 861 1582 930 pristino
1611 861 1813 926 habitu,
1841 863 2002 916 collo.

436 950 598 1005 cavit.
631 969 649 1001 ι
684 951 750 1004 Et
774 965 826 1005 c.
855 949 907 1013 6,
940 949 1153 1004 Divertit
1196 952 1250 1004 in
1278 951 1554 1014 stabulum.
1585 952 1679 1007 Est
1716 952 1800 1006 hic
1825 954 2007 1007 stabu-

437 1043 545 1098 lum
577 1043 944 1098 diversorium.
977 1043 1046 1096 lta
1071 1044 1334 1098 stabulum
1360 1045 1668 1114 frequenter
1695 1055 1799 1098 tam
1825 1060 1853 1098 a
1885 1061 2007 1116 prn-

441 1133 577 1188 l'anis
609 1149 762 1200 quam
805 1135 970 1187 sacris
1001 1135 1305 1190 auctoribus
1346 1147 1646 1206 usurpatur.
1678 1140 1878 1194 Plinius
1912 1138 2002 1193 lib.

435 1237 510 1288 vt,
536 1223 694 1292 epist.
730 1221 793 1276 l9
829 1240 842 1277 :
878 1240 896 1274 ι
931 1222 1128 1278 Urbem
1162 1223 1469 1294 Italiamque
1504 1242 1608 1280 non
1659 1242 1758 1297 pro
1802 1227 2003 1298 patria,

436 1314 533 1369 sed
579 1327 674 1382 pro
720 1312 952 1381 hospitio
993 1322 1080 1370 aut
1107 1315 1340 1371 stabulo.
1377 1335 1396 1369 ι
1431 1320 1724 1388 Spartian.,
1759 1321 1957 1376 Severo
1989 1338 2002 1377 :

440 1423 463 1456 ε
508 1404 798 1460 Dormienti
826 1407 984 1460 etiam
1015 1407 1066 1461 in
1097 1409 1307 1462 stabulo
1329 1424 1549 1477 serpens
1577 1421 1733 1480 caput
1759 1412 1942 1466 cinxit.
1983 1431 2002 1465 ι

433 1495 562 1550 item
593 1499 729 1566 apud
752 1498 1183 1566 jurisconsultos,
1212 1509 1268 1554 ut
1292 1501 1331 1554 1.
1369 1516 1406 1563 ι,
1440 1502 1491 1556 in
1517 1502 1632 1570 lin.,
1654 1504 1709 1558 d.
1744 1504 1889 1558 Furti
1917 1506 2010 1558 ad-

435 1603 580 1644 vers.
612 1600 782 1657 naut.,
811 1600 865 1645 et
889 1592 927 1646 l.
977 1607 1051 1658 ιν,
1083 1591 1138 1645 d.
1181 1591 1234 1644 ln
1265 1594 1458 1660 quibus
1503 1608 1652 1649 caus.
1694 1596 1862 1665 pign.,
1888 1606 1942 1650 et
1970 1597 2005 1649 1.

432 1695 652 1750 cxcvm,
685 1681 740 1734 d.
765 1681 841 1735 De
870 1681 1086 1734 verbor.
1114 1681 1366 1750 signitic.,
1389 1685 1528 1739 unde
1549 1686 1812 1740 stabulum
1835 1688 2011 1743 Tbco-

2107 495 2398 548 tunicarum
2446 493 2710 563 Egyptiis
2761 495 3104 563 imposuerat.
3161 512 3179 545 ι
3227 493 3284 547 In
3328 496 3675 551 Testamento

2102 586 2273 640 sancti
2301 585 2540 653 Gregorii
2561 585 2808 638 Nazianz.
2842 602 2855 638 :
2888 586 3095 643 Δοθῆναι
3120 585 3363 655 βούλομαι
3390 590 3670 663 στιχάριον

2105 675 2169 742 α’,
2193 678 2375 732 «eam
2403 678 2442 731 ϐ’
2475 695 2488 732 :
2516 696 2534 729 ι
2566 677 2688 731 Dari
2717 677 2838 732 volo
2857 679 3084 731 tunicam
3108 678 3461 747 unam,pallia
3486 679 3613 733 duo.
3635 685 3665 730 ἰ

2105 769 2280 825 Monet
2305 770 2443 826 idem
2476 771 2674 825 Fronto
2701 770 2840 826 male
2863 785 2892 823 a
2920 769 3079 824 .lunio
3106 785 3317 826 versum
3346 771 3397 825 in
3428 771 3672 840 Curopa-

2107 863 2244 925 lata,
2274 864 2345 918 De
2373 864 2515 919 ollic.
2547 863 2682 918 aulae
2713 863 3118 932 Constantinop.
3152 879 3166 916 :
3199 867 3256 919 τὸ
3300 862 3510 924 σύνηθες
3539 866 3676 936 αὐτῷ

2105 959 2397 1029 στιχᾶριον,
2431 968 2724 1011 consuetum
2762 973 2912 1011 suum
2957 956 3276 1024 manipulum
3312 971 3333 1010 .°
3363 955 3675 1010 vertendum

2107 1058 2238 1111 erat,
2267 1056 2559 1100 consuetam
2586 1062 2733 1101 suam
2764 1047 3009 1100 tunicam.

2177 1139 2469 1193 STRINlAm.
2494 1137 2757 1206 Pelagius,
2775 1137 2954 1191 libello
2971 1149 3080 1198 ut,
3101 1149 3156 1189 ιι.
3182 1134 3266 1197 ιι,
3282 1149 3344 1186 ne
3358 1132 3676 1186 strinientur.

2109 1228 2410 1297 Synonyma
2441 1228 2720 1280 Ciccrnnis
2769 1227 2887 1290 Μελ,
2920 1225 2970 1278 in
2999 1225 3194 1279 Lexico
3219 1223 3431 1277 Cusauo
3465 1239 3478 1275 :
3512 1240 3529 1272 ι
3564 1221 3680 1276 Sal-

2087 1320 2296 1372 tabunt
2313 1359 2328 1382 ,
2358 1317 2702 1381 bistriabunt,
2720 1317 3121 1371 striniabuntur.
3139 1333 3158 1366 ι
3181 1313 3508 1367 Glossarium
3531 1312 3680 1368 Gra-

2113 1410 2401 1462 colatinum
2436 1416 2710 1483 εΣτρηνιῶ.
2734 1407 2899 1476 genio
2919 1446 2933 1470 ,
2964 1406 3144 1474 gestio.
3175 1403 3366 1458 Suidas
3394 1421 3408 1457 :
3440 1412 3680 1477 Στρῆνος,

2112 1507 2180 1562 εἰς
2209 1508 2295 1561 τήν
2317 1503 2536 1557 παλαιὰν
2555 1507 2705 1557 τοῦτο
2727 1509 2906 1554 κεῖται..
2934 1500 3000 1552 Τὸ
3046 1515 3062 1548 ι
3097 1497 3304 1571 στρῆνός
3330 1518 3426 1551 σου
3455 1497 3610 1554 ἀνέϐη
3634 1495 3682 1549 ἐν

2111 1604 2217 1654 τοῖς
2269 1590 2364 1646 ὦσί
2403 1613 2522 1663 μου,
2560 1611 2576 1642 ι
2609 1594 2895 1647 τουτίστ...
2934 1607 2952 1639 ι
2982 1591 3064 1643 καί
3108 1595 3345 1664 στρηνιῶ,
3402 1589 3624 1642 ἁτακτῶ.
3660 1605 3677 1637 ι

2121 1704 2138 1736 ε
2174 1687 2433 1739 S'rnssus.
2470 1684 2582 1737 lloc
2608 1682 2920 1736 vocabulum
2960 1679 3227 1734 invenitur
3270 1678 3324 1732 in
3377 1678 3551 1733 Veteri
3579 1677 3677 1730 Te-

436 1771 616 1838 philus
645 1772 804 1826 vertit
838 1770 1147 1842 πανδοχεῖον
1178 1772 1230 1824 in
1264 1773 1289 1842 §
1325 1774 1616 1842 penultimo
1646 1776 1902 1841 Institut.,
1936 1779 2008 1832 De
2040 1779 2084 1836 Β
2111 1784 2373 1830 stamento
2396 1793 2408 1828 :
2429 1774 2542 1828 ’I'ua
2563 1773 2881 1827 immodestia
2906 1771 3132 1825 ascendit
3154 1771 3204 1824 in
3225 1785 3377 1823 aures
3397 1784 3557 1834 nicas,
3582 1769 3684 1822 hoc

433 1860 650 1931 obligat.
679 1877 742 1916 ex
757 1861 1099 1930 quasidelict.
1123 1862 1435 1931 Cyprianus,
1450 1865 1672 1933 epistola
1698 1866 1764 1919 67
1799 1885 1811 1919 :
1851 1886 1867 1918 ι
1902 1867 2006 1922 Aut

434 1953 480 2006 si
505 1954 554 2006 in
587 1953 669 2006 via
699 1952 963 2006 stabulum
990 1953 1205 2021 aliquod
1235 1954 1488 2020 obsideri,
1513 1963 1568 2010 et
1597 1958 1764 2011 teneri
1787 1973 1814 2012 a
1843 1958 2007 2012 latro-

435 2043 589 2096 nibus
620 2043 865 2110 cmperit,
898 2055 955 2097 ut
984 2045 1224 2113 quisquis
1255 2045 1529 2115 ingressus
1550 2045 1728 2112 fuerit,
1754 2048 2007 2103 insidian-

433 2132 561 2186 tium
603 2134 715 2187 illic
758 2132 1094 2189 infestatione
1120 2136 1389 2204 capiatur;
1424 2151 1599 2192 nonne
1627 2148 2006 2204 commeantes,

437 2223 537 2277 hac
563 2223 819 2291 Opinione
844 2233 1137 2294 comperta,
1169 2227 1371 2280 stabula
1403 2228 1504 2281 alia
1529 2226 1582 2282 in
1621 2228 1811 2283 itinere
1849 2245 2009 2299 appe-

433 2323 552 2368 tunt
591 2315 814 2382 tutiora,
851 2316 941 2370 ubi
973 2317 1077 2372 sint
1124 2318 1225 2372 lida
1272 2319 1534 2389 hospitia,
1576 2329 1628 2374 et
1677 2324 2006 2390 receptacula

435 2410 863 2466 commeantibus
894 2411 1040 2465 tuta?
1075 2431 1095 2463 ι
1131 2413 1514 2480 Tertullianus,
1548 2415 1772 2486 Apolog.
1795 2456 1811 2480 ,
1832 2418 2008 2486 capite

437 2501 510 2554 η
543 2516 559 2555 :
593 2518 614 2553 ι
645 2499 826 2570 Itaque
873 2516 978 2557 non
1014 2502 1128 2558 sine
1171 2504 1306 2570 loro,
1336 2519 1439 2559 non
1463 2504 1580 2560 sine
1621 2505 1870 2571 macello,
1901 2521 2006 2560 non

435 2590 554 2646 siue
582 2590 808 2657 balneis,
842 2591 1102 2659 tabernis,
1130 2591 1624 2663 ofﬁcinis,stabulis,
1647 2597 1895 2654 nundinis
1917 2612 2008 2654 ve-

429 2681 578 2748 stris,
606 2682 919 2752 caeterisque
943 2685 1281 2740 commerciis
1305 2685 1677 2741 cohabitamus
1706 2687 1758 2742 in
1787 2686 1889 2742 hoc
1913 2700 2013 2742 sae-

429 2773 570 2828 culo.
600 2790 622 2825 ι
668 2772 800 2828 Hinc
837 2774 1164 2841 stabularius,
1198 2775 1289 2846 qui
1315 2776 1610 2833 diversorio
1632 2785 1846 2847 praest.
1873 2777 2007 2832 Vitae

432 2863 603 2933 neptis
625 2863 875 2932 Abrahae,
906 2867 1083 2934 capite
1111 2867 1144 2922 6
1181 2884 1195 2920 :
1234 2886 1254 2920 ι
1291 2867 1588 2924 Subridens
1629 2869 1704 2924 ait
1731 2869 1796 2925 ad
1825 2870 2008 2925 stabu-

431 2952 640 3009 larium.
679 2973 696 3006 ›
728 2955 952 3021 Seneca,
987 2957 1062 3011 lib
1091 2958 1207 3012 tDe
1233 2958 1435 3025 benef.,
1459 2960 1634 3030 capite
1657 2962 1723 3016 l5
1747 2978 1759 3013 :
1793 2979 1811 3012 ι
1840 2961 2006 3017 Nemo

433 3059 490 3100 se
519 3046 793 3100 stabularii
817 3055 908 3100 aut
933 3048 1190 3116 cauponis
1213 3049 1475 3119 hospitem
1495 3051 1717 3119 judicit.
1749 3070 1770 3105 ι
1797 3054 2005 3108 Tertul-

2114 1878 2310 1923 est.....
2364 1876 2412 1921 et
2462 1867 2681 1931 strenio,
2731 1865 3022 1920 immodeste
3077 1863 3206 1917 uivo.
3243 1881 3264 1914 ι
3321 1861 3523 1916 Locum
3565 1861 3684 1916 Sui-

2113 1960 2194 2012 dte
2223 1958 2587 2026 imperfectum
2616 1955 2686 2008 ita
2717 1954 2933 2024 supplet
2962 1954 3476 2018 Ροι-ιιιςιτουτίστιν,
3499 1951 3560 2006 'u
3589 1973 3682 2007 σου

2113 2051 2313 2114 ἀταξία,
2333 2051 2362 2106 ἠ
2384 2050 2705 2121 ὐπεριφανία,
2730 2049 2758 2104 ἡ
2780 2046 3042 2101 ἀκολασία.
3064 2044 3174 2098 Tua
3195 2044 3484 2107 dissolutio,
3506 2059 3683 2108 super»

2114 2142 2217 2205 bia,
2246 2140 2653 2208 intemperantia.
2687 2136 2861 2192 Locus
2910 2135 3121 2190 Veteris
3146 2131 3496 2198 Testamenti,
3519 2148 3679 2202 quem

2113 2234 2244 2286 citat
2269 2229 2484 2294 Suidas,
2516 2237 2598 2284 est
2628 2242 2678 2282 tv
2731 2227 2865 2296 Reg.
2892 2241 3003 2292 xix,
3028 2224 3118 2278 28.
3149 2224 3346 2279 Eadem
3374 2239 3479 2277 vox
3505 2238 3685 2278 occur-

2112 2325 2182 2378 rit
2211 2324 2260 2378 in
2290 2323 2438 2377 Novo
2468 2322 2833 2386 Testamento,
2864 2317 3209 2387 Apocalypsis
3240 2331 3386 2378 xvm,
3411 2314 3444 2367 ’5
3479 2331 3492 2366 :
3526 2317 3618 2369 ιίαί
3638 2315 3681 2369 οἱ

2111 2414 2326 2490 ἔμποροι
2355 2423 2448 2475 τῆς
2468 2423 2560 2488 γῆς
2588 2415 2643 2467 ἐκ
2661 2421 2752 2471 τῆς
2781 2408 3042 2481 δυνάμεως
3097 2415 3188 2464 τοῦ
3240 2412 3490 2480 στρήνους
3537 2409 3684 2466 αὐτῆς

2112 2506 2446 2565 ἐπλούτησαν.
2479 2505 2547 2557 Et
2576 2511 2874 2556 mercatores
2903 2509 3051 2554 terra:
3074 2498 3138 2551 de
3173 2508 3352 2551 virtute
3385 2498 3688 2551 deliciarum

2112 2600 2223 2668 ejus
2267 2595 2446 2650 divites
2472 2593 2594 2665 {acti
2613 2600 2751 2647 sunt.
2773 2589 2992 2655 Ibidem,
3012 2591 3042 2642 7
3071 2606 3084 2642 :
3113 2591 3203 2643 1ιαί
3221 2590 3546 2660 inpavidas,
3570 2598 3618 2640 et
3637 2587 3688 2640 in

2111 2689 2309 2744 deliciis
2339 2689 2454 2758 fuit.
2485 2686 2708 2753 Ibidem,
2731 2685 2764 2738 9
2788 2701 2800 2737 :
2837 2683 2898 2738 οἱ
2916 2683 3024 2755 μετ’
3044 2683 3199 2742 αὐτῆς
3219 2681 3589 2756 πορνεύσαντες
3608 2681 3689 2735 καὶ

2112 2782 2664 2857 στρηνιάσαντες,ειιιιε
2685 2776 2781 2830 illa
2808 2775 3119 2844 fornicantes
3147 2783 3194 2826 et
3217 2772 3556 2826 luxuriantes.
3581 2770 3684 2823 Va—

2109 2871 2260 2926 rinus
2299 2874 2606 2944 εΣτρηνιᾷν,
2651 2869 2906 2922 ἀτακτεῖν.
2951 2869 3050 2919 Καί
3092 2870 3447 2939 στρηνιῶντες,
3474 2863 3617 2938 παρὰ
3635 2863 3688 2915 τὸ

2113 2968 2310 3038 στερεῖν
2335 2964 2419 3015 καί
2440 2962 2678 3028 ἀποσπᾷν
2705 2960 2798 3017 τὰς
2817 2958 2978 3017 ἡνίας,
3010 2956 3112 3010 ἀπὸ
3135 2959 3424 3028 εξεταφορᾶς
3451 2960 3551 3005 τῶν
3577 2954 3687 3006 6:36-

2110 3074 2212 3126 γων
2243 3054 2404 3114 ζὼων.
2453 3067 2472 3100 ε
2519 3047 2782 3103 Striniare
2831 3060 2925 3113 per
2974 3043 3340 3110 metaphoram
3389 3041 3584 3095 dicitur
3621 3041 3684 3093 ab

433 3139 623 3201 tianus,
649 3139 870 3207 Apolog.
903 3153 1022 3207 cap.
1053 3139 1123 3193 59
1155 3155 1169 3193 :
1207 3159 1227 3192 ι
1262 3140 1418 3196 Saliis
1457 3142 1744 3196 cenaturis
1774 3144 2004 3198 creditor
2034 3149 2084 3210 ι)
2111 3141 2430 3196 animalibus
2455 3139 2664 3194 ratione
2705 3135 3031 3200 carentibus,
3051 3133 3190 3203 quod
3216 3134 3370 3187 freno
3393 3139 3631 3186 careant.
3662 3150 3678 3182 ι

433 3230 534 3283 erit
559 3231 914 3284 necessarius.
944 3231 1365 3286 Herculanarum
1397 3235 1724 3288 decimarum
1757 3244 1811 3289 ct
1840 3237 2005 3304 pollu-

434 3331 640 3373 ctorum
684 3329 930 3389 sumptus
959 3319 1230 3376 stabularii
1278 3325 1710 3392 suppeditabunt.
1748 3345 1766 3377 ι
1806 3325 1904 3380 Ubi
1932 3335 2008 3381 ta-

438 3425 561 3463 men
579 3411 680 3463 alia
703 3411 860 3464 lectio
886 3411 1063 3473 habet,
1079 3411 1316 3467 tabularii
1339 3416 1706 3483 supputabunt.
1729 3415 2004 3484 Apuleius,

438 3499 640 3552 Milesia
669 3497 746 3552 2:
786 3517 804 3550 ι
844 3500 1009 3554 Sumo
1034 3502 1358 3556 sarcinulam
1401 3513 1454 3556 et
1501 3505 1673 3572 pretio
1717 3506 2009 3560 mansionis

432 3588 722 3642 stabulario
754 3590 1022 3657 persoluto
1051 3594 1377 3660 capessimus
1408 3595 1567 3649 viam.
1605 3615 1622 3648 ι

499 3681 846 3737 8τισιιΑιιιοιι.
901 3684 1052 3748 Quod
1104 3700 1245 3739 nunc
1293 3685 1484 3741 Grmce
1523 3689 1840 3764 πηχάριον,
1869 3704 2010 3745 nunc

430 3778 753 3850 στοιχάριον,
789 3792 926 3831 nunc
956 3777 1237 3848 στιχάριον
1281 3778 1556 3846 scribitur,
1587 3795 1706 3849 quae
1741 3790 2009 3850 postrema

431 3869 610 3920 verior
633 3868 841 3922 videtur
869 3869 1048 3925 lectio.
1082 3870 1370 3937 Palladius,
1405 3871 1683 3939 Lausiaca,
1707 3887 1827 3943 cap.
1859 3875 1960 3929 156
1992 3893 2006 3928 :

439 3973 456 4004 ι
489 3958 721 4025 Accepto
749 3971 846 4009 suo
874 3957 1126 4011 stichario
1152 3969 1207 4012 et
1235 3973 1418 4014 cereo.
1455 3979 1474 4012 ι
1513 3960 1612 4016 Ubi
1635 3977 1732 4031 pro
1762 3979 1905 4017 cerea
1929 3964 2000 4020 led

429 4045 660 4112 gendum
687 4045 824 4098 birro
878 4048 1060 4099 monui
1103 4047 1155 4100 iu
1199 4049 1584 4104 natationibus.
1631 4050 1833 4118 Graece,
1866 4053 2006 4121 apud

433 4138 822 4205 Metaphrasten
876 4137 929 4191 in
967 4138 1083 4191 Vita
1135 4139 1409 4195 Athanasii
1454 4150 1538 4196 est
1571 4157 1584 4192 :
1615 4144 1673 4198 τὸ
1727 4143 2005 4217 στιχάριον

434 4229 594 4283 καὶτὸ
615 4229 801 4301 βίρριν.
834 4228 900 4282 Et
923 4227 1218 4282 Heraclidis
1248 4230 1532 4300 interpres,
1555 4245 1672 4298 cap.
1698 4231 1786 4298 51,
1810 4233 1968 4287 habet
1993 4252 2006 4285 :

438 4339 457 4370 ε
488 4319 686 4373 Tunica
715 4320 804 4373 ille
835 4327 1036 4373 tantum
1067 4333 1160 4373 sua
1210 4320 1468 4390 birroque
1502 4321 1743 4376 vestitus.
1781 4341 1799 4374 ι
1838 4323 2010 4376 Litur-

432 4416 515 4484 gia
545 4414 947 4484 Chrysostomi,
979 4416 1060 4468 καί
1112 4415 1351 4486 λαμϐάνει
1398 4417 1699 4491 στεχὰριον,
1732 4424 1780 4468 et
1825 4416 2010 4483 accipit

2181 3232 2359 3287 Sursn
2389 3244 2559 3284 manu
2605 3241 2749 3282 esse.
2795 3226 2912 3279 Vita
2954 3223 3174 3280 Joannis
3224 3222 3679 3291 Eleemosynarii,

2112 3337 2230 3391 cap.
2259 3337 2293 3375 ιι
2329 3340 2342 3376 :
2379 3340 2400 3373 ‹
2437 3321 2651 3374 Mittens
2689 3319 2830 3373 enim
2864 3331 2987 3370 mox
3025 3317 3448 3384 dispensatores,
3484 3322 3541 3368 et
3567 3329 3683 3369 eum

2112 3412 2200 3480 qui
2227 3410 2501 3464 dicebatur
2529 3409 2700 3473 Super
2729 3421 2941 3477 pacem.
2976 3423 2994 3456 ι
3031 3406 3221 3459 Nescio
3244 3420 3309 3458 an
3343 3406 3441 3458 hoc
3471 3405 3589 3458 loco
3612 3405 3686 3456 in-

2116 3501 2434 3566 telligendus
2463 3501 2531 3551 sit
2572 3499 2846 3560 diaconus,
2873 3496 2961 3565 qui
2993 3496 3372 3564 pronuntiabat
3421 3496 3643 3566 εἰρηνικά
3665 3533 3680 3556 ,

2113 3607 2229 3660 qua:
2253 3597 2466 3644 exstant
2487 3590 2539 3642 in
2573 3587 2899 3656 Euchologio
2927 3586 3252 3641 Graecorum.
3300 3586 3386 3640 Sic
3414 3585 3555 3650 apud
3585 3583 3683 3637 Cu-

2115 3681 2437 3751 mpalatam,
2471 3680 2542 3733 De
2581 3680 2724 3733 ollic.
2761 3679 3096 3732 Constantia.
3133 3696 3144 3729 :
3181 3686 3280 3731 Τοῦ
3309 3676 3684 3754 ’Λρχιδιακὸνου

2113 3777 2178 3828 τὰ
2233 3773 2478 3846 εἰμηνικά,
2507 3776 2574 3831 ὡς
2601 3770 2732 3834 ἔθος,
2759 3772 3000 3845 εζπὸντος.
3036 3788 3054 3820 ι
3093 3769 3483 3825 Archidiacono
3509 3781 3686 3835 preces

2115 3879 2211 3933 pro
2236 3879 2384 3931 pace,
2410 3863 2651 3916 utmoris
2675 3871 2778 3929 est,
2802 3862 3083 3915 recitante.
3120 3879 3138 3911 ι
3174 3859 3303 3914 Nam
3357 3860 3468 3913 fere
3516 3859 3687 3912 archi-

2115 3956 2321 4007 diaconi
2347 3964 2494 4006 erant
2522 3953 2782 4006 meonomi
2813 3967 2906 4005 seu
2949 3951 3343 4016 dispensatores
3396 3949 3645 4002 Ecclesiae
3665 3986 3682 4009 ,

2113 4060 2332 4114 quorum
2359 4045 2443 4097 hic
2464 4043 2682 4096 mentio.
2707 4040 3094 4108 Metaphrasles
3117 4042 3168 4092 in
3195 4039 3312 4092 Vita
3337 4038 3494 4107 hujus
3517 4038 3682 4091 sancti

2113 4144 2314 4188 tantum
2336 4133 2514 4195 habet,
2543 4150 2562 4182 ι
2594 4132 2657 4185 iis
2678 4132 2951 4185 accersitis
2973 4131 3062 4198 qui
3089 4145 3175 4183 res
3201 4130 3452 4183 Ecclesia:
3474 4125 3684 4195 di'spen-

2113 4229 2320 4282 sabant.
2359 4245 2375 4276 ι
2409 4226 2893 4294 Μετακα).εσὰμενος
2916 4226 3034 4282 τοὺς
3063 4220 3129 4277 τὶ
3149 4231 3238 4280 τῆς
3270 4223 3530 4281 ἐκκλησίας
3557 4224 3682 4273 οἰκο-

2112 4325 2410 4388 νομοῦντας.
2445 4316 2558 4370 Νοη
2587 4315 2833 4368 existimo
2863 4313 2947 4366 hic
2971 4311 3188 4379 intelligi
3213 4309 3571 4373 Irenarcham,
3590 4326 3680 4363 seu

2119 4417 2431 4474 pacatorem,
2462 4405 2550 4473 qui
2583 4419 2764 4472 pacem
2793 4410 2847 4456 et
2875 4402 3103 4470 quietem
3137 4402 3186 4453 in
3217 4401 3504 4468 provinciis
3526 4411 3579 4454 et
3600 4414 3682 4452 ur-

438 4507 681 4560 tunicam.
737 4504 1097 4570 Glossarium,
1129 4509 1430 4579 στιχάριον,
1465 4509 1666 4572 tunica,
1700 4507 2006 4578 intelligitur

2119 4498 2274 4550 hibus
2323 4496 2560 4558 curabat,
2594 4493 2658 4547 de
2694 4509 2798 4561 quo
2827 4506 2981 4560 supra
3013 4491 3246 4542 diximus
3280 4491 3328 4543 in
3362 4478 3678 4544 latxsscﬁi.

433 4599 550 4651 alba
579 4613 675 4652 seu
703 4599 838 4652 linea
869 4598 1059 4651 tunica.
1088 4597 1218 4652 Nam
1250 4598 1393 4668 quod
1434 4597 1778 4665 Athanasius,
1808 4599 2009 4666 Apolo-

433 4694 514 4762 gia
546 4691 598 4759 ‘2,
637 4691 797 4744 habet
828 4709 839 4742 :
871 4694 962 4746 Kal
988 4692 1292 4747 πλάττονται
1317 4695 1522 4765 πρώτην
1566 4695 1870 4766 κατηγορίαν
1893 4695 2012 4764 περί

429 4784 715 4856 στιχαρίων
738 4783 883 4836 λινῶν
904 4785 975 4843 ὡς
997 4785 1117 4854 ἐμοῦ
1151 4784 1339 4838 Κανόνα
1358 4791 1462 4842 rei;
1485 4784 1776 4854 Αἰγυπτίοις
1799 4783 2012 4837 ἐπιϐάλ-

432 4875 625 4933 ὂιοντος.
664 4873 760 4927 Ubi
805 4874 999 4926 Petrus
1045 4873 1282 4926 Nannius
1333 4871 1536 4926 vertit:
1573 4891 1591 4922 ι
1639 4871 1766 4924 Tale
1811 4873 2011 4926 crimen

433 4964 504 5015 de
535 4962 816 5016 ordinariis
841 4963 1016 5016 linteis
1042 4962 1429 5024 ementiuntur,
1450 4961 1599 5030 quasi
1627 4975 1727 5030 ego
1748 4975 2006 5014 canonem

436 5051 736 5103 ist'usmodi
763 5051 942 5105 tributi
964 5051 1230 5122 Egyptiis
1261 5052 1602 5113 inducerem;
1638 5069 1654 5100 ι
1688 5065 1790 5103 nou
1824 5068 2008 5117 perce-

435 5142 514 5210 pit
539 5143 642 5194 vim
673 5143 819 5196 vocis
850 5147 1132 5219 στιχαρίου
1162 5143 1264 5198 hoc
1290 5144 1407 5197 loco
1439 5144 1723 5210 interpres.
1756 5143 2008 5198 Rectissi-

433 5248 525 5285 me
550 5232 745 5284 Fronto
772 5242 973 5298 noster,
1004 5235 1144 5287 notis
1185 5233 1251 5285 ad
1296 5232 1588 5300 Liturgiam
1637 5232 2003 5300 Cbrysostomi

438 5321 753 5376 vertendum
779 5331 958 5377 monet
987 5341 999 5375 :
1038 5341 1056 5374 ι
1109 5322 1176 5376 Ει
1201 5323 1406 5377 crimen
1434 5320 1796 5376 ementiuntur
1819 5321 1887 5374 de
1917 5330 2002 5374 tu-

433 5415 574 5468 ~uicis
596 5413 768 5479 lineis,
804 5432 822 5465 ι
857 5423 960 5467 etc.
995 5413 1085 5468 Sic
1110 5414 1249 5468 enim
1279 5411 1663 5467 restituendam
1686 5425 1804 5464 eam
1835 5410 2003 5466 inter-

432 5505 788 5575 pretationem
810 5514 1020 5562 constat
1043 5520 1108 5560 ex
1133 5506 1430 5560 Sozomeno
1450 5547 1463 5570 ,
1488 5504 1577 5573 qui
1603 5503 1841 5559 referens
1861 5517 2004 5558 eam-

427 5599 553 5653 dem
585 5597 880 5664 historiam,
899 5597 975 5653 sic
996 5598 1068 5650 ait
1095 5597 1185 5651 lib.
1213 5613 1400 5666 u,cap.
1424 5597 1486 5651 2|
1520 5600 1750 5674 εΠρὼτην
1769 5597 2006 5668 ὑπομένει

424 5697 621 5766 "ynnynu
647 5693 713 5752 ὡς
745 5693 994 5763 χιτωνίων
1023 5691 1165 5748 λινῶν
1197 5690 1345 5762 φόρον
1386 5690 1624 5750 ἐπιτιθεὶς
1669 5689 1956 5762 Αἰγυπτίοις
1991 5702 2004 5738 τ

2116 4588 2224 4642 Nisi
2257 4587 2392 4640 forte
2419 4595 2609 4654 pra‘ter
2637 4583 2943 4638 smcularem
2975 4582 3311 4637 Irenarcham
3340 4592 3392 4636 et
3425 4575 3561 4635 alius'
3585 4581 3681 4634 Ec-

2113 4679 2444 4735 clesiasticus
2485 4677 2662 4731 luerit.

2187 4775 2501 4825 SURISCL‘LA.
2536 4769 2806 4836 Pelagius,
2833 4765 3012 4820 libello
3039 4781 3115 4833 iv,
3149 4781 3203 4818 ιι.
3248 4759 3314 4817 67
3349 4783 3361 4818 :
3401 4784 3418 4816 ι
3457 4762 3684 4818 Lavabat

2114 4864 2460 4927 surisculam,
2491 4873 2546 4916 et
2575 4859 2826 4927 implebat
2875 4875 2992 4911 eam
3050 4873 3206 4926 aqua.
3246 4876 3263 4908 ι
3299 4856 3475 4918 Idem,
3511 4855 3684 4908 libello

2116 4969 2232 5019 VIII,
2260 4968 2384 5005 uum
2412 4952 2481 5004 ιι
2513 4969 2530 5002 ι
2568 4952 2788 5017 Propter
2809 4963 2992 5001 cauma
3021 4947 3254 5001 tulerunt
3277 4947 3682 5009 surisculam,et

2113 5045 2374 5096 dederunt
2395 5041 2442 5094 ei
2467 5041 2799 5094 utbiberet.)
2828 5039 2988 5104 Idem,
3021 5037 3195 5092 libello
3217 5052 3302 5097 vn,
3326 5033 3492 5087 n.53:
3523 5053 3540 5084 ε
3575 5033 3683 5088 Una

2113 5146 2287 5188 autem
2335 5133 2422 5186 die
2473 5133 2696 5201 implens
2746 5130 2847 5183 sibi
2898 5129 3207 5183 surisculam
3253 5141 3424 5192 aquae.
3457 5143 3477 5176 ι
3521 5123 3680 5185 Idem,

2117 5228 2295 5281 libello
2323 5240 2408 5279 xvi
2435 5265 2450 5289 ,
2484 5238 2627 5276 num.
2655 5223 2687 5274 5
2718 5239 2729 5273 :
2782 5237 2801 5271 ι
2839 5219 3110 5274 Suriscula
3135 5229 3254 5281 tua,
3284 5216 3449 5278 abba,
3479 5228 3684 5268 veneno

2107 5331 2181 5373 est
2211 5319 2386 5388 plena.
2414 5335 2432 5368 ι
2453 5313 2813 5379 Idem,libello
2843 5327 2994 5375 xvm,
3022 5327 3074 5364 n.
3100 5313 3128 5362 'l
3164 5328 3177 5364 :
3205 5329 3223 5361 ε
3258 5308 3522 5363 Pucrulus
3544 5305 3686 5361 stetit

2108 5422 2229 5464 ante
2259 5423 2378 5463 eum
2393 5407 2595 5461 habens
2610 5420 2798 5474 panem
2821 5412 2874 5459 et
2895 5403 3206 5458 surisculam
3225 5415 3394 5470 aquae.
3413 5421 3430 5452 ›
3459 5398 3598 5466 Quid
3619 5398 3684 5450 sit

2109 5511 2163 5557 et
2185 5498 2323 5554 unde
2345 5497 2605 5552 suriscula
2619 5496 2845 5563 dicatur,
2865 5512 2970 5548 non
2995 5495 3150 5562 plane
3163 5491 3404 5559 expedio.
3425 5491 3682 5555 Excerpta

2109 5607 2175 5646 ex
2200 5598 2306 5644 vet.
2325 5588 2502 5643 Gloss.
2526 5587 2831 5649 Graecula!"
2855 5585 2941 5639 ubi
2959 5587 3026 5640 de
3043 5584 3179 5638 vasis
3202 5582 3451 5636 ﬁctilibus
3467 5599 3479 5632 :
3498 5578 3677 5633 Pullo-

2109 5703 2123 5728 ι
2138 5685 2265 5750 ium,
2281 5683 2519 5756 σηρίσκος
2534 5681 2633 5754 [An
2649 5681 2743 5748 leg.
2768 5678 3005 5754 συρῖσκος
3025 5673 3069 5744 9]
3084 5673 3365 5730 Vulcanius
3379 5672 3503 5742 legit
3515 5669 3674 5742 pulla-
