4014 6368
271 332 373 391 sos
978 306 1463 385 ONouasrtcoa
1504 319 1742 384 nanum
1784 326 1842 382 Et

1945 320 2290 387 'ERBOHUM
2332 328 2871 388 BlFFIClLlORUM.
3428 339 3533 393 5i0

271 454 425 519 rium,
440 449 708 522 σηρίσκος.
723 446 830 505 Sed
845 445 965 517 quis
978 446 1350 516 eosignilicatu
1363 448 1841 521 npinocusurpa-
1871 444 1924 502 Α
1950 441 2113 498 edens
2135 445 2435 514 strepitum.
2467 463 2487 497 ι
2510 445 2698 501 Melius
2719 445 3013 502 Heraclidis
3040 445 3305 515 interpres
3331 465 3346 503 :
3382 468 3396 502 ε
3426 451 3533 507 So-

277 544 352 597 vit
367 541 392 595 ἲ
421 538 646 595 Invenio
672 536 1006 609 inHesycbio
1021 554 1034 592 :
1050 540 1310 613 Συρίσκος,
1324 538 1526 610 ἀγγεῖόν
1549 560 1599 592 τι
1613 536 1843 601 πλεκτὸν,

272 631 386 695 rica
414 639 548 687 σῦκα
570 632 897 702 ἐμϐάλλουσι,
924 633 1057 691 τινὲς
1084 630 1137 685 δὲ
1160 632 1367 703 opinatos
1384 628 1529 700 [Leg.
1558 626 1844 706 ὐρρίσκον.]

271 722 521 795 Syriscus
545 721 687 792 (seu)
719 720 956 775 suriscus
976 733 1070 773 vas
1097 734 1129 772 e
1156 719 1350 773 vimine
1379 718 1462 773 vel
1492 717 1593 771 alia
1622 716 1847 771 materia

273 818 517 886 plexum,
550 814 609 867 in
630 826 737 883 quo
768 812 897 865 licus
925 809 1113 879 reponi
1133 809 1300 875 soliti,
1322 808 1461 878 quod
1491 806 1702 877 quidam
1736 808 1847 883 ὑρί-

275 927 401 962 σκον
428 910 640 958 vocant.
673 920 692 953 ι
725 901 876 970 Apud
903 899 1148 955 eumdem
1180 898 1501 969 Hesychium
1530 917 1541 950 :
1573 896 1839 972 Ὗρισίδα,

272 993 559 1069 σπυρίδιον,
590 994 801 1065 σπυρίς.
841 990 969 1045 Item
999 990 1440 1065 ὐρισσὸς,φορμὸς
1473 1003 1485 1040 :
1528 1005 1547 1038 ι
1580 985 1846 1058 Hyrisida,

268 1084 525 1154 sportula,
546 1096 745 1153 sporta.
777 1081 1047 1153 Hyrissus,
1063 1090 1263 1145 sporta.
1300 1100 1320 1133 ι
1354 1080 1462 1136 Sed
1481 1080 1596 1136 haec
1618 1079 1772 1149 plexa
1796 1086 1851 1135 et

268 1175 503 1228 viminea
522 1187 711 1242 aquam
735 1173 1009 1227 continere
1038 1186 1146 1228 non
1175 1178 1414 1240 possunt.
1437 1169 1632 1224 Volunt
1668 1178 1848 1224 autem

268 1266 499 1338 σύριχος
545 1262 633 1317 vel
681 1266 947 1338 συρίσκος,
1003 1262 1200 1317 dictum
1233 1260 1384 1330 quasi
1414 1261 1587 1316 σύκων
1634 1257 1848 1334 aptior.

268 1353 449 1419 Quare
476 1367 596 1407 cum
619 1352 883 1424 Hesychio
903 1353 1115 1431 ὐδρὶθκη
1139 1353 1211 1408 sit
1233 1352 1433 1429 ὑδρεία,
1459 1351 1750 1408 videndum
1778 1367 1850 1406 an

274 1442 403 1497 hinc
430 1444 683 1498 suriscula
730 1457 830 1512 pro
876 1443 1169 1497 sudriscula
1220 1441 1496 1512 proveniat
1543 1441 1575 1497 δ
1619 1441 1850 1510 abiecto.

265 1533 431 1588 Certe
452 1535 484 1588 ὖ
509 1535 563 1588 in
592 1549 652 1587 su
678 1548 823 1603 saepe
847 1534 1090 1602 vertitur,
1124 1542 1182 1589 ut
1216 1531 1300 1600 ὗς,
1336 1550 1455 1600 sus,
1489 1543 1541 1588 et
1572 1534 1737 1589 multa
1768 1545 1851 1589 ta-

264 1620 342 1679 lia
375 1640 390 1677 :
416 1623 517 1679 nisi
544 1623 805 1679 suriscula
835 1625 906 1679 sit
932 1638 963 1679 a
1000 1624 1160 1702 σύρω,
1192 1625 1246 1678 id
1276 1634 1391 1693 est,
1421 1625 1591 1694 tralia,
1618 1625 1760 1695 quod
1786 1640 1851 1681 ea

265 1728 463 1784 aquam
484 1715 836 1769 extrahebant
863 1731 894 1770 e
919 1717 1111 1785 puteis.
1144 1716 1233 1772 Sic
1255 1715 1405 1771 lania:
1430 1733 1498 1771 xx
1528 1733 1542 1772 :
1570 1714 1848 1792 ὄστρακον,

1952 550 2188 605 numque
2211 537 2393 605 ﬂagris
2425 537 2600 592 facere
2625 537 2921 593 videbatur.
2960 557 2979 591 ι
3014 525 3332 609 Hesychius,
3358 546 3534 618 μαρά-

1949 646 2044 700 γνᾳ
2064 634 2127 698 τῇ
2152 628 2383 701 ταυρείᾳ.
2411 628 2537 681 item
2560 627 2817 704 μαράγνα,
2842 628 3050 699 μάσταξ,
3066 629 3275 703 ῥάϐδοζ,
3297 634 3529 707 scrupeis}.

1951 716 2232 779 Athanas.,
2266 716 2419 781 epist.
2451 716 2531 769 Ad
2559 718 2699 770 solit-.
2744 717 2905 770 vitam
2955 718 3285 785 agentes,de
3312 719 3525 775 A'rianis

1950 805 2246 875 Eutychum
2271 806 2655 862 subdiaconum
2682 807 3023 863 Alexandria:
3048 808 3447 879 intestantibu‘s,
3470 827 3522 880 p.

1952 893 2057 949 658
2082 913 2097 949 :
2125 900 2214 951 καὶ
2237 902 2541 960 ποιήσαντες
2582 900 2650 958 ἰίς
2689 900 2755 954 τὰ
2782 905 2919 952 νῶτα
2948 902 3205 974 ταυρεὰὶις
3224 898 3316 954 ἴσα
3335 900 3527 973 Θανάτῳ

1951 998 2291 1048 κατακοπῆναι
2323 1005 2337 1043 ;
2376 989 2591 1055 (Quem
2618 990 2846 1056 primum
2872 992 3083 1044 scuticis
3106 1006 3273 1061 usque
3294 991 3362 1046 ad
3384 996 3525 1046 mor“-

1954 1089 2061 1136 tem
2090 1090 2346 1134 curarunt
2371 1080 2661 1135 verberari.
2696 1098 2717 1131 ›
2745 1082 2879 1145 Quia
2902 1095 3027 1135 vero
3059 1090 3254 1136 taurea:
3281 1096 3348 1136 ex
3377 1083 3527 1136 corio

1953 1172 2152 1226 bubulo
2176 1171 2396 1236 ﬂebant,
2415 1170 2804 1227 somniantibus
2824 1171 3121 1239 praesertim
3146 1172 3313 1227 servis
3328 1187 3387 1228 se
3407 1188 3526 1227 car-

1953 1262 2112 1318 nibus
2140 1262 2352 1318 bubulis
2379 1263 2545 1344 vesci,
2567 1261 2728 1332 ﬂagra
2752 1263 2817 1317 iis
2847 1264 3124 1318 imminere
3146 1264 3410 1334 conjectat
3430 1280 3525 1320 seu

1954 1356 2181 1413 somniat
2204 1357 2379 1427 potius
2403 1358 2794 1422 Artemidorus,
2824 1358 3019 1425 librat,
3045 1372 3164 1427 cap.
3188 1359 3258 1414 72
3286 1377 3299 1412 :
3325 1361 3524 1422 Δούλοις

1952 1446 2005 1506 δὲ
2028 1452 2287 1522 βασάνους
2311 1447 2591 1520 (σημαίνει)
2604 1436 2689 1505 δδὶ
2708 1452 2796 1505 τὸν
2807 1451 3017 1519 ἵμαντα,
3034 1456 3117 1507 καὶ
3138 1458 3227 1513 τήν
3245 1454 3485 1528 saeper
3512 1468 3526 1507 :

1958 1560 1979 1595 ι
2012 1541 2197 1598 Servis
2237 1556 2366 1597 vero
2414 1548 2737 1596 tormentum
2772 1541 3060 1611 (designat)
3093 1553 3310 1613 propter
3352 1545 3524 1599 lorum

1951 1640 2008 1687 et
2046 1631 2266 1702 ﬂagrum
2310 1631 2602 1688 taurinum.
2638 1649 2659 1684 ι
2708 1630 2928 1695 Euseb.,
2960 1632 3012 1687 in
3067 1633 3293 1698 Chron.,
3317 1634 3524 1703 olymp.

1952 1722 2024 1777 55
2056 1739 2069 1775 :
2110 1740 2130 1773 ‹
2169 1721 2490 1790 Tarquinius
2518 1720 2792 1790 Superbus
2819 1723 3138 1791 excogitavit
3160 1721 3526 1790 vincula,tau-

267 1807 322 1861 in
375 1820 483 1876 quo
530 1810 786 1882 ἀποσυριῖ
807 1806 967 1882 ὕδωρ,
995 1820 1272 1875 ostracum,
1297 1824 1399 1878 quo
1425 1824 1563 1878 aqua
1590 1809 1849 1864 hauritur.
1879 1810 1927 1871 B
1954 1827 2092 1878 reas,
2118 1811 2308 1877 fustes,
2323 1812 2589 1877 latomias,
2607 1811 3098 1879 carceres,exsilia,
3124 1813 3356 1874 metalla,
3380 1828 3525 1867 com-

268 1898 408 1953 Vide
435 1906 589 1953 notas
632 1902 687 1953 in
718 1898 861 1953 LXX
891 1900 1245 1970 interpretes,
1272 1900 1340 1955 ad
1362 1915 1481 1970 cap.
1506 1916 1577 1968 tv,
1602 1899 1753 1956 Osca:
1780 1915 1845 1958 ex

264 1990 511 2046 editione
539 1990 798 2045 Romana.

342 2079 671 2145 Svucscws,
692 2096 784 2135 seu
814 2080 1146 2137 Svscscws.
1173 2081 1387 2137 Pratum
1408 2082 1703 2152 spirituale,
1724 2099 1843 2155 cap.

271 2173 378 2227 152
410 2190 424 2227 :
461 2193 479 2226 ι
516 2173 711 2229 Videns
736 2174 897 2245 igitur
917 2190 1036 2229 eum
1062 2175 1361 2245 patriarcha
1387 2175 1520 2231 dixit
1540 2177 1703 2231 Mena:
1719 2192 1847 2248 syn-

264 2266 410 2321 cello
438 2281 530 2321 seu
560 2267 819 2321 assessori
844 2282 963 2321 suo.
995 2285 1014 2319 ι
1045 2268 1162 2322 Vim
1192 2283 1450 2338 usumque
1474 2270 1622 2323 vocis
1647 2269 1848 2325 Graecae

264 2357 541 2430 auo/xiiii»)
566 2372 671 2411 non
697 2358 827 2411 satis
852 2358 1190 2427 exprimebat
1207 2374 1477 2425 assessor;
1511 2375 1674 2429 quare
1703 2358 1850 2414 Gne-

262 2462 389 2501 cuni
421 2447 738 2503 vocabulum
770 2449 821 2503 in
847 2458 992 2503 textu
1020 2450 1208 2504 Latino
1227 2452 1399 2520 posui.
1421 2451 1545 2505 Erat
1567 2466 1695 2506 vero
1715 2466 1845 2521 syn—

261 2540 442 2595 collus
470 2540 523 2594 in
562 2540 745 2596 Gra‘ea
784 2542 1024 2597 Ecclesia
1052 2543 1329 2611 proximus
1354 2560 1383 2596 a
1416 2545 1738 2612 patriarcha.
1770 2544 1850 2599 De

262 2644 375 2700 quo
436 2631 589 2700 plura
619 2630 905 2688 Grctzerus
934 2642 1146 2699 noster,
1179 2633 1245 2688 ad
1290 2633 1583 2700 Codinum,
1615 2636 1710 2690 lib.
1762 2647 1844 2704 nt,

264 2737 396 2792 cap.
426 2723 513 2787 Η,
542 2722 871 2792 Comment.,
900 2736 952 2780 et
984 2725 1269 2792 Meursius,
1302 2725 1354 2780 in
1381 2725 1653 2781 Glossario
1699 2727 1848 2783 Gras-

261 2811 597 2867 eobarbaro.
624 2813 723 2868 Ubi
756 2821 931 2870 tamen
964 2813 1347 2881 ballncinatur,
1371 2831 1491 2871 cum
1520 2816 1572 2870 in
1610 2816 1847 2873 Notkerii

260 2902 481 2958 Balbuli
509 2905 885 2975 Alartyrologio
934 2905 1221 2975 eongellam
1247 2907 1392 2976 capit
1444 2921 1541 2976 pro
1592 2910 1845 2979 syngcllo.

260 2995 381 3050 lmo
409 2994 682 3066 Congellus
712 2995 812 3050 viri
844 2997 1013 3050 sancti
1063 2994 1282 3051 Hiberni
1330 3011 1523 3053 nomen
1569 2997 1844 3068 proprium

260 3095 364 3151 est,
396 3085 641 3156 discipuli
666 3096 865 3144 sancta
891 3087 1163 3143 Columbae
1182 3129 1200 3155 ,
1228 3089 1380 3158 cujus
1409 3088 1604 3145 festum
1648 3105 1845 3145 occur-

1951 1903 2136 1974 pedes,
2167 1913 2402 1958 catenas.
2442 1922 2462 1955 ›
2496 1901 2626 1970 Qua:
2663 1900 2943 1971 desumpta
2972 1900 3219 1957 videntur
3237 1903 3305 1957 ab
3333 1903 3529 1973 Hiero:

1950 2010 2112 2066 nymo
2140 2012 2208 2050 ex
2232 1993 2475 2062 Eutropii
2503 1993 2746 2049 historia.
2762 1992 3142 2061 Tertullianus,
3159 1993 3222 2048 ad
3241 2004 3522 2065 martyres,

1910 2114 1917 2120 -
1949 2102 2069 2156 cap.
2100 2088 2135 2143 5
2167 2104 2181 2141 :
2219 2104 2238 2138 ι
2277 2086 2384 2141 Alii
2416 2086 2555 2141 inter
2585 2094 2895 2140 venatorum
2928 2094 3138 2138 laureas
3163 2084 3396 2153 scapulis
3424 2098 3520 2154 pa-

1951 2177 2289 2233 tientissimis
2318 2175 2800 2231 inambulaverunt.
2833 2191 2853 2227 ι
2883 2173 3000 2228 Vita
3024 2173 3196 2228 Pontii
3236 2174 3485 2245 martyris
3505 2216 3522 2240 ,

1952 2269 2019 2323 Μ
2050 2267 2169 2321 Maii
2197 2280 2212 2322 :
2251 2285 2270 2317 ι
2306 2267 2495 2322 Statim
2546 2264 2749 2334 egressi
2803 2272 2925 2318 sunt
2954 2262 3060 2318 duo
3093 2272 3373 2320 venatores
3400 2278 3522 2319 cum

1950 2361 2150 2416 taureis
2174 2367 2229 2413 et
2249 2357 2479 2413 nervicis
2501 2354 2791 2411 secundum
2817 2354 3277 2411 consuetudinem.
3307 2372 3325 2406 ›
3353 2355 3516 2412 Juve-

1950 2451 2085 2515 nal.,
2115 2459 2217 2505 sat.
2246 2449 2279 2502 6
2311 2467 2324 2504 :

2070 2560 2222 2611 Altior
2240 2559 2320 2609 hic
2339 2572 2493 2621 quare
2513 2562 2767 2610 cincinnos
2784 2562 2808 2611 i
2832 2560 3026 2611 Taurea
3054 2561 3191 2622 punit

2071 2622 2310 2672 Continuo
2329 2622 2447 2671 ﬂexi
2470 2624 2660 2672 crimen
2682 2623 2964 2685 facinusque
2984 2623 3160 2684 capilli.

1950 2714 2154 2771 Glossa:
2189 2723 2400 2771 veteres
2432 2731 2448 2769 :
2499 2732 2520 2766 ι
2556 2715 2800 2783 Taurete,
2828 2714 3016 2786 plagas,
3040 2714 3213 2769 nervi.
3251 2733 3270 2767 ι
3302 2714 3520 2770 Glossa-

1946 2808 2085 2863 rium
2115 2804 2545 2863 Camberonense
2563 2806 2660 2861 Ms.
2689 2824 2701 2859 :
2739 2824 2757 2858 ι
2787 2806 3033 2872 Taureae,
3066 2805 3331 2874 quoddam
3353 2820 3522 2874 genus

1948 2897 2221 2954 tormenti.
2247 2915 2267 2949 ι
2285 2896 2613 2951 Glossarium
2634 2895 3165 2951 Claromarcscanum
3189 2895 3286 2949 Ms.
3308 2911 3322 2949 :
3352 2913 3370 2947 ι
3396 2896 3507 2950 Tan

1946 3003 2072 3053 rete,
2105 2987 2294 3057 plagas,
2325 2986 2470 3040 nervi
2502 2986 2749 3056 genitalis
2780 2985 2937 3040 tauri.
2977 3005 2995 3037 ι

2018 3080 2088 3135 Ει
2116 3080 2239 3149 quia
2268 3093 2334 3133 ex
2390 3079 2602 3133 taurino
2650 3079 2799 3133 corio
2824 3078 2967 3133 varia
2992 3078 3205 3145 liebant,
3236 3079 3357 3135 ideo
3383 3096 3522 3134 nunc

261 3179 332 3230 rit
364 3178 400 3231 9
426 3176 589 3232 Junii.
625 3170 757 3247 ipse
783 3193 909 3234 vero
950 3177 1239 3249 Congvllus
1280 3188 1576 3249 praeceptor
1631 3183 1842 3254 1058

1945 3176 2192 3234 scutum,
2224 3180 2367 3223 nunc
2410 3167 2654 3238 galeam,
2684 3183 2824 3222 nunc
2876 3168 2978 3221 alia
3030 3184 3239 3238 quoque
3296 3184 3359 3224 ea
3414 3184 3514 3225 vox

260 3267 365 3323 fuit
390 3271 558 3325 sancti
586 3270 921 3326 Columbani.
953 3272 1085 3326 Vita:
1117 3272 1233 3341 ejus
1257 3287 1375 3341 cap.
1407 3274 1440 3326 '5
1472 3290 1487 3328 :
1519 3291 1538 3324 ι
1578 3274 1842 3328 Monaste-

258 3362 406 3415 rinm
453 3360 604 3431 cujus
651 3362 963 3417 vocabulum
1003 3373 1084 3417 est
1135 3362 1380 3417 Benchor
1430 3364 1602 3433 petiit,
1633 3360 1687 3417 in
1735 3378 1842 3433 quo

258 3451 463 3521 praesul
489 3451 742 3506 virtutum
774 3454 1017 3508 ubertate
1046 3453 1257 3507 cluebat
1304 3454 1492 3508 beatus
1518 3454 1802 3525 Congellus
1821 3495 1836 3522 ,

258 3542 514 3611 egregius
538 3541 676 3597 inter
704 3558 829 3598 suos
848 3543 1228 3598 monachorum
1252 3543 1430 3598 Pater.
1460 3556 1503 3595 ι’

334 3632 702 3687 Tansuassus.
764 3632 1051 3696 Palladius,
1084 3649 1203 3703 cap.
1234 3632 1349 3690 58:
1406 3653 1426 3687 ι
1476 3633 1841 3711 Tabennensis

256 3732 348 3775 est
398 3721 544 3776 locus
595 3723 674 3778 sic
700 3724 998 3792 appellatus
1044 3724 1096 3777 iu
1151 3724 1437 3779 Thebaide.
1494 3743 1514 3778 ›
1550 3726 1649 3782 Ubi
1693 3738 1841 3781 notat

260 3810 304 3864 F
319 3821 471 3865 "onto
496 3823 677 3866 noster
702 3830 715 3866 :
741 3813 796 3866 In
819 3813 1056 3868 editione
1076 3801 1518 3883 Lugdunobatava
1546 3816 1837 3885 legebatur,

261 3904 571 3965 ταϐέννησίς
619 3906 731 3959 ἐστι
780 3904 953 3969 τόπος,
977 3914 1031 3958 et
1078 3905 1377 3973 corrigebat
1420 3920 1486 3959 ex
1532 3906 1839 3976 conjectura

256 3993 546 4061 Meursius,
573 3996 783 4053 ταϐἐννη
812 3997 887 4056 τίς
912 3998 1026 4050 ἔστι
1053 3996 1209 4056 τόπος
1233 3996 1372 4064 quod
1399 3998 1610 4056 τκξέννη
1636 3999 1839 4053 dicere-

259 4093 357 4138 tur
380 4085 582 4151 insula;
623 4094 678 4139 at
705 4086 886 4155 regius
914 4085 1011 4140 Ms.
1053 4096 1108 4140 et
1142 4086 1471 4155 Nicephorus
1495 4087 1714 4144 Grmcus
1742 4089 1840 4143 im-

260 4175 529 4243 peratoris
550 4172 870 4229 Ferdinandi
888 4174 931 4228 ll
952 4184 1259 4229 constanter
1279 4176 1507 4231 retinent
1521 4180 1841 4241 ταϐεννήσιος

259 4275 319 4317 ut
354 4264 423 4318 sit
444 4278 474 4318 a
493 4266 701 4323 ταϐέννη
724 4266 1063 4331 ταϐεννὴσιος,
1090 4275 1141 4320 ιιι
1167 4275 1355 4320 tractus
1378 4266 1618 4321 Rhodani
1642 4270 1841 4326 dicitur

258 4356 595 4423 Ῥθδανήσιος,
644 4368 700 4412 et
736 4358 1153 4431 Λουγδδυνήσῑος,
1197 4359 1548 4428 Lugdunensis
1592 4379 1735 4434 ager.
1781 4365 1839 4419 In

263 4446 389 4499 \‘ita
419 4447 713 4513 Pachomii,
744 4448 1027 4518 Dionysius
1052 4448 1316 4518 interpres
1347 4469 1360 4504 :
1399 4470 1417 4503 ι
1454 4453 1661 4507 Accidit
1691 4464 1747 4508 ut
1772 4457 1837 4510 ad

1943 3260 2139 3329 signat.

2019 3352 2299 3407 Teurwu.
2328 3350 2384 3406 In
2414 3352 2616 3422 aliquot
2660 3350 2877 3407 Patrum
2916 3351 3050 3406 Vitis
3080 3353 3279 3408 mentio
3311 3353 3367 3407 lit
3391 3369 3517 3422 qna-

1945 3443 2187 3497 rumdam
2219 3444 2447 3512 partium
2499 3442 2819 3509 templorum
2859 3450 2916 3497 ut
2946 3443 3186 3506 sacrarii,
3217 3444 3515 3498 tribunalis.

1944 3534 2076 3589 Vide
2100 3534 2241 3588 dicta
2270 3550 2455 3601 supra,
2488 3533 2540 3587 in
2573 3534 2744 3600 BEIM,
2777 3549 2869 3588 seu
2902 3534 3074 3588 Buua.
3102 3534 3180 3589 Ne
3208 3535 3336 3603 quid
3368 3535 3432 3589 ad
3456 3550 3521 3590 ea

1942 3624 2058 3678 loca
2100 3623 2446 3693 intelligenda
2473 3622 2831 3689 desideretur,
2861 3626 3082 3679 consule
3119 3641 3240 3693 quze
3268 3626 3334 3680 de
3374 3624 3519 3681 Cra:-

1941 3733 2126 3772 corum
2152 3719 2366 3786 templis
2392 3718 2595 3772 notavit
2621 3718 2913 3773 Gentianus
2945 3719 3221 3785 llervetus,
3246 3720 3311 3773 ad
3340 3720 3516 3775 Litur-

1941 3811 2074 3879 gias,
2107 3812 2197 3880 qui
2231 3810 2484 3879 templum
2520 3808 2828 3865 Graecorum
2860 3810 2911 3864 in
2943 3820 3051 3866 tres
3092 3821 3269 3879 partes
3307 3813 3518 3868 dividit.

1942 3905 2137 3973 Supra,
2169 3906 2222 3960 in
2254 3906 2429 3967 BEMA,
2460 3907 2513 3958 in
2544 3903 2780 3974 quinque
2808 3914 2986 3973 partes
3015 3906 3242 3959 divisum
3268 3907 3432 3962 habes
3454 3923 3520 3962 ex

1942 3998 2167 4050 aliorum
2214 3994 2500 4051 sententia.
2549 3997 2653 4049 Sed
2679 4010 2768 4049 res
2795 3996 2847 4049 in
2873 3995 3012 4050 idem
3044 3998 3253 4053 recidit.
3285 3997 3422 4054 Vide
3468 4009 3523 4053 et

1944 4086 2251 4154 Meursium,
2286 4086 2339 4140 in
2380 4085 2652 4140 Giossario
2683 4085 3100 4143 Graecobarbaro
3123 4129 3138 4155 ,
3174 4088 3226 4142 in
3257 4092 3519 4168 Πρόθεσις,

1942 4180 2032 4247 qui
2063 4178 2261 4247 templa
2285 4176 2593 4233 Graecorum
2621 4178 2783 4233 etiam
2814 4178 2867 4232 in
2901 4187 3009 4233 tres
3034 4189 3211 4248 partes
3234 4181 3445 4237 dividit.

2014 4272 2320 4326 TENATTES.
2354 4270 2469 4325 Vita
2494 4270 2964 4335 Hilarionis,num.
2987 4269 3020 4323 4
3048 4289 3063 4326 :
3096 4290 3114 4324 ‹
3149 4272 3214 4326 Et
3242 4273 3518 4340 pelliceum

1944 4362 2146 4417 habens
2175 4362 2516 4432 ependytem,
2549 4380 2566 4413 ι
2596 4376 2702 4431 quo
2732 4362 2851 4416 loco
2872 4361 3107 4417 Joannes
3134 4362 3378 4416 Andreas
3407 4364 3521 4431 epi-

1945 4456 2201 4510 stularum
2229 4455 2337 4510 divi
2394 4454 2705 4525 Hieronymi
2733 4464 2888 4507 vetns
2916 4454 3107 4519 editor,
3143 4461 3264 4521 post
3288 4454 3518 4524 ependy-

262 4538 385 4591 loca
417 4536 846 4592 Tabenncnsium
873 4540 1082 4608 navigio
1110 4542 1432 4607 perveniret.
1471 4562 1489 4594 ι
1528 4543 1836 4601 Heraclides
1869 4549 1916 4608 υ
1942 4559 2043 4602 Mn
2073 4548 2255 4611 addit,
2286 4556 2337 4600 et
2386 4547 2697 4610 eraciestem,
2723 4544 2875 4612 cujus
2923 4544 3040 4597 loco
3070 4553 3177 4596 tres
3217 4541 3345 4597 Mss.
3378 4542 3517 4613 apud

258 4631 428 4686 etiam
456 4630 556 4685 hoc
579 4630 697 4685 loco
726 4633 921 4685 vertit:
950 4650 969 4683 ι
1000 4631 1367 4688 Tabennensis
1389 4635 1601 4689 nomine
1623 4636 1673 4690 in
1697 4636 1835 4693 The-

260 4722 426 4778 baide
455 4723 719 4791 provincia
747 4718 943 4778 dicitur
967 4727 1138 4780 locus.
1188 4743 1207 4776 ι
1464 4708 1469 4713 ‘

338 4814 596 4871 TABICHA.
659 4815 791 4869 Vitae
846 4816 1058 4870 Antonii
1111 4832 1230 4886 cap.
1270 4819 1446 4873 35:1
1511 4818 1836 4876 Asserenant

256 4908 467 4975 cuncti,
496 4908 719 4975 piscium
746 4907 1003 4962 falsorum
1024 4917 1081 4963 et
1110 4909 1435 4964 tariehorum
1468 4910 1522 4963 in
1546 4911 1665 4963 navi
1693 4913 1836 4979 posi-

258 5006 445 5054 torum
473 4996 612 5051 hunc
641 5011 762 5052 esse
790 5006 1055 5065 putorem.
1094 5016 1115 5051 ι
1150 4998 1224 5052 Ea
1251 5013 1379 5053 vera
1409 5000 1589 5064 lectio,
1621 5015 1726 5054 non
1754 5017 1839 5054 ca-

258 5089 514 5154 ricarum,
544 5090 627 5145 vel
679 5091 971 5145 cariturum
991 5132 1006 5156 ,
1030 5098 1089 5145 ut
1116 5090 1373 5145 hactenus
1419 5091 1641 5146 editum.
1674 5093 1839 5148 Erant

259 5180 470 5256 τάριχοι
496 5182 823 5251 salsamenta,
848 5185 989 5239 unde
1016 5187 1382 5262 ταμχοπῶλατ,
1423 5185 1803 5240 salsamentarii
1820 5227 1836 5251 ,

260 5282 321 5328 et
341 5276 728 5349 ταριχοπωὶεῖα
745 5276 1249 5330 salsamentariorum
1271 5276 1499 5346 oﬂt‘ct’nw.
1525 5276 1659 5331 Vide
1679 5277 1837 5332 scho-

262 5367 477 5422 liastem
503 5369 567 5421 ad
593 5366 960 5437 Aristophanis
989 5368 1227 5438 Equites.

338 5457 579 5516 TAUREA.
614 5460 667 5516 ld
689 5470 801 5527 est,
826 5462 1043 5526 scutica,
1068 5461 1351 5530 ﬂagellum.
1375 5460 1640 5516 Palladius
1660 5503 1674 5526 ,
1698 5461 1835 5516 Lau-

262 5551 423 5606 siaca:
449 5566 568 5620 cap.
601 5551 634 5606 8
667 5570 679 5605 :
714 5570 733 5603 ι
770 5551 951 5606 Adfuit
1004 5552 1214 5607 damon
1262 5552 1487 5622 quadam
1519 5563 1676 5607 nocte
1711 5560 1833 5607 tau-

263 5655 412 5695 ream
439 5653 627 5697 tenens
655 5642 792 5696 sicut
816 5641 1050 5697 carnifex
1078 5684 1093 5707 ,
1133 5659 1153 5693 ι
1189 5641 1275 5698 ubi
1306 5642 1584 5710 Hcrvctus,
1608 5642 1835 5697 novitius

266 5732 492 5791 Palladii
524 5735 811 5805 interorcs,
840 5749 960 5805 cap.
994 5734 1080 5803 18,
1108 5734 1264 5790 vertit
1300 5752 1311 5785 :
1350 5752 1368 5787 ‹
1422 5735 1651 5790 Taurino
1691 5734 1828 5804 pelle

1945 4638 2181 4691 Adonem
2238 4637 2290 4690 in
2339 4636 2742 4704 Martyrologio,
2782 4633 2849 4690 21
2897 4632 3179 4698 Octobris,
3208 4633 3439 4700 habent,
3465 4642 3518 4688 et

1942 4738 2197 4783 tenattem.
2224 4728 2477 4782 Neutrum
2514 4727 2563 4779 in
2595 4735 2795 4780 textum
2822 4724 3227 4793 recepi,veritus
3257 4740 3323 4778 ne
3345 4725 3517 4780 inter.

1944 4829 2268 4889 pretamenta
2296 4819 2401 4872 sint
2423 4818 2567 4872 vocis
2596 4818 2889 4888 epeudytes.
2922 4817 3025 4871 Sed
3050 4818 3162 4886 ipsa
3189 4816 3516 4887 interpreta-

1944 4920 2120 4965 uzenta
2160 4923 2288 4963 voce
2312 4908 2561 4977 primaria
2589 4915 2712 4961 sunt
2741 4906 3070 4961 obscuriora.
3101 4906 3275 4976 Supra
3305 4907 3371 4961 de
3400 4924 3515 4960 era-

1938 5008 2087 5059 cieste
2114 5004 2366 5074 inquisivi
2389 5044 2403 5067 ,
2430 5017 2571 5056 nunc
2598 5001 2873 5055 videamus
2899 4998 3023 5068 quid
3054 5008 3282 5053 teuattes.
3313 4998 3370 5054 In
3404 5000 3514 5069 pri-

1940 5096 2043 5150 mis
2062 5096 2269 5150 videtur
2295 5109 2401 5148 non
2430 5107 2550 5148 esse
2579 5092 2886 5146 distinctum
2918 5089 3117 5158 aliquid
3146 5090 3215 5144 ab
3244 5091 3510 5162 ependyle,

1938 5186 2032 5243 sed
2078 5188 2249 5256 potius
2297 5185 2415 5255 ejus
2437 5184 2952 5252 interpretationem.
2989 5183 3070 5237 An
3124 5182 3406 5252 legendum
3465 5195 3511 5235 et

1940 5287 2135 5331 noctem
2159 5317 2174 5341 ,
2205 5284 2265 5329 ut
2293 5283 2336 5328 te
2376 5273 2649 5341 irrepserit
2675 5287 2741 5326 ex
2785 5272 2891 5326 line
2920 5273 3241 5340 ependyten?
3264 5276 3427 5334 Νάκος
3456 5281 3511 5326 et

1940 5372 2100 5424 νᾷκτα
2128 5366 2412 5433 Hesycbio,
2442 5364 2593 5432 pellis
2622 5372 2675 5419 et
2702 5364 2814 5433 pili.
2845 5364 2981 5418 Sunt
3001 5365 3089 5433 qui
3119 5373 3354 5418 tenattem
3381 5365 3515 5419 divi.

1942 5471 2071 5514 nent
2099 5468 2274 5512 ortum
2320 5470 2386 5512 ex
2416 5456 2607 5511 Graeco
2651 5461 2740 5515 τήν
2781 5456 2952 5520 νάκην,
2985 5458 3133 5524 quasi
3164 5464 3407 5510 tenacem.
3441 5456 3511 5509 Ita

1940 5548 2246 5605 Lansselius
2266 5555 2469 5603 noster.
2489 5546 2592 5602 Sed
2620 5561 2739 5602 cum
2770 5546 3123 5616 Hieronymus
3150 5545 3336 5601 Latine
3361 5547 3504 5602 seri-

1939 5642 2137 5712 pscrit,
2187 5653 2285 5693 nec
2316 5654 2378 5692 rx
2406 5637 2595 5694 Crmco
2626 5637 2868 5701 verterit,
2902 5638 3000 5690 alia
3041 5638 3324 5706 quaerenda
3356 5639 3507 5690 ratio.

2008 5729 2260 5799 Suspicor
2292 5738 2527 5783 tenuitati:
2558 5744 2652 5800 pro
2683 5738 2928 5783 renattem
2960 5732 3009 5782 in
3043 5730 3321 5800 pleresque
3346 5726 3498 5795 libros
