  <div class='ocr_page' id='page_1' title='image "/cluster/home/n/w/nwhite01/storage/ocr_20150623/74/hvd.32044015469372/265.png"; bbox 0 0 4014 6368; ppageno 0'>
   <div class='ocr_carea' id='block_1_1' title="bbox 470 366 568 427">
    <p class='ocr_par' dir='ltr' id='par_1_1' title="bbox 470 366 568 427">
     <span class='ocr_line' id='line_1_1' title="bbox 470 366 568 427; baseline -0.051 0"><span class='ocrx_word' id='word_1_1' title='bbox 470 366 568 427; x_wconf 64' lang='lat' dir='ltr'><strong>{ill</strong></span> 
     </span>
    </p>
   </div>
   <div class='ocr_carea' id='block_1_2' title="bbox 1159 346 2056 417">
    <p class='ocr_par' dir='ltr' id='par_1_2' title="bbox 1159 350 2047 417">
     <span class='ocr_line' id='line_1_2' title="bbox 1159 350 2047 417; baseline -0.012 1"><span class='ocrx_word' id='word_1_2' title='bbox 1159 352 1638 417; x_wconf 72' lang='grc' dir='ltr'><strong>ΟΝΟΜΑΞἸἹΟΟΝ</strong></span> <span class='ocrx_word' id='word_1_3' title='bbox 1682 350 1914 410; x_wconf 76' lang='lat' dir='ltr'><strong>RERUM</strong></span> <span class='ocrx_word' id='word_1_4' title='bbox 1962 351 2047 408; x_wconf 81' lang='grc' dir='ltr'><strong>ΕΤ</strong></span> 
     </span>
    </p>
   </div>
   <div class='ocr_carea' id='block_1_3' title="bbox 2162 346 3037 417">
    <p class='ocr_par' dir='ltr' id='par_1_3' title="bbox 2162 346 3037 409">
     <span class='ocr_line' id='line_1_3' title="bbox 2162 346 3037 409; baseline 0.001 -3"><span class='ocrx_word' id='word_1_5' title='bbox 2162 348 2465 406; x_wconf 67' lang='lat' dir='ltr'>ERBURUM</span> <span class='ocrx_word' id='word_1_6' title='bbox 2506 346 3037 409; x_wconf 74' lang='lat' dir='ltr'><strong>DlFFlClLIORUM.</strong></span> 
     </span>
    </p>
   </div>
   <div class='ocr_carea' id='block_1_4' title="bbox 3633 350 3738 413">
    <p class='ocr_par' dir='ltr' id='par_1_4' title="bbox 3633 350 3738 413">
     <span class='ocr_line' id='line_1_4' title="bbox 3633 350 3738 413; baseline 0.048 -5"><span class='ocrx_word' id='word_1_7' title='bbox 3633 350 3738 413; x_wconf 65' lang='lat' dir='ltr'><strong>5li</strong></span> 
     </span>
    </p>
   </div>
   <div class='ocr_carea' id='block_1_5' title="bbox 469 466 3733 545">
    <p class='ocr_par' dir='ltr' id='par_1_5' title="bbox 469 466 3733 545">
     <span class='ocr_line' id='line_1_5' title="bbox 469 466 3733 545; baseline -0.002 -10"><span class='ocrx_word' id='word_1_8' title='bbox 469 476 771 545; x_wconf 79' lang='lat' dir='ltr'><strong>irrepsisse.</strong></span> <span class='ocrx_word' id='word_1_9' title='bbox 806 473 1038 528; x_wconf 84' lang='lat' dir='ltr'><strong>Renattis</strong></span> <span class='ocrx_word' id='word_1_10' title='bbox 1066 480 1242 527; x_wconf 88' lang='lat' dir='ltr'><strong>autem</strong></span> <span class='ocrx_word' id='word_1_11' title='bbox 1286 472 1635 541; x_wconf 77' lang='lat' dir='ltr'><strong>depravatum</strong></span> <span class='ocrx_word' id='word_1_12' title='bbox 1676 476 1733 523; x_wconf 88' lang='lat' dir='ltr'><strong>et</strong></span> <span class='ocrx_word' id='word_1_13' title='bbox 1774 466 2044 521; x_wconf 77' lang='lat' dir='ltr'><strong>detortum</strong></span> <span class='ocrx_word' id='word_1_14' title='bbox 2075 475 2127 536; x_wconf 74' lang='grc' dir='ltr'>Α</span> <span class='ocrx_word' id='word_1_15' title='bbox 2154 466 2521 521; x_wconf 76' lang='lat' dir='ltr'><strong>instrumentis</strong></span> <span class='ocrx_word' id='word_1_16' title='bbox 2548 467 2784 539; x_wconf 85' lang='lat' dir='ltr'><strong>(acerris</strong></span> <span class='ocrx_word' id='word_1_17' title='bbox 2806 467 3006 522; x_wconf 90' lang='lat' dir='ltr'><strong>scilicet</strong></span> <span class='ocrx_word' id='word_1_18' title='bbox 3026 468 3107 524; x_wconf 89' lang='lat' dir='ltr'><strong>vel</strong></span> <span class='ocrx_word' id='word_1_19' title='bbox 3131 467 3447 544; x_wconf 82' lang='lat' dir='ltr'><strong>thuribulis)</strong></span> <span class='ocrx_word' id='word_1_20' title='bbox 3473 485 3571 542; x_wconf 87' lang='lat' dir='ltr'><strong>per</strong></span> <span class='ocrx_word' id='word_1_21' title='bbox 3589 470 3733 531; x_wconf 84' lang='lat' dir='ltr'><strong>illam</strong></span> 
     </span>
    </p>
   </div>
   <div class='ocr_carea' id='block_1_6' title="bbox 468 556 2052 632">
    <p class='ocr_par' dir='ltr' id='par_1_6' title="bbox 468 556 2052 632">
     <span class='ocr_line' id='line_1_6' title="bbox 468 556 2052 632; baseline -0.008 -9"><span class='ocrx_word' id='word_1_22' title='bbox 468 584 499 623; x_wconf 88' lang='lat' dir='ltr'><strong>a</strong></span> <span class='ocrx_word' id='word_1_23' title='bbox 533 579 754 621; x_wconf 82' lang='lat' dir='ltr'><strong>renone.</strong></span> <span class='ocrx_word' id='word_1_24' title='bbox 813 562 1148 632; x_wconf 82' lang='lat' dir='ltr'><strong>Suspicionis</strong></span> <span class='ocrx_word' id='word_1_25' title='bbox 1205 576 1339 616; x_wconf 73' lang='lat' dir='ltr'><strong>mea:</strong></span> <span class='ocrx_word' id='word_1_26' title='bbox 1389 559 1581 614; x_wconf 89' lang='lat' dir='ltr'><strong>fundus</strong></span> <span class='ocrx_word' id='word_1_27' title='bbox 1633 566 1715 612; x_wconf 86' lang='lat' dir='ltr'><strong>est</strong></span> <span class='ocrx_word' id='word_1_28' title='bbox 1740 557 1837 613; x_wconf 80' lang='lat' dir='ltr'><strong>Ms.</strong></span> <span class='ocrx_word' id='word_1_29' title='bbox 1867 556 2052 611; x_wconf 82' lang='lat' dir='ltr'><strong>Sancti</strong></span> 
     </span>
    </p>
   </div>
   <div class='ocr_carea' id='block_1_7' title="bbox 469 650 2054 721">
    <p class='ocr_par' dir='ltr' id='par_1_7' title="bbox 469 650 2054 721">
     <span class='ocr_line' id='line_1_7' title="bbox 469 650 2054 721; baseline -0.009 -4"><span class='ocrx_word' id='word_1_30' title='bbox 469 658 704 717; x_wconf 81' lang='lat' dir='ltr'><strong>Floriani</strong></span> <span class='ocrx_word' id='word_1_31' title='bbox 728 654 1148 719; x_wconf 83' lang='lat' dir='ltr'><strong>vetustissimus,</strong></span> <span class='ocrx_word' id='word_1_32' title='bbox 1180 653 1232 706; x_wconf 94' lang='lat' dir='ltr'><strong>in</strong></span> <span class='ocrx_word' id='word_1_33' title='bbox 1282 666 1389 721; x_wconf 88' lang='lat' dir='ltr'><strong>quo</strong></span> <span class='ocrx_word' id='word_1_34' title='bbox 1414 650 1500 705; x_wconf 88' lang='lat' dir='ltr'><strong>hic</strong></span> <span class='ocrx_word' id='word_1_35' title='bbox 1546 651 1696 705; x_wconf 87' lang='lat' dir='ltr'><strong>locus</strong></span> <span class='ocrx_word' id='word_1_36' title='bbox 1743 650 1814 703; x_wconf 87' lang='lat' dir='ltr'><strong>ita</strong></span> <span class='ocrx_word' id='word_1_37' title='bbox 1858 664 2054 704; x_wconf 87' lang='lat' dir='ltr'><strong>conce-</strong></span> 
     </span>
    </p>
   </div>
   <div class='ocr_carea' id='block_1_8' title="bbox 469 746 2050 827">
    <p class='ocr_par' dir='ltr' id='par_1_8' title="bbox 469 746 2050 827">
     <span class='ocr_line' id='line_1_8' title="bbox 469 746 2050 827; baseline -0.008 -18"><span class='ocrx_word' id='word_1_38' title='bbox 469 768 596 827; x_wconf 82' lang='lat' dir='ltr'><strong>ptus</strong></span> <span class='ocrx_word' id='word_1_39' title='bbox 646 772 658 807; x_wconf 94' lang='lat'>:</span> <span class='ocrx_word' id='word_1_40' title='bbox 696 771 713 803; x_wconf 77' lang='lat' dir='ltr'><strong>I</strong></span> <span class='ocrx_word' id='word_1_41' title='bbox 753 752 819 807; x_wconf 82' lang='lat' dir='ltr'><strong>Et</strong></span> <span class='ocrx_word' id='word_1_42' title='bbox 874 751 1153 820; x_wconf 88' lang='lat' dir='ltr'><strong>pelliceum</strong></span> <span class='ocrx_word' id='word_1_43' title='bbox 1196 747 1399 801; x_wconf 79' lang='lat' dir='ltr'><strong>habens</strong></span> <span class='ocrx_word' id='word_1_44' title='bbox 1433 746 1733 816; x_wconf 84' lang='lat' dir='ltr'><strong>ependyten</strong></span> <span class='ocrx_word' id='word_1_45' title='bbox 1776 747 2050 814; x_wconf 84' lang='lat' dir='ltr'><strong>(renatum</strong></span> 
     </span>
    </p>
   </div>
   <div class='ocr_carea' id='block_1_9' title="bbox 470 836 2052 913">
    <p class='ocr_par' dir='ltr' id='par_1_9' title="bbox 470 836 2052 913">
     <span class='ocr_line' id='line_1_9' title="bbox 470 836 2052 913; baseline -0.008 -12"><span class='ocrx_word' id='word_1_46' title='bbox 470 844 577 901; x_wconf 82' lang='lat' dir='ltr'><strong>hoc</strong></span> <span class='ocrx_word' id='word_1_47' title='bbox 621 854 703 900; x_wconf 91' lang='lat' dir='ltr'><strong>est</strong></span> <span class='ocrx_word' id='word_1_48' title='bbox 730 843 1008 913; x_wconf 85' lang='lat' dir='ltr'><strong>pallium).</strong></span> <span class='ocrx_word' id='word_1_49' title='bbox 1041 861 1060 893; x_wconf 73' lang='grc' dir='ltr'><strong><em>ι</em></strong></span> <span class='ocrx_word' id='word_1_50' title='bbox 1089 840 1327 909; x_wconf 80' lang='lat' dir='ltr'><strong>Explicat</strong></span> <span class='ocrx_word' id='word_1_51' title='bbox 1348 838 1589 892; x_wconf 74' lang='lat' dir='ltr'><strong>videlicet</strong></span> <span class='ocrx_word' id='word_1_52' title='bbox 1611 836 1876 905; x_wconf 76' lang='lat' dir='ltr'><strong>pelliceum</strong></span> <span class='ocrx_word' id='word_1_53' title='bbox 1901 853 2052 907; x_wconf 87' lang='lat' dir='ltr'><strong>epen-</strong></span> 
     </span>
    </p>
   </div>
   <div class='ocr_carea' id='block_1_10' title="bbox 475 932 2050 1009">
    <p class='ocr_par' dir='ltr' id='par_1_10' title="bbox 475 932 2050 1009">
     <span class='ocr_line' id='line_1_10' title="bbox 475 932 2050 1009; baseline -0.006 -17"><span class='ocrx_word' id='word_1_54' title='bbox 475 938 647 1009; x_wconf 80' lang='lat' dir='ltr'><strong>dytem</strong></span> <span class='ocrx_word' id='word_1_55' title='bbox 672 951 765 1005; x_wconf 85' lang='lat' dir='ltr'><strong>per</strong></span> <span class='ocrx_word' id='word_1_56' title='bbox 789 935 1001 1003; x_wconf 79' lang='lat' dir='ltr'><strong>pallium</strong></span> <span class='ocrx_word' id='word_1_57' title='bbox 1022 942 1250 986; x_wconf 76' lang='lat' dir='ltr'><strong>renatum</strong></span> <span class='ocrx_word' id='word_1_58' title='bbox 1276 946 1367 985; x_wconf 86' lang='lat' dir='ltr'><strong>seu</strong></span> <span class='ocrx_word' id='word_1_59' title='bbox 1392 942 1687 983; x_wconf 78' lang='lat' dir='ltr'><strong>renovatum</strong></span> <span class='ocrx_word' id='word_1_60' title='bbox 1706 944 1735 983; x_wconf 88' lang='lat' dir='ltr'><strong>a</strong></span> <span class='ocrx_word' id='word_1_61' title='bbox 1756 932 2050 996; x_wconf 73' lang='lat' dir='ltr'><strong>renonibus,</strong></span> 
     </span>
    </p>
   </div>
   <div class='ocr_carea' id='block_1_11' title="bbox 471 1022 1192 1098">
    <p class='ocr_par' dir='ltr' id='par_1_11' title="bbox 471 1022 1192 1098">
     <span class='ocr_line' id='line_1_11' title="bbox 471 1022 1192 1098; baseline -0.01 -18"><span class='ocrx_word' id='word_1_62' title='bbox 471 1026 564 1098; x_wconf 86' lang='lat' dir='ltr'><strong>qui</strong></span> <span class='ocrx_word' id='word_1_63' title='bbox 596 1025 695 1093; x_wconf 88' lang='lat' dir='ltr'><strong>ipsi</strong></span> <span class='ocrx_word' id='word_1_64' title='bbox 726 1038 936 1092; x_wconf 85' lang='lat' dir='ltr'><strong>quoque</strong></span> <span class='ocrx_word' id='word_1_65' title='bbox 965 1022 1192 1091; x_wconf 90' lang='lat' dir='ltr'><strong>pellicei.</strong></span> 
     </span>
    </p>
   </div>
   <div class='ocr_carea' id='block_1_12' title="bbox 544 1109 2055 1180">
    <p class='ocr_par' dir='ltr' id='par_1_12' title="bbox 544 1109 2055 1180">
     <span class='ocr_line' id='line_1_12' title="bbox 544 1109 2055 1180; baseline -0.002 -12"><span class='ocrx_word' id='word_1_66' title='bbox 544 1115 837 1169; x_wconf 71' lang='lat' dir='ltr'><strong>Tuscum.</strong></span> <span class='ocrx_word' id='word_1_67' title='bbox 868 1114 940 1167; x_wconf 86' lang='lat' dir='ltr'><strong>Ita</strong></span> <span class='ocrx_word' id='word_1_68' title='bbox 969 1127 1111 1180; x_wconf 72' lang='lat' dir='ltr'><strong>smpe</strong></span> <span class='ocrx_word' id='word_1_69' title='bbox 1139 1110 1446 1164; x_wconf 82' lang='lat' dir='ltr'><strong>nominandi</strong></span> <span class='ocrx_word' id='word_1_70' title='bbox 1472 1125 1600 1164; x_wconf 90' lang='lat' dir='ltr'><strong>casu</strong></span> <span class='ocrx_word' id='word_1_71' title='bbox 1624 1109 1853 1163; x_wconf 89' lang='lat' dir='ltr'><strong>occurrit</strong></span> <span class='ocrx_word' id='word_1_72' title='bbox 1888 1110 1938 1163; x_wconf 90' lang='lat' dir='ltr'><strong>in</strong></span> <span class='ocrx_word' id='word_1_73' title='bbox 1972 1109 2055 1166; x_wconf 86' lang='lat' dir='ltr'><strong>his</strong></span> 
     </span>
    </p>
   </div>
   <div class='ocr_carea' id='block_1_13' title="bbox 467 1199 2054 1271">
    <p class='ocr_par' dir='ltr' id='par_1_13' title="bbox 467 1199 2054 1271">
     <span class='ocr_line' id='line_1_13' title="bbox 467 1199 2054 1271; baseline -0.002 -14"><span class='ocrx_word' id='word_1_74' title='bbox 467 1200 619 1257; x_wconf 82' lang='lat' dir='ltr'><strong>libris</strong></span> <span class='ocrx_word' id='word_1_75' title='bbox 648 1217 747 1271; x_wconf 90' lang='lat' dir='ltr'><strong>pro</strong></span> <span class='ocrx_word' id='word_1_76' title='bbox 776 1200 1017 1254; x_wconf 81' lang='lat' dir='ltr'><strong>Thebais.</strong></span> <span class='ocrx_word' id='word_1_77' title='bbox 1051 1199 1433 1270; x_wconf 76' lang='lat' dir='ltr'><strong>Hieronymus,</strong></span> <span class='ocrx_word' id='word_1_78' title='bbox 1466 1199 1519 1252; x_wconf 93' lang='lat' dir='ltr'><strong>in</strong></span> <span class='ocrx_word' id='word_1_79' title='bbox 1554 1199 1672 1252; x_wconf 86' lang='lat' dir='ltr'><strong>Vita</strong></span> <span class='ocrx_word' id='word_1_80' title='bbox 1714 1200 1863 1253; x_wconf 86' lang='lat' dir='ltr'><strong>Pauli</strong></span> <span class='ocrx_word' id='word_1_81' title='bbox 1898 1200 2054 1268; x_wconf 79' lang='lat' dir='ltr'><strong>primi</strong></span> 
     </span>
    </p>
   </div>
   <div class='ocr_carea' id='block_1_14' title="bbox 472 1290 2055 1362">
    <p class='ocr_par' dir='ltr' id='par_1_14' title="bbox 472 1290 2055 1362">
     <span class='ocr_line' id='line_1_14' title="bbox 472 1290 2055 1362; baseline -0.001 -14"><span class='ocrx_word' id='word_1_82' title='bbox 472 1295 708 1348; x_wconf 66' lang='lat' dir='ltr'><strong>eremitae</strong></span> <span class='ocrx_word' id='word_1_83' title='bbox 735 1308 879 1346; x_wconf 91' lang='lat' dir='ltr'><strong>num.</strong></span> <span class='ocrx_word' id='word_1_84' title='bbox 904 1294 971 1347; x_wconf 63' lang='grc' dir='ltr'><strong>ἓξ</strong></span> <span class='ocrx_word' id='word_1_85' title='bbox 999 1310 1017 1343; x_wconf 74' lang='grc' dir='ltr'>ί</span> <span class='ocrx_word' id='word_1_86' title='bbox 1046 1293 1237 1347; x_wconf 81' lang='lat' dir='ltr'><strong>Multas</strong></span> <span class='ocrx_word' id='word_1_87' title='bbox 1256 1292 1393 1361; x_wconf 88' lang='lat' dir='ltr'><strong>apud</strong></span> <span class='ocrx_word' id='word_1_88' title='bbox 1420 1290 1706 1362; x_wconf 63' lang='lat' dir='ltr'><strong>Egyptum</strong></span> <span class='ocrx_word' id='word_1_89' title='bbox 1736 1303 1789 1347; x_wconf 90' lang='lat' dir='ltr'><strong>et</strong></span> <span class='ocrx_word' id='word_1_90' title='bbox 1818 1293 2055 1347; x_wconf 87' lang='lat' dir='ltr'><strong>Thebai-</strong></span> 
     </span>
    </p>
   </div>
   <div class='ocr_carea' id='block_1_15' title="bbox 476 1383 2057 1452">
    <p class='ocr_par' dir='ltr' id='par_1_15' title="bbox 476 1383 2057 1452">
     <span class='ocr_line' id='line_1_15' title="bbox 476 1383 2057 1452; baseline -0.003 -13"><span class='ocrx_word' id='word_1_91' title='bbox 476 1385 599 1439; x_wconf 88' lang='lat' dir='ltr'><strong>dam</strong></span> <span class='ocrx_word' id='word_1_92' title='bbox 626 1384 881 1438; x_wconf 87' lang='lat' dir='ltr'><strong>ecclesias</strong></span> <span class='ocrx_word' id='word_1_93' title='bbox 912 1393 1201 1452; x_wconf 80' lang='lat' dir='ltr'><strong>tempestas</strong></span> <span class='ocrx_word' id='word_1_94' title='bbox 1228 1397 1369 1436; x_wconf 70' lang='lat' dir='ltr'><strong>suava</strong></span> <span class='ocrx_word' id='word_1_95' title='bbox 1400 1383 1648 1448; x_wconf 79' lang='lat' dir='ltr'><strong>populata</strong></span> <span class='ocrx_word' id='word_1_96' title='bbox 1665 1392 1765 1435; x_wconf 87' lang='lat' dir='ltr'><strong>est.</strong></span> <span class='ocrx_word' id='word_1_97' title='bbox 1803 1401 1820 1434; x_wconf 76' lang='grc' dir='ltr'><strong><em>ι</em></strong></span> <span class='ocrx_word' id='word_1_98' title='bbox 1853 1384 1923 1434; x_wconf 76' lang='lat' dir='ltr'><strong>Ea</strong></span> <span class='ocrx_word' id='word_1_99' title='bbox 1949 1384 2057 1435; x_wconf 82' lang='lat' dir='ltr'><strong>for—</strong></span> 
     </span>
    </p>
   </div>
   <div class='ocr_carea' id='block_1_16' title="bbox 471 1471 2059 1541">
    <p class='ocr_par' dir='ltr' id='par_1_16' title="bbox 471 1471 2059 1541">
     <span class='ocr_line' id='line_1_16' title="bbox 471 1471 2059 1541; baseline -0.001 -14"><span class='ocrx_word' id='word_1_100' title='bbox 471 1489 557 1528; x_wconf 82' lang='lat' dir='ltr'><strong>ma</strong></span> <span class='ocrx_word' id='word_1_101' title='bbox 588 1473 779 1528; x_wconf 89' lang='lat' dir='ltr'><strong>dicitur</strong></span> <span class='ocrx_word' id='word_1_102' title='bbox 805 1472 1022 1527; x_wconf 79' lang='lat' dir='ltr'><strong>Persida</strong></span> <span class='ocrx_word' id='word_1_103' title='bbox 1046 1489 1141 1541; x_wconf 86' lang='lat' dir='ltr'><strong>pro</strong></span> <span class='ocrx_word' id='word_1_104' title='bbox 1167 1471 1358 1537; x_wconf 83' lang='lat' dir='ltr'><strong>Persis,</strong></span> <span class='ocrx_word' id='word_1_105' title='bbox 1378 1472 1428 1524; x_wconf 91' lang='lat' dir='ltr'><strong>in</strong></span> <span class='ocrx_word' id='word_1_106' title='bbox 1464 1472 1577 1525; x_wconf 83' lang='lat' dir='ltr'><strong>Vita</strong></span> <span class='ocrx_word' id='word_1_107' title='bbox 1597 1472 1764 1525; x_wconf 86' lang='lat' dir='ltr'><strong>sancti</strong></span> <span class='ocrx_word' id='word_1_108' title='bbox 1790 1473 2059 1526; x_wconf 86' lang='lat' dir='ltr'><strong>Sebastia-</strong></span> 
     </span>
    </p>
   </div>
   <div class='ocr_carea' id='block_1_17' title="bbox 475 1561 2055 1631">
    <p class='ocr_par' dir='ltr' id='par_1_17' title="bbox 475 1561 2055 1631">
     <span class='ocr_line' id='line_1_17' title="bbox 475 1561 2055 1631; baseline 0 -14"><span class='ocrx_word' id='word_1_109' title='bbox 475 1561 565 1629; x_wconf 91' lang='lat' dir='ltr'><strong>ni;</strong></span> <span class='ocrx_word' id='word_1_110' title='bbox 600 1562 922 1617; x_wconf 78' lang='lat' dir='ltr'><strong>Ptolemaida</strong></span> <span class='ocrx_word' id='word_1_111' title='bbox 965 1579 1060 1631; x_wconf 85' lang='lat' dir='ltr'><strong>pro</strong></span> <span class='ocrx_word' id='word_1_112' title='bbox 1092 1561 1394 1626; x_wconf 76' lang='lat' dir='ltr'><strong>Ptolemais,</strong></span> <span class='ocrx_word' id='word_1_113' title='bbox 1421 1561 1689 1615; x_wconf 78' lang='lat' dir='ltr'><strong>Marc&#39;ano</strong></span> <span class='ocrx_word' id='word_1_114' title='bbox 1742 1563 1989 1629; x_wconf 75' lang='lat' dir='ltr'><strong>Capellzr,</strong></span> <span class='ocrx_word' id='word_1_115' title='bbox 2018 1564 2055 1617; x_wconf 88' lang='grc' dir='ltr'><strong>Ι.</strong></span> 
     </span>
    </p>
   </div>
   <div class='ocr_carea' id='block_1_18' title="bbox 464 1650 2055 1723">
    <p class='ocr_par' dir='ltr' id='par_1_18' title="bbox 464 1650 2055 1723">
     <span class='ocr_line' id='line_1_18' title="bbox 464 1650 2055 1723; baseline 0.001 -18"><span class='ocrx_word' id='word_1_116' title='bbox 464 1666 667 1723; x_wconf 76' lang='lat' dir='ltr'><strong>Vt,cup.</strong></span> <span class='ocrx_word' id='word_1_117' title='bbox 692 1654 764 1707; x_wconf 88' lang='lat' dir='ltr'><strong>De</strong></span> <span class='ocrx_word' id='word_1_118' title='bbox 791 1654 949 1707; x_wconf 84' lang='lat' dir='ltr'><strong>tertio</strong></span> <span class='ocrx_word' id='word_1_119' title='bbox 966 1653 1105 1707; x_wconf 81' lang='lat' dir='ltr'><strong>sinu.</strong></span> <span class='ocrx_word' id='word_1_120' title='bbox 1133 1653 1220 1705; x_wconf 85' lang='lat' dir='ltr'><strong>Sic</strong></span> <span class='ocrx_word' id='word_1_121' title='bbox 1244 1650 1416 1705; x_wconf 84' lang='lat' dir='ltr'><strong>eidem</strong></span> <span class='ocrx_word' id='word_1_122' title='bbox 1442 1652 1688 1705; x_wconf 71' lang='lat' dir='ltr'><strong>Chalcida</strong></span> <span class='ocrx_word' id='word_1_123' title='bbox 1713 1669 1807 1721; x_wconf 88' lang='lat' dir='ltr'><strong>pro</strong></span> <span class='ocrx_word' id='word_1_124' title='bbox 1828 1652 2055 1719; x_wconf 74' lang='lat' dir='ltr'><strong>Chalcis,</strong></span> 
     </span>
    </p>
   </div>
   <div class='ocr_carea' id='block_1_19' title="bbox 466 1743 1567 1812">
    <p class='ocr_par' dir='ltr' id='par_1_19' title="bbox 466 1743 1567 1812">
     <span class='ocr_line' id='line_1_19' title="bbox 466 1743 1567 1812; baseline -0.001 -14"><span class='ocrx_word' id='word_1_125' title='bbox 466 1743 547 1798; x_wconf 88' lang='lat' dir='ltr'><strong>sic</strong></span> <span class='ocrx_word' id='word_1_126' title='bbox 577 1760 736 1812; x_wconf 79' lang='lat' dir='ltr'><strong>supra</strong></span> <span class='ocrx_word' id='word_1_127' title='bbox 770 1744 1050 1797; x_wconf 86' lang='lat' dir='ltr'><strong>habuimus</strong></span> <span class='ocrx_word' id='word_1_128' title='bbox 1084 1743 1259 1796; x_wconf 79' lang='lat' dir='ltr'><strong>absida</strong></span> <span class='ocrx_word' id='word_1_129' title='bbox 1287 1757 1383 1812; x_wconf 83' lang='lat' dir='ltr'><strong>pro</strong></span> <span class='ocrx_word' id='word_1_130' title='bbox 1412 1743 1567 1797; x_wconf 83' lang='lat' dir='ltr'><strong>absis.</strong></span> 
     </span>
    </p>
   </div>
   <div class='ocr_carea' id='block_1_20' title="bbox 542 1835 1445 1905">
    <p class='ocr_par' dir='ltr' id='par_1_20' title="bbox 542 1835 1445 1905">
     <span class='ocr_line' id='line_1_20' title="bbox 542 1835 1445 1905; baseline -0.003 -14"><span class='ocrx_word' id='word_1_131' title='bbox 542 1836 711 1891; x_wconf 87' lang='lat' dir='ltr'><strong>Porro</strong></span> <span class='ocrx_word' id='word_1_132' title='bbox 740 1836 933 1905; x_wconf 79' lang='lat' dir='ltr'><strong>duplex</strong></span> <span class='ocrx_word' id='word_1_133' title='bbox 968 1845 1081 1889; x_wconf 90' lang='lat' dir='ltr'><strong>erat</strong></span> <span class='ocrx_word' id='word_1_134' title='bbox 1109 1835 1380 1890; x_wconf 77' lang='lat' dir='ltr'><strong>Thebaida</strong></span> <span class='ocrx_word' id='word_1_135' title='bbox 1430 1852 1445 1888; x_wconf 89' lang='lat'><strong>:</strong></span> 
     </span>
    </p>
   </div>
   <div class='ocr_carea' id='block_1_21' title="bbox 466 1927 2053 1995">
    <p class='ocr_par' dir='ltr' id='par_1_21' title="bbox 466 1927 2053 1995">
     <span class='ocr_line' id='line_1_21' title="bbox 466 1927 2053 1995; baseline 0.002 -14"><span class='ocrx_word' id='word_1_136' title='bbox 466 1928 592 1993; x_wconf 89' lang='lat' dir='ltr'><strong>rior,</strong></span> <span class='ocrx_word' id='word_1_137' title='bbox 616 1927 781 1980; x_wconf 87' lang='lat' dir='ltr'><strong>altera</strong></span> <span class='ocrx_word' id='word_1_138' title='bbox 833 1928 1085 1995; x_wconf 77' lang='lat' dir='ltr'><strong>superior.</strong></span> <span class='ocrx_word' id='word_1_139' title='bbox 1139 1928 1378 1993; x_wconf 80' lang='lat' dir='ltr'><strong>llieron.,</strong></span> <span class='ocrx_word' id='word_1_140' title='bbox 1432 1928 1483 1981; x_wconf 93' lang='lat' dir='ltr'><strong>in</strong></span> <span class='ocrx_word' id='word_1_141' title='bbox 1522 1928 1633 1981; x_wconf 83' lang='lat' dir='ltr'><strong>Vita</strong></span> <span class='ocrx_word' id='word_1_142' title='bbox 1688 1934 1856 1983; x_wconf 81' lang='lat' dir='ltr'><strong>sancti</strong></span> <span class='ocrx_word' id='word_1_143' title='bbox 1903 1931 2053 1985; x_wconf 84' lang='lat' dir='ltr'><strong>Pauli</strong></span> 
     </span>
    </p>
   </div>
   <div class='ocr_carea' id='block_1_22' title="bbox 465 2017 2054 2090">
    <p class='ocr_par' dir='ltr' id='par_1_22' title="bbox 465 2017 2054 2090">
     <span class='ocr_line' id='line_1_22' title="bbox 465 2017 2054 2090; baseline 0.004 -19"><span class='ocrx_word' id='word_1_144' title='bbox 465 2017 625 2088; x_wconf 84' lang='lat' dir='ltr'><strong>primi</strong></span> <span class='ocrx_word' id='word_1_145' title='bbox 654 2018 913 2079; x_wconf 74' lang='lat' dir='ltr'><strong>ercmitze,</strong></span> <span class='ocrx_word' id='word_1_146' title='bbox 939 2032 983 2071; x_wconf 89' lang='lat' dir='ltr'><strong>c.</strong></span> <span class='ocrx_word' id='word_1_147' title='bbox 1024 2017 1055 2067; x_wconf 78' lang='grc'><strong>4</strong></span> <span class='ocrx_word' id='word_1_148' title='bbox 1090 2035 1102 2070; x_wconf 91' lang='lat'><strong>:</strong></span> <span class='ocrx_word' id='word_1_149' title='bbox 1137 2034 1155 2068; x_wconf 73' lang='grc' dir='ltr'><strong><em>ι</em></strong></span> <span class='ocrx_word' id='word_1_150' title='bbox 1191 2018 1308 2085; x_wconf 81' lang='lat' dir='ltr'><strong>Quo</strong></span> <span class='ocrx_word' id='word_1_151' title='bbox 1367 2018 1491 2071; x_wconf 88' lang='lat' dir='ltr'><strong>talia</strong></span> <span class='ocrx_word' id='word_1_152' title='bbox 1545 2021 1868 2087; x_wconf 86' lang='lat' dir='ltr'><strong>gerebantur</strong></span> <span class='ocrx_word' id='word_1_153' title='bbox 1914 2024 2054 2090; x_wconf 89' lang='lat' dir='ltr'><strong>apud</strong></span> 
     </span>
    </p>
   </div>
   <div class='ocr_carea' id='block_1_23' title="bbox 467 2108 2053 2169">
    <p class='ocr_par' dir='ltr' id='par_1_23' title="bbox 467 2108 2053 2169">
     <span class='ocr_line' id='line_1_23' title="bbox 467 2108 2053 2169; baseline 0.003 -5"><span class='ocrx_word' id='word_1_154' title='bbox 467 2108 778 2165; x_wconf 87' lang='lat' dir='ltr'><strong>inferiorem</strong></span> <span class='ocrx_word' id='word_1_155' title='bbox 820 2108 1168 2164; x_wconf 81' lang='lat' dir='ltr'><strong>Thebaidam.</strong></span> <span class='ocrx_word' id='word_1_156' title='bbox 1219 2128 1237 2160; x_wconf 76' lang='grc' dir='ltr'><strong><em>ι</em></strong></span> <span class='ocrx_word' id='word_1_157' title='bbox 1282 2109 1397 2164; x_wconf 89' lang='lat' dir='ltr'><strong>Vita</strong></span> <span class='ocrx_word' id='word_1_158' title='bbox 1451 2109 1720 2165; x_wconf 76' lang='lat' dir='ltr'><strong>Pachumii</strong></span> <span class='ocrx_word' id='word_1_159' title='bbox 1787 2128 1834 2167; x_wconf 94' lang='lat' dir='ltr'><strong>c.</strong></span> <span class='ocrx_word' id='word_1_160' title='bbox 1899 2114 1968 2165; x_wconf 69' lang='lat'><strong>97</strong></span> <span class='ocrx_word' id='word_1_161' title='bbox 2039 2131 2053 2169; x_wconf 92' lang='lat'><strong>:</strong></span> 
     </span>
    </p>
   </div>
   <div class='ocr_carea' id='block_1_24' title="bbox 479 2202 2057 2273">
    <p class='ocr_par' dir='ltr' id='par_1_24' title="bbox 479 2202 2057 2273">
     <span class='ocr_line' id='line_1_24' title="bbox 479 2202 2057 2273; baseline 0.003 -15"><span class='ocrx_word' id='word_1_162' title='bbox 479 2220 501 2257; x_wconf 72' lang='grc' dir='ltr'>ι</span> <span class='ocrx_word' id='word_1_163' title='bbox 535 2205 638 2272; x_wconf 77' lang='lat' dir='ltr'><strong>Qui</strong></span> <span class='ocrx_word' id='word_1_164' title='bbox 667 2220 788 2258; x_wconf 90' lang='lat' dir='ltr'><strong>cum</strong></span> <span class='ocrx_word' id='word_1_165' title='bbox 821 2204 1133 2260; x_wconf 89' lang='lat' dir='ltr'><strong>solemniter</strong></span> <span class='ocrx_word' id='word_1_166' title='bbox 1161 2202 1452 2273; x_wconf 84' lang='lat' dir='ltr'><strong>superioris</strong></span> <span class='ocrx_word' id='word_1_167' title='bbox 1487 2206 1776 2260; x_wconf 79' lang='lat' dir='ltr'><strong>Thebaida:</strong></span> <span class='ocrx_word' id='word_1_168' title='bbox 1806 2208 2057 2263; x_wconf 88' lang='lat' dir='ltr'><strong>circuiret</strong></span> 
     </span>
    </p>
   </div>
   <div class='ocr_carea' id='block_1_25' title="bbox 472 2298 813 2355">
    <p class='ocr_par' dir='ltr' id='par_1_25' title="bbox 472 2298 813 2355">
     <span class='ocr_line' id='line_1_25' title="bbox 472 2298 813 2355; baseline -0.015 0"><span class='ocrx_word' id='word_1_169' title='bbox 472 2298 751 2355; x_wconf 74' lang='lat' dir='ltr'><strong>ecclesias.</strong></span> <span class='ocrx_word' id='word_1_170' title='bbox 795 2317 813 2350; x_wconf 74' lang='grc' dir='ltr'><strong><em>ι</em></strong></span> 
     </span>
    </p>
   </div>
   <div class='ocr_carea' id='block_1_26' title="bbox 547 2388 2056 2462">
    <p class='ocr_par' dir='ltr' id='par_1_26' title="bbox 547 2388 2056 2462">
     <span class='ocr_line' id='line_1_26' title="bbox 547 2388 2056 2462; baseline 0.003 -19"><span class='ocrx_word' id='word_1_171' title='bbox 547 2388 782 2444; x_wconf 82' lang='lat' dir='ltr'><strong>Tuows.</strong></span> <span class='ocrx_word' id='word_1_172' title='bbox 825 2389 948 2444; x_wconf 89' lang='lat' dir='ltr'><strong>Vita</strong></span> <span class='ocrx_word' id='word_1_173' title='bbox 979 2389 1203 2445; x_wconf 84' lang='lat' dir='ltr'><strong>Joannis</strong></span> <span class='ocrx_word' id='word_1_174' title='bbox 1245 2390 1694 2462; x_wconf 88' lang='lat' dir='ltr'><strong>Eleemosynarii,</strong></span> <span class='ocrx_word' id='word_1_175' title='bbox 1738 2405 1857 2455; x_wconf 66' lang='lat' dir='ltr'><strong>cap.</strong></span> <span class='ocrx_word' id='word_1_176' title='bbox 1909 2392 1979 2446; x_wconf 72' lang='lat'><strong>26</strong></span> <span class='ocrx_word' id='word_1_177' title='bbox 2040 2409 2056 2448; x_wconf 84' lang='lat'><strong>:</strong></span> 
     </span>
    </p>
   </div>
   <div class='ocr_carea' id='block_1_27' title="bbox 474 2480 2055 2553">
    <p class='ocr_par' dir='ltr' id='par_1_27' title="bbox 474 2480 2055 2553">
     <span class='ocr_line' id='line_1_27' title="bbox 474 2480 2055 2553; baseline 0.001 -18"><span class='ocrx_word' id='word_1_178' title='bbox 474 2498 496 2535; x_wconf 70' lang='grc' dir='ltr'>ι</span> <span class='ocrx_word' id='word_1_179' title='bbox 538 2480 654 2537; x_wconf 88' lang='lat' dir='ltr'><strong>lllic</strong></span> <span class='ocrx_word' id='word_1_180' title='bbox 683 2484 823 2536; x_wconf 91' lang='lat' dir='ltr'><strong>enim</strong></span> <span class='ocrx_word' id='word_1_181' title='bbox 881 2484 960 2537; x_wconf 90' lang='lat' dir='ltr'><strong>eis</strong></span> <span class='ocrx_word' id='word_1_182' title='bbox 988 2483 1189 2538; x_wconf 88' lang='lat' dir='ltr'><strong>fecerat</strong></span> <span class='ocrx_word' id='word_1_183' title='bbox 1218 2486 1369 2553; x_wconf 90' lang='lat' dir='ltr'><strong>quasi</strong></span> <span class='ocrx_word' id='word_1_184' title='bbox 1403 2484 1577 2537; x_wconf 89' lang='lat' dir='ltr'><strong>tholos</strong></span> <span class='ocrx_word' id='word_1_185' title='bbox 1603 2481 1859 2551; x_wconf 85' lang='lat' dir='ltr'><strong>quosdam</strong></span> <span class='ocrx_word' id='word_1_186' title='bbox 1892 2483 2055 2551; x_wconf 83' lang='lat' dir='ltr'><strong>proli-</strong></span> 
     </span>
    </p>
   </div>
   <div class='ocr_carea' id='block_1_28' title="bbox 467 2575 2058 2642">
    <p class='ocr_par' dir='ltr' id='par_1_28' title="bbox 467 2575 2058 2642">
     <span class='ocr_line' id='line_1_28' title="bbox 467 2575 2058 2642; baseline -0.001 -13"><span class='ocrx_word' id='word_1_187' title='bbox 467 2587 585 2629; x_wconf 77' lang='lat' dir='ltr'><strong>xos.</strong></span> <span class='ocrx_word' id='word_1_188' title='bbox 625 2593 644 2626; x_wconf 74' lang='grc' dir='ltr'><strong><em>ι</em></strong></span> <span class='ocrx_word' id='word_1_189' title='bbox 680 2575 970 2640; x_wconf 87' lang='lat' dir='ltr'><strong>Palladius,</strong></span> <span class='ocrx_word' id='word_1_190' title='bbox 1002 2589 1119 2642; x_wconf 89' lang='lat' dir='ltr'><strong>cap.</strong></span> <span class='ocrx_word' id='word_1_191' title='bbox 1150 2577 1183 2631; x_wconf 91' lang='lat'><strong>8</strong></span> <span class='ocrx_word' id='word_1_192' title='bbox 1216 2594 1229 2629; x_wconf 90' lang='lat'><strong>:</strong></span> <span class='ocrx_word' id='word_1_193' title='bbox 1268 2596 1286 2628; x_wconf 71' lang='grc' dir='ltr'>ι</span> <span class='ocrx_word' id='word_1_194' title='bbox 1323 2577 1389 2630; x_wconf 89' lang='lat' dir='ltr'><strong>Et</strong></span> <span class='ocrx_word' id='word_1_195' title='bbox 1428 2576 1530 2630; x_wconf 88' lang='lat' dir='ltr'><strong>sibi</strong></span> <span class='ocrx_word' id='word_1_196' title='bbox 1580 2575 1703 2629; x_wconf 85' lang='lat' dir='ltr'><strong>fecit</strong></span> <span class='ocrx_word' id='word_1_197' title='bbox 1729 2575 1863 2629; x_wconf 89' lang='lat' dir='ltr'><strong>duos</strong></span> <span class='ocrx_word' id='word_1_198' title='bbox 1893 2576 2058 2629; x_wconf 90' lang='lat' dir='ltr'><strong>cella-</strong></span> 
     </span>
    </p>
   </div>
   <div class='ocr_carea' id='block_1_29' title="bbox 470 2665 2060 2734">
    <p class='ocr_par' dir='ltr' id='par_1_29' title="bbox 470 2665 2060 2734">
     <span class='ocr_line' id='line_1_29' title="bbox 470 2665 2060 2734; baseline 0.001 -16"><span class='ocrx_word' id='word_1_199' title='bbox 470 2676 587 2718; x_wconf 77' lang='lat' dir='ltr'><strong>rum</strong></span> <span class='ocrx_word' id='word_1_200' title='bbox 619 2666 811 2719; x_wconf 83' lang='lat' dir='ltr'><strong>tholos.</strong></span> <span class='ocrx_word' id='word_1_201' title='bbox 852 2684 868 2717; x_wconf 76' lang='grc' dir='ltr'><strong><em>ι</em></strong></span> <span class='ocrx_word' id='word_1_202' title='bbox 899 2665 963 2719; x_wconf 86' lang='lat' dir='ltr'><strong>Et</strong></span> <span class='ocrx_word' id='word_1_203' title='bbox 986 2667 1155 2734; x_wconf 89' lang='lat' dir='ltr'><strong>capite</strong></span> <span class='ocrx_word' id='word_1_204' title='bbox 1183 2665 1251 2721; x_wconf 76' lang='grc'><strong>45</strong></span> <span class='ocrx_word' id='word_1_205' title='bbox 1283 2684 1295 2718; x_wconf 93' lang='lat'>:</span> <span class='ocrx_word' id='word_1_206' title='bbox 1336 2686 1353 2718; x_wconf 85' lang='grc'>‹</span> <span class='ocrx_word' id='word_1_207' title='bbox 1389 2666 1455 2719; x_wconf 81' lang='lat' dir='ltr'><strong>Et</strong></span> <span class='ocrx_word' id='word_1_208' title='bbox 1478 2667 1527 2719; x_wconf 92' lang='lat' dir='ltr'><strong>in</strong></span> <span class='ocrx_word' id='word_1_209' title='bbox 1559 2666 1837 2720; x_wconf 85' lang='lat' dir='ltr'><strong>cacumine</strong></span> <span class='ocrx_word' id='word_1_210' title='bbox 1868 2666 2060 2720; x_wconf 84' lang='lat' dir='ltr'><strong>mentis</strong></span> 
     </span>
    </p>
   </div>
   <div class='ocr_carea' id='block_1_30' title="bbox 469 2756 2057 2827">
    <p class='ocr_par' dir='ltr' id='par_1_30' title="bbox 469 2756 2057 2827">
     <span class='ocr_line' id='line_1_30' title="bbox 469 2756 2057 2827; baseline -0.001 -16"><span class='ocrx_word' id='word_1_211' title='bbox 469 2756 623 2811; x_wconf 86' lang='lat' dir='ltr'><strong>factis</strong></span> <span class='ocrx_word' id='word_1_212' title='bbox 646 2756 748 2812; x_wconf 89' lang='lat' dir='ltr'><strong>sibi</strong></span> <span class='ocrx_word' id='word_1_213' title='bbox 782 2758 950 2811; x_wconf 85' lang='lat' dir='ltr'><strong>tribus</strong></span> <span class='ocrx_word' id='word_1_214' title='bbox 992 2760 1173 2823; x_wconf 84' lang='lat' dir='ltr'><strong>tholis,</strong></span> <span class='ocrx_word' id='word_1_215' title='bbox 1211 2758 1507 2827; x_wconf 82' lang='lat' dir='ltr'><strong>ingressus,</strong></span> <span class='ocrx_word' id='word_1_216' title='bbox 1541 2758 1776 2825; x_wconf 89' lang='lat' dir='ltr'><strong>seipsum</strong></span> <span class='ocrx_word' id='word_1_217' title='bbox 1826 2757 2057 2810; x_wconf 71' lang='lat' dir='ltr'><strong>inmdifi-</strong></span> 
     </span>
    </p>
   </div>
   <div class='ocr_carea' id='block_1_31' title="bbox 469 2848 2051 2919">
    <p class='ocr_par' dir='ltr' id='par_1_31' title="bbox 469 2848 2051 2919">
     <span class='ocr_line' id='line_1_31' title="bbox 469 2848 2051 2919; baseline -0.001 -15"><span class='ocrx_word' id='word_1_218' title='bbox 469 2850 629 2904; x_wconf 87' lang='lat' dir='ltr'><strong>cavit.</strong></span> <span class='ocrx_word' id='word_1_219' title='bbox 662 2852 836 2917; x_wconf 77' lang='lat' dir='ltr'><strong>Atque</strong></span> <span class='ocrx_word' id='word_1_220' title='bbox 864 2858 978 2904; x_wconf 88' lang='lat' dir='ltr'><strong>erat</strong></span> <span class='ocrx_word' id='word_1_221' title='bbox 1003 2849 1214 2919; x_wconf 89' lang='lat' dir='ltr'><strong>quidem</strong></span> <span class='ocrx_word' id='word_1_222' title='bbox 1246 2865 1380 2904; x_wconf 89' lang='lat' dir='ltr'><strong>unus</strong></span> <span class='ocrx_word' id='word_1_223' title='bbox 1408 2852 1585 2904; x_wconf 90' lang='lat' dir='ltr'><strong>tholus</strong></span> <span class='ocrx_word' id='word_1_224' title='bbox 1611 2848 1675 2902; x_wconf 89' lang='lat' dir='ltr'><strong>ad</strong></span> <span class='ocrx_word' id='word_1_225' title='bbox 1703 2863 1830 2901; x_wconf 88' lang='lat' dir='ltr'><strong>usus</strong></span> <span class='ocrx_word' id='word_1_226' title='bbox 1853 2849 2051 2914; x_wconf 89' lang='lat' dir='ltr'><strong>carnis,</strong></span> 
     </span>
    </p>
   </div>
   <div class='ocr_carea' id='block_1_32' title="bbox 469 2940 2054 3011">
    <p class='ocr_par' dir='ltr' id='par_1_32' title="bbox 469 2940 2054 3011">
     <span class='ocr_line' id='line_1_32' title="bbox 469 2940 2054 3011; baseline -0.004 -12"><span class='ocrx_word' id='word_1_227' title='bbox 469 2957 607 2999; x_wconf 81' lang='lat' dir='ltr'><strong>unus</strong></span> <span class='ocrx_word' id='word_1_228' title='bbox 637 2955 813 2997; x_wconf 74' lang='lat' dir='ltr'><strong>autem</strong></span> <span class='ocrx_word' id='word_1_229' title='bbox 841 2943 926 2997; x_wconf 87' lang='lat' dir='ltr'><strong>ubi</strong></span> <span class='ocrx_word' id='word_1_230' title='bbox 953 2942 1301 3011; x_wconf 86' lang='lat' dir='ltr'><strong>operabatur,</strong></span> <span class='ocrx_word' id='word_1_231' title='bbox 1336 2942 1470 2996; x_wconf 88' lang='lat' dir='ltr'><strong>alius</strong></span> <span class='ocrx_word' id='word_1_232' title='bbox 1516 2956 1641 2996; x_wconf 85' lang='lat' dir='ltr'><strong>vero</strong></span> <span class='ocrx_word' id='word_1_233' title='bbox 1673 2940 1761 2994; x_wconf 89' lang='lat' dir='ltr'><strong>ubi</strong></span> <span class='ocrx_word' id='word_1_234' title='bbox 1789 2943 1994 2995; x_wconf 85' lang='lat' dir='ltr'><strong>orabat.</strong></span> <span class='ocrx_word' id='word_1_235' title='bbox 2036 2959 2054 2992; x_wconf 76' lang='grc' dir='ltr'><strong><em>ι</em></strong></span> 
     </span>
    </p>
   </div>
   <div class='ocr_carea' id='block_1_33' title="bbox 470 3035 2056 3106">
    <p class='ocr_par' dir='ltr' id='par_1_33' title="bbox 470 3035 2056 3106">
     <span class='ocr_line' id='line_1_33' title="bbox 470 3035 2056 3106; baseline -0.003 -15"><span class='ocrx_word' id='word_1_236' title='bbox 470 3035 720 3106; x_wconf 82' lang='lat' dir='ltr'><strong>intelligit</strong></span> <span class='ocrx_word' id='word_1_237' title='bbox 742 3037 830 3091; x_wconf 89' lang='lat' dir='ltr'><strong>hic</strong></span> <span class='ocrx_word' id='word_1_238' title='bbox 864 3051 954 3106; x_wconf 83' lang='lat' dir='ltr'><strong>per</strong></span> <span class='ocrx_word' id='word_1_239' title='bbox 986 3036 1159 3089; x_wconf 89' lang='lat' dir='ltr'><strong>tholos</strong></span> <span class='ocrx_word' id='word_1_240' title='bbox 1191 3037 1449 3103; x_wconf 80' lang='lat' dir='ltr'><strong>integrum</strong></span> <span class='ocrx_word' id='word_1_241' title='bbox 1478 3036 1779 3096; x_wconf 67' lang='lat' dir='ltr'><strong>aedilicium,</strong></span> <span class='ocrx_word' id='word_1_242' title='bbox 1807 3050 1911 3087; x_wconf 86' lang='lat' dir='ltr'><strong>non</strong></span> <span class='ocrx_word' id='word_1_243' title='bbox 1934 3050 2056 3104; x_wconf 85' lang='lat' dir='ltr'><strong>par-</strong></span> 
     </span>
    </p>
   </div>
   <div class='ocr_carea' id='block_1_34' title="bbox 471 3125 2054 3198">
    <p class='ocr_par' dir='ltr' id='par_1_34' title="bbox 471 3125 2054 3198">
     <span class='ocr_line' id='line_1_34' title="bbox 471 3125 2054 3198; baseline -0.002 -17"><span class='ocrx_word' id='word_1_244' title='bbox 471 3134 578 3181; x_wconf 85' lang='lat' dir='ltr'><strong>tem</strong></span> <span class='ocrx_word' id='word_1_245' title='bbox 610 3127 861 3195; x_wconf 79' lang='lat' dir='ltr'><strong>aliquam.</strong></span> <span class='ocrx_word' id='word_1_246' title='bbox 914 3125 1336 3197; x_wconf 86' lang='lat' dir='ltr'><strong>Etymulogicum</strong></span> <span class='ocrx_word' id='word_1_247' title='bbox 1388 3141 1636 3194; x_wconf 80' lang='lat' dir='ltr'><strong>umgnum</strong></span> <span class='ocrx_word' id='word_1_248' title='bbox 1671 3141 1683 3178; x_wconf 89' lang='lat'><strong>:</strong></span> <span class='ocrx_word' id='word_1_249' title='bbox 1718 3125 1870 3184; x_wconf 77' lang='grc' dir='ltr'>Θολος</span> <span class='ocrx_word' id='word_1_250' title='bbox 1912 3145 2054 3198; x_wconf 70' lang='lat' dir='ltr'><strong>mpi-</strong></span> 
     </span>
    </p>
   </div>
   <div class='ocr_carea' id='block_1_35' title="bbox 2155 556 3734 633">
    <p class='ocr_par' dir='ltr' id='par_1_35' title="bbox 2155 556 3734 633">
     <span class='ocr_line' id='line_1_35' title="bbox 2155 556 3734 633; baseline 0.006 -24"><span class='ocrx_word' id='word_1_251' title='bbox 2155 565 2321 609; x_wconf 83' lang='lat' dir='ltr'><strong>tutam</strong></span> <span class='ocrx_word' id='word_1_252' title='bbox 2355 556 2651 625; x_wconf 87' lang='lat' dir='ltr'><strong>dispositis,</strong></span> <span class='ocrx_word' id='word_1_253' title='bbox 2684 571 2861 611; x_wconf 89' lang='lat' dir='ltr'><strong>aerem</strong></span> <span class='ocrx_word' id='word_1_254' title='bbox 2895 557 3068 625; x_wconf 91' lang='lat' dir='ltr'><strong>ipsum</strong></span> <span class='ocrx_word' id='word_1_255' title='bbox 3098 558 3277 613; x_wconf 91' lang='lat' dir='ltr'><strong>odoris</strong></span> <span class='ocrx_word' id='word_1_256' title='bbox 3306 561 3568 617; x_wconf 79' lang='lat' dir='ltr'><strong>suavitate</strong></span> <span class='ocrx_word' id='word_1_257' title='bbox 3614 578 3734 633; x_wconf 82' lang='lat' dir='ltr'><strong>per-</strong></span> 
     </span>
    </p>
   </div>
   <div class='ocr_carea' id='block_1_36' title="bbox 2156 646 3732 723">
    <p class='ocr_par' dir='ltr' id='par_1_36' title="bbox 2156 646 3732 723">
     <span class='ocr_line' id='line_1_36' title="bbox 2156 646 3732 723; baseline 0.007 -24"><span class='ocrx_word' id='word_1_258' title='bbox 2156 646 2379 711; x_wconf 75' lang='lat' dir='ltr'><strong>foderis,</strong></span> <span class='ocrx_word' id='word_1_259' title='bbox 2411 657 2661 717; x_wconf 88' lang='lat' dir='ltr'><strong>quantum</strong></span> <span class='ocrx_word' id='word_1_260' title='bbox 2686 650 2729 702; x_wconf 91' lang='lat' dir='ltr'><strong>si</strong></span> <span class='ocrx_word' id='word_1_261' title='bbox 2754 663 2959 713; x_wconf 86' lang='lat' dir='ltr'><strong>omnes,</strong></span> <span class='ocrx_word' id='word_1_262' title='bbox 2985 650 3073 718; x_wconf 87' lang='lat' dir='ltr'><strong>qui</strong></span> <span class='ocrx_word' id='word_1_263' title='bbox 3099 649 3255 705; x_wconf 88' lang='lat' dir='ltr'><strong>hodie</strong></span> <span class='ocrx_word' id='word_1_264' title='bbox 3279 666 3373 721; x_wconf 87' lang='lat' dir='ltr'><strong>per</strong></span> <span class='ocrx_word' id='word_1_265' title='bbox 3394 652 3538 707; x_wconf 86' lang='lat' dir='ltr'><strong>illam</strong></span> <span class='ocrx_word' id='word_1_266' title='bbox 3565 653 3732 723; x_wconf 87' lang='lat' dir='ltr'><strong>ipsam</strong></span> 
     </span>
    </p>
   </div>
   <div class='ocr_carea' id='block_1_37' title="bbox 2155 740 3733 811">
    <p class='ocr_par' dir='ltr' id='par_1_37' title="bbox 2155 740 3733 811">
     <span class='ocr_line' id='line_1_37' title="bbox 2155 740 3733 811; baseline 0.008 -21"><span class='ocrx_word' id='word_1_267' title='bbox 2155 741 2291 792; x_wconf 79' lang='lat' dir='ltr'><strong>viam</strong></span> <span class='ocrx_word' id='word_1_268' title='bbox 2324 740 2590 803; x_wconf 87' lang='lat' dir='ltr'><strong>incedunt,</strong></span> <span class='ocrx_word' id='word_1_269' title='bbox 2618 741 2869 811; x_wconf 80' lang='lat' dir='ltr'><strong>martyris</strong></span> <span class='ocrx_word' id='word_1_270' title='bbox 2892 744 3177 796; x_wconf 87' lang='lat' dir='ltr'><strong>certamina</strong></span> <span class='ocrx_word' id='word_1_271' title='bbox 3203 743 3341 797; x_wconf 91' lang='lat' dir='ltr'><strong>inter</strong></span> <span class='ocrx_word' id='word_1_272' title='bbox 3366 759 3423 798; x_wconf 87' lang='lat' dir='ltr'><strong>se</strong></span> <span class='ocrx_word' id='word_1_273' title='bbox 3454 755 3733 803; x_wconf 84' lang='lat' dir='ltr'><strong>narrantes</strong></span> 
     </span>
    </p>
   </div>
   <div class='ocr_carea' id='block_1_38' title="bbox 2155 832 3734 907">
    <p class='ocr_par' dir='ltr' id='par_1_38' title="bbox 2155 832 3734 907">
     <span class='ocr_line' id='line_1_38' title="bbox 2155 832 3734 907; baseline 0.006 -24"><span class='ocrx_word' id='word_1_274' title='bbox 2155 834 2370 884; x_wconf 90' lang='lat' dir='ltr'><strong>domum</strong></span> <span class='ocrx_word' id='word_1_275' title='bbox 2402 832 2657 896; x_wconf 89' lang='lat' dir='ltr'><strong>redeant,</strong></span> <span class='ocrx_word' id='word_1_276' title='bbox 2694 835 2899 902; x_wconf 80' lang='lat' dir='ltr'><strong>linguas</strong></span> <span class='ocrx_word' id='word_1_277' title='bbox 2930 834 3071 902; x_wconf 91' lang='lat' dir='ltr'><strong>ipsas</strong></span> <span class='ocrx_word' id='word_1_278' title='bbox 3100 836 3291 904; x_wconf 83' lang='lat' dir='ltr'><strong>singuli</strong></span> <span class='ocrx_word' id='word_1_279' title='bbox 3324 851 3417 905; x_wconf 88' lang='lat' dir='ltr'><strong>pro</strong></span> <span class='ocrx_word' id='word_1_280' title='bbox 3451 838 3734 907; x_wconf 75' lang='lat' dir='ltr'><strong>thymiate-</strong></span> 
     </span>
    </p>
   </div>
   <div class='ocr_carea' id='block_1_39' title="bbox 2156 921 3730 998">
    <p class='ocr_par' dir='ltr' id='par_1_39' title="bbox 2156 921 3730 998">
     <span class='ocr_line' id='line_1_39' title="bbox 2156 921 3730 998; baseline 0.007 -24"><span class='ocrx_word' id='word_1_281' title='bbox 2156 921 2236 974; x_wconf 82' lang='lat' dir='ltr'><strong>rio</strong></span> <span class='ocrx_word' id='word_1_282' title='bbox 2282 937 2377 975; x_wconf 88' lang='lat' dir='ltr'><strong>seu</strong></span> <span class='ocrx_word' id='word_1_283' title='bbox 2407 922 2618 990; x_wconf 77' lang='lat' dir='ltr'><strong>vaporis</strong></span> <span class='ocrx_word' id='word_1_284' title='bbox 2648 922 3001 979; x_wconf 88' lang='lat' dir='ltr'><strong>instrumento</strong></span> <span class='ocrx_word' id='word_1_285' title='bbox 3031 940 3366 982; x_wconf 82' lang='lat' dir='ltr'><strong>exercentes.</strong></span> <span class='ocrx_word' id='word_1_286' title='bbox 3423 947 3442 980; x_wconf 73' lang='grc' dir='ltr'><strong><em>ι</em></strong></span> <span class='ocrx_word' id='word_1_287' title='bbox 3482 927 3581 983; x_wconf 85' lang='lat' dir='ltr'><strong>Ubi</strong></span> <span class='ocrx_word' id='word_1_288' title='bbox 3614 931 3730 998; x_wconf 90' lang='lat' dir='ltr'><strong>pul-</strong></span> 
     </span>
    </p>
   </div>
   <div class='ocr_carea' id='block_1_40' title="bbox 2157 1014 3729 1087">
    <p class='ocr_par' dir='ltr' id='par_1_40' title="bbox 2157 1014 3729 1087">
     <span class='ocr_line' id='line_1_40' title="bbox 2157 1014 3729 1087; baseline 0.008 -22"><span class='ocrx_word' id='word_1_289' title='bbox 2157 1014 2286 1066; x_wconf 87' lang='lat' dir='ltr'><strong>chra</strong></span> <span class='ocrx_word' id='word_1_290' title='bbox 2316 1014 2494 1067; x_wconf 81' lang='lat' dir='ltr'><strong>subdit</strong></span> <span class='ocrx_word' id='word_1_291' title='bbox 2524 1014 2591 1068; x_wconf 92' lang='lat' dir='ltr'><strong>de</strong></span> <span class='ocrx_word' id='word_1_292' title='bbox 2644 1015 2887 1068; x_wconf 84' lang='lat' dir='ltr'><strong>ordinata</strong></span> <span class='ocrx_word' id='word_1_293' title='bbox 2932 1024 2987 1070; x_wconf 92' lang='lat' dir='ltr'><strong>et</strong></span> <span class='ocrx_word' id='word_1_294' title='bbox 3031 1018 3324 1087; x_wconf 89' lang='lat' dir='ltr'><strong>composita</strong></span> <span class='ocrx_word' id='word_1_295' title='bbox 3372 1021 3729 1085; x_wconf 83' lang='lat' dir='ltr'><strong>processione.</strong></span> 
     </span>
    </p>
   </div>
   <div class='ocr_carea' id='block_1_41' title="bbox 2160 1102 3726 1180">
    <p class='ocr_par' dir='ltr' id='par_1_41' title="bbox 2160 1102 3726 1180">
     <span class='ocr_line' id='line_1_41' title="bbox 2160 1102 3726 1180; baseline 0.007 -26"><span class='ocrx_word' id='word_1_296' title='bbox 2160 1102 2275 1155; x_wconf 73' lang='lat' dir='ltr'><strong>Vita</strong></span> <span class='ocrx_word' id='word_1_297' title='bbox 2318 1104 2556 1157; x_wconf 72' lang='lat' dir='ltr'><strong>Audocni</strong></span> <span class='ocrx_word' id='word_1_298' title='bbox 2594 1105 2863 1173; x_wconf 86' lang='lat' dir='ltr'><strong>episcopi,</strong></span> <span class='ocrx_word' id='word_1_299' title='bbox 2898 1106 3036 1175; x_wconf 90' lang='lat' dir='ltr'><strong>apud</strong></span> <span class='ocrx_word' id='word_1_300' title='bbox 3079 1107 3312 1173; x_wconf 84' lang='lat' dir='ltr'><strong>Surium,</strong></span> <span class='ocrx_word' id='word_1_301' title='bbox 3344 1108 3412 1161; x_wconf 67' lang='grc'><strong>24</strong></span> <span class='ocrx_word' id='word_1_302' title='bbox 3455 1112 3675 1180; x_wconf 79' lang='lat' dir='ltr'><strong>Augusti</strong></span> <span class='ocrx_word' id='word_1_303' title='bbox 3711 1129 3726 1164; x_wconf 92' lang='lat'><strong>:</strong></span> 
     </span>
    </p>
   </div>
   <div class='ocr_carea' id='block_1_42' title="bbox 2164 1194 3730 1274">
    <p class='ocr_par' dir='ltr' id='par_1_42' title="bbox 2164 1194 3730 1274">
     <span class='ocr_line' id='line_1_42' title="bbox 2164 1194 3730 1274; baseline 0.01 -29"><span class='ocrx_word' id='word_1_304' title='bbox 2164 1213 2182 1245; x_wconf 73' lang='grc' dir='ltr'>ι</span> <span class='ocrx_word' id='word_1_305' title='bbox 2219 1194 2349 1248; x_wconf 83' lang='lat' dir='ltr'><strong>Cum</strong></span> <span class='ocrx_word' id='word_1_306' title='bbox 2377 1197 2627 1250; x_wconf 78' lang='lat' dir='ltr'><strong>crucibus</strong></span> <span class='ocrx_word' id='word_1_307' title='bbox 2656 1206 2709 1250; x_wconf 90' lang='lat' dir='ltr'><strong>et</strong></span> <span class='ocrx_word' id='word_1_308' title='bbox 2746 1199 3109 1268; x_wconf 84' lang='lat' dir='ltr'><strong>lampadibus,</strong></span> <span class='ocrx_word' id='word_1_309' title='bbox 3157 1210 3316 1272; x_wconf 90' lang='lat' dir='ltr'><strong>atque</strong></span> <span class='ocrx_word' id='word_1_310' title='bbox 3365 1201 3730 1274; x_wconf 82' lang='lat' dir='ltr'><strong>thymiamate—</strong></span> 
     </span>
    </p>
   </div>
   <div class='ocr_carea' id='block_1_43' title="bbox 2162 1289 3455 1360">
    <p class='ocr_par' dir='ltr' id='par_1_43' title="bbox 2162 1289 3455 1360">
     <span class='ocr_line' id='line_1_43' title="bbox 2162 1289 3455 1360; baseline 0.005 -18"><span class='ocrx_word' id='word_1_311' title='bbox 2162 1289 2285 1352; x_wconf 86' lang='lat' dir='ltr'><strong>riis,</strong></span> <span class='ocrx_word' id='word_1_312' title='bbox 2313 1298 2445 1354; x_wconf 90' lang='lat' dir='ltr'><strong>etc.,</strong></span> <span class='ocrx_word' id='word_1_313' title='bbox 2469 1304 2661 1357; x_wconf 91' lang='lat' dir='ltr'><strong>corpus</strong></span> <span class='ocrx_word' id='word_1_314' title='bbox 2692 1289 2927 1345; x_wconf 83' lang='lat' dir='ltr'><strong>humeris</strong></span> <span class='ocrx_word' id='word_1_315' title='bbox 2959 1304 3233 1360; x_wconf 77' lang='lat' dir='ltr'><strong>gesmntes</strong></span> <span class='ocrx_word' id='word_1_316' title='bbox 3252 1335 3267 1359; x_wconf 90' lang='lat'><strong>,</strong></span> <span class='ocrx_word' id='word_1_317' title='bbox 3304 1315 3321 1346; x_wconf 69' lang='grc' dir='ltr'><strong>ι</strong></span> <span class='ocrx_word' id='word_1_318' title='bbox 3348 1307 3455 1350; x_wconf 89' lang='lat' dir='ltr'><strong>etc.</strong></span> 
     </span>
    </p>
   </div>
   <div class='ocr_carea' id='block_1_44' title="bbox 2230 1378 3733 1449">
    <p class='ocr_par' dir='ltr' id='par_1_44' title="bbox 2230 1378 3733 1449">
     <span class='ocr_line' id='line_1_44' title="bbox 2230 1378 3733 1449; baseline 0.008 -18"><span class='ocrx_word' id='word_1_319' title='bbox 2230 1378 2487 1434; x_wconf 66' lang='lat' dir='ltr'><strong>Teumesi</strong></span> <span class='ocrx_word' id='word_1_320' title='bbox 2530 1396 2862 1435; x_wconf 66' lang='lat' dir='ltr'><strong>conponens.</strong></span> <span class='ocrx_word' id='word_1_321' title='bbox 2910 1382 3040 1437; x_wconf 80' lang='lat' dir='ltr'><strong>Vita:</strong></span> <span class='ocrx_word' id='word_1_322' title='bbox 3074 1383 3242 1449; x_wconf 81' lang='lat' dir='ltr'><strong>Pauli,</strong></span> <span class='ocrx_word' id='word_1_323' title='bbox 3273 1401 3419 1441; x_wconf 91' lang='lat' dir='ltr'><strong>num.</strong></span> <span class='ocrx_word' id='word_1_324' title='bbox 3470 1386 3502 1439; x_wconf 80' lang='lat'><em>6</em></span> <span class='ocrx_word' id='word_1_325' title='bbox 3533 1404 3546 1440; x_wconf 91' lang='lat'>:</span> <span class='ocrx_word' id='word_1_326' title='bbox 3578 1406 3596 1438; x_wconf 80' lang='grc' dir='ltr'>ι</span> <span class='ocrx_word' id='word_1_327' title='bbox 3624 1387 3733 1443; x_wconf 80' lang='lat' dir='ltr'><strong>Tu-</strong></span> 
     </span>
    </p>
   </div>
   <div class='ocr_carea' id='block_1_45' title="bbox 2160 1471 3733 1549">
    <p class='ocr_par' dir='ltr' id='par_1_45' title="bbox 2160 1471 3733 1549">
     <span class='ocr_line' id='line_1_45' title="bbox 2160 1471 3733 1549; baseline 0.008 -28"><span class='ocrx_word' id='word_1_328' title='bbox 2160 1471 2358 1523; x_wconf 89' lang='lat' dir='ltr'><strong>muinm</strong></span> <span class='ocrx_word' id='word_1_329' title='bbox 2391 1486 2453 1525; x_wconf 78' lang='lat' dir='ltr'><strong>ex</strong></span> <span class='ocrx_word' id='word_1_330' title='bbox 2485 1486 2635 1525; x_wconf 82' lang='lat' dir='ltr'><strong>more</strong></span> <span class='ocrx_word' id='word_1_331' title='bbox 2660 1473 2976 1540; x_wconf 89' lang='lat' dir='ltr'><strong>composuit.</strong></span> <span class='ocrx_word' id='word_1_332' title='bbox 3010 1493 3028 1525; x_wconf 75' lang='grc' dir='ltr'><strong><em>ι</em></strong></span> <span class='ocrx_word' id='word_1_333' title='bbox 3061 1475 3174 1527; x_wconf 77' lang='lat' dir='ltr'><strong>Dix‘i</strong></span> <span class='ocrx_word' id='word_1_334' title='bbox 3198 1475 3267 1529; x_wconf 88' lang='lat' dir='ltr'><strong>ibi</strong></span> <span class='ocrx_word' id='word_1_335' title='bbox 3296 1492 3358 1530; x_wconf 76' lang='lat' dir='ltr'><strong>ex</strong></span> <span class='ocrx_word' id='word_1_336' title='bbox 3386 1477 3733 1549; x_wconf 85' lang='lat' dir='ltr'><strong>Hieronymo,</strong></span> 
     </span>
    </p>
   </div>
   <div class='ocr_carea' id='block_1_46' title="bbox 2159 1559 3737 1636">
    <p class='ocr_par' dir='ltr' id='par_1_46' title="bbox 2159 1559 3737 1636">
     <span class='ocr_line' id='line_1_46' title="bbox 2159 1559 3737 1636; baseline 0.007 -24"><span class='ocrx_word' id='word_1_337' title='bbox 2159 1559 2477 1613; x_wconf 55' lang='lat' dir='ltr'><strong>clericorurn</strong></span> <span class='ocrx_word' id='word_1_338' title='bbox 2508 1561 2558 1615; x_wconf 91' lang='lat' dir='ltr'><strong>id</strong></span> <span class='ocrx_word' id='word_1_339' title='bbox 2591 1578 2784 1616; x_wconf 92' lang='lat' dir='ltr'><strong>munus</strong></span> <span class='ocrx_word' id='word_1_340' title='bbox 2810 1561 2993 1623; x_wconf 86' lang='lat' dir='ltr'><strong>fuisse.</strong></span> <span class='ocrx_word' id='word_1_341' title='bbox 3027 1565 3119 1618; x_wconf 88' lang='lat' dir='ltr'><strong>sed</strong></span> <span class='ocrx_word' id='word_1_342' title='bbox 3152 1581 3256 1619; x_wconf 91' lang='lat' dir='ltr'><strong>non</strong></span> <span class='ocrx_word' id='word_1_343' title='bbox 3282 1568 3618 1636; x_wconf 73' lang='lat' dir='ltr'><strong>quorumvis,</strong></span> <span class='ocrx_word' id='word_1_344' title='bbox 3643 1572 3737 1624; x_wconf 86' lang='lat' dir='ltr'><strong>sed</strong></span> 
     </span>
    </p>
   </div>
   <div class='ocr_carea' id='block_1_47' title="bbox 2159 1650 3741 1722">
    <p class='ocr_par' dir='ltr' id='par_1_47' title="bbox 2159 1650 3741 1722">
     <span class='ocr_line' id='line_1_47' title="bbox 2159 1650 3741 1722; baseline 0.007 -19"><span class='ocrx_word' id='word_1_345' title='bbox 2159 1663 2371 1714; x_wconf 89' lang='lat' dir='ltr'><strong>eorum,</strong></span> <span class='ocrx_word' id='word_1_346' title='bbox 2417 1650 2503 1717; x_wconf 85' lang='lat' dir='ltr'><strong>qui</strong></span> <span class='ocrx_word' id='word_1_347' title='bbox 2534 1652 2752 1720; x_wconf 72' lang='lat' dir='ltr'><strong>copiata:</strong></span> <span class='ocrx_word' id='word_1_348' title='bbox 2797 1668 2889 1706; x_wconf 91' lang='lat' dir='ltr'><strong>seu</strong></span> <span class='ocrx_word' id='word_1_349' title='bbox 2935 1654 3249 1707; x_wconf 73' lang='lat' dir='ltr'><strong>laboratores</strong></span> <span class='ocrx_word' id='word_1_350' title='bbox 3278 1655 3403 1710; x_wconf 90' lang='lat' dir='ltr'><strong>dicti</strong></span> <span class='ocrx_word' id='word_1_351' title='bbox 3431 1657 3600 1722; x_wconf 88' lang='lat' dir='ltr'><strong>fuere,</strong></span> <span class='ocrx_word' id='word_1_352' title='bbox 3634 1658 3741 1714; x_wconf 84' lang='lat' dir='ltr'><strong>late</strong></span> 
     </span>
    </p>
   </div>
   <div class='ocr_carea' id='block_1_48' title="bbox 2160 1742 3740 1817">
    <p class='ocr_par' dir='ltr' id='par_1_48' title="bbox 2160 1742 3740 1817">
     <span class='ocr_line' id='line_1_48' title="bbox 2160 1742 3740 1817; baseline 0.006 -23"><span class='ocrx_word' id='word_1_353' title='bbox 2160 1742 2420 1809; x_wconf 88' lang='lat' dir='ltr'><strong>capiendo</strong></span> <span class='ocrx_word' id='word_1_354' title='bbox 2440 1758 2632 1796; x_wconf 80' lang='lat' dir='ltr'><strong>nomen</strong></span> <span class='ocrx_word' id='word_1_355' title='bbox 2658 1745 2859 1799; x_wconf 91' lang='lat' dir='ltr'><strong>clerici.</strong></span> <span class='ocrx_word' id='word_1_356' title='bbox 2885 1745 3044 1799; x_wconf 87' lang='lat' dir='ltr'><strong>Certe</strong></span> <span class='ocrx_word' id='word_1_357' title='bbox 3068 1746 3249 1800; x_wconf 72' lang='lat' dir='ltr'><strong>Patres</strong></span> <span class='ocrx_word' id='word_1_358' title='bbox 3271 1750 3485 1814; x_wconf 90' lang='lat' dir='ltr'><strong>quidam</strong></span> <span class='ocrx_word' id='word_1_359' title='bbox 3510 1751 3740 1817; x_wconf 82' lang='lat' dir='ltr'><strong>capiatas</strong></span> 
     </span>
    </p>
   </div>
   <div class='ocr_carea' id='block_1_49' title="bbox 1495 1834 3744 1914">
    <p class='ocr_par' dir='ltr' id='par_1_49' title="bbox 1495 1834 3744 1914">
     <span class='ocr_line' id='line_1_49' title="bbox 1495 1834 3744 1914; baseline 0.005 -29"><span class='ocrx_word' id='word_1_360' title='bbox 1495 1852 1593 1889; x_wconf 80' lang='lat' dir='ltr'><strong>una</strong></span> <span class='ocrx_word' id='word_1_361' title='bbox 1624 1835 1901 1892; x_wconf 73' lang='lat' dir='ltr'><strong>dicebatur</strong></span> <span class='ocrx_word' id='word_1_362' title='bbox 1926 1839 2053 1909; x_wconf 78' lang='lat' dir='ltr'><strong>infe-</strong></span> <span class='ocrx_word' id='word_1_363' title='bbox 2090 1855 2130 1914; x_wconf 68' lang='grc' dir='ltr'><strong>Β</strong></span> <span class='ocrx_word' id='word_1_364' title='bbox 2162 1834 2297 1887; x_wconf 81' lang='lat' dir='ltr'><strong>inter</strong></span> <span class='ocrx_word' id='word_1_365' title='bbox 2311 1835 2535 1890; x_wconf 74' lang='lat' dir='ltr'><strong>clericos</strong></span> <span class='ocrx_word' id='word_1_366' title='bbox 2561 1846 2863 1891; x_wconf 71' lang='lat' dir='ltr'><strong>recensent.</strong></span> <span class='ocrx_word' id='word_1_367' title='bbox 2888 1837 3038 1905; x_wconf 85' lang='lat' dir='ltr'><strong>Apud</strong></span> <span class='ocrx_word' id='word_1_368' title='bbox 3066 1837 3345 1909; x_wconf 83' lang='lat' dir='ltr'><strong>Ignatium,</strong></span> <span class='ocrx_word' id='word_1_369' title='bbox 3366 1844 3522 1909; x_wconf 79' lang='lat' dir='ltr'><strong>epist.</strong></span> <span class='ocrx_word' id='word_1_370' title='bbox 3550 1842 3744 1896; x_wconf 77' lang='lat' dir='ltr'><strong>adAn-</strong></span> 
     </span>
    </p>
   </div>
   <div class='ocr_carea' id='block_1_50' title="bbox 2161 1923 3744 2002">
    <p class='ocr_par' dir='ltr' id='par_1_50' title="bbox 2161 1923 3744 2002">
     <span class='ocr_line' id='line_1_50' title="bbox 2161 1923 3744 2002; baseline 0.006 -26"><span class='ocrx_word' id='word_1_371' title='bbox 2161 1923 2437 1977; x_wconf 84' lang='lat' dir='ltr'><strong>tioclienos</strong></span> <span class='ocrx_word' id='word_1_372' title='bbox 2465 1927 2815 1997; x_wconf 73' lang='grc' dir='ltr'><strong>ε’Δσπάζομαι</strong></span> <span class='ocrx_word' id='word_1_373' title='bbox 2843 1927 3596 2002; x_wconf 69' lang='grc' dir='ltr'><strong>ὑποδιακόνους,ἁναγδωστάς,</strong></span> <span class='ocrx_word' id='word_1_374' title='bbox 3615 1932 3744 2002; x_wconf 62' lang='grc' dir='ltr'>ψάλ-</span> 
     </span>
    </p>
   </div>
   <div class='ocr_carea' id='block_1_51' title="bbox 2156 2020 3740 2097">
    <p class='ocr_par' dir='ltr' id='par_1_51' title="bbox 2156 2020 3740 2097">
     <span class='ocr_line' id='line_1_51' title="bbox 2156 2020 3740 2097; baseline 0.001 -24"><span class='ocrx_word' id='word_1_375' title='bbox 2156 2041 2269 2085; x_wconf 79' lang='grc' dir='ltr'><strong>τας,</strong></span> <span class='ocrx_word' id='word_1_376' title='bbox 2286 2020 2572 2093; x_wconf 77' lang='grc' dir='ltr'><strong>πυλωροὺς,</strong></span> <span class='ocrx_word' id='word_1_377' title='bbox 2590 2023 2706 2080; x_wconf 79' lang='grc' dir='ltr'>τοὺς</span> <span class='ocrx_word' id='word_1_378' title='bbox 2728 2029 3034 2088; x_wconf 76' lang='grc' dir='ltr'>κοπιῶντας,</span> <span class='ocrx_word' id='word_1_379' title='bbox 3051 2024 3375 2097; x_wconf 76' lang='grc' dir='ltr'><strong>ἔπορκιστάς,</strong></span> <span class='ocrx_word' id='word_1_380' title='bbox 3401 2022 3740 2095; x_wconf 62' lang='grc' dir='ltr'>ὁμολογητὰςε</span> 
     </span>
    </p>
   </div>
   <div class='ocr_carea' id='block_1_52' title="bbox 2164 2111 3745 2182">
    <p class='ocr_par' dir='ltr' id='par_1_52' title="bbox 2164 2111 3745 2182">
     <span class='ocr_line' id='line_1_52' title="bbox 2164 2111 3745 2182; baseline 0.005 -22"><span class='ocrx_word' id='word_1_381' title='bbox 2164 2128 2181 2160; x_wconf 74' lang='grc' dir='ltr'><strong><em>ε</em></strong></span> <span class='ocrx_word' id='word_1_382' title='bbox 2205 2111 2390 2165; x_wconf 67' lang='lat' dir='ltr'><strong>Saluto</strong></span> <span class='ocrx_word' id='word_1_383' title='bbox 2410 2111 2789 2178; x_wconf 79' lang='lat' dir='ltr'><strong>subdiaconus,</strong></span> <span class='ocrx_word' id='word_1_384' title='bbox 2812 2112 3059 2178; x_wconf 89' lang='lat' dir='ltr'><strong>lectores,</strong></span> <span class='ocrx_word' id='word_1_385' title='bbox 3083 2124 3349 2176; x_wconf 82' lang='lat' dir='ltr'><strong>cantores,</strong></span> <span class='ocrx_word' id='word_1_386' title='bbox 3375 2115 3650 2182; x_wconf 89' lang='lat' dir='ltr'><strong>ostiarios,</strong></span> <span class='ocrx_word' id='word_1_387' title='bbox 3669 2114 3745 2167; x_wconf 87' lang='lat' dir='ltr'><strong>la-</strong></span> 
     </span>
    </p>
   </div>
   <div class='ocr_carea' id='block_1_53' title="bbox 2160 2204 3747 2275">
    <p class='ocr_par' dir='ltr' id='par_1_53' title="bbox 2160 2204 3747 2275">
     <span class='ocr_line' id='line_1_53' title="bbox 2160 2204 3747 2275; baseline 0.004 -18"><span class='ocrx_word' id='word_1_388' title='bbox 2160 2204 2456 2270; x_wconf 88' lang='lat' dir='ltr'><strong>horatorcs,</strong></span> <span class='ocrx_word' id='word_1_389' title='bbox 2472 2205 2792 2271; x_wconf 83' lang='lat' dir='ltr'><strong>exorcistas,</strong></span> <span class='ocrx_word' id='word_1_390' title='bbox 2808 2205 3165 2261; x_wconf 89' lang='lat' dir='ltr'><strong>confessores.</strong></span> <span class='ocrx_word' id='word_1_391' title='bbox 3190 2226 3207 2258; x_wconf 77' lang='grc'><strong>»</strong></span> <span class='ocrx_word' id='word_1_392' title='bbox 3228 2205 3625 2275; x_wconf 82' lang='lat' dir='ltr'><strong>Epiphaniusin</strong></span> <span class='ocrx_word' id='word_1_393' title='bbox 3644 2206 3747 2263; x_wconf 84' lang='lat' dir='ltr'><strong>line</strong></span> 
     </span>
    </p>
   </div>
   <div class='ocr_carea' id='block_1_54' title="bbox 2163 2290 3747 2374">
    <p class='ocr_par' dir='ltr' id='par_1_54' title="bbox 2163 2290 3747 2374">
     <span class='ocr_line' id='line_1_54' title="bbox 2163 2290 3747 2374; baseline 0.006 -31"><span class='ocrx_word' id='word_1_394' title='bbox 2163 2290 2230 2344; x_wconf 80' lang='lat' dir='ltr'><strong>Pa</strong></span> <span class='ocrx_word' id='word_1_395' title='bbox 2242 2294 2373 2346; x_wconf 80' lang='lat' dir='ltr'><strong>uarii</strong></span> <span class='ocrx_word' id='word_1_396' title='bbox 2394 2309 2408 2347; x_wconf 89' lang='lat'>:</span> <span class='ocrx_word' id='word_1_397' title='bbox 2427 2296 2613 2348; x_wconf 84' lang='grc' dir='ltr'>Λοιπὸν</span> <span class='ocrx_word' id='word_1_398' title='bbox 2634 2295 2684 2349; x_wconf 85' lang='grc' dir='ltr'><em>δέ</em></span> <span class='ocrx_word' id='word_1_399' title='bbox 2704 2298 2790 2349; x_wconf 80' lang='grc' dir='ltr'><strong>καὶ</strong></span> <span class='ocrx_word' id='word_1_400' title='bbox 2814 2301 3070 2364; x_wconf 79' lang='grc' dir='ltr'>κοπιαταὶ,</span> <span class='ocrx_word' id='word_1_401' title='bbox 3097 2298 3141 2351; x_wconf 81' lang='grc' dir='ltr'>οἱ</span> <span class='ocrx_word' id='word_1_402' title='bbox 3162 2299 3225 2351; x_wconf 80' lang='grc' dir='ltr'>τὰ</span> <span class='ocrx_word' id='word_1_403' title='bbox 3245 2302 3461 2369; x_wconf 84' lang='grc' dir='ltr'>σώματα</span> <span class='ocrx_word' id='word_1_404' title='bbox 3482 2299 3747 2374; x_wconf 73' lang='grc' dir='ltr'><strong>περιστίλ-</strong></span> 
     </span>
    </p>
   </div>
   <div class='ocr_carea' id='block_1_55' title="bbox 2157 2383 3747 2458">
    <p class='ocr_par' dir='ltr' id='par_1_55' title="bbox 2157 2383 3747 2458">
     <span class='ocr_line' id='line_1_55' title="bbox 2157 2383 3747 2458; baseline 0.002 -24"><span class='ocrx_word' id='word_1_405' title='bbox 2157 2383 2330 2442; x_wconf 76' lang='grc' dir='ltr'>λοντες</span> <span class='ocrx_word' id='word_1_406' title='bbox 2355 2390 2455 2437; x_wconf 87' lang='grc' dir='ltr'>τῶν</span> <span class='ocrx_word' id='word_1_407' title='bbox 2477 2386 2811 2454; x_wconf 78' lang='grc' dir='ltr'><strong>κοιμωμένων,</strong></span> <span class='ocrx_word' id='word_1_408' title='bbox 2838 2389 2920 2439; x_wconf 79' lang='grc' dir='ltr'><strong>καὶ</strong></span> <span class='ocrx_word' id='word_1_409' title='bbox 2943 2386 3192 2458; x_wconf 76' lang='grc' dir='ltr'>θυρωροὶε</span> <span class='ocrx_word' id='word_1_410' title='bbox 3220 2402 3237 2435; x_wconf 85' lang='lat' dir='ltr'><strong>t</strong></span> <span class='ocrx_word' id='word_1_411' title='bbox 3266 2385 3468 2438; x_wconf 77' lang='lat' dir='ltr'><strong>Deinde</strong></span> <span class='ocrx_word' id='word_1_412' title='bbox 3488 2386 3747 2441; x_wconf 86' lang='lat' dir='ltr'><strong>laboratu-</strong></span> 
     </span>
    </p>
   </div>
   <div class='ocr_carea' id='block_1_56' title="bbox 2160 2476 3745 2545">
    <p class='ocr_par' dir='ltr' id='par_1_56' title="bbox 2160 2476 3745 2545">
     <span class='ocr_line' id='line_1_56' title="bbox 2160 2476 3745 2545; baseline 0.003 -17"><span class='ocrx_word' id='word_1_413' title='bbox 2160 2491 2266 2538; x_wconf 74' lang='grc' dir='ltr'><strong>Γυς,</strong></span> <span class='ocrx_word' id='word_1_414' title='bbox 2282 2477 2369 2542; x_wconf 72' lang='grc' dir='ltr'>(ιιιί</span> <span class='ocrx_word' id='word_1_415' title='bbox 2390 2489 2612 2544; x_wconf 87' lang='lat' dir='ltr'><strong>corpora</strong></span> <span class='ocrx_word' id='word_1_416' title='bbox 2628 2491 2809 2529; x_wconf 92' lang='lat' dir='ltr'><strong>eorum</strong></span> <span class='ocrx_word' id='word_1_417' title='bbox 2828 2478 2914 2545; x_wconf 90' lang='lat' dir='ltr'><strong>qui</strong></span> <span class='ocrx_word' id='word_1_418' title='bbox 2931 2476 3353 2544; x_wconf 90' lang='lat' dir='ltr'><strong>obdormierunt,</strong></span> <span class='ocrx_word' id='word_1_419' title='bbox 3373 2479 3671 2533; x_wconf 77' lang='lat' dir='ltr'><strong>obvolvunt</strong></span> <span class='ocrx_word' id='word_1_420' title='bbox 3684 2493 3745 2533; x_wconf 91' lang='lat' dir='ltr'><strong>ac</strong></span> 
     </span>
    </p>
   </div>
   <div class='ocr_carea' id='block_1_57' title="bbox 2160 2565 3741 2633">
    <p class='ocr_par' dir='ltr' id='par_1_57' title="bbox 2160 2565 3741 2633">
     <span class='ocr_line' id='line_1_57' title="bbox 2160 2565 3741 2633; baseline 0.003 -16"><span class='ocrx_word' id='word_1_421' title='bbox 2160 2568 2430 2633; x_wconf 86' lang='lat' dir='ltr'><strong>operiunt,</strong></span> <span class='ocrx_word' id='word_1_422' title='bbox 2463 2577 2516 2620; x_wconf 92' lang='lat' dir='ltr'><strong>et</strong></span> <span class='ocrx_word' id='word_1_423' title='bbox 2546 2565 2773 2620; x_wconf 86' lang='lat' dir='ltr'><strong>ostiarii.</strong></span> <span class='ocrx_word' id='word_1_424' title='bbox 2801 2585 2820 2618; x_wconf 77' lang='grc' dir='ltr'><strong><em>ι</em></strong></span> <span class='ocrx_word' id='word_1_425' title='bbox 2871 2567 3002 2622; x_wconf 90' lang='lat' dir='ltr'><strong>Cod.</strong></span> <span class='ocrx_word' id='word_1_426' title='bbox 3036 2567 3305 2622; x_wconf 83' lang='lat' dir='ltr'><strong>Theodos.</strong></span> <span class='ocrx_word' id='word_1_427' title='bbox 3342 2569 3478 2623; x_wconf 87' lang='lat' dir='ltr'><strong>lilro</strong></span> <span class='ocrx_word' id='word_1_428' title='bbox 3510 2584 3624 2633; x_wconf 78' lang='lat' dir='ltr'><strong>xvi,</strong></span> <span class='ocrx_word' id='word_1_429' title='bbox 3663 2569 3741 2623; x_wconf 87' lang='lat' dir='ltr'><strong>tit.</strong></span> 
     </span>
    </p>
   </div>
   <div class='ocr_carea' id='block_1_58' title="bbox 2160 2656 3745 2729">
    <p class='ocr_par' dir='ltr' id='par_1_58' title="bbox 2160 2656 3745 2729">
     <span class='ocr_line' id='line_1_58' title="bbox 2160 2656 3745 2729; baseline 0.003 -20"><span class='ocrx_word' id='word_1_430' title='bbox 2160 2656 2214 2720; x_wconf 74' lang='grc'><strong>2,</strong></span> <span class='ocrx_word' id='word_1_431' title='bbox 2258 2660 2293 2711; x_wconf 95' lang='lat' dir='ltr'><strong>l.</strong></span> <span class='ocrx_word' id='word_1_432' title='bbox 2324 2659 2389 2713; x_wconf 82' lang='lat' dir='ltr'><strong>l5</strong></span> <span class='ocrx_word' id='word_1_433' title='bbox 2416 2675 2429 2711; x_wconf 90' lang='lat'><strong>:</strong></span> <span class='ocrx_word' id='word_1_434' title='bbox 2460 2676 2478 2710; x_wconf 75' lang='grc' dir='ltr'><strong><em>ι</em></strong></span> <span class='ocrx_word' id='word_1_435' title='bbox 2508 2658 2699 2713; x_wconf 83' lang='lat' dir='ltr'><strong>Clerici</strong></span> <span class='ocrx_word' id='word_1_436' title='bbox 2744 2676 2891 2726; x_wconf 89' lang='lat' dir='ltr'><strong>vero,</strong></span> <span class='ocrx_word' id='word_1_437' title='bbox 2923 2660 3008 2715; x_wconf 85' lang='lat' dir='ltr'><strong>vel</strong></span> <span class='ocrx_word' id='word_1_438' title='bbox 3040 2660 3090 2713; x_wconf 93' lang='lat' dir='ltr'><strong>hi</strong></span> <span class='ocrx_word' id='word_1_439' title='bbox 3122 2675 3254 2729; x_wconf 90' lang='lat' dir='ltr'><strong>quos</strong></span> <span class='ocrx_word' id='word_1_440' title='bbox 3282 2661 3519 2729; x_wconf 79' lang='lat' dir='ltr'><strong>capiatas</strong></span> <span class='ocrx_word' id='word_1_441' title='bbox 3558 2674 3745 2715; x_wconf 85' lang='lat' dir='ltr'><strong>recens</strong></span> 
     </span>
    </p>
   </div>
   <div class='ocr_carea' id='block_1_59' title="bbox 2166 2749 3742 2819">
    <p class='ocr_par' dir='ltr' id='par_1_59' title="bbox 2166 2749 3742 2819">
     <span class='ocr_line' id='line_1_59' title="bbox 2166 2749 3742 2819; baseline 0.001 -18"><span class='ocrx_word' id='word_1_442' title='bbox 2166 2763 2294 2803; x_wconf 87' lang='lat' dir='ltr'><strong>usus</strong></span> <span class='ocrx_word' id='word_1_443' title='bbox 2334 2749 2565 2803; x_wconf 85' lang='lat' dir='ltr'><strong>instituit</strong></span> <span class='ocrx_word' id='word_1_444' title='bbox 2609 2750 2925 2819; x_wconf 88' lang='lat' dir='ltr'><strong>nuncupari,</strong></span> <span class='ocrx_word' id='word_1_445' title='bbox 2972 2754 3041 2804; x_wconf 87' lang='lat' dir='ltr'><strong>ita</strong></span> <span class='ocrx_word' id='word_1_446' title='bbox 3088 2766 3116 2803; x_wconf 91' lang='lat' dir='ltr'><strong>a</strong></span> <span class='ocrx_word' id='word_1_447' title='bbox 3155 2750 3388 2804; x_wconf 88' lang='lat' dir='ltr'><strong>sordidis</strong></span> <span class='ocrx_word' id='word_1_448' title='bbox 3435 2752 3742 2805; x_wconf 83' lang='lat' dir='ltr'><strong>muneribus</strong></span> 
     </span>
    </p>
   </div>
   <div class='ocr_carea' id='block_1_60' title="bbox 2162 2839 3743 2910">
    <p class='ocr_par' dir='ltr' id='par_1_60' title="bbox 2162 2839 3743 2910">
     <span class='ocr_line' id='line_1_60' title="bbox 2162 2839 3743 2910; baseline -0.001 -16"><span class='ocrx_word' id='word_1_449' title='bbox 2162 2839 2360 2894; x_wconf 90' lang='lat' dir='ltr'><strong>debent</strong></span> <span class='ocrx_word' id='word_1_450' title='bbox 2399 2842 2662 2896; x_wconf 89' lang='lat' dir='ltr'><strong>immunes</strong></span> <span class='ocrx_word' id='word_1_451' title='bbox 2694 2851 2853 2910; x_wconf 87' lang='lat' dir='ltr'><strong>atque</strong></span> <span class='ocrx_word' id='word_1_452' title='bbox 2878 2856 2904 2895; x_wconf 90' lang='lat' dir='ltr'><strong>a</strong></span> <span class='ocrx_word' id='word_1_453' title='bbox 2936 2840 3219 2895; x_wconf 88' lang='lat' dir='ltr'><strong>collatione</strong></span> <span class='ocrx_word' id='word_1_454' title='bbox 3249 2839 3512 2910; x_wconf 68' lang='lat' dir='ltr'><strong>prazstari,</strong></span> <span class='ocrx_word' id='word_1_455' title='bbox 3552 2840 3601 2895; x_wconf 90' lang='lat' dir='ltr'><strong>si</strong></span> <span class='ocrx_word' id='word_1_456' title='bbox 3630 2840 3743 2895; x_wconf 61' lang='lat' dir='ltr'><strong>exi.</strong></span> 
     </span>
    </p>
   </div>
   <div class='ocr_carea' id='block_1_61' title="bbox 2165 2929 3745 2999">
    <p class='ocr_par' dir='ltr' id='par_1_61' title="bbox 2165 2929 3745 2999">
     <span class='ocr_line' id='line_1_61' title="bbox 2165 2929 3745 2999; baseline 0.001 -17"><span class='ocrx_word' id='word_1_457' title='bbox 2165 2930 2281 2999; x_wconf 85' lang='lat' dir='ltr'><strong>guis</strong></span> <span class='ocrx_word' id='word_1_458' title='bbox 2308 2929 2594 2983; x_wconf 89' lang='lat' dir='ltr'><strong>admodum</strong></span> <span class='ocrx_word' id='word_1_459' title='bbox 2644 2930 3009 2984; x_wconf 88' lang='lat' dir='ltr'><strong>mercimoniis</strong></span> <span class='ocrx_word' id='word_1_460' title='bbox 3040 2941 3253 2984; x_wconf 88' lang='lat' dir='ltr'><strong>tenuem</strong></span> <span class='ocrx_word' id='word_1_461' title='bbox 3297 2930 3396 2982; x_wconf 83' lang='lat' dir='ltr'><strong>sibi</strong></span> <span class='ocrx_word' id='word_1_462' title='bbox 3428 2931 3626 2982; x_wconf 91' lang='lat' dir='ltr'><strong>victum</strong></span> <span class='ocrx_word' id='word_1_463' title='bbox 3657 2945 3745 2983; x_wconf 83' lang='lat' dir='ltr'><strong>vc-</strong></span> 
     </span>
    </p>
   </div>
   <div class='ocr_carea' id='block_1_62' title="bbox 2164 3023 3743 3095">
    <p class='ocr_par' dir='ltr' id='par_1_62' title="bbox 2164 3023 3743 3095">
     <span class='ocr_line' id='line_1_62' title="bbox 2164 3023 3743 3095; baseline 0.002 -20"><span class='ocrx_word' id='word_1_464' title='bbox 2164 3023 2453 3092; x_wconf 72' lang='lat' dir='ltr'><strong>sritumque</strong></span> <span class='ocrx_word' id='word_1_465' title='bbox 2480 3024 2814 3092; x_wconf 88' lang='lat' dir='ltr'><strong>conquirent,</strong></span> <span class='ocrx_word' id='word_1_466' title='bbox 2848 3042 2865 3074; x_wconf 73' lang='grc' dir='ltr'><strong><em>ι</em></strong></span> <span class='ocrx_word' id='word_1_467' title='bbox 2911 3023 3188 3090; x_wconf 88' lang='lat' dir='ltr'><strong>Quomodo</strong></span> <span class='ocrx_word' id='word_1_468' title='bbox 3214 3024 3428 3095; x_wconf 66' lang='lat' dir='ltr'><strong>capiatis</strong></span> <span class='ocrx_word' id='word_1_469' title='bbox 3468 3023 3611 3077; x_wconf 91' lang='lat' dir='ltr'><strong>inter</strong></span> <span class='ocrx_word' id='word_1_470' title='bbox 3638 3023 3743 3078; x_wconf 54' lang='lat' dir='ltr'><strong>cleo</strong></span> 
     </span>
    </p>
   </div>
   <div class='ocr_carea' id='block_1_63' title="bbox 2173 3115 3744 3185">
    <p class='ocr_par' dir='ltr' id='par_1_63' title="bbox 2173 3115 3744 3185">
     <span class='ocr_line' id='line_1_63' title="bbox 2173 3115 3744 3185; baseline 0 -17"><span class='ocrx_word' id='word_1_471' title='bbox 2173 3117 2315 3170; x_wconf 87' lang='lat' dir='ltr'><strong>ricos</strong></span> <span class='ocrx_word' id='word_1_472' title='bbox 2344 3116 2625 3182; x_wconf 88' lang='lat' dir='ltr'><strong>numerati,</strong></span> <span class='ocrx_word' id='word_1_473' title='bbox 2661 3115 2781 3170; x_wconf 90' lang='lat' dir='ltr'><strong>vide</strong></span> <span class='ocrx_word' id='word_1_474' title='bbox 2812 3115 3144 3183; x_wconf 67' lang='lat' dir='ltr'><strong>Bcl‘armin.,</strong></span> <span class='ocrx_word' id='word_1_475' title='bbox 3175 3126 3316 3172; x_wconf 90' lang='lat' dir='ltr'><strong>tomo</strong></span> <span class='ocrx_word' id='word_1_476' title='bbox 3346 3117 3410 3185; x_wconf 92' lang='lat' dir='ltr'><strong>ll,</strong></span> <span class='ocrx_word' id='word_1_477' title='bbox 3446 3126 3691 3172; x_wconf 86' lang='lat' dir='ltr'><strong>controv.</strong></span> <span class='ocrx_word' id='word_1_478' title='bbox 3712 3116 3744 3168; x_wconf 73' lang='lat'><strong>2</strong></span> 
     </span>
    </p>
   </div>
   <div class='ocr_carea' id='block_1_64' title="bbox 469 3207 3112 3298">
    <p class='ocr_par' dir='ltr' id='par_1_64' title="bbox 469 3207 3112 3298">
     <span class='ocr_line' id='line_1_64' title="bbox 469 3207 3112 3298; baseline 0.001 -28"><span class='ocrx_word' id='word_1_479' title='bbox 469 3221 611 3295; x_wconf 72' lang='grc' dir='ltr'><strong>φερές</strong></span> <span class='ocrx_word' id='word_1_480' title='bbox 638 3218 948 3292; x_wconf 77' lang='grc' dir='ltr'><strong>οἰκοδόμημα</strong></span> <span class='ocrx_word' id='word_1_481' title='bbox 988 3221 1089 3273; x_wconf 80' lang='grc' dir='ltr'>ἀπὸ</span> <span class='ocrx_word' id='word_1_482' title='bbox 1120 3226 1206 3273; x_wconf 84' lang='grc' dir='ltr'>τοῦ</span> <span class='ocrx_word' id='word_1_483' title='bbox 1246 3220 1483 3291; x_wconf 76' lang='grc' dir='ltr'><strong>περιθεῖν.</strong></span> <span class='ocrx_word' id='word_1_484' title='bbox 1519 3220 1671 3279; x_wconf 79' lang='grc' dir='ltr'>Θόλος</span> <span class='ocrx_word' id='word_1_485' title='bbox 1708 3219 1861 3278; x_wconf 76' lang='grc' dir='ltr'>τόπος</span> <span class='ocrx_word' id='word_1_486' title='bbox 1903 3241 1980 3278; x_wconf 77' lang='grc' dir='ltr'><strong>τις</strong></span> <span class='ocrx_word' id='word_1_487' title='bbox 2012 3221 2058 3271; x_wconf 80' lang='grc' dir='ltr'>ἐν</span> <span class='ocrx_word' id='word_1_488' title='bbox 2086 3238 2130 3298; x_wconf 65' lang='grc' dir='ltr'>ο</span> <span class='ocrx_word' id='word_1_489' title='bbox 2163 3222 2370 3275; x_wconf 59' lang='lat' dir='ltr'><strong>gener-9</strong></span> <span class='ocrx_word' id='word_1_490' title='bbox 2401 3207 2492 3262; x_wconf 68' lang='lat' dir='ltr'><strong>l&#39;b-</strong></span> <span class='ocrx_word' id='word_1_491' title='bbox 2518 3224 2555 3273; x_wconf 69' lang='grc' dir='ltr'>ιν</span> <span class='ocrx_word' id='word_1_492' title='bbox 2582 3208 2649 3262; x_wconf 73' lang='lat' dir='ltr'><strong>de</strong></span> <span class='ocrx_word' id='word_1_493' title='bbox 2679 3208 2844 3272; x_wconf 60' lang='grc' dir='ltr'><strong>δίεπ’..</strong></span> <span class='ocrx_word' id='word_1_494' title='bbox 2875 3222 2993 3277; x_wconf 65' lang='grc' dir='ltr'><strong>ων.</strong></span> <span class='ocrx_word' id='word_1_495' title='bbox 3022 3208 3112 3263; x_wconf 69' lang='grc' dir='ltr'><strong>ίί·</strong></span> 
     </span>
    </p>
   </div>
   <div class='ocr_carea' id='block_1_65' title="bbox 471 3308 2052 3384">
    <p class='ocr_par' dir='ltr' id='par_1_65' title="bbox 471 3308 2052 3384">
     <span class='ocr_line' id='line_1_65' title="bbox 471 3308 2052 3384; baseline 0.001 -21"><span class='ocrx_word' id='word_1_496' title='bbox 471 3318 584 3369; x_wconf 82' lang='grc' dir='ltr'>τοῖς</span> <span class='ocrx_word' id='word_1_497' title='bbox 606 3311 837 3383; x_wconf 65' lang='grc' dir='ltr'><strong>ἀρχείοις</strong></span> <span class='ocrx_word' id='word_1_498' title='bbox 867 3310 1085 3375; x_wconf 71' lang='grc' dir='ltr'><strong>κληθεὶς,</strong></span> <span class='ocrx_word' id='word_1_499' title='bbox 1132 3308 1217 3365; x_wconf 75' lang='grc' dir='ltr'><strong>διὰ</strong></span> <span class='ocrx_word' id='word_1_500' title='bbox 1240 3312 1327 3363; x_wconf 65' lang='grc' dir='ltr'>τὶν</span> <span class='ocrx_word' id='word_1_501' title='bbox 1372 3311 1557 3384; x_wconf 71' lang='grc' dir='ltr'>τρόπον</span> <span class='ocrx_word' id='word_1_502' title='bbox 1586 3319 1675 3371; x_wconf 78' lang='grc' dir='ltr'><strong>τῆς</strong></span> <span class='ocrx_word' id='word_1_503' title='bbox 1715 3316 2052 3369; x_wconf 76' lang='grc' dir='ltr'><strong>κατασκευῆς’</strong></span> 
     </span>
    </p>
   </div>
   <div class='ocr_carea' id='block_1_66' title="bbox 472 3397 2054 3476">
    <p class='ocr_par' dir='ltr' id='par_1_66' title="bbox 472 3397 2054 3476">
     <span class='ocr_line' id='line_1_66' title="bbox 472 3397 2054 3476; baseline -0.001 -23"><span class='ocrx_word' id='word_1_504' title='bbox 472 3398 531 3459; x_wconf 80' lang='grc' dir='ltr'>ἧν</span> <span class='ocrx_word' id='word_1_505' title='bbox 550 3404 647 3474; x_wconf 69' lang='grc' dir='ltr'><strong>γὰρ</strong></span> <span class='ocrx_word' id='word_1_506' title='bbox 669 3400 938 3466; x_wconf 72' lang='grc' dir='ltr'><strong>λιθοειδὴς,’</strong></span> <span class='ocrx_word' id='word_1_507' title='bbox 960 3403 1047 3454; x_wconf 77' lang='grc' dir='ltr'><strong>καὶ</strong></span> <span class='ocrx_word' id='word_1_508' title='bbox 1083 3404 1260 3473; x_wconf 73' lang='grc' dir='ltr'>ὀροφήν</span> <span class='ocrx_word' id='word_1_509' title='bbox 1289 3397 1401 3470; x_wconf 78' lang='grc' dir='ltr'><strong>εἶχε</strong></span> <span class='ocrx_word' id='word_1_510' title='bbox 1433 3409 1673 3476; x_wconf 42' lang='grc' dir='ltr'><strong>περιξερῆ</strong></span> <span class='ocrx_word' id='word_1_511' title='bbox 1702 3398 2054 3471; x_wconf 45' lang='lat' dir='ltr'><strong>eiuratione-cria,</strong></span> 
     </span>
    </p>
   </div>
   <div class='ocr_carea' id='block_1_67' title="bbox 472 3484 2059 3558">
    <p class='ocr_par' dir='ltr' id='par_1_67' title="bbox 472 3484 2059 3558">
     <span class='ocr_line' id='line_1_67' title="bbox 472 3484 2059 3558; baseline -0.001 -18"><span class='ocrx_word' id='word_1_512' title='bbox 472 3489 600 3557; x_wconf 78' lang='grc' dir='ltr'><strong>οὐχὶ</strong></span> <span class='ocrx_word' id='word_1_513' title='bbox 626 3489 848 3551; x_wconf 77' lang='grc' dir='ltr'><strong>ξυλίνην,</strong></span> <span class='ocrx_word' id='word_1_514' title='bbox 882 3489 949 3546; x_wconf 77' lang='grc' dir='ltr'><em>ὡς</em></span> <span class='ocrx_word' id='word_1_515' title='bbox 979 3488 1043 3540; x_wconf 83' lang='grc' dir='ltr'>τὰ</span> <span class='ocrx_word' id='word_1_516' title='bbox 1072 3484 1199 3540; x_wconf 78' lang='grc' dir='ltr'>ἄλλα</span> <span class='ocrx_word' id='word_1_517' title='bbox 1235 3486 1631 3556; x_wconf 71' lang='grc' dir='ltr'>οἰκοδομήματα.</span> <span class='ocrx_word' id='word_1_518' title='bbox 1658 3489 1873 3558; x_wconf 77' lang='grc' dir='ltr'><strong>Λέγεται</strong></span> <span class='ocrx_word' id='word_1_519' title='bbox 1913 3487 2059 3544; x_wconf 81' lang='grc' dir='ltr'>θηλυ-</span> 
     </span>
    </p>
   </div>
   <div class='ocr_carea' id='block_1_68' title="bbox 474 3579 2057 3643">
    <p class='ocr_par' dir='ltr' id='par_1_68' title="bbox 474 3579 2057 3643">
     <span class='ocr_line' id='line_1_68' title="bbox 474 3579 2057 3643; baseline -0.002 -8"><span class='ocrx_word' id='word_1_520' title='bbox 474 3588 577 3641; x_wconf 79' lang='grc' dir='ltr'><strong>κῶς</strong></span> <span class='ocrx_word' id='word_1_521' title='bbox 612 3598 629 3631; x_wconf 80' lang='lat' dir='ltr'><strong>t</strong></span> <span class='ocrx_word' id='word_1_522' title='bbox 659 3584 689 3639; x_wconf 77' lang='grc' dir='ltr'>ἡ</span> <span class='ocrx_word' id='word_1_523' title='bbox 719 3581 859 3640; x_wconf 83' lang='grc' dir='ltr'>θὸλος</span> <span class='ocrx_word' id='word_1_524' title='bbox 884 3599 901 3631; x_wconf 76' lang='grc' dir='ltr'><strong><em>ι</em></strong></span> <span class='ocrx_word' id='word_1_525' title='bbox 929 3596 941 3632; x_wconf 91' lang='lat'><strong>:</strong></span> <span class='ocrx_word' id='word_1_526' title='bbox 967 3597 985 3630; x_wconf 71' lang='grc' dir='ltr'>ι</span> <span class='ocrx_word' id='word_1_527' title='bbox 1007 3580 1208 3633; x_wconf 72' lang='grc' dir='ltr'><strong>Τιιοῖοε</strong></span> <span class='ocrx_word' id='word_1_528' title='bbox 1240 3579 1522 3631; x_wconf 84' lang='lat' dir='ltr'><strong>domusest</strong></span> <span class='ocrx_word' id='word_1_529' title='bbox 1548 3579 1940 3643; x_wconf 74' lang='lat' dir='ltr'><strong>rotunda,dicta</strong></span> <span class='ocrx_word' id='word_1_530' title='bbox 1957 3580 2057 3632; x_wconf 82' lang='grc' dir='ltr'>ἀπὸ</span> 
     </span>
    </p>
   </div>
   <div class='ocr_carea' id='block_1_69' title="bbox 474 3668 2055 3746">
    <p class='ocr_par' dir='ltr' id='par_1_69' title="bbox 474 3668 2055 3746">
     <span class='ocr_line' id='line_1_69' title="bbox 474 3668 2055 3746; baseline -0.003 -21"><span class='ocrx_word' id='word_1_531' title='bbox 474 3677 568 3726; x_wconf 87' lang='grc' dir='ltr'>τοῦ</span> <span class='ocrx_word' id='word_1_532' title='bbox 592 3672 833 3746; x_wconf 75' lang='grc' dir='ltr'><strong>περιθεῖν,</strong></span> <span class='ocrx_word' id='word_1_533' title='bbox 860 3686 889 3723; x_wconf 89' lang='lat' dir='ltr'><strong>a</strong></span> <span class='ocrx_word' id='word_1_534' title='bbox 918 3668 1409 3723; x_wconf 87' lang='lat' dir='ltr'><strong>circumcurremlo.</strong></span> <span class='ocrx_word' id='word_1_535' title='bbox 1432 3669 1559 3721; x_wconf 87' lang='lat' dir='ltr'><strong>Item</strong></span> <span class='ocrx_word' id='word_1_536' title='bbox 1587 3669 1734 3721; x_wconf 88' lang='lat' dir='ltr'><strong>locus</strong></span> <span class='ocrx_word' id='word_1_537' title='bbox 1763 3668 1974 3737; x_wconf 84' lang='lat' dir='ltr'><strong>quidam</strong></span> <span class='ocrx_word' id='word_1_538' title='bbox 2006 3669 2055 3721; x_wconf 94' lang='lat' dir='ltr'><strong>in</strong></span> 
     </span>
    </p>
   </div>
   <div class='ocr_carea' id='block_1_70' title="bbox 478 3758 2047 3823">
    <p class='ocr_par' dir='ltr' id='par_1_70' title="bbox 478 3758 2047 3823">
     <span class='ocr_line' id='line_1_70' title="bbox 478 3758 2047 3823; baseline -0.001 -8"><span class='ocrx_word' id='word_1_539' title='bbox 478 3761 751 3815; x_wconf 86' lang='lat' dir='ltr'><strong>tabulariis</strong></span> <span class='ocrx_word' id='word_1_540' title='bbox 780 3777 871 3815; x_wconf 89' lang='lat' dir='ltr'><strong>seu</strong></span> <span class='ocrx_word' id='word_1_541' title='bbox 916 3760 1146 3814; x_wconf 84' lang='lat' dir='ltr'><strong>archivis</strong></span> <span class='ocrx_word' id='word_1_542' title='bbox 1178 3759 1478 3823; x_wconf 83' lang='lat' dir='ltr'><strong>dicebatur,</strong></span> <span class='ocrx_word' id='word_1_543' title='bbox 1512 3774 1539 3811; x_wconf 89' lang='lat' dir='ltr'><strong>a</strong></span> <span class='ocrx_word' id='word_1_544' title='bbox 1576 3758 1790 3813; x_wconf 74' lang='lat' dir='ltr'><strong>fabrica:</strong></span> <span class='ocrx_word' id='word_1_545' title='bbox 1814 3761 2047 3819; x_wconf 76' lang='lat' dir='ltr'><strong>ratione.</strong></span> 
     </span>
    </p>
   </div>
   <div class='ocr_carea' id='block_1_71' title="bbox 482 3853 2058 3924">
    <p class='ocr_par' dir='ltr' id='par_1_71' title="bbox 482 3853 2058 3924">
     <span class='ocr_line' id='line_1_71' title="bbox 482 3853 2058 3924; baseline -0.002 -13"><span class='ocrx_word' id='word_1_546' title='bbox 482 3857 760 3911; x_wconf 85' lang='lat' dir='ltr'><strong>Lateribns</strong></span> <span class='ocrx_word' id='word_1_547' title='bbox 786 3857 930 3911; x_wconf 89' lang='lat' dir='ltr'><strong>enim</strong></span> <span class='ocrx_word' id='word_1_548' title='bbox 960 3864 1298 3911; x_wconf 88' lang='lat' dir='ltr'><strong>constructus</strong></span> <span class='ocrx_word' id='word_1_549' title='bbox 1354 3853 1653 3921; x_wconf 83' lang='lat' dir='ltr'><strong>videbatur,</strong></span> <span class='ocrx_word' id='word_1_550' title='bbox 1695 3863 1750 3908; x_wconf 91' lang='lat' dir='ltr'><strong>et</strong></span> <span class='ocrx_word' id='word_1_551' title='bbox 1794 3854 2058 3924; x_wconf 80' lang='lat' dir='ltr'><strong>fastigium</strong></span> 
     </span>
    </p>
   </div>
   <div class='ocr_carea' id='block_1_72' title="bbox 480 3949 2059 4013">
    <p class='ocr_par' dir='ltr' id='par_1_72' title="bbox 480 3949 2059 4013">
     <span class='ocr_line' id='line_1_72' title="bbox 480 3949 2059 4013; baseline -0.001 -10"><span class='ocrx_word' id='word_1_552' title='bbox 480 3949 710 4003; x_wconf 78' lang='lat' dir='ltr'><strong>habebat</strong></span> <span class='ocrx_word' id='word_1_553' title='bbox 767 3949 1077 4013; x_wconf 82' lang='lat' dir='ltr'><strong>rotundum,</strong></span> <span class='ocrx_word' id='word_1_554' title='bbox 1109 3954 1225 4002; x_wconf 89' lang='lat' dir='ltr'><strong>erat</strong></span> <span class='ocrx_word' id='word_1_555' title='bbox 1251 3957 1428 4001; x_wconf 91' lang='lat' dir='ltr'><strong>autem</strong></span> <span class='ocrx_word' id='word_1_556' title='bbox 1480 3963 1542 4002; x_wconf 80' lang='lat' dir='ltr'><strong>ex</strong></span> <span class='ocrx_word' id='word_1_557' title='bbox 1576 3955 1863 4010; x_wconf 90' lang='lat' dir='ltr'><strong>structura,</strong></span> <span class='ocrx_word' id='word_1_558' title='bbox 1894 3965 1995 3999; x_wconf 88' lang='lat' dir='ltr'><strong>non</strong></span> <span class='ocrx_word' id='word_1_559' title='bbox 2029 3963 2059 4002; x_wconf 89' lang='lat' dir='ltr'><strong>e</strong></span> 
     </span>
    </p>
   </div>
   <div class='ocr_carea' id='block_1_73' title="bbox 474 4034 2060 4107">
    <p class='ocr_par' dir='ltr' id='par_1_73' title="bbox 474 4034 2060 4107">
     <span class='ocr_line' id='line_1_73' title="bbox 474 4034 2060 4107; baseline -0.003 -14"><span class='ocrx_word' id='word_1_560' title='bbox 474 4034 641 4107; x_wconf 59' lang='lat' dir='ltr'><strong>ligno,</strong></span> <span class='ocrx_word' id='word_1_561' title='bbox 673 4049 731 4091; x_wconf 92' lang='lat' dir='ltr'><strong>ut</strong></span> <span class='ocrx_word' id='word_1_562' title='bbox 760 4047 953 4092; x_wconf 61' lang='lat' dir='ltr'><strong>extera</strong></span> <span class='ocrx_word' id='word_1_563' title='bbox 980 4038 1226 4092; x_wconf 72' lang='lat' dir='ltr'><strong>mdilicia.</strong></span> <span class='ocrx_word' id='word_1_564' title='bbox 1273 4037 1473 4091; x_wconf 80' lang='lat' dir='ltr'><strong>Dicitur</strong></span> <span class='ocrx_word' id='word_1_565' title='bbox 1522 4036 1771 4091; x_wconf 89' lang='lat' dir='ltr'><strong>feminine</strong></span> <span class='ocrx_word' id='word_1_566' title='bbox 1796 4039 1904 4090; x_wconf 70' lang='lat' dir='ltr'><strong>Itan:</strong></span> <span class='ocrx_word' id='word_1_567' title='bbox 1932 4037 2060 4090; x_wconf 87' lang='lat' dir='ltr'><strong>tho-</strong></span> 
     </span>
    </p>
   </div>
   <div class='ocr_carea' id='block_1_74' title="bbox 476 4128 1613 4193">
    <p class='ocr_par' dir='ltr' id='par_1_74' title="bbox 476 4128 1613 4193">
     <span class='ocr_line' id='line_1_74' title="bbox 476 4128 1613 4193; baseline -0.002 -10"><span class='ocrx_word' id='word_1_568' title='bbox 476 4131 579 4183; x_wconf 85' lang='lat' dir='ltr'><strong>lus.</strong></span> <span class='ocrx_word' id='word_1_569' title='bbox 614 4148 632 4180; x_wconf 73' lang='grc' dir='ltr'><strong><em>ι</em></strong></span> <span class='ocrx_word' id='word_1_570' title='bbox 665 4128 794 4183; x_wconf 84' lang='lat' dir='ltr'><strong>Vide</strong></span> <span class='ocrx_word' id='word_1_571' title='bbox 821 4140 873 4182; x_wconf 88' lang='lat' dir='ltr'><strong>et</strong></span> <span class='ocrx_word' id='word_1_572' title='bbox 905 4130 1281 4193; x_wconf 82' lang='lat' dir='ltr'><strong>Phavurinum,</strong></span> <span class='ocrx_word' id='word_1_573' title='bbox 1314 4130 1365 4182; x_wconf 92' lang='lat' dir='ltr'><strong>in</strong></span> <span class='ocrx_word' id='word_1_574' title='bbox 1401 4128 1613 4182; x_wconf 78' lang='lat' dir='ltr'><strong>Lexico.</strong></span> 
     </span>
    </p>
   </div>
   <div class='ocr_carea' id='block_1_75' title="bbox 548 4217 2057 4289">
    <p class='ocr_par' dir='ltr' id='par_1_75' title="bbox 548 4217 2057 4289">
     <span class='ocr_line' id='line_1_75' title="bbox 548 4217 2057 4289; baseline -0.001 -16"><span class='ocrx_word' id='word_1_575' title='bbox 548 4217 852 4275; x_wconf 68' lang='lat' dir='ltr'><strong>THYHIAIA.</strong></span> <span class='ocrx_word' id='word_1_576' title='bbox 894 4220 1046 4273; x_wconf 78' lang='lat' dir='ltr'><strong>Ritus</strong></span> <span class='ocrx_word' id='word_1_577' title='bbox 1069 4221 1356 4289; x_wconf 79' lang='lat' dir='ltr'><strong>thymiama</strong></span> <span class='ocrx_word' id='word_1_578' title='bbox 1379 4220 1694 4272; x_wconf 84' lang='lat' dir='ltr'><strong>incendendi</strong></span> <span class='ocrx_word' id='word_1_579' title='bbox 1721 4220 1773 4273; x_wconf 90' lang='lat' dir='ltr'><strong>in</strong></span> <span class='ocrx_word' id='word_1_580' title='bbox 1798 4219 2057 4274; x_wconf 87' lang='lat' dir='ltr'><strong>honorem</strong></span> 
     </span>
    </p>
   </div>
   <div class='ocr_carea' id='block_1_76' title="bbox 474 4310 2062 4379">
    <p class='ocr_par' dir='ltr' id='par_1_76' title="bbox 474 4310 2062 4379">
     <span class='ocr_line' id='line_1_76' title="bbox 474 4310 2062 4379; baseline -0.003 -14"><span class='ocrx_word' id='word_1_581' title='bbox 474 4319 780 4365; x_wconf 85' lang='lat' dir='ltr'><strong>sanctorum</strong></span> <span class='ocrx_word' id='word_1_582' title='bbox 806 4310 917 4379; x_wconf 85' lang='lat' dir='ltr'><strong>jam</strong></span> <span class='ocrx_word' id='word_1_583' title='bbox 942 4311 1067 4364; x_wconf 89' lang='lat' dir='ltr'><strong>olim</strong></span> <span class='ocrx_word' id='word_1_584' title='bbox 1099 4310 1149 4363; x_wconf 90' lang='lat' dir='ltr'><strong>in</strong></span> <span class='ocrx_word' id='word_1_585' title='bbox 1172 4325 1289 4362; x_wconf 89' lang='lat' dir='ltr'><strong>usu.</strong></span> <span class='ocrx_word' id='word_1_586' title='bbox 1308 4310 1521 4362; x_wconf 76' lang='lat' dir='ltr'><strong>Pratum</strong></span> <span class='ocrx_word' id='word_1_587' title='bbox 1551 4310 1822 4377; x_wconf 77' lang='lat' dir='ltr'><strong>Spiritnale</strong></span> <span class='ocrx_word' id='word_1_588' title='bbox 1841 4310 2062 4362; x_wconf 83' lang='lat' dir='ltr'><strong>Joannis</strong></span> 
     </span>
    </p>
   </div>
   <div class='ocr_carea' id='block_1_77' title="bbox 475 4400 2055 4469">
    <p class='ocr_par' dir='ltr' id='par_1_77' title="bbox 475 4400 2055 4469">
     <span class='ocr_line' id='line_1_77' title="bbox 475 4400 2055 4469; baseline -0.003 -13"><span class='ocrx_word' id='word_1_589' title='bbox 475 4401 702 4466; x_wconf 77' lang='lat' dir='ltr'><strong>Moschi,</strong></span> <span class='ocrx_word' id='word_1_590' title='bbox 738 4417 787 4456; x_wconf 92' lang='lat' dir='ltr'><strong>c.</strong></span> <span class='ocrx_word' id='word_1_591' title='bbox 830 4401 895 4455; x_wconf 80' lang='lat'><strong>57</strong></span> <span class='ocrx_word' id='word_1_592' title='bbox 930 4418 943 4454; x_wconf 92' lang='lat'><strong>:</strong></span> <span class='ocrx_word' id='word_1_593' title='bbox 980 4420 997 4452; x_wconf 76' lang='grc' dir='ltr'>ι</span> <span class='ocrx_word' id='word_1_594' title='bbox 1037 4401 1233 4455; x_wconf 76' lang='lat' dir='ltr'><strong>Mittite</strong></span> <span class='ocrx_word' id='word_1_595' title='bbox 1273 4400 1559 4469; x_wconf 83' lang='lat' dir='ltr'><strong>thymiama</strong></span> <span class='ocrx_word' id='word_1_596' title='bbox 1594 4402 1646 4453; x_wconf 84' lang='lat' dir='ltr'><strong>in</strong></span> <span class='ocrx_word' id='word_1_597' title='bbox 1674 4400 2055 4454; x_wconf 68' lang='lat' dir='ltr'><strong>thurihulum.»</strong></span> 
     </span>
    </p>
   </div>
   <div class='ocr_carea' id='block_1_78' title="bbox 475 4495 2058 4568">
    <p class='ocr_par' dir='ltr' id='par_1_78' title="bbox 475 4495 2058 4568">
     <span class='ocr_line' id='line_1_78' title="bbox 475 4495 2058 4568; baseline 0 -17"><span class='ocrx_word' id='word_1_598' title='bbox 475 4495 659 4551; x_wconf 64' lang='lat' dir='ltr'><strong>Grmce</strong></span> <span class='ocrx_word' id='word_1_599' title='bbox 683 4513 699 4551; x_wconf 86' lang='lat'><strong>:</strong></span> <span class='ocrx_word' id='word_1_600' title='bbox 719 4496 924 4567; x_wconf 80' lang='grc' dir='ltr'>βάλλετε</span> <span class='ocrx_word' id='word_1_601' title='bbox 945 4500 1190 4568; x_wconf 82' lang='grc' dir='ltr'><strong>θυμίαμα.</strong></span> <span class='ocrx_word' id='word_1_602' title='bbox 1219 4495 1379 4549; x_wconf 84' lang='lat' dir='ltr'><strong>Divus</strong></span> <span class='ocrx_word' id='word_1_603' title='bbox 1400 4496 1837 4566; x_wconf 44' lang='lat' dir='ltr'><strong>Chrysostomus,</strong></span> <span class='ocrx_word' id='word_1_604' title='bbox 1873 4496 2058 4551; x_wconf 91' lang='lat' dir='ltr'><strong>homil.</strong></span> 
     </span>
    </p>
   </div>
   <div class='ocr_carea' id='block_1_79' title="bbox 2236 3299 3739 3372">
    <p class='ocr_par' dir='ltr' id='par_1_79' title="bbox 2236 3299 3739 3372">
     <span class='ocr_line' id='line_1_79' title="bbox 2236 3299 3739 3372; baseline 0.001 -20"><span class='ocrx_word' id='word_1_605' title='bbox 2236 3300 2498 3353; x_wconf 76' lang='lat' dir='ltr'><strong>Existimo</strong></span> <span class='ocrx_word' id='word_1_606' title='bbox 2526 3299 2749 3353; x_wconf 86' lang='lat' dir='ltr'><strong>tumulos</strong></span> <span class='ocrx_word' id='word_1_607' title='bbox 2776 3300 2902 3354; x_wconf 90' lang='lat' dir='ltr'><strong>olim</strong></span> <span class='ocrx_word' id='word_1_608' title='bbox 2931 3316 2993 3354; x_wconf 76' lang='lat' dir='ltr'><strong>ea:</strong></span> <span class='ocrx_word' id='word_1_609' title='bbox 3014 3316 3154 3354; x_wconf 82' lang='lat' dir='ltr'><strong>more</strong></span> <span class='ocrx_word' id='word_1_610' title='bbox 3183 3303 3529 3372; x_wconf 87' lang='lat' dir='ltr'><strong>compositos,</strong></span> <span class='ocrx_word' id='word_1_611' title='bbox 3562 3302 3617 3357; x_wconf 84' lang='lat' dir='ltr'><strong>id</strong></span> <span class='ocrx_word' id='word_1_612' title='bbox 3641 3316 3739 3368; x_wconf 72' lang='grc' dir='ltr'><strong>εει,</strong></span> 
     </span>
    </p>
   </div>
   <div class='ocr_carea' id='block_1_80' title="bbox 2174 3391 3740 3464">
    <p class='ocr_par' dir='ltr' id='par_1_80' title="bbox 2174 3391 3740 3464">
     <span class='ocr_line' id='line_1_80' title="bbox 2174 3391 3740 3464; baseline 0.004 -18"><span class='ocrx_word' id='word_1_613' title='bbox 2174 3402 2551 3463; x_wconf 75' lang='lat' dir='ltr'><strong>exaggeratos,</strong></span> <span class='ocrx_word' id='word_1_614' title='bbox 2585 3395 2725 3449; x_wconf 91' lang='lat' dir='ltr'><strong>unde</strong></span> <span class='ocrx_word' id='word_1_615' title='bbox 2749 3393 3057 3462; x_wconf 87' lang='lat' dir='ltr'><strong>lleliodoro,</strong></span> <span class='ocrx_word' id='word_1_616' title='bbox 3090 3391 3378 3464; x_wconf 61' lang='lat' dir='ltr'><strong>Ethiopié.</strong></span> <span class='ocrx_word' id='word_1_617' title='bbox 3415 3397 3508 3451; x_wconf 91' lang='lat' dir='ltr'><strong>lib.</strong></span> <span class='ocrx_word' id='word_1_618' title='bbox 3543 3413 3601 3450; x_wconf 76' lang='grc' dir='ltr'><strong>ιε</strong></span> <span class='ocrx_word' id='word_1_619' title='bbox 3652 3403 3740 3453; x_wconf 67' lang='grc' dir='ltr'><strong>Καὶ</strong></span> 
     </span>
    </p>
   </div>
   <div class='ocr_carea' id='block_1_81' title="bbox 2163 3487 3740 3571">
    <p class='ocr_par' dir='ltr' id='par_1_81' title="bbox 2163 3487 3740 3571">
     <span class='ocr_line' id='line_1_81' title="bbox 2163 3487 3740 3571; baseline 0.003 -34"><span class='ocrx_word' id='word_1_620' title='bbox 2163 3491 2294 3555; x_wconf 74' lang='grc' dir='ltr'>χοῦν</span> <span class='ocrx_word' id='word_1_621' title='bbox 2346 3487 2507 3556; x_wconf 70' lang='grc' dir='ltr'>ὀλίγον</span> <span class='ocrx_word' id='word_1_622' title='bbox 2554 3487 2889 3564; x_wconf 74' lang='grc' dir='ltr'><strong>ὶπιφορήσας,</strong></span> <span class='ocrx_word' id='word_1_623' title='bbox 2953 3488 3065 3571; x_wconf 63' lang='lat' dir='ltr'><strong>{et</strong></span> <span class='ocrx_word' id='word_1_624' title='bbox 3121 3487 3375 3541; x_wconf 89' lang='lat' dir='ltr'><strong>tumulum</strong></span> <span class='ocrx_word' id='word_1_625' title='bbox 3440 3489 3740 3558; x_wconf 86' lang='lat' dir='ltr'><strong>aliquantu-</strong></span> 
     </span>
    </p>
   </div>
   <div class='ocr_carea' id='block_1_82' title="bbox 2163 3575 3743 3643">
    <p class='ocr_par' dir='ltr' id='par_1_82' title="bbox 2163 3575 3743 3643">
     <span class='ocr_line' id='line_1_82' title="bbox 2163 3575 3743 3643; baseline 0.002 -16"><span class='ocrx_word' id='word_1_626' title='bbox 2163 3575 2268 3628; x_wconf 90' lang='lat' dir='ltr'><strong>lum</strong></span> <span class='ocrx_word' id='word_1_627' title='bbox 2321 3577 2729 3643; x_wconf 78' lang='lat' dir='ltr'><strong>accumulas~et,</strong></span> <span class='ocrx_word' id='word_1_628' title='bbox 2763 3596 2781 3629; x_wconf 77' lang='grc' dir='ltr'><strong><em>ι</em></strong></span> <span class='ocrx_word' id='word_1_629' title='bbox 2847 3586 2902 3630; x_wconf 88' lang='lat' dir='ltr'><strong>ut</strong></span> <span class='ocrx_word' id='word_1_630' title='bbox 2945 3577 2997 3631; x_wconf 93' lang='lat' dir='ltr'><strong>in</strong></span> <span class='ocrx_word' id='word_1_631' title='bbox 3054 3578 3239 3632; x_wconf 91' lang='lat' dir='ltr'><strong>oculos</strong></span> <span class='ocrx_word' id='word_1_632' title='bbox 3292 3578 3653 3643; x_wconf 89' lang='lat' dir='ltr'><strong>incurrerent,</strong></span> <span class='ocrx_word' id='word_1_633' title='bbox 3693 3587 3743 3631; x_wconf 84' lang='lat' dir='ltr'><strong>et</strong></span> 
     </span>
    </p>
   </div>
   <div class='ocr_carea' id='block_1_83' title="bbox 2166 3668 3738 3726">
    <p class='ocr_par' dir='ltr' id='par_1_83' title="bbox 2166 3668 3738 3726">
     <span class='ocr_line' id='line_1_83' title="bbox 2166 3668 3738 3726; baseline 0.005 -9"><span class='ocrx_word' id='word_1_634' title='bbox 2166 3668 2416 3721; x_wconf 76' lang='lat' dir='ltr'><strong>mortales</strong></span> <span class='ocrx_word' id='word_1_635' title='bbox 2448 3670 2787 3722; x_wconf 87' lang='lat' dir='ltr'><strong>mortalitatis</strong></span> <span class='ocrx_word' id='word_1_636' title='bbox 2815 3678 3114 3724; x_wconf 89' lang='lat' dir='ltr'><strong>monerent.</strong></span> <span class='ocrx_word' id='word_1_637' title='bbox 3147 3670 3298 3726; x_wconf 88' lang='lat' dir='ltr'><strong>Unde</strong></span> <span class='ocrx_word' id='word_1_638' title='bbox 3327 3680 3384 3723; x_wconf 92' lang='lat' dir='ltr'><strong>ut</strong></span> <span class='ocrx_word' id='word_1_639' title='bbox 3415 3682 3738 3725; x_wconf 84' lang='lat' dir='ltr'><strong>monumenta</strong></span> 
     </span>
    </p>
   </div>
   <div class='ocr_carea' id='block_1_84' title="bbox 2161 3759 3738 3828">
    <p class='ocr_par' dir='ltr' id='par_1_84' title="bbox 2161 3759 3738 3828">
     <span class='ocr_line' id='line_1_84' title="bbox 2161 3759 3738 3828; baseline 0.004 -20"><span class='ocrx_word' id='word_1_640' title='bbox 2161 3772 2188 3808; x_wconf 89' lang='lat' dir='ltr'><strong>a</strong></span> <span class='ocrx_word' id='word_1_641' title='bbox 2219 3759 2482 3812; x_wconf 84' lang='lat' dir='ltr'><strong>monendo</strong></span> <span class='ocrx_word' id='word_1_642' title='bbox 2507 3759 2667 3812; x_wconf 88' lang='lat' dir='ltr'><strong>dicta.</strong></span> <span class='ocrx_word' id='word_1_643' title='bbox 2700 3760 2830 3814; x_wconf 89' lang='lat' dir='ltr'><strong>llinc</strong></span> <span class='ocrx_word' id='word_1_644' title='bbox 2858 3761 3127 3825; x_wconf 78' lang='lat' dir='ltr'><strong>Sidonius,</strong></span> <span class='ocrx_word' id='word_1_645' title='bbox 3160 3776 3225 3815; x_wconf 89' lang='lat' dir='ltr'><strong>ne</strong></span> <span class='ocrx_word' id='word_1_646' title='bbox 3253 3762 3369 3828; x_wconf 83' lang='lat' dir='ltr'><strong>quis</strong></span> <span class='ocrx_word' id='word_1_647' title='bbox 3402 3770 3606 3816; x_wconf 88' lang='lat' dir='ltr'><strong>temere</strong></span> <span class='ocrx_word' id='word_1_648' title='bbox 3631 3762 3738 3815; x_wconf 82' lang='lat' dir='ltr'><strong>vio-</strong></span> 
     </span>
    </p>
   </div>
   <div class='ocr_carea' id='block_1_85' title="bbox 2164 3846 3731 3921">
    <p class='ocr_par' dir='ltr' id='par_1_85' title="bbox 2164 3846 3731 3921">
     <span class='ocr_line' id='line_1_85' title="bbox 2164 3846 3731 3921; baseline 0.004 -22"><span class='ocrx_word' id='word_1_649' title='bbox 2164 3846 2295 3899; x_wconf 56' lang='lat' dir='ltr'><strong>laret</strong></span> <span class='ocrx_word' id='word_1_650' title='bbox 2323 3846 2643 3914; x_wconf 79' lang='lat' dir='ltr'><strong>Apollinaris</strong></span> <span class='ocrx_word' id='word_1_651' title='bbox 2665 3851 2992 3917; x_wconf 85' lang='lat' dir='ltr'><strong>sepulcrum,</strong></span> <span class='ocrx_word' id='word_1_652' title='bbox 3025 3850 3166 3919; x_wconf 88' lang='lat' dir='ltr'><strong>quod</strong></span> <span class='ocrx_word' id='word_1_653' title='bbox 3196 3851 3323 3904; x_wconf 89' lang='lat' dir='ltr'><strong>olim</strong></span> <span class='ocrx_word' id='word_1_654' title='bbox 3352 3862 3731 3921; x_wconf 84' lang='lat' dir='ltr'><strong>exaggeratum</strong></span> 
     </span>
    </p>
   </div>
   <div class='ocr_carea' id='block_1_86' title="bbox 2165 3936 3741 4010">
    <p class='ocr_par' dir='ltr' id='par_1_86' title="bbox 2165 3936 3741 4010">
     <span class='ocr_line' id='line_1_86' title="bbox 2165 3936 3741 4010; baseline 0.003 -19"><span class='ocrx_word' id='word_1_655' title='bbox 2165 3953 2303 3991; x_wconf 87' lang='lat' dir='ltr'><strong>nunc</strong></span> <span class='ocrx_word' id='word_1_656' title='bbox 2336 3939 2591 4006; x_wconf 85' lang='lat' dir='ltr'><strong>temporis</strong></span> <span class='ocrx_word' id='word_1_657' title='bbox 2632 3940 3015 4010; x_wconf 83' lang='lat' dir='ltr'><strong>longinquitate</strong></span> <span class='ocrx_word' id='word_1_658' title='bbox 3044 3940 3368 4007; x_wconf 50' lang='lat' dir='ltr'><strong>subsiderat,</strong></span> <span class='ocrx_word' id='word_1_659' title='bbox 3419 3936 3605 3994; x_wconf 80' lang='lat' dir='ltr'><strong>r&#39;nonet</strong></span> <span class='ocrx_word' id='word_1_660' title='bbox 3633 3943 3741 3995; x_wconf 84' lang='lat' dir='ltr'><strong>via-</strong></span> 
     </span>
    </p>
   </div>
   <div class='ocr_carea' id='block_1_87' title="bbox 2165 4025 3740 4096">
    <p class='ocr_par' dir='ltr' id='par_1_87' title="bbox 2165 4025 3740 4096">
     <span class='ocr_line' id='line_1_87' title="bbox 2165 4025 3740 4096; baseline 0.003 -21"><span class='ocrx_word' id='word_1_661' title='bbox 2165 4030 2364 4089; x_wconf 88' lang='lat' dir='ltr'><strong>torem,</strong></span> <span class='ocrx_word' id='word_1_662' title='bbox 2398 4025 2491 4078; x_wconf 90' lang='lat' dir='ltr'><strong>lib.</strong></span> <span class='ocrx_word' id='word_1_663' title='bbox 2519 4040 2597 4092; x_wconf 87' lang='lat' dir='ltr'><strong>ni,</strong></span> <span class='ocrx_word' id='word_1_664' title='bbox 2627 4028 2784 4095; x_wconf 87' lang='lat' dir='ltr'><strong>epist.</strong></span> <span class='ocrx_word' id='word_1_665' title='bbox 2818 4027 2904 4091; x_wconf 72' lang='grc'><strong>12,</strong></span> <span class='ocrx_word' id='word_1_666' title='bbox 2936 4042 3003 4081; x_wconf 89' lang='lat' dir='ltr'><strong>ne</strong></span> <span class='ocrx_word' id='word_1_667' title='bbox 3029 4044 3046 4077; x_wconf 76' lang='grc' dir='ltr'><strong><em>ι</em></strong></span> <span class='ocrx_word' id='word_1_668' title='bbox 3073 4027 3314 4080; x_wconf 88' lang='lat' dir='ltr'><strong>tellurem</strong></span> <span class='ocrx_word' id='word_1_669' title='bbox 3355 4039 3561 4080; x_wconf 90' lang='lat' dir='ltr'><strong>tereres</strong></span> <span class='ocrx_word' id='word_1_670' title='bbox 3594 4027 3740 4096; x_wconf 79' lang='lat' dir='ltr'><strong>inag-</strong></span> 
     </span>
    </p>
   </div>
   <div class='ocr_carea' id='block_1_88' title="bbox 2162 4116 3744 4187">
    <p class='ocr_par' dir='ltr' id='par_1_88' title="bbox 2162 4116 3744 4187">
     <span class='ocr_line' id='line_1_88' title="bbox 2162 4116 3744 4187; baseline 0.004 -20"><span class='ocrx_word' id='word_1_671' title='bbox 2162 4126 2422 4183; x_wconf 81' lang='lat' dir='ltr'><strong>geratam.</strong></span> <span class='ocrx_word' id='word_1_672' title='bbox 2462 4135 2479 4167; x_wconf 72' lang='grc' dir='ltr'><strong>ι</strong></span> <span class='ocrx_word' id='word_1_673' title='bbox 2507 4117 2672 4183; x_wconf 86' lang='lat' dir='ltr'><strong>Quam</strong></span> <span class='ocrx_word' id='word_1_674' title='bbox 2697 4118 2826 4171; x_wconf 89' lang='lat' dir='ltr'><strong>utile</strong></span> <span class='ocrx_word' id='word_1_675' title='bbox 2850 4118 2918 4171; x_wconf 91' lang='lat' dir='ltr'><strong>sit</strong></span> <span class='ocrx_word' id='word_1_676' title='bbox 2943 4128 3280 4173; x_wconf 89' lang='lat' dir='ltr'><strong>monumenta</strong></span> <span class='ocrx_word' id='word_1_677' title='bbox 3310 4116 3599 4187; x_wconf 86' lang='lat' dir='ltr'><strong>inSpicere,</strong></span> <span class='ocrx_word' id='word_1_678' title='bbox 3626 4119 3744 4179; x_wconf 76' lang='lat' dir='ltr'><strong>vide</strong></span> 
     </span>
    </p>
   </div>
   <div class='ocr_carea' id='block_1_89' title="bbox 2164 4204 3148 4279">
    <p class='ocr_par' dir='ltr' id='par_1_89' title="bbox 2164 4204 3148 4279">
     <span class='ocr_line' id='line_1_89' title="bbox 2164 4204 3148 4279; baseline 0.006 -22"><span class='ocrx_word' id='word_1_679' title='bbox 2164 4204 2443 4277; x_wconf 66' lang='lat' dir='ltr'><strong>Clu-yscast.</strong></span> <span class='ocrx_word' id='word_1_680' title='bbox 2474 4207 2659 4263; x_wconf 89' lang='lat' dir='ltr'><strong>homil.</strong></span> <span class='ocrx_word' id='word_1_681' title='bbox 2697 4209 2772 4263; x_wconf 82' lang='lat' dir='ltr'><strong>De</strong></span> <span class='ocrx_word' id='word_1_682' title='bbox 2803 4210 2904 4264; x_wconf 81' lang='lat' dir='ltr'><strong>fide</strong></span> <span class='ocrx_word' id='word_1_683' title='bbox 2934 4221 2986 4263; x_wconf 91' lang='lat' dir='ltr'><strong>et</strong></span> <span class='ocrx_word' id='word_1_684' title='bbox 3013 4211 3148 4279; x_wconf 82' lang='lat' dir='ltr'><strong>lege.</strong></span> 
     </span>
    </p>
   </div>
   <div class='ocr_carea' id='block_1_90' title="bbox 2241 4298 3743 4372">
    <p class='ocr_par' dir='ltr' id='par_1_90' title="bbox 2241 4298 3743 4372">
     <span class='ocr_line' id='line_1_90' title="bbox 2241 4298 3743 4372; baseline 0.007 -21"><span class='ocrx_word' id='word_1_685' title='bbox 2241 4298 2417 4352; x_wconf 64' lang='lat' dir='ltr'><strong>Trous</strong></span> <span class='ocrx_word' id='word_1_686' title='bbox 2467 4316 2785 4355; x_wconf 62' lang='lat' dir='ltr'><strong>“annos.</strong></span> <span class='ocrx_word' id='word_1_687' title='bbox 2831 4302 3110 4366; x_wconf 65' lang='lat' dir='ltr'><strong>liul‘tmus,</strong></span> <span class='ocrx_word' id='word_1_688' title='bbox 3162 4302 3295 4356; x_wconf 91' lang='lat' dir='ltr'><strong>libro</strong></span> <span class='ocrx_word' id='word_1_689' title='bbox 3337 4319 3398 4367; x_wconf 84' lang='lat' dir='ltr'><strong>ii,</strong></span> <span class='ocrx_word' id='word_1_690' title='bbox 3448 4305 3626 4372; x_wconf 83' lang='lat' dir='ltr'><strong>capite</strong></span> <span class='ocrx_word' id='word_1_691' title='bbox 3671 4305 3743 4361; x_wconf 66' lang='grc' dir='ltr'><strong>ις</strong></span> 
     </span>
    </p>
   </div>
   <div class='ocr_carea' id='block_1_91' title="bbox 2170 4393 3743 4467">
    <p class='ocr_par' dir='ltr' id='par_1_91' title="bbox 2170 4393 3743 4467">
     <span class='ocr_line' id='line_1_91' title="bbox 2170 4393 3743 4467; baseline 0.004 -22"><span class='ocrx_word' id='word_1_692' title='bbox 2170 4412 2188 4445; x_wconf 74' lang='grc' dir='ltr'>ι</span> <span class='ocrx_word' id='word_1_693' title='bbox 2223 4393 2369 4449; x_wconf 74' lang='lat' dir='ltr'><strong>Tetti</strong></span> <span class='ocrx_word' id='word_1_694' title='bbox 2407 4412 2475 4448; x_wconf 89' lang='lat' dir='ltr'><strong>no</strong></span> <span class='ocrx_word' id='word_1_695' title='bbox 2526 4404 2651 4467; x_wconf 82' lang='lat' dir='ltr'><strong>typo</strong></span> <span class='ocrx_word' id='word_1_696' title='bbox 2709 4398 3022 4467; x_wconf 87' lang='lat' dir='ltr'><strong>gravissime</strong></span> <span class='ocrx_word' id='word_1_697' title='bbox 3068 4397 3386 4453; x_wconf 76' lang='lat' dir='ltr'><strong>vexabatur.</strong></span> <span class='ocrx_word' id='word_1_698' title='bbox 3418 4418 3437 4451; x_wconf 71' lang='grc' dir='ltr'><strong><em>ι</em></strong></span> <span class='ocrx_word' id='word_1_699' title='bbox 3493 4395 3596 4452; x_wconf 87' lang='lat' dir='ltr'><strong>Ubi</strong></span> <span class='ocrx_word' id='word_1_700' title='bbox 3652 4414 3743 4467; x_wconf 86' lang='lat' dir='ltr'><strong>pro</strong></span> 
     </span>
    </p>
   </div>
   <div class='ocr_carea' id='block_1_92' title="bbox 2167 4487 3739 4558">
    <p class='ocr_par' dir='ltr' id='par_1_92' title="bbox 2167 4487 3739 4558">
     <span class='ocr_line' id='line_1_92' title="bbox 2167 4487 3739 4558; baseline 0.003 -18"><span class='ocrx_word' id='word_1_701' title='bbox 2167 4497 2286 4557; x_wconf 83' lang='lat' dir='ltr'><strong>typo</strong></span> <span class='ocrx_word' id='word_1_702' title='bbox 2338 4487 2537 4541; x_wconf 82' lang='lat' dir='ltr'><strong>frustra</strong></span> <span class='ocrx_word' id='word_1_703' title='bbox 2587 4499 2765 4558; x_wconf 80' lang='lat' dir='ltr'><strong>pyrcto</strong></span> <span class='ocrx_word' id='word_1_704' title='bbox 2815 4488 3087 4542; x_wconf 88' lang='lat' dir='ltr'><strong>substituit</strong></span> <span class='ocrx_word' id='word_1_705' title='bbox 3136 4488 3389 4543; x_wconf 85' lang='lat' dir='ltr'><strong>Melchior</strong></span> <span class='ocrx_word' id='word_1_706' title='bbox 3435 4489 3739 4551; x_wconf 84' lang='lat' dir='ltr'><strong>Goldastus.</strong></span> 
     </span>
    </p>
   </div>
   <div class='ocr_carea' id='block_1_93' title="bbox 472 4579 2056 4678">
    <p class='ocr_par' dir='ltr' id='par_1_93' title="bbox 472 4588 2056 4658">
     <span class='ocr_line' id='line_1_93' title="bbox 472 4588 2056 4658; baseline -0.002 -13"><span class='ocrx_word' id='word_1_707' title='bbox 472 4591 565 4658; x_wconf 74' lang='grc' dir='ltr'><strong>Η,</strong></span> <span class='ocrx_word' id='word_1_708' title='bbox 597 4590 664 4645; x_wconf 87' lang='lat' dir='ltr'><strong>de</strong></span> <span class='ocrx_word' id='word_1_709' title='bbox 691 4599 872 4644; x_wconf 87' lang='lat' dir='ltr'><strong>sancta</strong></span> <span class='ocrx_word' id='word_1_710' title='bbox 899 4589 1107 4658; x_wconf 79' lang='lat' dir='ltr'><strong>Pelagia</strong></span> <span class='ocrx_word' id='word_1_711' title='bbox 1140 4590 1271 4657; x_wconf 74' lang='lat' dir='ltr'><strong>virg.</strong></span> <span class='ocrx_word' id='word_1_712' title='bbox 1308 4600 1357 4643; x_wconf 90' lang='lat' dir='ltr'><strong>et</strong></span> <span class='ocrx_word' id='word_1_713' title='bbox 1392 4598 1543 4643; x_wconf 89' lang='lat' dir='ltr'><strong>mart.</strong></span> <span class='ocrx_word' id='word_1_714' title='bbox 1586 4588 1944 4654; x_wconf 84' lang='lat' dir='ltr'><strong>Antiochena,</strong></span> <span class='ocrx_word' id='word_1_715' title='bbox 1973 4589 2056 4658; x_wconf 90' lang='lat' dir='ltr'><strong>qui</strong></span> 
     </span>
    </p>
   </div>
   <div class='ocr_carea' id='block_1_94' title="bbox 2162 4579 3833 4678">
    <p class='ocr_par' dir='ltr' id='par_1_94' title="bbox 2171 4579 3833 4649">
     <span class='ocr_line' id='line_1_94' title="bbox 2171 4579 3833 4649; baseline 0.003 -17"><span class='ocrx_word' id='word_1_716' title='bbox 2171 4588 2318 4633; x_wconf 82' lang='lat' dir='ltr'><strong>tonio</strong></span> <span class='ocrx_word' id='word_1_717' title='bbox 2348 4579 2386 4645; x_wconf 82' lang='grc' dir='ltr'><strong>Ι,</strong></span> <span class='ocrx_word' id='word_1_718' title='bbox 2438 4588 2587 4647; x_wconf 84' lang='lat' dir='ltr'><strong>parte</strong></span> <span class='ocrx_word' id='word_1_719' title='bbox 2618 4596 2673 4644; x_wconf 90' lang='lat' dir='ltr'><strong>ll,</strong></span> <span class='ocrx_word' id='word_1_720' title='bbox 2719 4579 2913 4633; x_wconf 81' lang='lat' dir='ltr'><strong>Rerum</strong></span> <span class='ocrx_word' id='word_1_721' title='bbox 2972 4581 3462 4646; x_wconf 80' lang='lat' dir='ltr'><strong>Alemannicatum,</strong></span> <span class='ocrx_word' id='word_1_722' title='bbox 3502 4584 3645 4636; x_wconf 84' lang='lat' dir='ltr'><strong>notis</strong></span> <span class='ocrx_word' id='word_1_723' title='bbox 3692 4582 3741 4636; x_wconf 85' lang='lat' dir='ltr'><strong>in</strong></span> <span class='ocrx_word' id='word_1_724' title='bbox 3829 4645 3833 4649; x_wconf 36' lang='grc'><em>,</em></span> 
     </span>
    </p>
   </div>
   <div class='ocr_carea' id='block_1_95' title="bbox 473 4680 2060 4750">
    <p class='ocr_par' dir='ltr' id='par_1_95' title="bbox 473 4680 2060 4750">
     <span class='ocr_line' id='line_1_95' title="bbox 473 4680 2060 4750; baseline -0.003 -13"><span class='ocrx_word' id='word_1_725' title='bbox 473 4696 539 4737; x_wconf 81' lang='lat' dir='ltr'><strong>ex</strong></span> <span class='ocrx_word' id='word_1_726' title='bbox 563 4696 627 4735; x_wconf 91' lang='lat' dir='ltr'><strong>eo</strong></span> <span class='ocrx_word' id='word_1_727' title='bbox 656 4682 757 4735; x_wconf 89' lang='lat' dir='ltr'><strong>ritu</strong></span> <span class='ocrx_word' id='word_1_728' title='bbox 789 4696 915 4736; x_wconf 89' lang='lat' dir='ltr'><strong>suos</strong></span> <span class='ocrx_word' id='word_1_729' title='bbox 936 4680 1206 4746; x_wconf 85' lang='lat' dir='ltr'><strong>admonet,</strong></span> <span class='ocrx_word' id='word_1_730' title='bbox 1223 4681 1416 4734; x_wconf 86' lang='lat' dir='ltr'><strong>utdum</strong></span> <span class='ocrx_word' id='word_1_731' title='bbox 1436 4682 1653 4734; x_wconf 88' lang='lat' dir='ltr'><strong>domum</strong></span> <span class='ocrx_word' id='word_1_732' title='bbox 1673 4682 1824 4750; x_wconf 91' lang='lat' dir='ltr'><strong>quasi</strong></span> <span class='ocrx_word' id='word_1_733' title='bbox 1847 4695 2060 4749; x_wconf 89' lang='lat' dir='ltr'><strong>proces-</strong></span> 
     </span>
    </p>
   </div>
   <div class='ocr_carea' id='block_1_96' title="bbox 481 4771 2062 4841">
    <p class='ocr_par' dir='ltr' id='par_1_96' title="bbox 481 4771 2062 4841">
     <span class='ocr_line' id='line_1_96' title="bbox 481 4771 2062 4841; baseline 0 -15"><span class='ocrx_word' id='word_1_734' title='bbox 481 4771 634 4827; x_wconf 89' lang='lat' dir='ltr'><strong>sione</strong></span> <span class='ocrx_word' id='word_1_735' title='bbox 656 4771 788 4826; x_wconf 90' lang='lat' dir='ltr'><strong>facta</strong></span> <span class='ocrx_word' id='word_1_736' title='bbox 813 4787 841 4826; x_wconf 90' lang='lat' dir='ltr'><strong>a</strong></span> <span class='ocrx_word' id='word_1_737' title='bbox 866 4772 1092 4841; x_wconf 75' lang='lat' dir='ltr'><strong>Pelagia:</strong></span> <span class='ocrx_word' id='word_1_738' title='bbox 1115 4773 1318 4825; x_wconf 90' lang='lat' dir='ltr'><strong>tumulo</strong></span> <span class='ocrx_word' id='word_1_739' title='bbox 1350 4774 1592 4839; x_wconf 89' lang='lat' dir='ltr'><strong>redeunt,</strong></span> <span class='ocrx_word' id='word_1_740' title='bbox 1621 4788 1895 4826; x_wconf 72' lang='lat' dir='ltr'><strong>sermones</strong></span> <span class='ocrx_word' id='word_1_741' title='bbox 1924 4774 2062 4826; x_wconf 77' lang='lat' dir='ltr'><strong>inter</strong></span> 
     </span>
    </p>
   </div>
   <div class='ocr_carea' id='block_1_97' title="bbox 475 4863 2060 4934">
    <p class='ocr_par' dir='ltr' id='par_1_97' title="bbox 475 4863 2060 4934">
     <span class='ocr_line' id='line_1_97' title="bbox 475 4863 2060 4934; baseline -0.001 -15"><span class='ocrx_word' id='word_1_742' title='bbox 475 4878 537 4919; x_wconf 79' lang='lat' dir='ltr'><strong>se</strong></span> <span class='ocrx_word' id='word_1_743' title='bbox 562 4863 628 4918; x_wconf 88' lang='lat' dir='ltr'><strong>de</strong></span> <span class='ocrx_word' id='word_1_744' title='bbox 654 4863 907 4933; x_wconf 82' lang='lat' dir='ltr'><strong>martyris</strong></span> <span class='ocrx_word' id='word_1_745' title='bbox 937 4863 1263 4934; x_wconf 76' lang='lat' dir='ltr'><strong>virginiSqne</strong></span> <span class='ocrx_word' id='word_1_746' title='bbox 1286 4867 1447 4933; x_wconf 85' lang='lat' dir='ltr'><strong>gestis</strong></span> <span class='ocrx_word' id='word_1_747' title='bbox 1468 4873 1772 4928; x_wconf 88' lang='lat' dir='ltr'><strong>conserant,</strong></span> <span class='ocrx_word' id='word_1_748' title='bbox 1792 4872 1950 4933; x_wconf 88' lang='lat' dir='ltr'><strong>atque</strong></span> <span class='ocrx_word' id='word_1_749' title='bbox 1990 4866 2060 4918; x_wconf 87' lang='lat' dir='ltr'><strong>ita</strong></span> 
     </span>
    </p>
   </div>
   <div class='ocr_carea' id='block_1_98' title="bbox 480 4954 2059 5028">
    <p class='ocr_par' dir='ltr' id='par_1_98' title="bbox 480 4954 2059 5028">
     <span class='ocr_line' id='line_1_98' title="bbox 480 4954 2059 5028; baseline 0 -20"><span class='ocrx_word' id='word_1_750' title='bbox 480 4954 624 5008; x_wconf 87' lang='lat' dir='ltr'><strong>viam</strong></span> <span class='ocrx_word' id='word_1_751' title='bbox 642 4954 791 5009; x_wconf 91' lang='lat' dir='ltr'><strong>velut</strong></span> <span class='ocrx_word' id='word_1_752' title='bbox 814 4954 1039 5022; x_wconf 87' lang='lat' dir='ltr'><strong>spiritali</strong></span> <span class='ocrx_word' id='word_1_753' title='bbox 1064 4954 1409 5024; x_wconf 81' lang='lat' dir='ltr'><strong>lhymiamate</strong></span> <span class='ocrx_word' id='word_1_754' title='bbox 1430 4955 1643 5009; x_wconf 77' lang='lat' dir='ltr'><strong>sufﬂant</strong></span> <span class='ocrx_word' id='word_1_755' title='bbox 1676 4972 1689 5009; x_wconf 90' lang='lat'>:</span> <span class='ocrx_word' id='word_1_756' title='bbox 1721 4956 2059 5028; x_wconf 67' lang='grc' dir='ltr'><strong>Θυμιαμάτων</strong></span> 
     </span>
    </p>
   </div>
   <div class='ocr_carea' id='block_1_99' title="bbox 483 5045 2059 5124">
    <p class='ocr_par' dir='ltr' id='par_1_99' title="bbox 483 5045 2059 5124">
     <span class='ocr_line' id='line_1_99' title="bbox 483 5045 2059 5124; baseline 0.002 -25"><span class='ocrx_word' id='word_1_757' title='bbox 710 5048 1045 5118; x_wconf 73' lang='grc' dir='ltr'><strong>ἓμπλήσωμεν</strong></span> <span class='ocrx_word' id='word_1_758' title='bbox 1058 5054 1146 5107; x_wconf 75' lang='grc' dir='ltr'>τήν</span> <span class='ocrx_word' id='word_1_759' title='bbox 1172 5048 1435 5124; x_wconf 60' lang='grc' dir='ltr'><strong>λεωφόρον</strong></span> <span class='ocrx_word' id='word_1_760' title='bbox 1458 5046 1572 5103; x_wconf 73' lang='grc' dir='ltr'>οὐδὲ</span> <span class='ocrx_word' id='word_1_761' title='bbox 1599 5052 1696 5123; x_wconf 62' lang='grc' dir='ltr'><strong>γὰρ</strong></span> <span class='ocrx_word' id='word_1_762' title='bbox 1719 5049 1879 5109; x_wconf 65' lang='grc' dir='ltr'>οὕτως</span> <span class='ocrx_word' id='word_1_763' title='bbox 1901 5054 2059 5120; x_wconf 81' lang='grc' dir='ltr'><strong>σεμνή</strong></span> 
     </span>
    </p>
   </div>
   <div class='ocr_carea' id='block_1_100' title="bbox 479 5137 2060 5217">
    <p class='ocr_par' dir='ltr' id='par_1_100' title="bbox 479 5137 2060 5217">
     <span class='ocr_line' id='line_1_100' title="bbox 479 5137 2060 5217; baseline 0.004 -26"><span class='ocrx_word' id='word_1_764' title='bbox 479 5145 713 5209; x_wconf 74' lang='grc' dir='ltr'><strong>φανεῖται</strong></span> <span class='ocrx_word' id='word_1_765' title='bbox 734 5140 763 5197; x_wconf 71' lang='grc' dir='ltr'><strong>ἦ</strong></span> <span class='ocrx_word' id='word_1_766' title='bbox 792 5137 927 5202; x_wconf 80' lang='grc' dir='ltr'><strong>ὁδὸς,</strong></span> <span class='ocrx_word' id='word_1_767' title='bbox 949 5141 991 5193; x_wconf 78' lang='grc' dir='ltr'><strong>εἰ</strong></span> <span class='ocrx_word' id='word_1_768' title='bbox 1012 5138 1095 5195; x_wconf 79' lang='grc' dir='ltr'><strong>διὰ</strong></span> <span class='ocrx_word' id='word_1_769' title='bbox 1115 5139 1290 5200; x_wconf 79' lang='grc' dir='ltr'><strong>πάσης</strong></span> <span class='ocrx_word' id='word_1_770' title='bbox 1312 5138 1469 5201; x_wconf 68' lang='grc' dir='ltr'><strong>αὓτῆς</strong></span> <span class='ocrx_word' id='word_1_771' title='bbox 1498 5144 1804 5217; x_wconf 76' lang='grc' dir='ltr'>θυμιατήριὰ</span> <span class='ocrx_word' id='word_1_772' title='bbox 1820 5163 1897 5201; x_wconf 77' lang='grc' dir='ltr'><strong>τις</strong></span> <span class='ocrx_word' id='word_1_773' title='bbox 1909 5144 2060 5202; x_wconf 74' lang='grc' dir='ltr'><strong>τιθεῖς</strong></span> 
     </span>
    </p>
   </div>
   <div class='ocr_carea' id='block_1_101' title="bbox 478 5226 2063 5307">
    <p class='ocr_par' dir='ltr' id='par_1_101' title="bbox 478 5226 2063 5307">
     <span class='ocr_line' id='line_1_101' title="bbox 478 5226 2063 5307; baseline 0.006 -28"><span class='ocrx_word' id='word_1_774' title='bbox 478 5234 570 5286; x_wconf 77' lang='grc' dir='ltr'><strong>τῆς</strong></span> <span class='ocrx_word' id='word_1_775' title='bbox 611 5226 823 5289; x_wconf 77' lang='grc' dir='ltr'><strong>εὐωδίας</strong></span> <span class='ocrx_word' id='word_1_776' title='bbox 857 5231 1188 5305; x_wconf 71' lang='grc' dir='ltr'><strong>ἀναχράκηις</strong></span> <span class='ocrx_word' id='word_1_777' title='bbox 1221 5234 1303 5286; x_wconf 86' lang='grc' dir='ltr'>τὸν</span> <span class='ocrx_word' id='word_1_778' title='bbox 1348 5234 1497 5307; x_wconf 71' lang='grc' dir='ltr'><strong>ἀέρα,</strong></span> <span class='ocrx_word' id='word_1_779' title='bbox 1538 5235 1605 5292; x_wconf 80' lang='grc' dir='ltr'><strong>ὡς</strong></span> <span class='ocrx_word' id='word_1_780' title='bbox 1646 5236 1800 5303; x_wconf 75' lang='grc' dir='ltr'><strong>σεμνὴ</strong></span> <span class='ocrx_word' id='word_1_781' title='bbox 1831 5240 2063 5306; x_wconf 75' lang='grc' dir='ltr'><strong>φανεῖται</strong></span> 
     </span>
    </p>
   </div>
   <div class='ocr_carea' id='block_1_102' title="bbox 479 5319 2062 5394">
    <p class='ocr_par' dir='ltr' id='par_1_102' title="bbox 479 5319 2062 5394">
     <span class='ocr_line' id='line_1_102' title="bbox 479 5319 2062 5394; baseline 0.004 -23"><span class='ocrx_word' id='word_1_782' title='bbox 479 5325 569 5372; x_wconf 80' lang='grc' dir='ltr'>νῦν</span> <span class='ocrx_word' id='word_1_783' title='bbox 600 5321 641 5371; x_wconf 76' lang='lat' dir='ltr'><strong>si</strong></span> <span class='ocrx_word' id='word_1_784' title='bbox 670 5322 833 5392; x_wconf 78' lang='grc' dir='ltr'>πάντῃ</span> <span class='ocrx_word' id='word_1_785' title='bbox 863 5322 893 5378; x_wconf 79' lang='grc' dir='ltr'><strong><em>ἡ</em></strong></span> <span class='ocrx_word' id='word_1_786' title='bbox 923 5319 1015 5393; x_wconf 62' lang='grc' dir='ltr'><strong>[Ρ.</strong></span> <span class='ocrx_word' id='word_1_787' title='bbox 1045 5322 1144 5394; x_wconf 76' lang='lat' dir='ltr'><strong>leg.</strong></span> <span class='ocrx_word' id='word_1_788' title='bbox 1174 5324 1361 5383; x_wconf 78' lang='grc' dir='ltr'>πάντες</span> <span class='ocrx_word' id='word_1_789' title='bbox 1391 5321 1460 5393; x_wconf 80' lang='grc' dir='ltr'><strong>οἱ]</strong></span> <span class='ocrx_word' id='word_1_790' title='bbox 1489 5327 1700 5394; x_wconf 71' lang='grc' dir='ltr'>τήμερον</span> <span class='ocrx_word' id='word_1_791' title='bbox 1736 5326 1889 5382; x_wconf 76' lang='grc' dir='ltr'>αὐτὴν</span> <span class='ocrx_word' id='word_1_792' title='bbox 1915 5322 2062 5377; x_wconf 76' lang='grc' dir='ltr'><strong>ὁδεύ-</strong></span> 
     </span>
    </p>
   </div>
   <div class='ocr_carea' id='block_1_103' title="bbox 482 5409 2065 5491">
    <p class='ocr_par' dir='ltr' id='par_1_103' title="bbox 482 5409 2065 5491">
     <span class='ocr_line' id='line_1_103' title="bbox 482 5409 2065 5491; baseline 0.002 -26"><span class='ocrx_word' id='word_1_793' title='bbox 482 5431 622 5471; x_wconf 74' lang='grc' dir='ltr'>οντις</span> <span class='ocrx_word' id='word_1_794' title='bbox 646 5413 767 5471; x_wconf 76' lang='grc' dir='ltr'>τοὺς</span> <span class='ocrx_word' id='word_1_795' title='bbox 796 5409 973 5472; x_wconf 59' lang='grc' dir='ltr'>ἄθλους</span> <span class='ocrx_word' id='word_1_796' title='bbox 1021 5421 1112 5474; x_wconf 74' lang='grc' dir='ltr'><strong>τῆς</strong></span> <span class='ocrx_word' id='word_1_797' title='bbox 1156 5416 1416 5491; x_wconf 73' lang='grc' dir='ltr'>μάρτυρος</span> <span class='ocrx_word' id='word_1_798' title='bbox 1446 5416 1575 5490; x_wconf 73' lang='grc' dir='ltr'><strong>πρὸς·</strong></span> <span class='ocrx_word' id='word_1_799' title='bbox 1609 5414 1823 5475; x_wconf 70' lang='grc' dir='ltr'>ἑαυτοὺς</span> <span class='ocrx_word' id='word_1_800' title='bbox 1864 5412 2065 5485; x_wconf 75' lang='grc' dir='ltr'><strong>διηγού-</strong></span> 
     </span>
    </p>
   </div>
   <div class='ocr_carea' id='block_1_104' title="bbox 482 5501 2061 5577">
    <p class='ocr_par' dir='ltr' id='par_1_104' title="bbox 482 5501 2061 5577">
     <span class='ocr_line' id='line_1_104' title="bbox 482 5501 2061 5577; baseline 0.004 -22"><span class='ocrx_word' id='word_1_801' title='bbox 482 5522 643 5572; x_wconf 72' lang='grc' dir='ltr'><strong>μενοι,</strong></span> <span class='ocrx_word' id='word_1_802' title='bbox 674 5501 925 5576; x_wconf 75' lang='grc' dir='ltr'>βαδίζοιεν</span> <span class='ocrx_word' id='word_1_803' title='bbox 970 5502 1163 5570; x_wconf 72' lang='grc' dir='ltr'><strong>οἶκαδε,</strong></span> <span class='ocrx_word' id='word_1_804' title='bbox 1196 5508 1525 5577; x_wconf 59' lang='grc' dir='ltr'><strong>(θυμιατήριον</strong></span> <span class='ocrx_word' id='word_1_805' title='bbox 1561 5512 1651 5565; x_wconf 71' lang='grc' dir='ltr'>τήν</span> <span class='ocrx_word' id='word_1_806' title='bbox 1690 5506 1874 5562; x_wconf 78' lang='grc' dir='ltr'>ἑαυτοῦ</span> <span class='ocrx_word' id='word_1_807' title='bbox 1900 5507 2061 5577; x_wconf 67' lang='grc' dir='ltr'>γλῶτ-</span> 
     </span>
    </p>
   </div>
   <div class='ocr_carea' id='block_1_105' title="bbox 459 5595 2063 5672">
    <p class='ocr_par' dir='ltr' id='par_1_105' title="bbox 459 5595 2063 5672">
     <span class='ocr_line' id='line_1_105' title="bbox 459 5595 2063 5672; baseline 0.004 -26"><span class='ocrx_word' id='word_1_808' title='bbox 459 5615 578 5667; x_wconf 43' lang='grc' dir='ltr'><strong>,τυ</strong></span> <span class='ocrx_word' id='word_1_809' title='bbox 598 5595 813 5656; x_wconf 80' lang='grc' dir='ltr'><strong>ἕκαστος</strong></span> <span class='ocrx_word' id='word_1_810' title='bbox 838 5603 1027 5651; x_wconf 58' lang='lat' dir='ltr'><strong>notam:</strong></span> <span class='ocrx_word' id='word_1_811' title='bbox 1058 5614 1075 5647; x_wconf 77' lang='grc' dir='ltr'>ι</span> <span class='ocrx_word' id='word_1_812' title='bbox 1108 5597 1268 5652; x_wconf 80' lang='lat' dir='ltr'><strong>Multo</strong></span> <span class='ocrx_word' id='word_1_813' title='bbox 1291 5597 1461 5653; x_wconf 90' lang='lat' dir='ltr'><strong>thuris</strong></span> <span class='ocrx_word' id='word_1_814' title='bbox 1488 5615 1686 5669; x_wconf 89' lang='lat' dir='ltr'><strong>vapore</strong></span> <span class='ocrx_word' id='word_1_815' title='bbox 1711 5614 1808 5654; x_wconf 88' lang='lat' dir='ltr'><strong>seu</strong></span> <span class='ocrx_word' id='word_1_816' title='bbox 1837 5598 2063 5672; x_wconf 78' lang='lat' dir='ltr'><strong>thymia-</strong></span> 
     </span>
    </p>
   </div>
   <div class='ocr_carea' id='block_1_106' title="bbox 466 5673 2060 5759">
    <p class='ocr_par' dir='ltr' id='par_1_106' title="bbox 466 5673 2060 5759">
     <span class='ocr_line' id='line_1_106' title="bbox 466 5673 2060 5759; baseline 0.002 -17"><span class='ocrx_word' id='word_1_817' title='bbox 466 5673 631 5742; x_wconf 50' lang='lat' dir='ltr'><strong>&#39;mate</strong></span> <span class='ocrx_word' id='word_1_818' title='bbox 659 5688 795 5743; x_wconf 89' lang='lat' dir='ltr'><strong>viam</strong></span> <span class='ocrx_word' id='word_1_819' title='bbox 828 5690 1163 5759; x_wconf 88' lang='lat' dir='ltr'><strong>impleamus.</strong></span> <span class='ocrx_word' id='word_1_820' title='bbox 1189 5690 1303 5744; x_wconf 81' lang='lat' dir='ltr'><strong>Non</strong></span> <span class='ocrx_word' id='word_1_821' title='bbox 1326 5692 1466 5746; x_wconf 90' lang='lat' dir='ltr'><strong>enim</strong></span> <span class='ocrx_word' id='word_1_822' title='bbox 1492 5700 1598 5745; x_wconf 88' lang='lat' dir='ltr'><strong>tam</strong></span> <span class='ocrx_word' id='word_1_823' title='bbox 1624 5692 1843 5746; x_wconf 89' lang='lat' dir='ltr'><strong>honesta</strong></span> <span class='ocrx_word' id='word_1_824' title='bbox 1867 5695 1947 5744; x_wconf 88' lang='lat' dir='ltr'><strong>via</strong></span> <span class='ocrx_word' id='word_1_825' title='bbox 1973 5692 2060 5745; x_wconf 83' lang='lat' dir='ltr'><strong>illa</strong></span> 
     </span>
    </p>
   </div>
   <div class='ocr_carea' id='block_1_107' title="bbox 485 5783 2062 5854">
    <p class='ocr_par' dir='ltr' id='par_1_107' title="bbox 485 5783 2062 5854">
     <span class='ocr_line' id='line_1_107' title="bbox 485 5783 2062 5854; baseline 0.002 -18"><span class='ocrx_word' id='word_1_826' title='bbox 485 5785 805 5853; x_wconf 74' lang='lat' dir='ltr'><strong>apparuerit,</strong></span> <span class='ocrx_word' id='word_1_827' title='bbox 840 5785 882 5839; x_wconf 79' lang='lat' dir='ltr'><strong>sl</strong></span> <span class='ocrx_word' id='word_1_828' title='bbox 928 5783 1281 5854; x_wconf 84' lang='lat' dir='ltr'><strong>tliymiateriis</strong></span> <span class='ocrx_word' id='word_1_829' title='bbox 1310 5800 1405 5840; x_wconf 89' lang='lat' dir='ltr'><strong>seu</strong></span> <span class='ocrx_word' id='word_1_830' title='bbox 1450 5784 1661 5854; x_wconf 87' lang='lat' dir='ltr'><strong>vaporis</strong></span> <span class='ocrx_word' id='word_1_831' title='bbox 1693 5791 1851 5854; x_wconf 88' lang='lat' dir='ltr'><strong>atque</strong></span> <span class='ocrx_word' id='word_1_832' title='bbox 1882 5784 2062 5839; x_wconf 85' lang='lat' dir='ltr'><strong>odoris</strong></span> 
     </span>
    </p>
   </div>
   <div class='ocr_carea' id='block_1_108' title="bbox 2170 4669 3742 4739">
    <p class='ocr_par' dir='ltr' id='par_1_108' title="bbox 2170 4669 3742 4739">
     <span class='ocr_line' id='line_1_108' title="bbox 2170 4669 3742 4739; baseline 0.004 -15"><span class='ocrx_word' id='word_1_833' title='bbox 2170 4669 2555 4738; x_wconf 78' lang='lat' dir='ltr'><strong>Ilepidannum,</strong></span> <span class='ocrx_word' id='word_1_834' title='bbox 2588 4671 2653 4724; x_wconf 89' lang='lat' dir='ltr'><strong>de</strong></span> <span class='ocrx_word' id='word_1_835' title='bbox 2679 4670 2798 4724; x_wconf 82' lang='lat' dir='ltr'><strong>Vita</strong></span> <span class='ocrx_word' id='word_1_836' title='bbox 2830 4682 3029 4725; x_wconf 76' lang='lat' dir='ltr'><strong>sancta:</strong></span> <span class='ocrx_word' id='word_1_837' title='bbox 3059 4673 3385 4737; x_wconf 65' lang='lat' dir='ltr'><strong>“&#39;iboradaa,</strong></span> <span class='ocrx_word' id='word_1_838' title='bbox 3421 4675 3557 4729; x_wconf 89' lang='lat' dir='ltr'><strong>libro</strong></span> <span class='ocrx_word' id='word_1_839' title='bbox 3582 4692 3623 4739; x_wconf 81' lang='grc' dir='ltr'><strong>ι,</strong></span> <span class='ocrx_word' id='word_1_840' title='bbox 3653 4690 3742 4729; x_wconf 81' lang='lat' dir='ltr'><strong>ea-</strong></span> 
     </span>
    </p>
   </div>
   <div class='ocr_carea' id='block_1_109' title="bbox 2168 4761 3744 4837">
    <p class='ocr_par' dir='ltr' id='par_1_109' title="bbox 2168 4761 3744 4837">
     <span class='ocr_line' id='line_1_109' title="bbox 2168 4761 3744 4837; baseline 0.004 -23"><span class='ocrx_word' id='word_1_841' title='bbox 2168 4761 2277 4830; x_wconf 89' lang='lat' dir='ltr'><strong>pite</strong></span> <span class='ocrx_word' id='word_1_842' title='bbox 2307 4762 2396 4827; x_wconf 75' lang='lat'><strong>27,</strong></span> <span class='ocrx_word' id='word_1_843' title='bbox 2432 4762 2518 4816; x_wconf 91' lang='lat' dir='ltr'><strong>ubi</strong></span> <span class='ocrx_word' id='word_1_844' title='bbox 2566 4763 2724 4833; x_wconf 85' lang='lat' dir='ltr'><strong>etiam</strong></span> <span class='ocrx_word' id='word_1_845' title='bbox 2755 4773 2956 4818; x_wconf 88' lang='lat' dir='ltr'><strong>temere</strong></span> <span class='ocrx_word' id='word_1_846' title='bbox 2986 4768 3234 4835; x_wconf 80' lang='lat' dir='ltr'><strong>supponit</strong></span> <span class='ocrx_word' id='word_1_847' title='bbox 3267 4767 3493 4835; x_wconf 80' lang='lat' dir='ltr'><strong>pyretico</strong></span> <span class='ocrx_word' id='word_1_848' title='bbox 3527 4782 3625 4834; x_wconf 89' lang='lat' dir='ltr'><strong>pro</strong></span> <span class='ocrx_word' id='word_1_849' title='bbox 3653 4768 3744 4837; x_wconf 77' lang='lat' dir='ltr'><strong>{rt-</strong></span> 
     </span>
    </p>
   </div>
   <div class='ocr_carea' id='block_1_110' title="bbox 2165 4855 3466 4929">
    <p class='ocr_par' dir='ltr' id='par_1_110' title="bbox 2165 4855 3466 4929">
     <span class='ocr_line' id='line_1_110' title="bbox 2165 4855 3466 4929; baseline 0.005 -23"><span class='ocrx_word' id='word_1_850' title='bbox 2165 4855 2407 4925; x_wconf 83' lang='lat' dir='ltr'><strong>goretico.</strong></span> <span class='ocrx_word' id='word_1_851' title='bbox 2442 4856 2505 4908; x_wconf 84' lang='lat' dir='ltr'><strong>Et</strong></span> <span class='ocrx_word' id='word_1_852' title='bbox 2538 4865 2690 4925; x_wconf 81' lang='lat' dir='ltr'><strong>typus</strong></span> <span class='ocrx_word' id='word_1_853' title='bbox 2719 4867 2773 4911; x_wconf 90' lang='lat' dir='ltr'><strong>et</strong></span> <span class='ocrx_word' id='word_1_854' title='bbox 2799 4858 2960 4929; x_wconf 72' lang='lat' dir='ltr'><strong>frigus</strong></span> <span class='ocrx_word' id='word_1_855' title='bbox 2989 4857 3056 4911; x_wconf 93' lang='lat' dir='ltr'><strong>de</strong></span> <span class='ocrx_word' id='word_1_856' title='bbox 3086 4857 3219 4912; x_wconf 85' lang='lat' dir='ltr'><strong>febri</strong></span> <span class='ocrx_word' id='word_1_857' title='bbox 3248 4858 3466 4913; x_wconf 86' lang='lat' dir='ltr'><strong>dicitur.</strong></span> 
     </span>
    </p>
   </div>
   <div class='ocr_carea' id='block_1_111' title="bbox 2237 4957 3740 5029">
    <p class='ocr_par' dir='ltr' id='par_1_111' title="bbox 2237 4957 3740 5029">
     <span class='ocr_line' id='line_1_111' title="bbox 2237 4957 3740 5029; baseline 0.001 -18"><span class='ocrx_word' id='word_1_858' title='bbox 2237 4957 2312 5011; x_wconf 89' lang='lat' dir='ltr'><strong>De</strong></span> <span class='ocrx_word' id='word_1_859' title='bbox 2361 4965 2488 5029; x_wconf 86' lang='lat' dir='ltr'><strong>typo</strong></span> <span class='ocrx_word' id='word_1_860' title='bbox 2540 4958 2660 5012; x_wconf 84' lang='lat' dir='ltr'><strong>vide</strong></span> <span class='ocrx_word' id='word_1_861' title='bbox 2711 4959 2851 5014; x_wconf 82' lang='lat' dir='ltr'><strong>dicta</strong></span> <span class='ocrx_word' id='word_1_862' title='bbox 2907 4961 2971 5017; x_wconf 82' lang='lat' dir='ltr'><strong>ad</strong></span> <span class='ocrx_word' id='word_1_863' title='bbox 3022 4968 3222 5015; x_wconf 83' lang='lat' dir='ltr'><strong>textum</strong></span> <span class='ocrx_word' id='word_1_864' title='bbox 3264 4960 3485 5014; x_wconf 89' lang='lat' dir='ltr'><strong>citatum</strong></span> <span class='ocrx_word' id='word_1_865' title='bbox 3524 4959 3740 5014; x_wconf 78' lang='lat' dir='ltr'><strong>Bullini.</strong></span> 
     </span>
    </p>
   </div>
   <div class='ocr_carea' id='block_1_112' title="bbox 2165 5047 3741 5120">
    <p class='ocr_par' dir='ltr' id='par_1_112' title="bbox 2165 5047 3741 5120">
     <span class='ocr_line' id='line_1_112' title="bbox 2165 5047 3741 5120; baseline 0.003 -20"><span class='ocrx_word' id='word_1_866' title='bbox 2165 5047 2496 5102; x_wconf 78' lang='lat' dir='ltr'><strong>Glossarium</strong></span> <span class='ocrx_word' id='word_1_867' title='bbox 2542 5048 2976 5107; x_wconf 84' lang='lat' dir='ltr'><strong>Camberonense</strong></span> <span class='ocrx_word' id='word_1_868' title='bbox 3027 5048 3169 5104; x_wconf 82' lang='lat' dir='ltr'><strong>Ms.:</strong></span> <span class='ocrx_word' id='word_1_869' title='bbox 3219 5068 3238 5101; x_wconf 76' lang='grc' dir='ltr'>ι</span> <span class='ocrx_word' id='word_1_870' title='bbox 3269 5050 3443 5120; x_wconf 88' lang='lat' dir='ltr'><strong>Typhi</strong></span> <span class='ocrx_word' id='word_1_871' title='bbox 3490 5051 3741 5105; x_wconf 85' lang='lat' dir='ltr'><strong>dicuntur</strong></span> 
     </span>
    </p>
   </div>
   <div class='ocr_carea' id='block_1_113' title="bbox 2164 5124 3741 5209">
    <p class='ocr_par' dir='ltr' id='par_1_113' title="bbox 2164 5124 3741 5209">
     <span class='ocr_line' id='line_1_113' title="bbox 2164 5124 3741 5209; baseline 0.001 -16"><span class='ocrx_word' id='word_1_872' title='bbox 2164 5124 2370 5209; x_wconf 62' lang='lat' dir='ltr'><strong>frigidae</strong></span> <span class='ocrx_word' id='word_1_873' title='bbox 2399 5138 2594 5195; x_wconf 89' lang='lat' dir='ltr'><strong>febres.</strong></span> <span class='ocrx_word' id='word_1_874' title='bbox 2619 5142 2949 5195; x_wconf 88' lang='lat' dir='ltr'><strong>Suntautem</strong></span> <span class='ocrx_word' id='word_1_875' title='bbox 2976 5142 3339 5197; x_wconf 88' lang='lat' dir='ltr'><strong>accessionum</strong></span> <span class='ocrx_word' id='word_1_876' title='bbox 3380 5150 3436 5196; x_wconf 93' lang='lat' dir='ltr'><strong>et</strong></span> <span class='ocrx_word' id='word_1_877' title='bbox 3480 5141 3741 5197; x_wconf 85' lang='lat' dir='ltr'><strong>recessio-</strong></span> 
     </span>
    </p>
   </div>
   <div class='ocr_carea' id='block_1_114' title="bbox 2168 5234 3737 5304">
    <p class='ocr_par' dir='ltr' id='par_1_114' title="bbox 2168 5234 3737 5304">
     <span class='ocr_line' id='line_1_114' title="bbox 2168 5234 3737 5304; baseline -0.001 -20"><span class='ocrx_word' id='word_1_878' title='bbox 2168 5248 2292 5286; x_wconf 90' lang='lat' dir='ltr'><strong>num</strong></span> <span class='ocrx_word' id='word_1_879' title='bbox 2342 5234 2525 5287; x_wconf 88' lang='lat' dir='ltr'><strong>revolu</strong></span> <span class='ocrx_word' id='word_1_880' title='bbox 2554 5234 2704 5291; x_wconf 83' lang='lat' dir='ltr'><strong>iones</strong></span> <span class='ocrx_word' id='word_1_881' title='bbox 2751 5235 2962 5289; x_wconf 87' lang='lat' dir='ltr'><strong>statutis</strong></span> <span class='ocrx_word' id='word_1_882' title='bbox 3019 5245 3313 5304; x_wconf 84' lang='lat' dir='ltr'><strong>temporqu</strong></span> <span class='ocrx_word' id='word_1_883' title='bbox 3373 5234 3688 5289; x_wconf 86' lang='lat' dir='ltr'><strong>intervallis.</strong></span> <span class='ocrx_word' id='word_1_884' title='bbox 3718 5251 3737 5283; x_wconf 75' lang='grc' dir='ltr'><strong><em>ι</em></strong></span> 
     </span>
    </p>
   </div>
   <div class='ocr_carea' id='block_1_115' title="bbox 2168 5326 3742 5396">
    <p class='ocr_par' dir='ltr' id='par_1_115' title="bbox 2168 5326 3742 5396">
     <span class='ocr_line' id='line_1_115' title="bbox 2168 5326 3742 5396; baseline -0.003 -15"><span class='ocrx_word' id='word_1_885' title='bbox 2168 5326 2270 5381; x_wconf 91' lang='lat' dir='ltr'><strong>Sed</strong></span> <span class='ocrx_word' id='word_1_886' title='bbox 2321 5328 2427 5396; x_wconf 84' lang='lat' dir='ltr'><strong>typi</strong></span> <span class='ocrx_word' id='word_1_887' title='bbox 2476 5327 2776 5395; x_wconf 80' lang='lat' dir='ltr'><strong>legendum.</strong></span> <span class='ocrx_word' id='word_1_888' title='bbox 2812 5328 2942 5382; x_wconf 85' lang='lat' dir='ltr'><strong>Nam</strong></span> <span class='ocrx_word' id='word_1_889' title='bbox 2996 5329 3100 5382; x_wconf 87' lang='lat' dir='ltr'><strong>alia</strong></span> <span class='ocrx_word' id='word_1_890' title='bbox 3145 5337 3228 5381; x_wconf 82' lang='lat' dir='ltr'><strong>est</strong></span> <span class='ocrx_word' id='word_1_891' title='bbox 3282 5328 3449 5381; x_wconf 89' lang='lat' dir='ltr'><strong>febris</strong></span> <span class='ocrx_word' id='word_1_892' title='bbox 3498 5326 3742 5396; x_wconf 79' lang='lat' dir='ltr'><strong>tgphodes</strong></span> 
     </span>
    </p>
   </div>
   <div class='ocr_carea' id='block_1_116' title="bbox 2167 5416 3745 5490">
    <p class='ocr_par' dir='ltr' id='par_1_116' title="bbox 2167 5416 3745 5490">
     <span class='ocr_line' id='line_1_116' title="bbox 2167 5416 3745 5490; baseline -0.002 -17"><span class='ocrx_word' id='word_1_893' title='bbox 2167 5416 2431 5490; x_wconf 76' lang='grc' dir='ltr'><strong>τυφὼὃης,</strong></span> <span class='ocrx_word' id='word_1_894' title='bbox 2469 5435 2586 5489; x_wconf 79' lang='lat' dir='ltr'><strong>quae</strong></span> <span class='ocrx_word' id='word_1_895' title='bbox 2618 5428 2702 5473; x_wconf 87' lang='lat' dir='ltr'><strong>est</strong></span> <span class='ocrx_word' id='word_1_896' title='bbox 2746 5422 3149 5490; x_wconf 85' lang='lat' dir='ltr'><strong>symptomatica</strong></span> <span class='ocrx_word' id='word_1_897' title='bbox 3193 5434 3257 5473; x_wconf 78' lang='lat' dir='ltr'><strong>ex</strong></span> <span class='ocrx_word' id='word_1_898' title='bbox 3304 5418 3609 5472; x_wconf 89' lang='lat' dir='ltr'><strong>ardentium</strong></span> <span class='ocrx_word' id='word_1_899' title='bbox 3655 5429 3745 5485; x_wconf 54' lang='lat' dir='ltr'><strong>ge-</strong></span> 
     </span>
    </p>
   </div>
   <div class='ocr_carea' id='block_1_117' title="bbox 2169 5506 3741 5579">
    <p class='ocr_par' dir='ltr' id='par_1_117' title="bbox 2169 5506 3741 5579">
     <span class='ocr_line' id='line_1_117' title="bbox 2169 5506 3741 5579; baseline -0.003 -17"><span class='ocrx_word' id='word_1_900' title='bbox 2169 5523 2319 5573; x_wconf 88' lang='lat' dir='ltr'><strong>nere,</strong></span> <span class='ocrx_word' id='word_1_901' title='bbox 2378 5518 2496 5563; x_wconf 88' lang='lat' dir='ltr'><strong>nata</strong></span> <span class='ocrx_word' id='word_1_902' title='bbox 2526 5509 2832 5579; x_wconf 83' lang='lat' dir='ltr'><strong>ejecinoris</strong></span> <span class='ocrx_word' id='word_1_903' title='bbox 2882 5509 3230 5579; x_wconf 82' lang='lat' dir='ltr'><strong>erysipelate,</strong></span> <span class='ocrx_word' id='word_1_904' title='bbox 3258 5516 3352 5562; x_wconf 90' lang='lat' dir='ltr'><strong>aut</strong></span> <span class='ocrx_word' id='word_1_905' title='bbox 3395 5521 3583 5561; x_wconf 87' lang='lat' dir='ltr'><strong>renum</strong></span> <span class='ocrx_word' id='word_1_906' title='bbox 3604 5521 3629 5571; x_wconf 91' lang='lat'><strong>;-</strong></span> <span class='ocrx_word' id='word_1_907' title='bbox 3663 5506 3741 5559; x_wconf 85' lang='lat' dir='ltr'><strong>sic</strong></span> 
     </span>
    </p>
   </div>
   <div class='ocr_carea' id='block_1_118' title="bbox 2164 5599 3739 5673">
    <p class='ocr_par' dir='ltr' id='par_1_118' title="bbox 2164 5599 3739 5673">
     <span class='ocr_line' id='line_1_118' title="bbox 2164 5599 3739 5673; baseline -0.003 -19"><span class='ocrx_word' id='word_1_908' title='bbox 2164 5614 2283 5669; x_wconf 81' lang='lat' dir='ltr'><strong>quae</strong></span> <span class='ocrx_word' id='word_1_909' title='bbox 2312 5600 2378 5653; x_wconf 87' lang='lat' dir='ltr'><strong>ab</strong></span> <span class='ocrx_word' id='word_1_910' title='bbox 2419 5602 2735 5671; x_wconf 57' lang='lat' dir='ltr'><strong>erysipelate</strong></span> <span class='ocrx_word' id='word_1_911' title='bbox 2775 5601 3053 5671; x_wconf 88' lang='lat' dir='ltr'><strong>pulmones</strong></span> <span class='ocrx_word' id='word_1_912' title='bbox 3083 5600 3372 5657; x_wconf 87' lang='lat' dir='ltr'><strong>infestante</strong></span> <span class='ocrx_word' id='word_1_913' title='bbox 3398 5599 3591 5665; x_wconf 89' lang='lat' dir='ltr'><strong>oritur,</strong></span> <span class='ocrx_word' id='word_1_914' title='bbox 3623 5617 3739 5673; x_wconf 74' lang='grc' dir='ltr'><strong>κρυ-</strong></span> 
     </span>
    </p>
   </div>
   <div class='ocr_carea' id='block_1_119' title="bbox 2166 5690 2602 5764">
    <p class='ocr_par' dir='ltr' id='par_1_119' title="bbox 2166 5690 2602 5764">
     <span class='ocr_line' id='line_1_119' title="bbox 2166 5690 2602 5764; baseline -0.005 -18"><span class='ocrx_word' id='word_1_915' title='bbox 2166 5690 2336 5764; x_wconf 72' lang='grc' dir='ltr'><strong>μὼἃης</strong></span> <span class='ocrx_word' id='word_1_916' title='bbox 2368 5701 2602 5746; x_wconf 88' lang='lat' dir='ltr'><strong>vocatur.</strong></span> 
     </span>
    </p>
   </div>
   <div class='ocr_carea' id='block_1_120' title="bbox 2238 5784 3738 5857">
    <p class='ocr_par' dir='ltr' id='par_1_120' title="bbox 2238 5784 3738 5857">
     <span class='ocr_line' id='line_1_120' title="bbox 2238 5784 3738 5857; baseline -0.003 -16"><span class='ocrx_word' id='word_1_917' title='bbox 2238 5784 2380 5841; x_wconf 81' lang='lat' dir='ltr'><strong>Idem</strong></span> <span class='ocrx_word' id='word_1_918' title='bbox 2412 5785 2716 5853; x_wconf 86' lang='lat' dir='ltr'><strong>Goldastus,</strong></span> <span class='ocrx_word' id='word_1_919' title='bbox 2767 5786 2820 5841; x_wconf 90' lang='lat' dir='ltr'><strong>in</strong></span> <span class='ocrx_word' id='word_1_920' title='bbox 2853 5787 2968 5842; x_wconf 82' lang='lat' dir='ltr'><strong>Vita</strong></span> <span class='ocrx_word' id='word_1_921' title='bbox 3018 5786 3294 5857; x_wconf 58' lang='lat' dir='ltr'><strong>Eugeniae,</strong></span> <span class='ocrx_word' id='word_1_922' title='bbox 3345 5801 3393 5841; x_wconf 89' lang='lat' dir='ltr'><strong>c.</strong></span> <span class='ocrx_word' id='word_1_923' title='bbox 3429 5784 3518 5852; x_wconf 69' lang='lat'><strong>12,</strong></span> <span class='ocrx_word' id='word_1_924' title='bbox 3550 5798 3613 5838; x_wconf 79' lang='lat' dir='ltr'><strong>cx</strong></span> <span class='ocrx_word' id='word_1_925' title='bbox 3644 5795 3738 5837; x_wconf 84' lang='lat' dir='ltr'><strong>suo</strong></span> 
     </span>
    </p>
   </div>
  </div>
