4014 6368
531 419 635 478 515

529 542 718 604 Crypta
765 533 834 588 ab
887 534 1120 603 antiquis
1185 534 1518 589 transvoluto
1567 532 1901 613 eleganttqne
1943 547 2104 598 opere
2134 543 2176 595 Α

531 625 790 694 exposita.
825 645 842 677 ι
888 626 1028 680 ldem
1054 626 1188 680 libro
1219 627 1285 680 de
1313 625 1444 678 Vitis
1472 625 1709 688 Patrum,
1733 639 1782 677 c.
1808 625 1857 686 7,
1889 625 1940 676 in
1972 624 2103 677 Gre-

530 717 680 786 gorio
727 716 1049 786 Lingonensi
1080 736 1092 769 :
1124 736 1141 769 ι
1172 718 1308 772 Ante
1349 718 1517 771 altare
1565 715 1904 770 fundamenta
1948 716 2098 785 jacit,

532 817 817 875 erectaque
858 808 1040 862 absida
1068 809 1203 862 miro
1242 823 1403 876 opere
1433 805 1715 872 construit,
1749 816 1800 860 et
1839 809 2102 860 transvol-

518 898 624 952 .vit.
664 917 682 949 ι
722 897 943 954 Videtur
985 909 1207 954 tractum
1255 915 1283 953 a
1330 901 1701 967 serpentibus,
1753 900 1838 966 qui
1895 902 2103 968 proprie

532 989 892 1055 promovendo
965 1006 1021 1044 se
1096 991 1372 1044 volumina
1443 991 1662 1044 faciunt.
1732 989 2100 1058 Claudianus,

532 1079 781 1146 panegyri
823 1080 874 1130 in
901 1087 1140 1146 quartum
1173 1080 1502 1133 consulatum
1533 1079 1782 1134 llonorii:

653 1184 918 1248 caerulaeus
942 1185 1020 1233 tali
1045 1192 1313 1246 prostratus
1338 1187 1563 1248 Apolline
1600 1187 1787 1248 Python

648 1244 892 1307 Implicuit
915 1244 1080 1296 fractis
1104 1252 1334 1298 moritura
1359 1244 1603 1298 volumina
1621 1244 1770 1298 silvis.

525 1349 775 1404 Sidonius
807 1351 1129 1420 Apollinaris
1161 1370 1171 1402 :

649 1461 856 1522 Figeret
881 1463 1152 1511 innumeris
1171 1473 1430 1510 numerosa
1453 1461 1694 1511 volumina
1719 1462 1848 1512 telis.

533 1561 676 1628 Vide,
714 1578 898 1630 supra,
927 1564 1160 1621 'l‘nuws.

593 1674 826 1729 XENIUI.
868 1675 997 1728 Vide
1029 1676 1298 1731 Exacuunt.

594 1763 842 1817 Zamam
890 1766 1102 1817 videtur
1146 1766 1265 1834 capi
1312 1782 1407 1836 pro
1462 1767 1714 1834 armario,
1763 1769 2099 1837 repositorio,

526 1867 708 1908 sacco.
739 1853 961 1907 Palladii
1003 1855 1279 1919 Lausiaca,
1314 1873 1378 1910 ex
1421 1858 1588 1911 veteri
1627 1857 1937 1928 interprete,
1977 1876 2096 1930 cap.

521 1941 589 1995 M
618 1959 632 1995 ε
661 1960 682 1995 ‹
715 1944 861 2010 Quos
904 1944 1186 2016 (latrones)
1225 1949 1403 2016 ligavit
1428 1949 1605 2015 simul,
1647 1951 1785 2003 sicut
1815 1952 2096 2008 zabernam

521 2033 589 2084 de
631 2033 817 2101 paleis.
852 2032 1169 2102 nlnterpres
1216 2036 1534 2103 lleraclidis,
1577 2052 1696 2108 cap.
1724 2039 1753 2091 7
1799 2039 1959 2094 habet
1986 2057 2095 2093 sac-

520 2140 635 2179 cum
663 2125 948 2193 palearum.
981 2125 1055 2179 Ita
1084 2138 1137 2180 et
1161 2127 1445 2194 "el'VcllJS,
1477 2145 1663 2184 recens
1694 2131 1912 2187 Palladii
1938 2134 2099 2187 inter-

520 2229 659 2284 pres.
703 2216 961 2284 Excerpta
996 2232 1113 2270 mea
1145 2219 1242 2272 Ms.
1279 2219 1474 2274 Veneta
1500 2222 1584 2275 hic
1616 2223 1813 2278 habent
1836 2227 2093 2302 ζάϐερνιιν,

515 2306 604 2359 alii
635 2306 838 2361 σάκκον.
878 2306 985 2364 Sed
1025 2310 1253 2364 zaberna
1285 2312 1444 2365 etiam
1476 2313 1594 2366 aliis
1617 2317 1921 2371 auctoribus
1947 2333 2096 2372 usur-

516 2405 659 2463 pata.
691 2399 910 2463 Abdias,
943 2399 1037 2454 lib.
1061 2416 1112 2454 tv
1146 2401 1282 2456 llist.
1323 2401 1532 2470 Apost.,
1576 2407 1628 2460 in
1652 2408 1852 2462 Jacobo
1873 2408 2093 2466 Joannis

518 2484 681 2540 fratre
714 2503 728 2539 :
761 2505 777 2537 ‹
808 2487 1060 2542 Collectis
1090 2490 1240 2545 libris
1269 2493 1512 2562 magicis,
1541 2495 1795 2552 zabernas
1825 2499 2008 2566 plenas
2028 2501 2093 2554 ad

513 2579 814 2645 apostolum
846 2581 1024 2635 attulit
1053 2583 1355 2638 cervicibus
1377 2595 1432 2639 et
1470 2589 1580 2641 suis
1615 2598 1669 2644 et
1707 2590 2090 2661 discipulorum

513 2671 810 2738 impositas.
856 2693 874 2724 ›
909 2672 1078 2729 item:
1113 2693 1131 2728 ι
1161 2677 1420 2746 Appende
1457 2680 1717 2736 :zabernis
1774 2683 1976 2754 lapides
2037 2697 2092 2743 et

512 2763 812 2831 plumbum,
841 2775 896 2822 et
925 2767 1080 2822 mitte
1117 2767 1170 2823 ln
1199 2785 1368 2826 mare.
1410 2791 1427 2822 ι
1466 2772 1538 2826 ita
1570 2774 1644 2828 ibi
1674 2776 1771 2830 Ms.
1814 2778 2089 2849 exhibent,

512 2853 685 2925 Vulgo
721 2859 937 2926 zabyras
993 2868 1051 2914 et
1107 2862 1314 2932 zabyris
1393 2863 1624 2934 legitur,
1682 2868 1822 2923 unde
1857 2870 2092 2929 Joannes

510 2943 772 3002 Meursius
813 2948 1014 3003 Lexico
1073 2949 1493 3010 Graacobarbaro
1541 2955 1771 3014 faciebat
1818 2941 2086 3032 zabarias,

507 3039 652 3108 quod
703 3041 986 3110 sabariam,
1028 3047 1323 3126 σαϐαριῖον,
1378 3051 1448 3103 sit
1502 3055 1882 3120 repositorium
1934 3059 2090 3114 laba-

508 3145 630 3186 rum
653 3151 749 3189 seu
775 3136 1087 3206 loricarum,

1237 418 1707 477 ONOMASTICON
1735 417 1972 474 REllUM
2009 416 2099 474 ET
2134 418 2503 476 VERBORUM
2551 399 3080 483 DIFFICILIORUH.

3672 432 3770 490 5l6

2279 531 2463 586 lam.
2506 532 2657 596 Quod
2706 534 2837 588 Vita:
2869 534 3075 602 Basilii,
3121 548 3241 604 cap.
3271 535 3324 603 5,
3353 547 3433 591 est
3473 539 3544 590 ad
3586 540 3771 612 insigne

2206 624 2569 688 habitantium,
2599 623 2785 678 Graece
2821 634 2924 691 est,
2963 626 3013 679 ἐν
3056 628 3287 696 ἐπισήμῳ
3316 625 3500 699 διαίτῃ,
3534 631 3672 698 quod
3699 634 3768 688 al-

2211 720 2288 764 ter
2320 711 2455 765 Vitae
2489 712 2668 766 Basili
2701 714 2967 781 interpres
2994 714 3046 767 in
3070 726 3246 768 zartam
3274 716 3508 770 deﬂexit.
3546 718 3608 770 Et
3633 722 3770 775 diem

2204 811 2256 855 ct
2285 815 2411 856 za’ta
2445 805 2737 858 dicebatur.
2775 805 3085 873 Suetonius,
3120 807 3359 870 Claudio,
3389 823 3507 875 cap.
3543 811 3642 864 l0:
3678 831 3693 862 ι
3719 814 3765 867 lu
3798 817 3800 820 ’

2203 893 2438 960 diaetam,
2455 895 2540 949 cui
2565 912 2757 950 nomen
2781 904 2864 950 est
2887 897 3212 960 llermarum,
3242 911 3556 953 recesserat.
3582 919 3600 952 ι
3628 903 3768 972 Saepe

2206 993 2256 1035 et
2277 986 2430 1038 dicata
2453 995 2505 1038 ct
2524 997 2648 1038 zazta
2670 997 2955 1040 occurrunt
2976 987 3114 1057 apud
3140 996 3406 1043 auctores.
3436 990 3568 1044 Vide
3590 991 3766 1048 Lesica

2205 1075 2230 1128 J
2241 1077 2372 1129 uris.
2397 1077 2722 1130 Glossarium
2752 1078 3186 1133 Camberonense
3208 1079 3304 1134 Ms.
3335 1099 3352 1131 ι
3383 1081 3568 1147 Ζωωξ,
3594 1085 3770 1138 domus

2207 1181 2320 1231 qua:
2352 1166 2539 1219 subtus
2575 1167 2734 1233 pedes
2784 1167 2979 1221 habent
3014 1184 3199 1236 aquas.
3236 1187 3254 1222 ι
3302 1171 3545 1225 Ibidem:
3580 1192 3598 1224 ε
3629 1173 3769 1230 laeta:

2207 1256 2483 1324 hiemales,
2536 1261 2746 1326 domus,
2797 1275 2929 1328 quas
2976 1261 3218 1318 calefacit
3270 1264 3564 1319 subductus
3603 1267 3765 1335 ignis;

2208 1360 2350 1404 arcta:
2392 1353 2658 1405 aestivales
2705 1362 2848 1414 sunt,
2892 1368 3024 1421 quas
3073 1353 3342 1423 inlrigidat
3391 1370 3531 1425 aqua
3580 1359 3770 1409 sublu-

2205 1457 2305 1497 cta.
2343 1462 2363 1496 ι
2398 1446 2594 1499 Eadem
2625 1446 2736 1502 fere
2765 1447 2905 1515 apud
2940 1447 3174 1512 Papiam.

2276 1537 2444 1590 Ζειιλ.
2505 1539 2619 1592 Vita
2683 1538 2903 1592 Joannis
2958 1538 3399 1609 Elcetnosynarii,
3470 1556 3595 1611 cap.
3656 1541 3768 1598 20:

2210 1643 2228 1677 ι
2262 1629 2304 1691 ρ
2343 1628 2452 1680 anti
2500 1627 2698 1682 vellent
2753 1629 2956 1697 tingere
3006 1644 3196 1697 panem
3239 1645 3392 1685 suum
3447 1632 3504 1684 in
3557 1643 3766 1700 zemate,

2202 1719 2343 1786 quod
2375 1719 2655 1786 projiciunt
2688 1719 2845 1787 coqui
2884 1720 3010 1773 mci.
3042 1736 3061 1771 ι
3110 1720 3246 1776 Hinc
3274 1724 3513 1794 ἑπίζεμα,
3547 1724 3770 1779 ebullitiu

2211 1808 2260 1859 in
2294 1822 2499 1860 summa
2541 1808 2646 1861 olla
2690 1807 2949 1862 fervente.
2993 1808 3218 1863 Sanctus
3266 1811 3643 1882 Hieronymus,
3686 1814 3763 1868 lib.

2133 1907 2175 1966 Β
2205 1915 2284 1967 In,
2319 1900 2369 1952 in
2411 1900 2599 1952 Oseani
2628 1918 2639 1951 :
2680 1919 2698 1950 ι
2737 1899 2840 1953 Pro
2867 1915 3046 1969 spuma
3087 1901 3457 1972 Septuaginta,
3490 1904 3770 1959 Theodoto

2205 1995 2475 2067 φρύγανον,
2509 1992 2559 2044 id
2611 2000 2714 2054 est,
2759 1993 3006 2046 cremium
3044 1994 3332 2060 transtulit,
3365 1996 3549 2049 aridas
3587 1998 3770 2053 scilicet

2206 2085 2424 2148 herbas,
2453 2098 2571 2151 qua:
2599 2082 2806 2138 camino
2838 2093 2892 2138 et
2930 2085 3178 2139 incendio
3208 2099 3599 2155 praeparantur.
3630 2089 3770 2158 Sym-

2204 2173 2426 2226 machus
2465 2173 2641 2240 pusuit
2687 2174 2919 2242 ἐπίζεμα,
2954 2174 3141 2228 volens
3185 2176 3471 2231 ostendere
3531 2177 3768 2233 ferventis

2205 2261 2326 2315 ollae
2365 2261 2673 2330 superiores
2702 2277 2885 2331 aquas,
2909 2272 2964 2317 et
2992 2265 3043 2317 in
3074 2279 3322 2333 spumam
3355 2267 3634 2338 buli-asque
3663 2285 3768 2324 sur-

2200 2364 2402 2423 gentes,
2445 2367 2576 2421 quas
2602 2352 2776 2406 (Irasci
2803 2353 3130 2426 πομφόλυγας
3158 2365 3368 2410 vocant.
3401 2377 3420 2409 ι

2271 2445 2536 2510 Ζιιδιιυιιε,
2569 2461 2665 2500 seu
2694 2447 2959 2500 SIPPULE.
2994 2447 3257 2517 Pelagius,
3288 2448 3466 2504 libello
3503 2465 3578 2515 tv,
3610 2451 3764 2508 n.59:

2207 2553 2226 2586 ‹
2259 2536 2406 2590 Fecit
2448 2536 2515 2591 de
2554 2536 2783 2591 farinula
2831 2537 3133 2593 lenticulam
3163 2548 3217 2595 et
3260 2541 3526 2610 zippulas.
3566 2561 3585 2595 ι
3620 2544 3767 2599 [tulli-

2201 2642 2322 2692 nus,
2360 2627 2451 2681 lib.
2498 2643 2577 2695 tn,
2620 2647 2673 2680 ιι.
2705 2629 2790 2693 :‘Ll,
2843 2631 2894 2684 in
2945 2630 3134 2686 eadem
3177 2647 3236 2687 re
3283 2631 3446 2689 habet
3500 2635 3765 2703 placentas.

2198 2719 2408 2774 Rursus
2444 2720 2582 2788 apud
2612 2719 2909 2790 Pelagium,
2939 2721 3120 2776 libello
3166 2737 3290 2790 vin,
3325 2739 3380 2779 n.
3406 2725 3476 2781 15
3504 2742 3521 2781 :
3552 2743 3573 2778 ι
3603 2725 3674 2782 Da
3699 2728 3768 2785 eis

2201 2816 2444 2870 modicas
2471 2815 2731 2885 zippulas,
2763 2817 2886 2886 quia
2915 2817 2983 2872 de
3015 2817 3196 2875 labore
3225 2830 3368 2875 aunt.
3403 2839 3426 2873 ι
3459 2820 3544 2875 Ita
3571 2836 3638 2877 eo
3662 2823 3768 2878 loco

2198 2903 2397 2958 habent
2430 2905 2558 2960 Mss.
2592 2915 2646 2961 et
2673 2915 2885 2963 veteres
2929 2907 3228 2966 Editiones.
3260 2909 3437 2981 Aliqui
3479 2926 3765 2983 supposue-

2197 3005 2317 3054 rant
2357 3001 2544 3066 palles,
2588 3012 2689 3068 pro
2713 3000 2978 3068 ιὶρραιαι.
3019 2998 3152 3055 Cum
3184 3016 3325 3057 nunc
3369 3004 3590 3073 aippula
3642 3018 3765 3060 nunc

2196 3091 2400 3158 sippula
2432 3091 2719 3159 scribatur,
2753 3091 3044 3148 videndum
3089 3107 3160 3148 an
3205 3093 3278 3148 sit
3310 3111 3342 3150 a
3371 3097 3543 3152 verbo
3571 3114 3762 3167 mpure.

2197 3183 2279 3236 vel
2308 3183 2503 3250 sipara,
2527 3182 2612 3236 vel
2639 3183 2828 3252 sipere.
2859 3181 2996 3237 Vide
3028 3183 3246 3238 Festum
3275 3193 3332 3244 et
3360 3186 3609 3252 Paulum,
3637 3186 3762 3256 apud

573 3240 679 3351 se“!
711 3246 873 3351 ιξτοξη
908 3248 1067 3351 ιθεῑῘςξ
1095 3253 1233 3351 illum
1255 3252 1480 3310 Abdiam
1507 3265 1598 3351 est
1625 3260 1865 3316 zabema.
1899 3263 2093 3334 Papias
2119 3282 2163 3344 ο
2200 3289 2336 3339 quos
2359 3240 2533 3330 babes
2576 3240 2853 3347 farinulam
2882 3286 2936 3332 et
2972 3279 3159 3345 pultes.
3189 3240 3342 3344 Quod
3360 3240 3763 3351 ⁷ἰείιιιιυνιιιιὲιιιέ

505 3329 952 3391 Vocabularista:
985 3357 1003 3392 ι
1033 3341 1294 3407 Zaherna,
1335 3360 1454 3401 arca
1517 3349 1604 3404 vel
1661 3329 2028 3412 arntariolum.
2066 3377 2085 3414 ι

507 3424 636 3478 Item
668 3417 689 3476 ι’
716 3444 736 3478 ‹
771 3427 1030 3494 Zaherna,
1067 3432 1152 3485 ubi
1185 3442 1361 3489 vestes
1393 3451 1741 3510 reponuntur,
1775 3447 1859 3498 vel
1892 3449 2090 3515 quidli-

505 3516 598 3572 bet
619 3517 780 3573 aliud.
811 3539 828 3572 ι
859 3518 1189 3580 Glossarium
1213 3527 1644 3586 Camberonense
1665 3536 1763 3589 Ms.
1796 3556 1814 3587 ‹
1845 3538 2088 3597 Zaberna

506 3607 697 3662 dicitur
725 3610 812 3664 ubi
836 3623 1014 3667 vestes
1045 3629 1395 3686 reponuntur,
1422 3636 1543 3676 arca
1571 3626 1651 3679 vcl
1675 3631 2038 3687 armariolum.
2063 3653 2082 3686 ι

507 3697 624 3754 Vita
647 3703 818 3757 sancti
846 3703 1072 3760 Udalrici
1104 3724 1118 3764 :
1151 3728 1170 3762 ‹
1197 3710 1407 3768 Interim
1439 3716 1597 3772 etiam
1620 3722 1866 3789 qnmsivit
1896 3728 2083 3783 zaber-

513 3806 596 3850 tas
625 3801 681 3849 et
706 3796 1088 3855 oalceamenta.
1133 3822 1152 3856 ι

2203 3366 2289 3422 hic
2314 3367 2470 3422 lectio
2500 3367 2729 3423 habebat
2760 3369 2942 3437 pultes,
2989 3378 3106 3423 erat
3136 3368 3249 3424 haec
3277 3372 3627 3440 sippularum,
3659 3387 3764 3442 qua

2202 3475 2328 3513 vera
2360 3469 2414 3514 et
2433 3463 2650 3530 antiqua
2678 3461 2775 3516 funt
2806 3461 2986 3528 lectio,
3019 3461 3582 3530 interpretamentum.
3611 3463 3765 3517 Palla-

2195 3549 2336 3615 dius,
2360 3567 2476 3620 cap.
2508 3554 2575 3608 74
2601 3571 2615 3607 :
2645 3571 2662 3603 ι
2698 3552 2932 3624 Pytirion
2963 3554 3279 3608 comedebat
3315 3570 3537 3624 parram
3580 3558 3762 3626 pultem

2198 3655 2264 3695 ex
2296 3641 2482 3696 farina.
2515 3662 2533 3694 ι
2592 3644 2800 3712 Graece,
2857 3646 3023 3716 ζωμὸν
3069 3646 3307 3720 ἀλεύρου.
3359 3646 3496 3704 Puto
3552 3647 3764 3720 cippum

2200 3732 2296 3786 bas
2322 3747 2460 3788 esse.
