4014 6368
407 345 518 402 597
1213 331 1528 389 ADDENDA
1573 329 1663 384 AD
1702 323 2024 394 QUOSBAM
2068 317 2592 376 PllrECEDENTES
2635 317 2877 371 TOR-10$.
3589 311 3688 369 5”

975 461 1166 500 ιμειιητ
1205 456 1413 498 unum
2025 437 2068 494 Α
2103 429 2168 484 Et
2196 430 2456 484 maculam
2485 427 2687 483 ventris
2719 427 2918 496 pullam
2947 426 3012 481 de
3039 427 3204 482 corde
3237 426 3540 495 fugassent.

1158 564 1224 575 _
2101 521 2227 573 Post
2255 521 2368 574 haec
2400 519 2648 588 baptismi
2679 519 2903 572 sacratis
2928 519 3148 586 tingitur
3180 519 3343 573 undis

487 633 597 688 Nec
625 631 932 687 meminisse
963 643 1144 683 moror
1175 625 1437 696 prmconia
1466 625 1610 680 clara
1637 619 1943 692 Chrysanti,
2100 611 2145 678 Q
2168 613 2362 666 ualidus
2390 611 2610 666 exuvias
2639 611 2898 681 spoliaret
2926 621 3109 666 mente
3142 621 3379 666 vetustas

397 723 589 792 “Quem
619 722 812 776 merito
844 719 1072 774 mundus
1100 717 1302 770 famosa
1334 714 1490 769 laude
1522 714 1844 782 frequentat.
2101 702 2166 792 Et
2196 719 2334 758 nova
2364 704 2430 757 de
2461 702 2663 772 liquido
2695 714 2940 758 sumatur
2968 707 3180 772 gurgite
3207 704 3370 758 lodix.

415 791 573 871 lianc
601 813 763 883 igitur
791 810 1002 880 genitor
1031 806 1310 863 ﬂorentem
1341 813 1585 873 tempore
1614 813 1635 838 ιί
1671 809 1849 870 proto,
2099 791 2233 847 Tum
2265 794 2416 860 virgo
2447 802 2690 847 veterum
2722 795 2925 863 sprevit
2952 794 3276 848 documenta
3305 793 3582 849 librorum

418 881 662 960 Tradidit
683 903 954 956 investem
974 899 1247 953 rhetorum
1273 896 1387 966 (sic)
1413 895 1511 948 sub
1536 901 1682 948 sorte
1705 887 1993 960 magistris,
2103 881 2165 936 Et
2195 885 2434 954 sequitur
2461 882 2662 938 Christi
2689 883 2966 953 quadratis
2994 883 3249 957 dogmata
3283 887 3461 941 biblis.

421 996 494 1052 Ut
522 1011 654 1067 puer
683 993 874 1048 indolis
903 991 1017 1063 (sic)
1051 992 1306 1046 librorum
1334 989 1367 1043 d
1389 997 1565 1044 sceret
1596 996 1740 1040 artes
2101 977 2230 1042 QUiS
2262 977 2460 1046 POlefil
2489 977 2631 1046 vulgi
2667 986 2844 1032 tantas
2875 993 3162 1034 numerare
3187 989 3437 1034 catervas

421 1089 565 1157 Quas
588 1085 854 1143 mundana
885 1085 1013 1141 colit
1041 1083 1237 1139 stolido
1267 1081 1531 1152 sapientia
1559 1094 1738 1134 sensu.
2101 1069 2278 1136 Οιιίλιιι
2297 1087 2340 1123 is
2379 1070 2638 1139 οκειιιριίδ
2667 1081 2894 1138 θὲθτιιηι
2921 1071 3142 1126 credere
3168 1070 3416 1126 Christo?

423 1177 524 1244 Qui
553 1179 652 1234 fuit
681 1189 735 1233 ut
765 1177 936 1232 fertur
964 1175 1192 1231 donatus
1224 1183 1402 1230 mente
1431 1173 1629 1242 sagaci,
2102 1164 2353 1218 Traditur
2383 1163 2582 1218 ideirco
2613 1163 2787 1233 pinnis
2817 1165 3148 1232 torquendus
3175 1164 3387 1219 acerbis

423 1268 630 1331 Ardeas
655 1268 868 1338 ingenio
900 1273 952 1321 et
982 1264 1236 1336 prudens,
1268 1281 1330 1320 ac
1358 1272 1577 1333 pectore
1608 1261 1797 1332 pubes.
2102 1256 2188 1322 Se;
2215 1256 2451 1324 tuaginta
2484 1256 2611 1310 viris
2639 1256 2757 1327 (sic)
2786 1271 2944 1324 quem
2976 1256 3143 1310 denso
3170 1257 3338 1310 miiite
3363 1263 3588 1312 servant

422 1356 552 1412 Post
578 1358 678 1412 hac
704 1356 942 1411 inlustris
970 1371 1092 1412 cum
1124 1370 1277 1410 sacra
1310 1355 1434 1408 volu
1459 1353 1581 1406 uina
1616 1353 1785 1407 lector
2103 1346 2346 1423 IIerculis
2376 1348 2424 1398 in
2459 1346 2579 1399 fano
2611 1347 2664 1400 ni
2695 1345 2873 1401 forsan
2905 1347 3059 1401 thura
3088 1348 3287 1402 litaret.

423 1448 655 1504 Auribus
684 1448 950 1502 hausisset
977 1447 1181 1502 etelesti
1213 1453 1511 1514 grammate
1540 1446 1761 1513 scripta,
2104 1438 2253 1495 Tunc
2283 1441 2434 1494 miles
2457 1441 2618 1510 coepit
2648 1439 2795 1494 dirus
2828 1456 3024 1495 Vexare
3055 1450 3342 1510 negantem

424 1540 673 1594 Protinus
699 1540 930 1608 antiquae
959 1548 1310 1594 contemnens
1339 1536 1587 1605 dogmata
1613 1546 1797 1604 sectae,
2103 1533 2373 1587 Athletam
2406 1533 2614 1587 Domini
2647 1534 2836 1588 fretum
2871 1535 3065 1588 virtute
3094 1549 3358 1604 superna,

423 1630 584 1687 Falso
612 1638 942 1684 vetustarum
975 1629 1200 1683 calcavit
1227 1627 1414 1682 frivola
1446 1627 1642 1694 legum,
2105 1623 2234 1679 Udis
2263 1633 2317 1679 et
2355 1626 2530 1680 crudis
2558 1642 2846 1681 nervorum
2879 1628 3106 1682 nexibus
3136 1641 3338 1695 angens

423 1723 493 1778 Et
518 1724 660 1779 dicto
691 1723 848 1778 citius
879 1730 1070 1777 nactus
1098 1720 1400 1775 rudimenta
1433 1719 1552 1774 lidei
2104 1715 2328 1770 Torrida
2361 1715 2680 1772 ﬂammantis
2711 1719 2941 1771 laturum
2973 1727 3220 1773 caumata
3250 1718 3404 1774 solis.

424 1813 707 1883 Flagitium
739 1811 959 1867 sceleris
989 1811 1240 1881 baptismi
1272 1809 1440 1864 deluit
1468 1809 1625 1863 unda.
2037 1826 2077 1882 Β
2108 1807 2211 1862 Sed
2243 1817 2439 1877 puncto
2469 1811 2625 1865 citius
2664 1795 2914 1864 laxantur
2946 1811 3060 1865 lora
3090 1811 3304 1865 lacertis

426 1903 551 1960 Mox
579 1902 790 1974 publice
816 1901 1088 1955 Christum
1121 1901 1338 1969 paganis
1367 1900 1619 1971 praedicat
1649 1897 1786 1951 ultro
2106 1897 2488 1969 Omnipotente
2518 1902 2624 1956 Deo
2655 1911 2826 1959 restes
2853 1903 3098 1958 solvente
3134 1903 3414 1958 nefandos.

427 1995 553 2050 Dira
580 1998 930 2065 superbarum
960 2009 1218 2064 spernens
1249 2002 1517 2048 tormenta
1550 1993 1836 2046 minarum.
2106 1989 2249 2045 Ecce
2279 1991 2439 2044 sudes
2463 1991 2656 2046 iterum
2688 1993 2967 2062 cipporum
2999 1995 3208 2049 vincula
3238 1995 3461 2050 cludunt

426 2088 564 2143 Tum
597 2087 806 2156 genitor
837 2086 1102 2155 sobolem,
1136 2097 1338 2140 natum:
1363 2087 1482 2155 jura
1515 2086 1813 2148 resolvens,
2107 2080 2383 2150 Cruraque
2416 2098 2536 2136 cum
2564 2084 2746 2151 rigidis
2775 2085 3062 2139 nectebant
3087 2086 3294 2155 turgida
3323 2087 3501 2156 lignis.

429 2179 686 2235 Truserat
712 2179 764 2234 in
797 2178 1044 2234 tenebras
1073 2179 1310 2234 conclusi
1341 2179 1570 2234 careeris
1597 2187 1742 2230 atras
2109 2170 2393 2241 Extemplo
2423 2174 2634 2243 cippum
2667 2175 2735 2228 lin
2758 2176 2814 2228 lit
2849 2177 3123 2244 ltegnator
3144 2179 3344 2248 olympi

427 2271 755 2342 Magnopere
783 2280 1027 2326 metuens
1057 2271 1170 2325 fisci
1199 2271 1414 2326 decreta
1447 2268 1654 2324 nefandi
1682 2286 1697 2334 ;
2109 2265 2363 2332 Quamvis
2391 2267 2535 2322 hunc
2563 2269 2743 2324 stolidi
2773 2279 2958 2324 cecata
2991 2279 3172 2324 mente
3203 2271 3453 2339 ligarent.

428 2361 652 2431 Insuper
677 2369 733 2416 et
759 2361 956 2432 capital
985 2362 1245 2416 tremulus
1275 2361 1523 2415 formidat
1553 2361 1828 2415 acerbum.
2109 2355 2266 2412 Lotia
2297 2369 2423 2414 tunc
2456 2361 2613 2414 lictor
2637 2360 2870 2414 crudelis
2896 2376 3151 2431 spargere
3171 2363 3330 2431 jussit

429 2451 536 2507 Sed
565 2467 688 2507 cum
717 2467 868 2507 meus
891 2451 1104 2520 juvenis
1136 2451 1296 2506 ferret
1329 2460 1593 2506 tormenta
1628 2451 1875 2511 libenter.
2111 2448 2306 2504 Sacros
2332 2449 2648 2505 humectaus
2677 2460 2822 2506 artus
2846 2452 3037 2506 fictore
3067 2455 3274 2524 putenti
3305 2471 3320 2506 :

429 2543 556 2599 Mox
586 2543 745 2598 aliam
771 2543 983 2614 genitor
1010 2543 1341 2597 concinnatis
1368 2541 1614 2597 machina
1644 2540 1762 2611 (sic)
1793 2554 2009 2594 scenam
2113 2542 2214 2608 Qui
2253 2543 2447 2611 liquor,
2484 2553 2540 2596 ut
2563 2545 2777 2608 dicunt,
2811 2552 2985 2598 atrum
3017 2544 3280 2599 fantasma
3309 2546 3526 2616 fugabat

431 2633 658 2690 Lubrica
689 2633 971 2688 mundanis
1001 2633 1239 2686 admovit
1267 2633 1458 2700 gaudia
1492 2631 1726 2702 pompis,
2114 2633 2248 2688 Dum
2282 2650 2497 2688 vernam
2529 2635 2737 2690 Domini
2764 2645 2946 2703 sperat
2975 2637 3332 2691 nicromantia
3364 2641 3580 2706 fretum,

431 2725 618 2781 Serica
647 2725 933 2796 purpureis
961 2725 1205 2794 prtebens
1238 2725 1496 2781 velamina
1525 2723 1696 2793 peplis
2114 2725 2219 2780 Sel
2253 2735 2410 2796 putor
2438 2727 2762 2782 ambrosiam
2790 2728 3051 2797 flagrabat
3078 2739 3294 2784 nectare
3332 2729 3502 2784 suavi.

434 2817 564 2884 ρυλε
595 2818 854 2873 moritura
887 2815 1015 2871 facit
1046 2816 1182 2872 festo
1211 2817 1261 2870 vi
1293 2831 1416 2870 cere
1444 2816 1687 2880 bombix,
2116 2817 2250 2871 Exin
2281 2827 2514 2873 tortores
2543 2821 2734 2875 bucula
2766 2819 2835 2875 de
2863 2820 3024 2889 globo
3056 2822 3276 2890 rebyrsa
3308 2821 3426 2892 (sic)

431 2911 607 2965 Induit
635 2910 908 2978 egregium
940 2909 1174 2978 pretiosa
1203 2917 1257 2964 et
1287 2916 1435 2962 veste
1465 2907 1691 2962 nitente.
2116 2908 2368 2962 Mandant
2398 2917 2455 2964 ut
2481 2915 2648 2964 crudo
2681 2913 3010 2978 stringantur
3047 2920 3260 2980 tergore
3289 2911 3528 2966 membra

433 2999 584 3055 Tunc
607 2999 758 3068 jussu
790 2998 956 3068 patris
985 2999 1229 3054 convivia
1262 2998 1404 3066 larga
1436 2999 1624 3068 puella.-
2117 2999 2405 3072 Marthyris
2433 3001 2709 3057 ardentem
2741 3003 2948 3072 passuri
2979 3003 3180 3058 lumine
3207 3003 3399 3058 solem.

399 3108 404 3112 '
431 3093 771 3166 Deliciasque
792 3091 971 3148 ferunt
995 3092 1168 3162 epulis
1197 3091 1462 3161 luxusque
1490 3091 1680 3146 culinae
2123 3091 2348 3147 Torrida
2375 3093 2468 3148 sed
2498 3094 2654 3148 Titan
2685 3095 3002 3162 compressit
3031 3091 3251 3148 fulmina
3278 3095 3488 3149 fervens

399 3189 402 3192 '
433 3183 687 3240 Vestibus
713 3192 918 3238 ornatae
945 3184 1105 3237 variis
1135 3190 1189 3236 et
1220 3182 1395 3237 fronte
1422 3189 1669 3244 venusta,
2043 3195 2091 3258 ο
2123 3183 2192 3238 Ut
2220 3185 2362 3239 nulla
2395 3186 2622 3241 insontis
2652 3187 2832 3241 ferunt
2861 3185 3102 3241 incendia
3139 3187 3410 3251 membra;

437 3274 661 3330 Talibus
690 3282 748 3330 ut
777 3273 988 3345 pompis
1019 3275 1175 3329 miles
1203 3273 1546 3328 mollesceret
1573 3272 1746 3326 audax
2132 3273 2378 3342 Tumque
2407 3275 2684 3344 reciproca
2715 3274 3042 3330 concludunt
3069 3275 3333 3344 ergastula
3365 3283 3638 3334 sanctum;

406 3365 639 3422 Ferrea
669 3366 788 3434 quis
817 3364 842 3403 δ
871 3365 1063 3420 crebro
1086 3365 1297 3420 caedunt
1329 3373 1351 3404 ο
1385 3364 1676 3433 praecordia
1705 3363 1876 3418 virum
1900 3360 1949 3414 ά.
2127 3363 2256 3418 Arta
2287 3373 2596 3418 catenarum
2629 3363 3002 3431 constringunt
3031 3363 3204 3417 vincla
3235 3363 3501 3429 lacertos,

404 3455 552 3512 "‘Sed
577 3463 758 3510 tamen
787 3464 1022 3511 armatus
1051 3453 1246 3510 Christi
1277 3455 1544 3509 testudine
1575 3467 1695 3525 tyro
2125 3452 2341 3509 Necnon
2373 3462 2430 3508 et
2453 3453 2648 3509 collmn
2681 3461 2903 3508 nectunt
2930 3468 3050 3508 cum
3081 3470 3238 3508 crure
3265 3454 3518 3525 gemello.

437 3544 637 3601 Oscula
664 3545 917 3616 virgineis
946 3544 1192 3616 despexit
1222 3545 1424 3600 lubrica
1453 3545 1634 3612 labris,
2127 3545 2268 3601 Ecce
2297 3553 2516 3616 repente
2553 3546 2668 3615 pius
2698 3547 2928 3600 nodatos
2956 3546 3157 3600 arbiter
3186 3555 3335 3600 artu;

443 3637 554 3696 Nec
581 3647 869 3710 penetrare
895 3637 1021 3694 sinit
1051 3646 1358 3708 stuprorum
1388 3635 1592 3706 spicula
1623 3643 1812 3707 pectus
1838 3653 1852 3703 ;
2127 3634 2300 3705 Eripit
2327 3645 2382 3691 et
2411 3636 2636 3690 chalibis
2665 3651 2790 3690 mox
2819 3637 3006 3692 stricta
3037 3635 3288 3702 ligamina
3318 3635 3536 3705 rumpit.

435 3731 552 3787 Sed
584 3730 773 3801 procul
799 3729 1038 3785 excussit
1059 3727 1322 3798 jaculatas
1352 3727 1546 3786 fraude.
1567 3728 1808 3796 sagittas.
2130 3727 2297 3783 Porro
2325 3743 2445 3782 cum
2475 3738 2720 3784 sanctum
2753 3731 2958 3784 nodoso
2985 3729 3184 3782 vimine
3215 3727 3367 3782 miles

445 3819 564 3876 Non
593 3835 750 3876 secus
779 3829 838 3874 ut
867 3819 1064 3875 cecinit
1092 3820 1330 3890 sponsali
1358 3820 1596 3875 carmine
1627 3831 1780 3874 vales
2128 3825 2358 3881 Cederet
2387 3819 2650 3878 infaustus
2678 3822 2842 3875 rubro
2873 3821 2960 3886 qui
2991 3821 3249 3889 sanguine
3277 3818 3492 3887 gaudet.

447 3910 635 3966 DlllCia
660 3910 756 3967 56d
783 3911 982 3966 Christi
1012 3912 1279 3968 leniscunt
1306 3912 1454 3967 labra
1482 3912 1600 3967 labe
1625 3913 1711 3979 lis,
2129 3917 2234 3972 Sed
2265 3916 2454 3970 mirum
2479 3914 2624 3968 dictu
2653 3919 2989 3982 sceptrorum
3023 3911 3183 3979 flagra
3214 3912 3400 3964 beatus

445 4000 638 4058 Mellea
669 4010 799 4057 tunc
826 4003 997 4058 roseis
1023 4004 1332 4072 nigrescunt
1371 4003 1518 4058 labra
1550 4003 1780 4058 labellis.
2130 4009 2329 4064 Ictibus
2359 4007 2558 4074 argutis
2586 4014 2790 4076 martyr
2823 4020 2927 4057 non
2955 4005 3123 4058 sensit
3150 4006 3362 4058 acerba.

410 4100 417 4108 ”
446 4093 610 4150 Venit
636 4093 703 4147 ad
729 4103 1031 4148 εκιτθηιυηι
1062 4095 1210 4162 virgo
1239 4102 1511 4148 certamen
1540 4095 1741 4160 adulta.
2131 4101 2270 4168 Quin
2297 4101 2460 4154 immo
2490 4105 2546 4152 ut
2590 4100 2785 4168 plumte
2815 4097 3134 4152 mol'escunt
3164 4098 3360 4150 vimina
3389 4096 3505 4166 (sic)
3533 4103 3710 4148 sancto

435 4183 608 4240 'Daria
637 4174 852 4239 vestalis
881 4183 1114 4240 formosa
1145 4186 1318 4249 frente
1343 4187 1654 4254 rubescens,
2131 4193 2244 4249 Ceu
2271 4192 2450 4248 viridis
2489 4190 2735 4246 lentescit
2763 4189 2884 4244 leue
2915 4205 3148 4260 papyrus
3178 4189 3228 4242 in
3258 4183 3436 4250 ainne.

449 4276 626 4333 Aurea
656 4291 776 4332 cum
808 4275 1010 4345 8¹ίιυοίε
1037 4291 1196 4344 quam
1223 4277 1594 4350 ConliUunl’la
1625 4276 1866 4346 Βνηπηῖε·
2133 4281 2386 4342 Claudius
2417 4283 2634 4352 insignis
2658 4292 3013 4352 compunctus
3043 4280 3187 4335 credi
3210 4280 3268 4332 lit
3301 4278 3443 4332 ultro

446 4369 650 4426 Nititur
673 4370 788 4424 haec
809 4369 1061 4440 juvenem
1092 4369 1326 4424 muneris
1355 4369 1472 4439 (sic)
1499 4369 1873 4448 constringere
1893 4383 2031 4422 nexu
2133 4377 2479 4448 septuaginta
2508 4377 2653 4429 viros
2680 4381 3000 4429 convertens
3025 4371 3274 4439 dogmate
3305 4371 3453 4424 claro

451 4457 714 4529 Quatinus
742 4461 806 4514 ad
841 4461 1058 4515 thalami
1089 4459 1272 4516 ﬂectat
1301 4459 1565 4516 connubia
1597 4445 1873 4516 mentem:
2135 4445 2282 4526 Facit
2311 4445 2562 4539 baptismi
2597 4467 2808 4538 purgari
2848 4465 3057 4534 gurgite
3086 4479 3330 4528 mersos;

447 4548 580 4607 Ηὲο
605 4550 832 4606 Ῑθιεηηθ
864 4550 962 4604 fu“
987 4550 1229 4608 facundis
1257 4550 1395 4607 Γτθῑθ
1425 4552 1674 4621 loquelis,
2060 4570 2113 4632 Ι)
2140 4564 2477 4632 QuaprOpter
2504 4563 2668 4616 rubro
2707 4557 2951 4628 perfusos
2979 4555 3254 4625 sanguinis
3284 4563 3432 4607 ostro

452 4640 692 4713 Denique
719 4641 902 4697 diserti
933 4649 1252 4712 stupuerunt
1277 4641 1416 4697 forte
1445 4641 1688 4712 magistri

2139 4655 2290 4710 Miles
2317 4653 2429 4706 Atla
2458 4653 2737 4706 ethereum
2778 4647 2979 4701 faustus
3017 4645 3266 4716 perduxit
3294 4644 3552 4712 olimpum

456 4733 686 4805 Virginis
715 4735 986 4805 ingenium
1017 4736 1285 4791 biblorum
1319 4736 1514 4790 famine
1545 4735 1736 4790 fultum
1763 4752 1778 4801 ;

2139 4745 2286 4814 Quos
2307 4743 2464 4799 simul
2489 4741 2755 4798 obstruxit
2785 4738 2907 4793 felix
2937 4737 3191 4807 spelunca
3222 4735 3461 4802 sepultos

452 4823 658 4899 Nempe
685 4837 845 4884 tenax
871 4828 1057 4899 scripti
1087 4829 1261 4884 fuerat
1289 4830 1556 4898 veloxque
1583 4828 1816 4897 legendi.
2142 4834 2340 4888 Lucida
2377 4841 2647 4905 perpetuae
2675 4831 2881 4883 visuros
2913 4828 3130 4896 precaria
3153 4827 3292 4880 vitm.

437 4919 564 4978 .Sed
588 4935 747 4976 secus
770 4921 950 4976 evertit
977 4921 1206 4975 fortuna:
1232 4935 1390 4976 casus
1419 4934 1621 4990 Opaca).
2140 4925 2235 4979 llis
2259 4939 2500 4980 convexa
2533 4923 2637 4992 poli
2668 4923 2860 4975 merito
2889 4919 3241 4973 lustrantibns
3271 4916 3380 4970 alto

457 5007 594 5064 Dum
619 5010 738 5079 pius
765 5009 1014 5079 obposuit
1042 5008 1164 5063 fatis
1194 5007 1624 5073 contrariafata,

2139 5014 2299 5068 Daria
2327 5029 2448 5068 cum
2480 5012 2615 5066 duro
2646 5010 2849 5081 patitur
2881 5015 3147 5063 tormenta
3177 5005 3495 5076 Chrysanto.

457 5099 618 5156 Daria
643 5114 760 5168 qua:
786 5099 984 5153 dudum
1013 5099 1263 5155 servabat
1294 5098 1510 5154 numina
1540 5099 1737 5166 Vestae,
2141 5103 2373 5174 Impiger
2401 5111 2488 5158 ast
2514 5102 2604 5156 ille
2631 5101 2850 5156 strictus
2880 5098 3154 5154 molimine
3185 5097 3310 5152 ferri

457 5192 697 5252 Credidit
726 5182 1029 5250 Al’tithrono
1059 5195 1178 5251 εαξιί
1209 5195 1300 5265 qui
1329 5203 1542 5265 sceptra
1571 5195 1836 5264 gubernat
2141 5196 2396 5250 Truditur
2427 5195 2478 5248 in
2509 5194 2760 5248 tenebras
2786 5191 2993 5244 laturus
3017 5187 3249 5244 carceris
3274 5195 3424 5242 atrus

460 5287 724 5345 Facundis
751 5289 902 5359 virgo
933 5290 1108 5345 verbis
1137 5305 1400 5347 conversa
1429 5288 1738 5361 Chrysanti.
2145 5286 2334 5341 Lurida
2358 5301 2465 5354 quo
2492 5284 2689 5354 putidis
2711 5282 2978 5337 ﬂuxerunt
3005 5288 3241 5335 stercora
3265 5278 3479 5348 criptis;

461 5379 614 5437 Tunc
641 5380 890 5436 simulata
920 5379 1057 5436 thori
1089 5379 1296 5450 ﬁngunt
1317 5381 1593 5437 consortia
1625 5379 1754 5447 fata,
2145 5375 2373 5433 Nectaie
2403 5375 2494 5430 sed
2525 5374 2682 5428 fictor
2711 5372 2855 5428 cedit
2880 5387 2981 5426 ceu
3012 5371 3132 5424 luce
3158 5370 3397 5424 latebrae.

463 5471 700 5528 Moribus
722 5479 778 5526 et
804 5471 965 5526 castis
991 5472 1178 5526 vivunt
1206 5473 1549 5529 concorditer
1576 5472 1754 5533 ambo,
2149 5463 2398 5519 Traditur
2425 5465 2630 5518 interea
2661 5471 2716 5518 et
2744 5461 3022 5517 sceleratis
3048 5459 3203 5514 Daria
3234 5462 3429 5515 scort's

455 5560 538 5616 ’Ut
563 5575 816 5632 spurcum
844 5560 1053 5630 penitus
1076 5562 1313 5618 vitarent
1342 5573 1564 5633 pectore
1592 5577 1799 5616 naevum
2149 5555 2506 5612 Prostibulum
2538 5553 2744 5609 mecha:
2769 5563 3056 5624 penetrans
3083 5553 3197 5608 sine
3225 5553 3447 5608 crimine
3475 5565 3623 5608 sevo.

540 5721 564 5748 ι·
605 5711 749 5772 Pour
793 5717 1003 5791 πρώτῳ,
1051 5729 1158 5785 que
1198 5717 1249 5773 le
1289 5718 1448 5790 poéte
1490 5733 1522 5773 a
1555 5715 1787 5774 latinisé.
1835 5714 1961 5770 MiL.
1992 5722 2048 5770 et

1555 5715 1787 5774 latinisé.
1835 5714 1961 5770 MiL.
1992 5722 2048 5770 et
2226 5723 2247 5791 τί
2285 5709 2436 5791 bisez
2465 5709 2672 5791 cedunt.
2705 5707 2876 5790 MILL._
2900 5709 3117 5791 et_Aos.

457 5780 618 5852 Αυιχ
834 5773 844 5791 ”
953 5773 1002 5786 ”’
1069 5773 1086 5785 ’
1289 5773 1309 5790 ⁸
1341 5773 1346 5774 7
1432 5773 1440 5774 ί
1749 5773 1756 5774 ί
2224 5782 2250 5852 tl
2284 5779 2426 5852 [four
2465 5782 2724 5852 virorum:
2773 5780 2908 5833 mais
2948 5779 2983 5833 il
3019 5795 3055 5852 py
3085 5793 3114 5832 a
3147 5791 3248 5833 une
3287 5775 3432 5830 fante
3465 5773 3534 5829 de
3558 5787 3724 5844 quan-—

537 5853 566 5892 δ
592 5851 722 5910 Pout
759 5855 902 5926 queis
930 5855 1269 5916 c’est-a-dire
1297 5855 1494 5930 quibus.
1525 5855 1689 5915 MILL.
1722 5867 1776 5914 et
1803 5857 1934 5914 Atia.
2157 5851 2272 5910 tité.
2303 5849 2461 5906 MILL.
2493 5858 2547 5907 et
2573 5850 2704 5904 Aen.
