4014 6368
312 343 410 402 :35

1194 337 1648 398 DISSERTATIO
1687 335 1777 391 DE
1821 331 2098 390 DAMASO
2134 330 2224 385 ET
2262 324 2679 384 LAUBENTIO.
3474 317 3591 381 534

270 482 273 485 ,
313 461 3582 505 _________________________________

304 548 311 553 ’
1157 591 1908 674 DISSERTATION
1922 587 2016 665 IS
2090 583 2338 661 PARS
2414 580 2743 657 PRIOR.

1603 727 1692 782 DE
1735 721 1994 780 BAMASI
2034 719 2309 775 PATRlA.

825 908 1054 966 CAPUT
1083 905 1372 963 PRIMUM.

310 1027 630 1097 Scriptionis
671 1024 897 1097 occasio.
958 1022 1140 1075 Status
1202 1020 1467 1097 hodierna:
1518 1014 1904 1097 controversiis.

384 1085 754 1152 Fundamenta
801 1092 1158 1161 Hispanorum
1212 1100 1268 1145 ut
1317 1089 1602 1144 Damasum
1643 1085 1739 1140 sibi
1791 1095 1909 1137 tan-

386 1185 539 1241 quam
579 1166 879 1238 popularem
910 1162 1196 1217 ascribunt.

390 1278 550 1347 Cum,
580 1276 735 1331 novis
782 1276 1009 1330 invicem
1060 1274 1162 1329 sibi
1209 1270 1621 1329 succedentibus
1657 1267 1906 1336 negotiis,

314 1370 523 1427 diutius
563 1381 724 1436 quam
779 1365 934 1420 initio
980 1373 1274 1420 statueram
1324 1362 1647 1419 manendum
1694 1360 1825 1414 mihi
1856 1360 1909 1413 in

318 1460 455 1514 urbe
474 1457 691 1522 fuisset;
724 1465 886 1524 atque
913 1470 980 1510 ex
1026 1463 1135 1509 tam
1183 1454 1348 1509 ubere
1376 1454 1655 1522 utriusque
1678 1450 1912 1521 antiqui—

317 1549 448 1605 tatis
475 1541 754 1603 latifundio
784 1561 1008 1600 vacuum
1048 1545 1223 1599 redire
1268 1545 1322 1599 in
1351 1545 1576 1614 patriam
1626 1542 1909 1610 inglorium

317 1647 469 1697 esset
496 1647 550 1694 et
574 1646 780 1693 tantum
815 1652 920 1691 non
961 1634 1352 1701 verecundum,
1385 1634 1585 1688 homini
1617 1632 1912 1702 praesertim

318 1745 483 1802 quem
514 1730 581 1784 ab
612 1728 875 1797 ejusmodi
922 1728 1113 1782 studiis
1152 1744 1257 1783 non
1286 1727 1600 1792 abhorrere,
1633 1726 1695 1780 iis
1724 1724 1911 1778 saltem

318 1834 653 1890 magnopere
689 1818 943 1874 delectari
989 1819 1240 1881 aiebant,
1291 1818 1340 1871 in
1388 1817 1622 1872 animum
1653 1815 1912 1870 continuo

320 1911 508 1967 induxi
555 1910 785 1979 agellum
838 1910 967 1964 mibi
1011 1910 1306 1964 subsecivis
1335 1909 1514 1979 operis
1558 1894 1912 1964 excolendum

323 2017 633 2066 secernere,
666 2001 818 2071 queis
849 2009 1026 2055 tamen
1057 1999 1326 2069 Hispania:
1368 2006 1565 2054 nostrae
1603 1997 1915 2053 domesticis

320 2095 596 2167 pmcipue
626 2094 679 2149 in
727 2094 891 2148 rebus
934 2092 1138 2147 fructus
1162 2098 1435 2145 constaret
1472 2089 1683 2159 aliquis.
1715 2088 1767 2142 ld
1794 2088 1916 2157 qui-

320 2187 427 2241 bus
456 2184 629 2240 modis
657 2198 973 2254 assequerer
1003 2182 1305 2248 meditanti,
1336 2181 1682 2236 succurrebat
1712 2194 1817 2234 non
1840 2179 1913 2234 ita

1925 903 1972 961 Α
2000 894 2188 949 studiis
2216 891 2415 949 nostris
2442 891 2793 957 mentionem,
2836 892 3032 947 nedum
3060 894 3468 964 perhumaniter
3487 911 3592 955 ex—

2009 992 2198 1055 ceptus
2227 982 2300 1037 fui
2327 984 2628 1054 saepiusque
2658 983 2725 1038 ad
2755 983 3016 1040 familiare
3038 986 3363 1056 colloquium
3397 989 3597 1045 invita-

2011 1084 2112 1138 tus,
2145 1074 2260 1141 sed,
2292 1089 2411 1144 qua:
2456 1090 2563 1130 non
2595 1075 2832 1129 omnium
2864 1083 3137 1145 postrema
3184 1081 3388 1135 amoris
3427 1081 3597 1150 signi-

2011 1166 2190 1221 ficatio
2214 1174 2315 1233 cst,
2342 1181 2442 1221 nec
2463 1166 2751 1222 indonatus
2772 1167 3013 1223 discessi.
3034 1167 3216 1236 Multa,
3238 1186 3358 1226 Clllll
3382 1183 3599 1229 noctem

2011 1256 2277 1311 interdum
2308 1258 2456 1311 vario
2485 1272 2736 1313 sermone
2764 1259 3119 1325 traheremus,
3154 1263 3472 1330 grandzevus
3499 1280 3594 1321 ro-

2010 1351 2215 1420 gitabat
2241 1365 2408 1406 senex
2435 1351 2502 1406 de
2529 1353 2827 1408 studiorum
2859 1354 3033 1424 deque
3064 1355 3269 1411 itineris
3299 1358 3468 1412 nostri
3506 1374 3600 1415 ra-

2012 1447 2159 1501 tione
2187 1463 2199 1498 :
2223 1444 2539 1515 jacerentne
2568 1461 2637 1500 an
2675 1446 2726 1500 in
2759 1448 2933 1516 pretio
2963 1457 3142 1504 essent
3164 1450 3304 1517 apud
3334 1449 3603 1520 Hispanos

2012 1534 2561 1604 litterm;plurimum
2600 1535 2668 1590 de
2720 1537 3035 1591 nostratium
3080 1540 3306 1607 ingeniis
3357 1542 3601 1609 minime,

2012 1626 2086 1679 uti
2131 1623 2335 1689 aiebat,
2369 1625 2674 1695 vulgaribus
2703 1627 2932 1682 subinde
2960 1627 3263 1697 disserens,
3294 1632 3601 1687 neminem-

2012 1732 2147 1787 que,
2190 1732 2377 1772 eorum
2423 1733 2559 1787 quos
2588 1718 2715 1773 olim
2766 1718 2951 1773 Romae
3001 1730 3250 1787 noverat,
3302 1739 3604 1793 quorumve

2012 1807 2219 1875 legerat
2264 1808 2497 1877 scripta,
2555 1808 2745 1863 drcani
2801 1812 3099 1878 pratsertim
3158 1813 3441 1870 Alonensis
3489 1815 3603 1886 (a),

2012 1899 2339 1953 mareliionis
2381 1898 2821 1954 Mondexarensis
2852 1900 2950 1969 (b),
2992 1902 3156 1957 immo
3188 1917 3361 1972 neque
3414 1920 3604 1975 super-

2013 1992 2198 2046 stitum
2240 1992 2358 2047 sine
2414 1992 2573 2046 laude
2624 1994 2955 2061 praeteriens,
2989 1997 3604 2054 utvebementissimum

2013 2086 2206 2140 summi
2234 2085 2333 2139 viri
2361 2100 2485 2155 erga
2520 2086 2725 2141 litteras
2768 2086 3139 2157 litteratosque
3186 2090 3443 2158 studium,
3491 2101 3602 2147 tum

2014 2179 2333 2234 memoriam
2386 2180 2438 2233 in
2465 2195 2526 2235 ea
2567 2190 2726 2236 atate
2772 2183 3248 2240 retinentissimam
3288 2186 3602 2245 demirarer.

320 2280 532 2351 pridem
561 2294 591 2332 a
619 2277 906 2332 Francisco
934 2275 1279 2331 Emmanuele
1314 2274 1465 2329 Mena
1492 2274 1785 2328 Matritensi
1827 2272 1909 2325 bi-
1946 2285 1989 2343 Β
2018 2269 2145 2326 llrec
2167 2279 2346 2326 autem
2376 2280 2433 2326 ut
2463 2272 2621 2341 paulo
2647 2273 2804 2329 latius
2832 2289 2991 2343 quam
3022 2291 3118 2345 pro
3146 2276 3389 2334 instituto
3421 2295 3605 2348 perse-

325 2370 565 2439 bliopola
595 2384 788 2424 novam
820 2368 889 2422 cl.
922 2368 1127 2422 Nicolai
1177 2368 1395 2422 Antonii
1449 2366 1793 2422 Bibliotheca:
1824 2364 1915 2419 lli-

328 2462 569 2533 spanica:
585 2461 887 2517 Editionem
910 2461 1180 2525 adornari,
1196 2460 1437 2531 plurimis
1453 2468 1730 2515 auctorum
1755 2467 1915 2529 atque

326 2565 554 2621 operum
586 2551 910 2605 ineditorum
958 2550 1359 2605 accessionibus
1396 2549 1869 2619 locupletissimam
1892 2587 1909 2613 ,

324 2658 555 2712 quaeque
582 2651 641 2697 ut
669 2642 910 2699 omnium
954 2643 1095 2697 votis
1145 2642 1531 2712 responderet,
1580 2639 1916 2695 invitatorias

325 2737 397 2791 ab
426 2737 616 2792 eodem
655 2738 724 2793 ad
771 2737 962 2793 doctos
1005 2752 1105 2807 per
1152 2734 1461 2805 Hispaniam
1512 2733 1660 2787 viros
1708 2733 1916 2787 litteras

326 2827 520 2883 missas
547 2827 732 2892 fuisse,
764 2834 1011 2895 rogatum
1042 2837 1099 2881 ut
1129 2835 1291 2879 tanta:
1310 2824 1389 2879 rei
1419 2823 1757 2894 perﬁcienda:
1779 2839 1918 2893 sym-

325 2917 513 2974 bolam
536 2919 769 2988 quisque
790 2935 888 2989 pro
912 2918 1050 2974 virili
1082 2918 1348 2975 conferret
1378 2932 1550 2972 suam.
1583 2915 1657 2970 Ea
1681 2932 1808 2970 vero
1826 2914 1917 2969 ubi

329 3009 566 3080 primum
597 3010 834 3065 animum
887 3011 1121 3079 pervasit
1172 3009 1463 3077 cogitatio,
1514 3008 1644 3062 nihil
1678 3008 1817 3063 ultra
1848 3008 1917 3062 de

324 3102 673 3170 exsequendo
697 3102 923 3158 consilio
951 3103 1360 3157 deliberandum
1391 3102 1594 3156 censui.
1621 3101 1917 3171 Sperabam

323 3192 532 3248 etenim
586 3192 732 3262 quod
789 3193 1033 3248 litterarii
1094 3194 1327 3249 thesauri
1385 3207 1653 3262 nunquam
1706 3192 1917 3262 penitus

323 3283 734 3348 exhauriantur,
768 3284 855 3338 vel
885 3293 1007 3353 post
1049 3284 1301 3338 lustratas
1340 3285 1408 3339 ab
1439 3284 1807 3340 oculatissimo
1854 3298 1919 3340 ac

325 3374 743 3444 diligentissimo
766 3382 987 3430 auctore
1017 3376 1162 3430 urbis
1188 3375 1538 3430 bibliothecas
1567 3375 1919 3430 uberrimam-

334 3480 444 3531 que
474 3480 702 3518 messem
745 3466 968 3531 factam,
1004 3462 1110 3521 non
1140 3466 1507 3535 paenitendum
1538 3467 1693 3522 nobis
1730 3483 1917 3538 super-

326 3554 443 3610 fore
490 3555 843 3625 spicilegium.
892 3555 1078 3627 Neque
1127 3572 1257 3613 vero
1297 3573 1382 3612 me
1437 3556 1626 3612 fefellit
1670 3568 1913 3614 eventus.

2018 2378 2214 2432 querer
2244 2372 2351 2417 tam
2398 2363 2546 2418 chari
2577 2364 2705 2418 mihi
2734 2366 2925 2436 capitis
2955 2367 3279 2424 desiderium
3311 2370 3458 2438 fecit,
3491 2385 3605 2428 tum

2018 2470 2205 2511 eorum
2236 2473 2355 2528 qua:
2388 2458 2553 2527 ipsius
2582 2466 2811 2514 mortem
2836 2471 3127 2516 consecuta
3157 2471 3280 2518 sunt
3302 2465 3608 2522 recordatio

2016 2548 2329 2618 peracerba.
2365 2547 2527 2604 Pauci
2554 2550 2752 2604 etenim
2783 2550 2851 2605 ab
2881 2565 2943 2605 ea
2976 2549 3295 2607 eﬂluxerant
3317 2554 3449 2620 dies,
3482 2570 3608 2611 cum

2017 2641 2191 2710 primo
2222 2649 2281 2695 ut
2305 2640 2557 2696 allectum
2586 2658 2723 2712 opus
2746 2643 3009 2713 tantisper
3030 2643 3460 2713 intermitterem,
3482 2663 3609 2717 mox

2020 2740 2075 2784 ut
2104 2730 2342 2800 ejusdem
2393 2731 2700 2801 perﬁciendi
2740 2749 2892 2803 spem
2941 2735 3096 2803 plane
3126 2752 3342 2791 omnem
3373 2739 3610 2809 depone-

2018 2834 2131 2873 rem
2159 2862 2175 2887 ,
2226 2821 2591 2876 tristissimum
2633 2824 2878 2877 nuntium
2907 2825 3113 2895 accepi.
3147 2825 3392 2882 Vulneris
3418 2843 3611 2887 causas

2018 2909 2276 2965 refricare
2324 2911 2762 2968 molestissimum
2812 2922 2994 2981 esset,
3040 2915 3141 2969 nisi
3164 2916 3261 2969 sub
3295 2917 3493 2972 eximio
3544 2935 3610 2976 ac

2018 3018 2145 3057 vere
2202 3005 2643 3080 πολυμαθεστάτῳ
2694 3006 2751 3063 S.
2804 3007 2870 3062 Β.
2925 3006 2989 3063 Ε.
3036 3008 3295 3063 cardinali
3327 3009 3608 3069 Dominico

2018 3093 2338 3165 Passioneo,
2361 3090 2455 3166 qui
2486 3107 2543 3153 ut
2586 3099 2639 3154 in
2682 3100 3014 3169 amplissimo
3044 3100 3439 3158 bibliothecarii
3474 3120 3607 3175 apo-

2019 3186 2195 3241 stolici
2254 3203 2479 3243 munere
2528 3189 2753 3256 Quirino
2807 3191 3121 3247 succederet
3180 3208 3318 3248 unus
3368 3195 3609 3250 omnium

2019 3279 2215 3333 summi
2245 3294 2309 3333 ac
2338 3280 2738 3349 prudentissimi
2769 3282 3036 3351 pontiﬁcis
3076 3282 3350 3340 Benedicti
3383 3284 3494 3339 XIV
3520 3285 3611 3355 ju-

2019 3369 2159 3425 dicio
2187 3371 2572 3440 comprobatus
2602 3372 2935 3444 idoneusque
2982 3375 3196 3430 habitus
3239 3386 3341 3440 est,
3375 3393 3480 3431 non
3512 3377 3610 3432 ob-

2018 3475 2177 3516 scura
2207 3463 2363 3517 nobis
2391 3478 2515 3535 spes
2545 3463 2825 3533 alfulgeret
2853 3466 2969 3521 fore
2999 3469 3214 3522 tandem
3247 3477 3305 3523 ut
3336 3469 3611 3525 intermis-

2019 3566 2137 3606 sum
2162 3568 2298 3623 opus
2329 3554 2493 3622 ipsius
2523 3556 2774 3623 auSpiciis
2802 3556 3132 3612 absolvatur.

325 3643 491 3701 Facta
513 3646 713 3701 etenim
742 3646 870 3700 mihi
898 3648 1192 3717 principem
1214 3650 1452 3703 omnium
1476 3649 1791 3705 Vaticanam
1817 3650 1916 3705 ad-
1946 3654 1992 3716 C
2095 3645 2244 3699 Nova
2282 3646 2478 3701 exinde
2508 3648 2749 3701 molienti
2793 3648 2922 3701 mihi
2952 3663 3243 3717 sacrasqne
3274 3651 3418 3705 urbis
3444 3650 3609 3718 aedes,

328 3739 493 3794 eundi
549 3740 704 3809 copia
752 3739 1237 3810 Manuscriptorum
1278 3741 1478 3797 indices
1507 3743 1757 3799 evolvere
1796 3744 1918 3798 dili-

324 3830 639 3898 gentissime
668 3830 844 3902 ccepi,
893 3839 950 3886 et
994 3847 1329 3901 quaecunque
1375 3834 1426 3887 in
1467 3833 1547 3888 eis
1574 3834 1658 3889 vel
1687 3837 1921 3890 auctoris

334 3923 553 3976 nomine
582 3923 667 3977 vel
694 3924 877 3993 operis
904 3932 1222 3992 argumento
1256 3924 1482 3992 patriam
1505 3939 1723 3994 quoquo
1758 3924 1920 3980 modo

330 4012 709 4069 bibliothecam
726 4014 896 4069 ditare
910 4030 1069 4085 posse
1080 4016 1396 4081 arbitrabar,
1414 4016 1463 4069 in
1478 4016 1744 4071 deletitias
1767 4017 1921 4071 sche-

330 4105 427 4160 das
456 4106 651 4161 cursim
684 4123 782 4175 pro
809 4116 1081 4177 tempore,
1114 4108 1398 4176 nu‘loque,
1421 4108 1661 4163 adhibito
1685 4108 1918 4174 delectu,

332 4196 656 4271 referebam,
688 4197 833 4251 domi
856 4212 978 4251 mox
996 4212 1091 4267 per
1118 4197 1286 4252 otium
1316 4212 1435 4252 cum
1460 4198 1614 4252 editis
1640 4214 1669 4251 a
1702 4198 1922 4253 Nicolao

332 4285 570 4343 Antonio
594 4286 939 4343 conferenda.
965 4288 1312 4344 Absolveram
1342 4287 1596 4342 trimestri
1620 4287 1729 4342 fere
1750 4290 1923 4358 spatio

332 4377 655 4443 Palatinam,
680 4381 1111 4447 tirbinatensem,
1129 4389 1453 4450 eteamqua:
1473 4379 1597 4433 olim
1616 4379 1682 4434 ad
1694 4379 1922 4436 Christi-

332 4485 459 4525 nam
482 4470 782 4526 Succorum
809 4471 1050 4539 reginam
1071 4469 1350 4539 pertinuit,
1365 4478 1573 4525 ternam
1595 4471 1801 4526 scilicet
1830 4487 1922 4529 ac-

331 4563 634 4617 cessionem
654 4561 928 4616 Vaticana:
947 4562 1289 4617 bibliotheca:
1306 4561 1691 4616 nobilissimam
1711 4578 1725 4625 ;
1753 4578 1927 4631 neque

335 4651 453 4705 dies
473 4652 604 4706 abiit
623 4650 1234 4722 qquannscriptorum
1252 4668 1375 4707 cum
1399 4652 1565 4707 Editis
1584 4652 1800 4707 collatio
1818 4670 1926 4708 non

336 4756 425 4796 me
470 4741 723 4797 redderet
762 4758 904 4798 novo
933 4752 1156 4798 auctore
1180 4751 1272 4797 aut
1314 4757 1481 4813 opere
1524 4743 1749 4798 invento
1776 4743 1927 4798 locu—

340 4834 646 4903 pletiorem.
675 4834 907 4891 Ventum
937 4836 1145 4890 eratad
1188 4837 1357 4904 ipsam
1402 4835 1708 4903 primariam
1739 4836 1930 4892 biblio-

338 4925 577 4992 thecam,
607 4941 715 4992 quo
763 4936 1010 4994 tempore
1038 4928 1229 4999 Angeli
1261 4926 1440 4981 Marica
1487 4926 1774 4982 cardinalis
1802 4927 1931 4994 Qui-

2022 3751 2090 3791 ne
2121 3737 2325 3793 interea
2348 3737 2675 3794 domesticus
2702 3739 2924 3806 otiarer,
2959 3740 3341 3809 pomeridianis
3364 3743 3507 3797 boris
3531 3744 3611 3796 in-

2022 3828 2232 3891 visenti,
2280 3828 2493 3883 obviam
2525 3829 2699 3883 ubivis
2745 3828 2943 3883 fiebant
2975 3831 3295 3899 sepulcralia
3327 3833 3610 3888 i‘lustrlum

2026 3916 2297 3988 Hispanici
2340 3919 2574 3973 nominis
2613 3921 2852 3974 virorum
2883 3921 3273 3990 epigrammata
3296 3966 3309 3988 ,
3361 3925 3451 3994 qni
3482 3928 3610 3981 dum

2023 4011 2075 4065 in
2121 4012 2252 4066 urbe
2301 4013 2512 4081 publica
2563 4022 2655 4068 aut
2697 4015 2905 4084 privata
2952 4017 3167 4086 negotia
3199 4029 3608 4089 persequuntur,

2023 4112 2198 4156 morte
2226 4103 2510 4173 intercepti
2541 4106 2718 4160 carnis
2746 4106 2965 4161 exuvias
2993 4106 3245 4163 Divorum
3278 4108 3611 4166 Tutelarium

2024 4195 2132 4249 aris
2169 4196 2219 4249 in
2250 4194 2390 4250 diem
2438 4197 2830 4254 immutationis
2861 4216 2971 4253 sua:
3001 4202 3465 4257 concrediderant.
3500 4203 3612 4259 llo-

2025 4301 2142 4340 rum
2176 4300 2278 4355 ego
2319 4288 2443 4342 dum
2486 4288 2857 4344 describendis
2896 4289 3083 4358 elogiis
3125 4291 3615 4362 adumbrandisque

2026 4390 2298 4447 utcunque
2346 4381 2623 4449 gentilitiis
2663 4383 2999 4447 stemmatis,
3036 4382 3125 4451 qui
3159 4399 3310 4437 men;
3350 4392 3431 4439 est
3475 4400 3611 4452 mos,

2028 4483 2134 4521 non
2160 4468 2504 4537 indiligenter
2528 4471 2801 4534 incumbe,
2822 4473 3018 4526 sensim
3044 4473 3400 4527 enchiridlum
3425 4475 3476 4528 in
3500 4491 3617 4530 mo-

2029 4556 2132 4612 lem
2153 4558 2278 4628 jnsti
2304 4560 2590 4615 voluminis
2618 4562 2869 4629 assurgit,
2895 4564 2983 4616 vix
3014 4564 3170 4618 tertia
3212 4579 3489 4621 sacrarum
3522 4583 3615 4621 ur-

2029 4648 2112 4703 bis
2140 4649 2331 4703 :edium
2364 4660 2519 4720 parte
2542 4653 2889 4719 perlustrata.

2012 4773 2025 4780 α
2104 4739 2217 4797 Hoc
2238 4742 2365 4796 mibi
2395 4743 2625 4813 primum
2664 4744 2717 4797 in
2748 4760 2909 4799 causa
2940 4745 3038 4800 fuit
3066 4762 3163 4801 cur
3185 4748 3537 4818 Hispanorum
3562 4751 3616 4806 in

2026 4833 2180 4901 .Ilrbe
2209 4840 2561 4887 monumenta
2594 4834 2755 4902 paulo
2803 4849 2964 4903 quam
2995 4845 3153 4891 antea
3200 4838 3507 4907 diligentius
3536 4841 3617 4896 in-

2035 4926 2326 4996 quirerem,
2351 4940 2414 4979 ac
2441 4924 2507 4979 de
2539 4926 2605 4980 iis
2644 4941 2764 4995 qum
2787 4942 2957 4996 usque
2983 4940 3327 4997 superessent
3371 4934 3619 4989 omnibus

335 5017 441 5071 rini
471 5016 527 5072 S.
563 5016 628 5071 Il.
661 5017 717 5072 E.
750 5018 1145 5074 bibliothecarii
1179 5018 1337 5072 bonis
1366 5017 1609 5073 deﬂenda
1640 5019 1889 5074 omnibus
1911 5062 1926 5086 ,
1958 5020 2009 5080 D
2036 5018 2088 5072 in
2120 5033 2287 5073 unum
2312 5018 2627 5087 colligendis
2659 5020 2802 5073 serio
2842 5036 3048 5075 mecum
3077 5022 3395 5090 cogitarem.
3420 5024 3619 5093 Spera-

340 5107 471 5161 nulli
517 5117 698 5162 tamen
737 5124 899 5178 quam
946 5109 1078 5163 mihi
1126 5108 1375 5176 flebilior,
1427 5108 1734 5165 intercess't
1763 5125 1927 5166 mors.

339 5195 710 5252 Conveneram
742 5198 935 5253 Brixia:
968 5198 1032 5267 «in
1082 5199 1310 5252 transitu
1356 5213 1478 5253 meo
1516 5199 1707 5253 virum
1731 5202 1932 5270 pietate

343 5288 625 5357 insignem,
686 5288 1133 5358 demerendisque
1182 5289 1375 5344 litteris
1399 5298 1607 5352 natum,
1642 5306 1672 5344 a
1703 5306 1830 5360 quo,
1863 5292 1933 5347 ob

343 5377 596 5446 injectam
639 5395 670 5433 a
714 5381 783 5435 cl.
834 5379 1148 5435 Baltbasare
1186 5379 1499 5446 Oltrochio,
1545 5380 1935 5438 Mediolaneusi

346 5468 712 5524 Ambrosiam:
762 5470 1098 5525 bibliothecae
1138 5470 1394 5540 przefecto
1431 5471 1615 5526 nescio
1660 5485 1821 5539 quam
1864 5472 1931 5528 de

418 5597 493 5667 (a)
512 5669 518 5670 ί
535 5597 582 5653 ls
602 5596 685 5652 est
709 5599 777 5654 cl.
803 5598 979 5653 Emm.
1005 5599 1265 5655 Martinus
1289 5599 1440 5665 cujus
1466 5614 1660 5654 nomen
1684 5602 1932 5670 editaque

348 5669 544 5740 ingenii
573 5684 635 5723 ac
657 5670 915 5740 doctrinm
936 5680 1285 5725 monumenta
1307 5670 1595 5724 illustriora
1619 5680 1745 5726 sunt
1771 5669 1930 5740 quam

349 5745 410 5793 ut
436 5738 628 5810 alicubi
658 5739 829 5795 latere
860 5742 1086 5810 possint.

422 5806 499 5877 (ὁ)
539 5810 791 5878 Gasparis
832 5806 1038 5866 scilicet
1066 5810 1333 5865 lbannezii
1376 5810 1441 5864 de
1470 5809 1735 5877 Segobia,
1783 5812 1935 5879 cujus

354 5885 479 5950 post
505 5879 674 5937 multa
702 5895 821 5950 qua:
851 5880 968 5951 ipso
994 5882 1286 5954 superstite
1314 5882 1487 5937 lucem
1517 5880 1798 5949 viderant,
1833 5899 1933 5937 nu-

2034 5111 2157 5165 bam
2186 5110 2387 5166 etenim
2419 5110 2533 5167 fore
2566 5119 2624 5164 ut
2651 5110 2938 5180 Hispanica
2968 5115 3262 5175 receptinm
3300 5118 3621 5173 smculornm

2037 5201 2270 5257 llistoria
2300 5218 2407 5256 non
2454 5202 2582 5256 nihil
2624 5203 2749 5257 inde
2795 5213 3017 5273 caperet
3050 5205 3372 5275 adjnmenti,
3416 5210 3459 5263 si
3503 5210 3624 5264 illu-

2037 5295 2225 5348 strium
2257 5306 2455 5349 nostra:
2484 5296 2659 5363 gentis
2693 5295 2934 5350 virorum
2974 5298 3143 5353 series
3175 5300 3243 5353 ob
3288 5301 3622 5357 eruditorum

2040 5388 2227 5441 oculos
2256 5388 2417 5442 unico
2443 5388 2718 5442 lustranda
2739 5388 2928 5443 obtutu
2958 5403 3372 5461 proponeretur.
3391 5393 3444 5448 ld
3459 5410 3624 5465 porro

2042 5484 2100 5530 ut
2131 5476 2366 5532 uberiori
2398 5492 2521 5532 cum
2548 5476 2723 5533 fructu
2755 5478 2925 5545 ﬁeret,
2958 5482 3193 5536 animum
3235 5492 3497 5552 praeterea
3526 5485 3625 5540 ad-

2036 5627 2133 5734 Rer
2163 5611 2430 5693 prodiere.
2473 5609 2631 5666 Nota:
2656 5613 2708 5666 in
2736 5612 2939 5668 Hister.
2967 5615 3191 5686 Ilispan.
3219 5616 3379 5698 εικρ.
3404 5617 3627 5673 Joannis

2070 5680 2226 5734 lance
2272 5681 2332 5734 S.
2358 5681 2411 5734 J.
2440 5722 2454 5734 .
2504 5681 2595 5734 fol.
2655 5682 2785 5734 Item
2835 5682 2979 5734 Onus
3006 5687 3420 5734 chronolomrnm
3446 5726 3459 5734 .
3487 5688 3578 5734 fol-
3611 5732 3617 5734 _

2070 5680 2226 5756 ferire
2358 5681 2411 5734 .I.
2440 5722 2460 5756 ,_
2504 5681 2604 5756 fol_._
2645 5682 2785 5756 item
2835 5682 2979 5756 Opus
3006 5680 3420 5756 cln'ouologicum
3446 5726 3459 5749 ,
3486 5688 3578 5740 fol.
3607 5732 3623 5755 ,

2038 5751 2233 5805 edente
2272 5750 2536 5807 illustriss.
2564 5752 2863 5811 Valentinae
2903 5755 3050 5813 urbis
3079 5750 3623 5815 litteraiorumcmtu.

2041 5822 2180 5876 Ann.
2218 5820 2355 5876 17M
2384 5830 2439 5878 et
2468 5820 2627 5877 1746.
