4014 6368
471 272 576 363 bss
1256 308 1577 368 ADDENDA
1623 314 1713 370 Αο
1752 315 2081 384 ouosoAn
2120 314 2645 381 PRECEDENTES
2685 322 2932 383 ronos.
3637 334 3741 397 ssc

467 416 593 488 Ieci,
624 422 682 473 ut
709 432 847 488 quos
886 417 1087 489 pietate
1132 420 1483 494 doctrinaque
1513 437 1827 497 praestantes
1862 431 2044 499 fuisse,
2075 439 2117 492 Α
2151 435 2430 501 obtestari,
2464 454 2567 495 nec
2596 439 2743 508 prius
2772 440 2962 496 orandi
2992 438 3153 497 linem
3182 441 3361 502 facere
3383 461 3551 518 quam
3582 450 3739 510 ﬁdem

466 507 802 578 publicisque
831 511 1141 566 muneribus
1170 515 1382 583 egregie
1416 516 1642 584 functos,
1672 528 1782 575 tum
1815 523 2048 578 maxime

464 614 697 670 quorum
718 604 1034 660 memoriam
1062 607 1331 662 cineribus
1352 612 1773 668 contumulatam
1804 631 2043 685 nossem,

463 692 533 748 de
561 708 749 751 eorum
778 698 971 765 patria,
1002 698 1212 763 studiis,
1243 715 1308 755 ac
1350 703 1630 772 pnecipuis
1677 708 1843 773 gestis
1875 722 2045 777 pauca

463 787 748 857 sepulcrali
796 789 973 859 elogio
1012 792 1412 859 subnecterem,
1442 795 1727 867 fontesque
1758 798 1899 854 unde
1928 800 2044 870 ple-

463 876 586 933 nior
614 879 852 949 ipsorum
884 882 1071 937 notitia
1104 882 1303 938 hauriri
1333 894 1515 955 posset
1544 886 1864 945 indicarem.

535 986 663 1045 Haac
693 988 868 1045 fuerat
907 993 1153 1047 universa
1183 996 1446 1064 propositi
1488 1000 1654 1053 nostri
1688 1001 1851 1066 ratio,
1882 1018 2043 1071 quam

462 1080 591 1151 dum
619 1083 837 1151 propius
866 1097 1057 1152 urgere
1080 1084 1365 1154 incipimus
1387 1104 1525 1158 aqua
1554 1090 1731 1145 denuo
1760 1093 1914 1147 nobis
1937 1093 2044 1148 ha!-

462 1170 552 1225 sit.
584 1170 718 1248 Cum
746 1174 948 1229 etenim
978 1191 1242 1230 summum
1294 1180 1588 1235 antistitem
1620 1182 1905 1238 Damasum
1947 1185 2044 1241 do-

461 1261 616 1316 trinas
642 1278 707 1341 ac
734 1264 1008 1332 dignitatis
1037 1265 1216 1331 laude,
1241 1269 1544 1340 archetypis
1574 1283 1831 1342 prmterea
1852 1290 2043 1330 monu-

457 1352 655 1406 mentis
702 1354 866 1422 ipsius
911 1355 1130 1409 nomine
1166 1355 1478 1428 inscriptis,
1528 1357 1583 1415 et
1637 1378 1807 1430 usque
1855 1363 2042 1420 Romae

456 1444 831 1514 superstitibus
878 1456 1003 1502 ante
1033 1448 1169 1504 alios
1216 1451 1607 1517 illustriorem,
1659 1455 1878 1523 dignum
1933 1474 2041 1528 pra:

456 1537 669 1591 caeteris
695 1538 1020 1594 arbitramur
1047 1541 1138 1609 qui
1182 1540 1543 1612 Hispanorum
1571 1560 1760 1614 agmen
1792 1549 1843 1603 in
1875 1566 2041 1620 opere

452 1638 639 1685 nostro
671 1630 913 1698 duceret,
960 1636 1345 1689 nonnullorum
1386 1640 1685 1695 recentium
1740 1646 2039 1699 auctoritas

450 1720 785 1788 intercessit,
841 1724 934 1793 qui
970 1734 1214 1780 veterum
1268 1727 1428 1783 ﬁdem
1461 1730 1680 1787 lubricis
1711 1734 2039 1803 conjecturis

2150 523 2202 577 in
2234 525 2285 579 id
2317 542 2493 581 meam
2541 530 2968 587 obstrinxissem.
3016 529 3149 588 Eam
3177 549 3305 606 ergo
3336 554 3477 595 nunc
3507 543 3738 611 primum

2150 617 2261 673 Deo
2309 621 2528 690 auspice
2553 664 2568 691 ,
2616 630 2778 694 atque
2825 626 3026 681 utinam
3058 624 3236 685 fausto
3271 641 3471 687 eventu
3510 635 3741 694 liberare

2147 706 2451 778 incipimus.

2215 800 2425 857 Primus
2480 804 2641 874 igitur
2689 808 2931 863 omnium
2987 809 3081 880 qui
3126 799 3373 868 sanctum
3442 815 3736 873 Damasum

2146 890 2457 960 pontificem
2504 895 2662 964 longa
2690 899 3008 955 saeculorum
3036 892 3392 962 consensione
3420 923 3520 978 pro
3550 909 3741 982 Hispa-

2148 1000 2216 1039 no
2260 985 2503 1041 habitum
2551 988 2808 1047 Romanis
2855 994 3139 1062 attribuit,
3193 998 3395 1068 quique
3433 1005 3735 1059 recentium

2146 1085 2499 1146 veterumque
2550 1081 2874 1150 scriptorum
2940 1084 3098 1140 fidem
3146 1102 3210 1143 ac
3250 1092 3741 1152 vetustissimorum

2144 1167 2397 1223 Codicum
2447 1172 2824 1228 auctoritatem
2875 1177 3007 1232 solis
3053 1179 3225 1249 iisque
3272 1198 3385 1238 non
3439 1185 3736 1242 admodum

2145 1259 2311 1316 lirrnis
2337 1261 2662 1330 conjecturis
2690 1268 3089 1334 posthabendas
3131 1275 3376 1343 censuit,
3439 1275 3741 1335 Tillemon-

2143 1352 2251 1407 tius
2278 1352 2375 1407 fuit
2401 1353 2499 1424 (a).
2534 1353 2584 1411 Is
2607 1396 2622 1421 ,
2655 1358 2799 1427 quod
2831 1360 2995 1416 sciret
3021 1361 3307 1421 Damasum
3336 1366 3527 1423 Roma:
3548 1384 3578 1423 a
3609 1387 3743 1440 pue-

2142 1458 2206 1498 ro
2232 1459 2401 1498 sacrm
2431 1445 2637 1500 militias
2673 1447 2976 1505 tirocinium
3009 1456 3252 1522 posuisse
3272 1498 3288 1522 ,
3321 1473 3527 1528 perque
3552 1476 3743 1519 clunes

2142 1534 2338 1605 gradus
2360 1550 2391 1590 a
2412 1536 2677 1593 lectoratu
2711 1554 2982 1597 summam
3012 1546 3226 1601 tandem
3248 1548 3741 1607 ecclesiasticarum

2142 1640 2323 1679 rerum
2375 1628 2683 1701 adeptum;
2732 1641 2941 1702 patrem
2993 1635 3212 1707 insuper
3261 1638 3379 1707 ejus
3438 1641 3738 1699 Antonium

2142 1717 2317 1785 primo
2342 1730 2691 1789 exceptorenr
2712 1764 2727 1788 ,
2759 1740 2884 1779 mox
2909 1726 3190 1794 lectorem,
3222 1729 3444 1785 levitam
3472 1741 3531 1787 et
3558 1750 3739 1790 sacer-

447 1814 834 1883 posthabentes
864 1816 1171 1882 Damasum,
1199 1834 1353 1874 secus
1376 1832 1538 1891 atque
1560 1824 1821 1879 hactenus
1856 1827 2033 1881 credi-
2071 1806 2115 1864 Β
2142 1807 2322 1864 domm
2354 1812 2517 1868 “lisse
2536 1855 2552 1879 ν
2581 1814 2741 1885 idque
2771 1817 2820 1871 in
2852 1818 3071 1875 basmca
3100 1821 3289 1877 εεηυῑο
3323 1824 3616 1883 Laurentio
3645 1844 3737 1884 δι’

451 1912 566 1960 turn
624 1905 817 1973 fuerat,
854 1906 1112 1965 Romanis
1141 1910 1350 1967 civibus
1401 1918 1866 1972 annumerandum
1913 1934 2041 1974 cen-

445 2011 624 2062 suere,
659 1998 939 2068 ipsumque
969 2000 1149 2065 etiam,
1182 2004 1225 2056 si
1245 2005 1453 2073 superis
1477 2006 2038 2075 placet,Laurenlium

445 2087 665 2143 levitam
687 2097 742 2143 et
771 2098 1062 2161 martyrem
1090 2092 1523 2151 invictissimum.

515 2202 797 2275 Conqueri
816 2208 1045 2276 primum
1088 2223 1189 2280 ego
1231 2219 1533 2279 temporum
1580 2221 1891 2268 nostrorum
1930 2214 2034 2268 ini-

443 2297 737 2367 quitatem,
782 2300 925 2369 quod
974 2309 1185 2355 tantum
1230 2303 1521 2358 tribunitiae
1551 2304 2033 2375 hypercriticorum

443 2389 705 2457 potestati
731 2387 866 2457 juris
896 2390 1228 2459 permiserit,
1276 2403 1388 2447 tum
1421 2395 1640 2450 taedium
1667 2411 1730 2451 ac
1772 2398 2034 2467 prepositi

444 2480 670 2536 satietas
705 2492 1001 2538 consecuta
1031 2492 1114 2538 est
1154 2485 1516 2551 incredibilis,
1578 2499 1636 2542 ut
1688 2490 1789 2544 nisi
1826 2491 1938 2559 jam
1966 2506 2033 2545 eo

440 2571 826 2641 processissem
876 2573 1018 2628 unde
1072 2575 1249 2644 pudor
1290 2576 1488 2647 lexque
1516 2579 1698 2648 Operis
1727 2580 1916 2649 pedem
1947 2595 2033 2635 re-

441 2658 584 2717 ferre
614 2662 994 2732 prohibebant,
1026 2680 1094 2720 ne
1122 2666 1291 2721 hilum
1343 2669 1560 2737 quidem
1609 2671 1676 2725 de
1704 2686 1771 2727 eo
1815 2672 2031 2742 penitus

439 2751 743 2821 abjiciendo
790 2753 1139 2811 dubitassem.
1192 2757 1336 2814 Satis
1382 2760 1523 2814 enim
1556 2776 1585 2815 a
1616 2777 1704 2816 me
1735 2762 2031 2832 imparatus

438 2844 507 2899 ad
527 2844 627 2900 has
655 2846 1002 2905 diﬂicultates
1030 2852 1385 2921 superandus,
1410 2854 1558 2909 nullo
1589 2864 1849 2924 praeterea
1872 2856 2031 2911 libro-

438 2950 555 2990 rum
586 2938 679 3007 qui
709 2938 785 2994 ad‘
807 2955 997 2994 manus
1026 2950 1209 2996 essent
1245 2943 1519 3013 praesidio,
1551 2960 1725 3014 neque
1764 2954 1823 2999 ut
1866 2960 2030 3016 opor-

437 3027 585 3082 tebat
614 3028 849 3097 otiosus,
892 3031 987 3101 qui
1028 3033 1331 3089 Concitatos
1366 3034 1434 3089 ab
1476 3035 1594 3090 aliis
1624 3035 1885 3091 tumultus
1936 3042 2029 3089 aut

435 3119 626 3175 sedare
676 3122 792 3191 ipse
831 3138 1048 3194 possem
1074 3164 1093 3191 ,
1139 3135 1234 3180 aut
1280 3142 1453 3183 novos
1489 3127 1765 3183 concitare
1800 3126 2027 3182 subinde
2054 3156 2098 3217 ο

434 3209 632 3265 vellem
662 3212 686 3264 ?

513 3318 685 3374 Unum
719 3322 849 3377 illud
878 3334 1184 3395 supererat,
1217 3329 1262 3383 si
1306 3344 1415 3399 quo
1445 3338 1566 3387 astu
1595 3333 2030 3389 adversariorum

436 3408 669 3479 impetus
691 3412 1012 3470 declinando
1036 3457 1050 3483 ,
1082 3433 1375 3489 eorumque
1404 3431 1679 3493 utcunque
1709 3426 1814 3480 tela
1844 3434 2028 3481 retun-

436 3500 615 3556 dendo
679 3503 817 3557 viam
874 3506 1002 3561 mihi
1057 3509 1455 3578 quodammodo
1510 3514 1578 3568 ad
1625 3530 1738 3570 rem
1793 3525 2029 3572 nostram

439 3590 723 3660 aperirem,
782 3592 955 3650 donec
1009 3596 1322 3652 instructior
1370 3599 1791 3659 domesticorum
1840 3606 2031 3676 aliquis

438 3685 674 3756 aequiore
690 3686 810 3742 loco
829 3702 1059 3757 pugnam
1078 3703 1405 3761 capesseret,
1422 3693 1596 3766 deque
1612 3711 1818 3751 summa
1850 3713 2029 3752 rerum

438 3778 554 3832 acie
598 3793 719 3833 cum
778 3779 933 3836 hoste
981 3782 1305 3839 decertaret.
1356 3784 1494 3841 Hinc
1545 3787 1674 3842 mihi
1734 3788 2030 3844 disserendi

438 3869 709 3947 materies.
734 3871 1002 3941 hujusque
1026 3872 1208 3944 operis
1236 3887 1610 3945 argumentum
1637 3887 1853 3936 enatum
1886 3881 2025 3946 fuit,

438 3959 582 4028 quod
606 3954 729 4014 dum
752 3962 803 4015 in
832 3959 1191 4033 Hispanorum
1211 3968 1439 4035 gratiam
1466 3970 1755 4025 vernaculo
1778 3987 2028 4028 sermone

437 4049 603 4118 paulo
650 4050 808 4105 latius
836 4054 1087 4123 persequi
1116 4058 1310 4111 studeo
1334 4097 1349 4122 ,
1381 4057 1592 4113 libellus
1623 4059 1723 4113 iste
1742 4101 1757 4126 ,
1787 4060 1929 4129 quod
1963 4076 2031 4117 ne

439 4138 734 4208 cogitaram
766 4142 980 4211 quidem
1000 4181 1014 4207 ,
1048 4158 1079 4198 e
1108 4146 1352 4202 manibus
1382 4148 1613 4203 elabitur
1643 4150 1797 4205 meis.

514 4250 564 4307 ls
594 4268 715 4308 cum
762 4254 969 4311 interea
1000 4256 1297 4312 amicorum
1329 4261 1603 4316 nonnullis
1649 4276 1878 4331 quorum
1908 4264 2030 4335 plu-

439 4344 632 4399 rimum
657 4348 797 4416 apud
819 4363 905 4403 me
932 4349 1079 4404 valet
1100 4352 1397 4406 auctoritas
1417 4351 1679 4420 legendus
1703 4354 2029 4421 traderetur,

438 4451 617 4506 neque
639 4438 773 4492 adeo
799 4438 943 4494 visus
970 4448 1113 4495 esset
1138 4440 1404 4509 informis,
1428 4445 1628 4499 obnixe
1654 4461 1684 4499 a
1713 4460 1798 4499 me
1821 4456 2031 4502 oratum

2142 1918 2263 1969 cra,
2294 1919 2415 1972 qua:
2444 1906 2570 1961 olim
2604 1910 2673 1961 ad
2715 1910 2992 1966 Theatrum
3022 1912 3258 1985 Pompeii
3285 1916 3430 1974 dicta
3455 1959 3470 1985 ,
3506 1936 3655 1977 nunc
3680 1924 3736 1976 in

2138 1993 2432 2051 Damaso~a
2462 2000 2758 2055 conditoris
2806 2017 2903 2058 seu
2929 2007 3109 2060 verius
3148 2006 3532 2066 instauratoris
3561 2014 3739 2068 nomi-

2138 2100 2207 2140 ne
2237 2086 2394 2155 vulgo
2425 2089 2598 2154 audit,
2653 2105 2750 2146 ceu
2779 2103 2936 2148 vetus
2966 2110 3064 2153 nos
3099 2096 3262 2153 docet
3290 2098 3461 2169 ipsius
3514 2101 3735 2159 Damasi

2151 2178 2478 2247 epigramma
2512 2181 2585 2253 (ὑ)
2619 2198 2632 2248 ;
2664 2186 2871 2252 putavit
2901 2202 3006 2241 non
3038 2188 3216 2245 minus
3244 2201 3523 2261 parentem
3572 2209 3735 2263 quam

2138 2270 2303 2325 tilium
2352 2270 2537 2327 Romm
2586 2275 2867 2345 pueritiam
2902 2280 3227 2347 transegisse
3251 2322 3265 2347 ,
3293 2283 3734 2353 quandoquidem

2136 2371 2364 2433 uterque
2389 2364 2606 2420 lectoris
2635 2368 2765 2422 inibi
2796 2370 3019 2437 gradum
3067 2372 3298 2429 obtinuit
3327 2377 3418 2443 qui
3451 2378 3635 2446 pueris
3664 2394 3732 2435 ex

2134 2455 2232 2509 aevi
2261 2455 2541 2523 disciplina
2563 2456 3026 2523 demandabatur;
3058 2477 3235 2531 neque
3262 2466 3568 2533 proximum
3597 2483 3731 2525 vero

2134 2542 2363 2597 credidit
2414 2545 2557 2613 quod
2612 2545 2824 2602 Damasi
2863 2563 3058 2619 parens
3110 2550 3334 2607 Romam
3361 2571 3425 2610 ex
3467 2556 3728 2627 Hispania

2134 2648 2255 2689 cum
2307 2651 2478 2691 uxore
2536 2644 2590 2692 et
2639 2637 2821 2693 liberis
2874 2643 3272 2711 concessisset;
3314 2645 3510 2701 saltem
3536 2663 3648 2718 quo
3676 2647 3730 2703 id

2133 2734 2289 2793 pacto
2317 2724 2434 2779 beri
2459 2728 2696 2794 potuerit
2725 2729 3034 2799 expeditum
3065 2748 3171 2787 non
3204 2734 3409 2790 habuit.

2204 2815 2454 2872 Concinit
2484 2816 2827 2876 Tillemontio
2856 2821 2926 2877 cl.
2960 2822 3227 2879 Antonius
3253 2825 3420 2881 Maria
3453 2828 3729 2896 Merenda,

2133 2907 2440 2976 nuperrime
2464 2948 2477 2973 ,
2508 2918 2564 2962 ut
2591 2909 2751 2965 audio
2777 2950 2790 2974 ,
2821 2912 2887 2964 ad
2917 2914 3291 2968 canonicatum
3314 2915 3562 2984 ejusdem
3582 2917 3726 2973 basi-

2132 2998 2248 3055 lica:
2275 3001 2445 3056 sancti
2472 2998 2748 3057 Laurentii
2772 3005 2824 3058 in
2853 3003 3082 3061 Damaso
3102 3016 3400 3077 promotus,
3425 3010 3517 3079 qui
3541 3011 3724 3080 elapso

2132 3096 2378 3165 proxime
2428 3111 2570 3151 anno
2621 3097 2761 3152 1754
2817 3114 3013 3154 novam
3069 3102 3454 3170 opusculorum
3483 3102 3723 3171 ejusdem

2132 3187 2303 3243 sancti
2361 3186 2629 3257 pontiﬁcis
2681 3189 3054 3245 collectionem
3086 3194 3406 3258 adornavit,
3461 3194 3725 3263 nobisque

2135 3279 2351 3352 (quibus
2380 3279 2527 3348 prior
2559 3279 2647 3333 illa
2692 3278 3023 3336 Tillemontii
3051 3283 3236 3353 opinio
3285 3298 3477 3354 parum
3502 3285 3723 3353 quidem

2133 3370 2359 3441 probata
2398 3370 2526 3424 viris
2575 3371 2749 3427 doctis
2772 3371 2884 3441 jam
2913 3372 3006 3429 diu
3050 3375 3352 3432 exolevisse
3405 3377 3725 3446 videbatur)

2133 3463 2293 3531 hujus
2321 3462 2505 3532 scripti
2530 3463 2746 3519 occasio
2770 3464 2885 3519 fuit.
2919 3463 3017 3520 llic
3046 3466 3208 3536 igitur
3238 3467 3574 3524 Tillemontii
3602 3486 3729 3527 cono

2129 3551 2358 3621 jecturis
2385 3568 2549 3607 novas
2580 3554 2646 3607 de
2675 3568 2772 3607 suo
2822 3554 3003 3623 adjicit
3029 3572 3044 3619 ;
3076 3556 3170 3610 sed
3216 3556 3559 3626 conjecturas
3606 3567 3728 3615 tau-

2138 3652 2276 3709 tum,
2307 3646 2462 3713 queis
2491 3661 2555 3698 cx
2583 3644 3091 3713 jurisconsultorum
3122 3649 3320 3718 placito
3351 3649 3422 3722 (ε)
3456 3650 3510 3706 ἱη
3540 3667 3601 3706 re
3621 3667 3727 3708 nou

2131 3736 2291 3791 dubia
2323 3737 2542 3792 minime
2571 3738 2721 3793 locus
2750 3747 2851 3793 est.
2886 3738 3186 3809 Exaggerat
3215 3741 3397 3810 itaque
3427 3742 3725 3811 longissimi

2132 3843 2201 3883 ex
2250 3827 2503 3899 ll'spania
2544 3829 2749 3885 itineris
2791 3829 3159 3887 difﬁcultatem
3187 3870 3203 3897 ,
3256 3832 3540 3888 infantium
3590 3849 3727 3906 pene

2098 3976 2101 3981 ,
2132 3919 2424 3975 liberorum
2479 3922 2673 3990 vixque
2702 3922 2750 3976 ei
2785 3922 3006 3979 ferendo
3034 3924 3241 3993 parium
3296 3926 3724 3995 impedimenta;

2133 4020 2244 4065 tum
2269 4013 2412 4083 quod
2444 4013 2656 4068 Damasi
2700 4031 2894 4084 parens
2923 4031 3093 4072 novus
3124 4032 3345 4087 prorsus
3398 4019 3726 4090 ignotusque

2132 4101 2319 4157 Roma:
2346 4104 2524 4159 statim
2558 4106 2626 4159 ab
2655 4105 2888 4159 adventu
2920 4122 3117 4161 nomen
3166 4106 3420 4162 Ecclesim
3449 4107 3723 4177 dedisset,

2133 4195 2327 4249 notarii
2376 4198 2609 4265 primum
2645 4240 2659 4265 ,
2707 4214 2833 4253 mox
2865 4198 3082 4254 lectoris
3114 4200 3269 4254 titulo
3302 4200 3353 4255 in
3384 4202 3559 4255 sancti
3590 4200 3725 4255 Lau-

2132 4288 2290 4341 rentii
2344 4288 2562 4342 basilica
2610 4304 2640 4343 e
2686 4289 2913 4358 vestigio
2941 4290 3261 4346 honestatus
3309 4292 3500 4346 fuisset
3532 4309 3548 4357 ;
3581 4291 3724 4360 quod

2133 4383 2420 4446 utrumque
2460 4394 2566 4432 non
2607 4379 2741 4434 satis
2772 4395 3070 4434 consonum
3097 4420 3111 4444 ,
3170 4381 3282 4436 imo
3312 4380 3546 4436 alienum
3576 4387 3725 4450 putat

2134 4471 2200 4524 ab
2232 4471 2445 4526 illorum
2491 4479 2794 4542 temporum
2826 4473 3129 4543 disciplina.
3162 4473 3240 4544 (ά)
3285 4473 3587 4529 Secundum
3613 4489 3723 4528 eam

438 4530 699 4597 veniunt,
734 4540 802 4607 ut,
820 4530 973 4588 Latio
1006 4535 1326 4604 quantocius
1355 4537 1615 4592 donatum
1665 4539 1863 4609 publici
1890 4540 2028 4609 juris

2140 4564 2317 4616 etenim
2348 4563 2558 4634 (inquit
2584 4530 2797 4633 {primo
2828 4530 3081 4634 baptizari
3109 4606 3123 4629 ,
3158 4565 3342 4619 deinde
3362 4581 3431 4619 ex
3450 4564 3722 4619 intervallo

438 4621 693 4677 facerem.
738 4622 990 4680 Abnuere
1011 4625 1125 4695 ipse
1155 4626 1384 4696 primum
1412 4630 1793 4700 angustiasque
1824 4639 2032 4703 tempo-

437 4713 513 4768 ris
538 4712 681 4784 apud
710 4728 805 4768 eos
835 4716 1063 4783 causari,
1100 4732 1286 4771 verum
1317 4717 1369 4772 id
1395 4733 1491 4788 per
1520 4720 1794 4789 speciem;
1828 4736 1887 4777 re
1915 4722 2032 4791 ipsa

439 4807 835 4861 contentiosum
883 4810 1184 4877 argumenti
1231 4823 1402 4877 genus
1433 4818 1489 4865 et
1518 4812 1676 4880 plane
1704 4812 2029 4883 polemicum

439 4895 768 4964 rergiebam
795 4937 810 4963 ,
841 4899 893 4953 in
925 4913 1033 4968 quo
1076 4915 1177 4956 nec
1206 4900 1373 4957 libere
1402 4903 1676 4971 ingenium
1705 4913 1992 4960 exercetur
2012 4947 2027 4972 ,

442 4994 500 5041 et
528 4988 617 5042 ubi
659 4990 887 5045 aliorum
933 5000 1111 5047 errata
1158 4993 1616 5064 deprehenderis,
1648 5005 1741 5050 aut
1784 4996 1870 5064 jus
1914 5014 2033 5067 pro-

441 5079 614 5149 prium
635 5081 794 5150 paulo
815 5083 1026 5139 enixius
1046 5092 1253 5151 tueare,
1282 5086 1662 5142 malevolentia
1688 5089 2032 5156 partiumque

441 5168 621 5223 studio
646 5168 843 5224 factum
866 5181 1075 5241 putant.
1125 5174 1328 5229 Contra
1360 5175 1437 5229 illi
1468 5176 1627 5231 tidem
1659 5192 1818 5231 suam
1843 5218 1857 5243 ,
1882 5194 2024 5233 com-

441 5272 660 5312 munem
709 5260 1001 5317 amicitiam
1030 5302 1045 5328 ,
1078 5263 1306 5332 gloriam
1336 5264 1570 5335 denique
1599 5264 1825 5336 Hispani
1857 5269 2029 5323 nomi-

444 5351 527 5408 nis
548 5391 565 5420 ,
613 5350 701 5407 cui
733 5352 938 5423 reliqua
963 5368 993 5408 a
1023 5368 1111 5411 me
1142 5356 1323 5411 omnia
1369 5358 1684 5429 posthaberi
1715 5368 2026 5430 noverant,

515 5542 593 5615 (a)
631 5542 922 5624 :l‘illemout
945 5587 959 5613 ,
982 5547 1296 5624 _L_L__dmoires
1311 5568 1443 5624 gour
1470 5556 1632 5610 servir
1655 5555 1687 5609 ὰ
1714 5555 1985 5612 l‘llistoire
2007 5600 2022 5624 ,

441 5612 582 5671 tom;
631 5612 779 5682 vnt,
830 5612 953 5688 pag.
982 5618 1127 5690 ssc,
1170 5633 1224 5677 et
1251 5612 1397 5694 715,
1454 5626 1510 5680 in
1558 5634 1672 5682 not.
1722 5626 1861 5683 EJit.
1921 5612 2025 5685 Vel

442 5693 555 5740 net.
588 5684 744 5740 1752.
1237 5702 1242 5709 ’

444 5757 591 5881 Ξάῖὺ.)
630 5762 916 5828 Damasus,
950 5760 1265 5834 epigramm.
1299 5762 1421 5840 _55,
1452 5779 1540 5838 ap,
1572 5767 1807 5826 Merena.
1831 5810 1846 5839 ,
1896 5783 2019 5842 pag.

2132 4652 2339 4722 probari
2361 4655 2570 4722 debuit,
2601 4655 2853 4724 dignusne
2882 4667 3012 4710 esset
3034 4658 3115 4726 qui
3144 4673 3311 4711 sacra:
3336 4658 3540 4713 militia:
3558 4659 3723 4711 ascri-

2133 4742 2351 4797 beretur.
2386 4744 2658 4800 Postremo
2687 4748 2994 4801 novennium
3018 4789 3032 4813 ,
3066 4748 3251 4803 saltem
3279 4752 3604 4819 septennium
3632 4767 3722 4818 pro

2133 4834 2386 4888 minorum
2401 4835 2653 4905 graduum
2683 4836 2875 4907 ofﬁciis
2902 4838 3202 4892 exercendis
3234 4849 3283 4892 et
3312 4839 3725 4909 recipiendorum

2131 4924 2421 4978 interstitiis
2444 4926 2698 4980 insumere
2735 4928 3001 4981 minimum
3027 4931 3251 4995 oportuit
3276 4971 3290 4996 ,
3317 4938 3391 4993 ut,
3422 4930 3723 5000 probatione

2131 5016 2404 5070 accedente
2435 5018 2503 5069 ad
2530 5018 2741 5072 altiores
2770 5018 3021 5075 Ecclesia:
3048 5021 3243 5090 gradus
3271 5022 3415 5075 evelli
3436 5034 3629 5092 posset.
3660 5022 3725 5076 Et

2131 5108 2317 5174 paucis
2364 5108 2659 5176 interjectis
2711 5110 2886 5179 pergit
2923 5129 2934 5164 :
2971 5111 3053 5165 An
3095 5112 3266 5183 itaque
3290 5115 3344 5167 in
3391 5114 3720 5185 inferioribus

2131 5197 2397 5251 ordinibus
2442 5200 2597 5268 positi
2627 5210 2777 5268 pater
2800 5210 2850 5253 et
2877 5201 3017 5269 [ilius
3042 5216 3146 5257 ana
3188 5205 3469 5274 eodemque
3495 5215 3718 5269 tempore

2129 5296 2280 5358 atque
2308 5287 2488 5342 eadem
2514 5291 2569 5343 in
2600 5289 2839 5345 Ecclesia
2862 5294 2886 5346 Ρ
2912 5293 3028 5348 Hoc
3057 5296 3148 5349 alii
3171 5296 3429 5366 judicent.

2199 5378 2386 5449 Neque
2416 5380 2499 5436 his
2524 5382 2746 5438 meliora
2775 5384 3068 5457 Gregorius
3096 5385 3328 5445 lacubus
3367 5388 3715 5446 Terribilinus

2311 5558 2414 5667 {jac
2440 5564 2577 5669 pater
2605 5569 2864 5623 exceptor,
2888 5560 3062 5628 lector,
3091 5561 3239 5615 levita
3262 5562 3497 5616 sacerdos

2338 5633 2523 5669 .revera
2554 5656 2647 5669 .....

2338 5635 2647 5672 .reverat.....

2200 5703 2272 5779 (lc)
2311 5702 2439 5779 beg.
2466 5702 2914 5779 (Jonti‘nuuslm,
2948 5707 3051 5779 δᾶ,
3080 5708 3136 5763 π.
3168 5709 3236 5765 de
3265 5711 3328 5765 V.
3363 5709 3427 5766 Ο.

2201 5773 2278 5840 td)
2319 5773 2445 5854 ᾼηι.
2497 5774 2663 5854 Maria
2718 5773 3002 5854 Merenda,
3038 5773 3242 5851 opusc.
3275 5792 3330 5839 et
3354 5791 3491 5854 gest.
3540 5789 3694 5841 sauct

2128 5841 2371 5913 Damasi,
2403 5859 2524 5916 cap.
2558 5847 2608 5917 l,
2631 5863 2779 5903 num.
2811 5847 2858 5904 l.
