4014 6368
282 340 387 398 537

1187 339 1640 402 DlSSERTATlO
1683 343 1769 401 DE
1812 345 2094 406 DAMASO
2133 348 2219 405 ET
2259 348 2673 408 LACRENTIO.

3467 364 3573 422 5'58

282 462 563 518 Romanus
591 459 784 526 affert,
844 458 922 530 (α)
974 457 1274 516 domestico
1322 463 1406 516 vir
1433 472 1487 518 et
1533 454 1879 530 nostratium,
1912 467 1957 523 A
1987 480 2157 522 uxore
2188 475 2244 523 et
2270 466 2453 523 liberis
2475 483 2541 523 ex
2573 468 2823 539 Hispania
2855 472 3087 542 commig
3116 488 3207 529 are
3236 477 3409 543 potuit
3434 480 3574 535 (ΙὶΠί-

282 551 428 621 apud
481 565 619 619 quos
670 549 798 604 olim
849 561 1213 611 commoratus
1239 552 1437 618 fuerat,
1468 554 1645 623 elogio
1674 556 1870 610 clarus.

280 642 472 713 Itaque
493 641 820 710 Ratnanum,
845 643 1001 699 sicuti
1026 644 1233 713 priores
1256 644 1384 714 duo,
1408 645 1693 702 Damasum
1719 648 1875 717 facit;

291 744 344 791 et
380 735 533 805 quasi
563 735 834 789 crambem
874 751 981 789 non
1013 736 1142 790 satis
1179 746 1323 791 esset
1348 739 1618 793 recoxisse
1653 779 1668 805 ,
1713 740 1876 794 tertio

282 826 442 882 nobis
473 824 797 881 Tillemontii
827 826 1177 882 ariolationes
1206 828 1464 883 obtrudit.
1496 829 1551 883 ld
1581 846 1777 895 unum,
1807 846 1876 885 ne

282 919 507 973 omnino
528 921 739 973 veniret
762 920 1089 989 asymbolus,
1114 936 1143 975 a
1171 937 1229 976 se
1256 923 1685 980 animadversum
1711 924 1874 981 fuisse

280 1009 382 1074 ait,
410 1024 477 1063 ex
505 1010 780 1064 veteribus
807 1011 1159 1080 scriptoribus
1188 1012 1276 1081 qui
1308 1012 1375 1067 de
1409 1013 1637 1069 Damaso
1666 1025 1871 1083 agunt,

280 1116 313 1155 a
343 1101 538 1156 Martio
569 1101 774 1157 Milesio
802 1103 1095 1159 Sarazanio
1124 1106 1196 1175 (ὁ)
1232 1113 1288 1159 et
1311 1103 1371 1159 P.
1398 1105 1718 1161 Constantio
1758 1107 1874 1162 lau-

280 1191 443 1257 datis,
477 1207 543 1247 ne
566 1209 726 1248 unum
750 1193 969 1264 quidem
986 1210 1107 1249 esse
1133 1196 1223 1265 qui
1244 1213 1367 1251 eum
1401 1196 1696 1265 Hispanum
1725 1199 1873 1253 dixe-

282 1290 362 1344 rit
386 1298 512 1346 ante
550 1292 851 1361 catalogum
910 1293 1276 1349 Romanorum
1326 1297 1637 1366 pontificum
1665 1340 1680 1365 ,
1710 1314 1871 1369 quem

277 1381 384 1435 sub
410 1380 592 1436 Felice
627 1382 694 1436 IV
723 1384 828 1452 (ad
860 1400 1058 1439 annum
1086 1387 1290 1442 scilicet
1320 1387 1514 1442 Christi
1564 1388 1704 1459 550)
1736 1406 1869 1444 con-

275 1474 537 1543 scriptum
566 1484 784 1545 putant;
826 1485 918 1530 aut
946 1478 1288 1534 Anastasium
1320 1480 1812 1547 Bibliothecarium,
1839 1500 1869 1539 a

276 1580 390 1633 quo
446 1565 747 1621 Feliclauus
795 1567 883 1622 ille
936 1570 1213 1637 catalogus
1264 1571 1563 1641 descriptus
1600 1573 1863 1628 creditur.

275 1655 539 1710 Neutrum
587 1668 766 1712 autem
798 1675 861 1713 ex
893 1660 974 1716 bis
1015 1663 1370 1728 scriptoribus
1400 1679 1606 1732 magnae
1634 1668 1870 1721 auctori-

279 1745 406 1799 tatis
430 1760 550 1800 esse
580 1745 811 1801 aflirmat
835 1788 850 1813 ,
884 1764 1061 1820 neque
1095 1749 1385 1820 Hispanos,
1415 1756 1507 1823 qui
1538 1756 1606 1809 ile
1639 1756 1866 1811 Damaso

1982 555 2234 611 cultatem
2258 599 2273 623 ,
2328 558 2474 613 nullo
2520 562 2783 628 prieterea‘
2816 571 3057 616 veterum
3087 572 3179 619 aut
3210 570 3570 628 recentiorum

1981 648 2289 703 testimonio
2318 649 2501 704 fultam
2533 652 2774 706 viderent
2798 692 2811 715 ,
2845 654 2988 707 illam
3022 672 3127 710 non
3154 659 3291 711 tanti
3322 676 3385 715 ac
3410 661 3574 715 Tille-

1979 739 2214 793 montius
2256 738 2475 806 fecere;
2527 757 2705 811 neque
2734 758 2799 797 eo
2834 742 3037 799 lilucize
3084 746 3288 818 delapsi
3318 759 3479 815 sunt,
3513 763 3573 808 ut

1977 828 2193 885 dubiam
2242 832 2673 901 conjecturarnm
2722 835 2880 889 fidem
2931 846 3093 893 certm
3144 841 3471 913 scriptorum
3518 854 3574 899 et

1976 920 2234 976 Codicum
2265 925 2571 979 auctoritati
2603 928 3041 987 committendam
3072 931 3397 997 iudicarent.

2047 1009 2294 1077 Excidit,
2328 1014 2501 1069 fateor
2522 1057 2536 1080 ,
2571 1016 2898 1087 imprudenti
2930 1020 3057 1075 mihi
3084 1023 3293 1092 ﬁducita
3322 1026 3567 1092 verbum,

1974 1103 2118 1172 quad
2167 1111 2348 1159 tamen
2380 1106 2429 1159 in
2461 1107 2655 1161 malam
2710 1117 2917 1178 partem
2948 1112 3018 1166 ab
3045 1115 3368 1170 adversariis
3396 1117 3570 1187 accipi

1974 1204 2066 1248 aut
2097 1194 2227 1265 ipsis
2256 1196 2523 1253 ullatenus
2552 1198 2778 1267 injurius
2811 1217 2931 1257 esse
2962 1204 3178 1273 penitus
3206 1208 3402 1261 nollem
3432 1226 3445 1274 ;
3476 1224 3573 1264 ve-
3634 1254 3637 1259 .

1973 1304 2091 1343 rum
2122 1289 2164 1342 si
2190 1299 2369 1344 mente
2398 1306 2428 1345 a
2460 1291 2782 1361 pra‘judiciis
2812 1309 2981 1349 vacua
3012 1311 3123 1350 rem
3178 1298 3526 1367 inspiciamus
3549 1340 3567 1367 ,

1972 1394 2080 1447 quo
2104 1388 2260 1447 pacto
2284 1395 2401 1434 eam
2433 1381 2576 1450 apud
2600 1382 2867 1439 litteratos
2891 1395 3071 1441 notam
3096 1388 3332 1458 effugere
3357 1394 3566 1461 possint

1971 1485 2190 1539 prorsus
2238 1486 2350 1525 non
2394 1472 2589 1541 video,
2618 1489 2739 1529 cum
2786 1477 2930 1547 quod
2986 1480 3154 1535 multo
3192 1482 3397 1551 pridem
3445 1485 3572 1540 insi.

1969 1561 2185 1628 gniares
2222 1563 2424 1629 critici,
2459 1564 2520 1619 iis
2568 1566 2695 1634 ipsis
2741 1568 3067 1636 conjecturis
3108 1572 3276 1636 ducti,
3327 1576 3571 1645 proferre

1968 1654 2312 1722 potuissent,
2361 1664 2604 1711 veterum
2663 1667 2840 1713 tamen
2874 1664 3174 1718 reverentia
3205 1667 3489 1734 quominus
3519 1670 3571 1725 id

1969 1745 2208 1801 facerent
2237 1748 2489 1817 prohibiti
2519 1759 2672 1804 sunt:
2707 1752 2807 1807 hoc
2856 1754 2929 1807 illi
2969 1756 3117 1811 nullo
3168 1774 3360 1815 recens
3414 1772 3571 1815 eruto

274 1838 545 1908 scripsere
568 1881 584 1906 ,
614 1841 754 1910 quod
787 1842 853 1896 ad
904 1844 1128 1911 patriam
1186 1846 1350 1914 ipsius
1379 1849 1571 1902 attinet
1596 1891 1610 1916 ,
1638 1850 1866 1904 solidam
1903 1841 1939 1894 υ
1970 1835 2201 1901 δεδάίοθ»
2254 1838 2397 1892 ηυητι
2435 1841 2645 1895 mum“?
2674 1850 2766 1895 θυι
2795 1859 2932 1897 "0V3
2967 1854 3226 1914 Ρτωιθτθε
3260 1849 3569 1917 muluium

273 1931 514 2000 aliquam
546 1948 673 2000 qua:
697 1934 825 2003 ipsis
850 1934 1024 1990 faveat
1050 1939 1313 1993 rationem
1338 1938 1559 2008 all'erre;
1587 1942 1871 1998 dissentire

273 2034 540 2092 prmterea
569 2024 635 2078 de
666 2026 787 2080 loco
817 2027 871 2081 in
900 2043 1009 2096 quo
1034 2031 1413 2085 sanctissimus
1443 2032 1683 2100 pontifex
1715 2043 1868 2087 nata-

273 2112 359 2168 les
382 2113 643 2169 hauserit.
700 2114 971 2172 Hactenus
1001 2120 1352 2176 Terribilinus
1373 2162 1386 2187 ,
1413 2124 1504 2193 qui
1539 2133 1718 2179 tamen
1748 2135 1871 2195 post

274 2213 521 2274 ereptum
577 2205 845 2277 llispanize
889 2220 1084 2266 nostuc
1132 2212 1414 2268 Damasum
1447 2257 1461 2282 ,
1497 2216 1546 2270 id
1575 2227 1657 2271 est
1687 2257 1701 2281 ,
1750 2228 1871 2289 post

273 2296 526 2353 adactum
568 2300 620 2354 in
652 2301 757 2355 ima
808 2302 1167 2372 Hispanorum
1218 2308 1425 2363 viscera
1475 2312 1667 2379 capulo
1716 2322 1871 2368 tenus

273 2401 482 2455 ensem,
514 2390 659 2443 inani
691 2393 911 2446 eosdem
942 2394 1135 2449 solatio
1167 2396 1475 2454 demulcere
1512 2402 1709 2470 studet,
1741 2420 1867 2473 gen-

275 2485 377 2530 tem
404 2478 632 2534 subinde
659 2495 861 2535 vocans
890 2483 1161 2554 inclytam.

346 2566 467 2622 Jam
499 2585 628 2626 vero
656 2580 717 2625 ut
745 2587 923 2627 meum
955 2575 1068 2645 ipse
1090 2577 1157 2631 de
1186 2576 1513 2635 Tillemontii
1540 2584 1869 2652 coujecturis

269 2658 535 2728 judicium
564 2667 804 2734 aperiam
826 2705 840 2729 ,
875 2668 949 2721 uti
980 2683 1071 2722 eas
1101 2671 1329 2741 alicujus
1360 2677 1616 2730 momenti
1648 2693 1711 2732 ac
1733 2694 1868 2748 pon-

271 2748 422 2805 deris
448 2767 565 2807 esse
594 2755 810 2811 minime
838 2756 1039 2813 inﬁcias
1067 2759 1217 2815 ivero
1246 2803 1260 2829 ,
1294 2778 1473 2832 neque
1502 2767 1639 2822 satis
1673 2770 1870 2825 hacte-

268 2856 376 2897 nus
426 2845 729 2914 expeditam
780 2850 1131 2916 quaestionem
1185 2869 1305 2910 esse
1351 2856 1418 2910 de
1471 2866 1721 2929 tempore
1760 2876 1870 2931 quo

268 2929 487 2987 Damasi
536 2951 731 3005 parens
789 2938 1014 2994 Romam
1054 2958 1174 2997 cum
1228 2961 1397 3000 uxore
1425 2956 1481 3002 et
1516 2949 1699 3006 liberis
1753 2952 1868 3025 (an

269 3026 454 3096 potius
481 3029 684 3099 absque
712 3030 855 3085 illis?
886 3033 1115 3102 longene
1141 3038 1329 3093 saltem
1360 3051 1483 3109 post
1508 3041 1869 3115 Damasum?)

269 3119 730 3188 commigraverit,
766 3138 858 3178 cas
888 3125 1235 3184 nihilominus
1287 3148 1390 3185 non
1434 3134 1568 3187 tanti
1610 3150 1639 3187 a
1669 3135 1871 3192 criticis

1974 1926 2091 1983 fulti
2132 1945 2374 1986 asserere
2413 1934 2542 1987 nihil
2591 1933 2878 2005 dubitant,
2926 1938 3085 2008 idque
3111 1941 3209 1995 sibi
3254 1943 3569 2012 palmarium

1975 2019 2195 2075 ducunt.

2045 2111 2248 2169 Saltem
2280 2116 2584 2184 Merendze,
2638 2120 2765 2175 dum
2823 2122 3026 2191 vulgari
3077 2126 3570 2199 receptissimteque

1973 2203 2041 2259 de
2091 2207 2267 2277 patria
2297 2250 2311 2275 ,
2358 2210 2529 2263 sancti
2559 2210 2830 2267 Laurentii
2864 2217 3118 2287 martyris
3148 2219 3390 2288 opinioni
3421 2222 3569 2276 obsi-

1973 2305 2117 2352 stere
2170 2300 2343 2369 pergit
2367 2303 2697 2372 (quanquam
2727 2315 2781 2359 et
2810 2306 2984 2376 ipsum
3017 2323 3080 2362 ea
3111 2309 3163 2364 in
3218 2327 3276 2365 re
3322 2313 3568 2369 ununihil

1972 2386 2188 2443 humani
2222 2405 2435 2460 passum
2468 2392 2627 2450 fuisse
2656 2398 2951 2469 putamus)
2979 2400 3393 2457 eondonandum
3420 2421 3434 2471 ;
3467 2419 3568 2459 ne-

1972 2496 2078 2551 que
2098 2483 2263 2550 gratis
2293 2483 2344 2537 id
2371 2484 2561 2542 fecisse
2586 2488 2845 2547 dicendus
2875 2501 2977 2561 est,
3009 2495 3098 2564 qui
3125 2512 3229 2550 non
3255 2513 3362 2553 uno
3392 2514 3566 2569 nuper

1972 2570 2187 2627 detecto
2217 2582 2433 2630 vetusto
2460 2576 2665 2634 Colice
2691 2619 2704 2645 ,
2738 2581 3021 2651 multiplici
3055 2595 3316 2653 przeterea
3346 2589 3567 2643 ratioci-

1973 2663 2075 2721 nio.
2108 2680 2282 2736 eoque
2314 2669 2365 2722 in
2395 2670 2628 2738 speciem
2659 2673 2790 2727 satis
2838 2673 2992 2730 lirmo
3042 2678 3365 2733 sententiam
3409 2695 3566 2736 suam

1974 2758 2284 2812 con=tabilit
2314 2776 2329 2825 ;
2362 2776 2549 2815 verum
2596 2764 2715 2817 sine
2762 2781 2901 2819 nova
2959 2770 3330 2837 propositione
3358 2781 3451 2826 aut
3478 2787 3566 2828 as-

1971 2848 2279 2916 sumptione
2299 2889 2315 2914 ,
2348 2866 2516 2907 novas
2545 2867 2747 2921 easque
2776 2855 3169 2913 diversissimas
3199 2860 3267 2914 ab
3296 2861 3561 2921 hactenus

1973 2938 2217 2994 deductis
2246 2941 2624 2997 conclusiones
2654 2946 2853 3001 elicere
2881 2948 3020 3003 velle
3044 2990 3058 3016 ,
3090 2949 3143 3003 id
3174 2965 3303 3007 vero
3326 2956 3565 3025 exquisi-

1975 3038 2060 3095 tae,
2087 3030 2194 3085 imo
2217 3038 2472 3087 extremae
2502 3034 2814 3090 subtilitatis
2841 3046 2943 3093 est.

2046 3120 2201 3176 Prius
2228 3122 2389 3191 igitur
2416 3139 2579 3193 quam
2612 3136 2849 3182 mentem
2885 3146 3059 3185 meam
3086 3135 3324 3203 aperiam
3354 3134 3422 3189 de
3454 3135 3564 3193 Ro-

268 3203 546 3263 faciendas
576 3211 831 3277 arbitror,
861 3223 918 3268 ut
949 3224 1192 3271 veterum
1223 3221 1551 3290 scriptorum
1580 3224 1867 3281 Codicum-

1976 3226 2135 3266 mano
2190 3215 2361 3284 patris
2415 3215 2626 3271 Damasi
2675 3218 2907 3285 itinere,
2963 3222 3140 3291 deque
3187 3223 3304 3294 ejus
3351 3227 3565 3282 ratione

268 3312 381 3365 que
404 3296 524 3352 ﬁdei
550 3301 785 3369 praeferri
808 3312 901 3356 aut
928 3305 1129 3375 opponi
1154 3308 1262 3363 ullo
1287 3319 1446 3379 pacto
1475 3312 1723 3382 valeant;
1760 3316 1867 3370 imo

268 3404 382 3442 non
415 3389 521 3445 alio
546 3392 891 3448 testimandas
936 3394 1057 3451 loco
1082 3435 1098 3461 ,
1152 3413 1314 3467 quatn
1344 3415 1451 3469 quo
1482 3403 1535 3457 in
1565 3402 1868 3463 forensibus

268 3480 432 3534 auriti
458 3522 473 3547 ,
504 3497 733 3551 quorum
763 3484 892 3553 ipsae
920 3487 972 3541 iu
995 3488 1219 3545 historia
1254 3492 1427 3547 vicem
1458 3494 1696 3551 subeunt
1716 3538 1730 3563 ,
1756 3514 1868 3569 pra:

268 3570 505 3627 oculatis
532 3575 773 3630 testibus.

338 3662 493 3719 Esset
520 3667 708 3721 saltem
738 3669 966 3726 fulcrum
998 3677 1337 3733 auctoritatis
1366 3680 1663 3749 quamlibet
1701 3684 1866 3740 mini-

267 3770 419 3811 mum
445 3758 706 3814 cuiinniti
737 3772 957 3831 possent
981 3784 993 3818 :
1026 3769 1191 3822 robur
1212 3771 1313 3825 illis
1334 3781 1494 3842 atque
1521 3789 1593 3828 aes
1622 3774 1866 3843 profecto

266 3846 466 3917 triplex
497 3850 797 3916 accederet,
832 3868 1006 3922 neque
1035 3856 1371 3926 iniquissimo
1404 3870 1462 3915 ut
1487 3878 1629 3917 nunc
1657 3867 1861 3932 prwlio,

270 3953 569 4009 parumque
597 3942 887 4000 victoribus
924 3946 1158 4015 decoro,
1190 3948 1643 4021 conﬂigeremns;
1680 3974 1865 4013 verum

267 4028 490 4085 sinistro
536 4031 859 4089 Tillemnntii
888 4036 1111 4106 ejusque
1152 4050 1479 4097 sectatorum
1511 4047 1699 4101 oscine
1730 4050 1865 4104 nulli

269 4137 381 4176 non
408 4124 569 4176 modo
594 4128 835 4180 veterum
854 4169 868 4192 ,
898 4128 993 4183 sed
1018 4146 1191 4199 neque
1217 4136 1517 4189 recentium
1541 4139 1865 4207 scriptorum

268 4211 359 4265 vel
389 4222 511 4281 post
532 4215 835 4270 restitutam
865 4219 1086 4275 criticen
1110 4222 1369 4299 hactenus
1391 4226 1442 4280 in
1467 4237 1697 4283 mentem
1721 4233 1868 4286 venit

270 4301 531 4360 Feliciani
558 4308 869 4377 pentilicum
893 4314 1121 4384 catalogi
1139 4356 1154 4380 ,
1178 4325 1271 4369 aut
1298 4321 1562 4376 Anastasii
1588 4324 1717 4392 (quo
1748 4325 1866 4381 loco

268 4393 559 4451 Damasum
584 4410 808 4471 uterque
831 4403 1183 4461 disertirsime
1208 4407 1502 4479 Hispanum
1529 4412 1682 4484 facit)
1709 4415 1863 4471 fidem

268 4486 505 4556 elevare,
530 4500 721 4559 praeter
738 4510 899 4547 unum
933 4492 1329 4569 Terribilinum,
1356 4504 1444 4572 qui
1462 4507 1626 4574 gratis
1648 4508 1700 4562 id
1720 4510 1865 4565 allir-

267 4596 441 4645 mare,
465 4591 647 4652 atque,
672 4594 729 4639 ut
750 4588 917 4647 aiunt.
942 4589 1057 4645 sine
1081 4591 1197 4661 lege
1217 4594 1363 4663 loqui
1386 4613 1491 4652 non
1519 4600 1752 4656 erubuit.

340 4672 587 4730 Latuisse
613 4693 847 4746 unquam
879 4683 1093 4751 potuit,
1124 4686 1289 4750 cedo,
1325 4687 1635 4753 Baronium,
1671 4691 1866 4749 Panvi-

270 4765 420 4820 nium
446 4806 461 4831 ,
491 4767 838 4827 Ciacconitun
862 4813 877 4836 ,
909 4773 1183 4829 Fleurium
1209 4817 1223 4840 ,
1256 4776 1505 4846 Pagium,
1532 4794 1866 4855 craterasque

267 4858 591 4927 insigniores
614 4863 832 4919 criticos
861 4868 952 4936 qui
978 4866 1045 4921 de
1071 4868 1300 4924 Damaso
1329 4883 1517 4927 nostro
1540 4890 1730 4943 egere,
1765 4894 1864 4933 ne-

268 4951 398 5005 dum
430 4952 603 5022 ipsum
657 4954 841 5010 Romre
870 4973 899 5011 a
931 4974 1100 5027 puero
1131 4962 1390 5017 meruisse
1422 4964 1472 5018 in
1508 4964 1769 5022 lectoratu
1810 4977 1866 5023 et

267 5044 492 5114 reliquis
520 5045 773 5101 Ecclesim
800 5048 1074 5116 gradibus,
1106 5052 1202 5107 sed
1224 5065 1277 5107 et
1305 5062 1515 5122 patrem
1543 5058 1658 5125 ejus
1690 5058 1860 5115 Anto-

268 5135 419 5190 nium
454 5137 689 5204 lectoris,
722 5139 863 5195 inter
889 5142 1023 5196 alios
1050 5144 1138 5212 qui
1171 5145 1348 5213 pueris
1368 5147 1586 5202 attribui
1614 5151 1863 5207 solebant

269 5225 607 5295 ordines,‘in
652 5228 869 5285 basilica
920 5230 1273 5287 Laurentiana
1305 5252 1497 5293 nnmus
1522 5239 1863 5299 obtinuisse?

267 5313 523 5382 Minime,
574 5318 789 5389 inquam
817 5363 832 5389 ,
870 5324 1109 5391 gentium
1137 5342 1149 5389 ;
1191 5342 1376 5381 verum
1407 5331 1553 5399 quod
1584 5333 1861 5390 subortam

269 5407 396 5463 hinc
431 5409 498 5465 de
530 5418 774 5483 tempore
816 5430 923 5484 quo
970 5416 1183 5473 Damasi
1234 5436 1428 5491 parens
1480 5423 1706 5482 Romam
1738 5445 1862 5484 cum

342 5563 420 5635 (α)
461 5561 599 5618 Abb.
636 5565 679 5618 Τ
680 5567 989 5646 erribilinus
1015 5610 1031 5636 ,
1059 5571 1111 5626 in
1143 5573 1440 5642 appendice
1469 5592 1657 5646 opusc.
1690 5583 1862 5636 sancti

267 5633 485 5687 Damas.
510 5677 524 5697 ,
556 5651 679 5703 pag.
712 5636 731 5688 l

344 5704 418 5773 ib)
460 5675 879 5789 Blartt.'lll.ile_sius
900 5709 1150 5767 Sarazani
1160 5730 1238 5779 us,
1262 5730 1445 5784 opusc.
1465 5717 1605 5773 beati
1624 5720 1863 5789 Damasi,

268 5774 456 5829 Romm
470 5817 484 5840 ,
519 5792 647 5831 ann.
678 5776 836 5833 1658.

345 5847 416 5919 (ε)
448 5846 562 5903 Nic.
598 5848 748 5917 Ant,
783 5850 918 5908 [ςγδι.
949 5850 1099 5924 Hisp.
1131 5864 1238 5913 vet.
1275 5858 1389 5928 lib.,
1420 5875 1476 5927 ιι,
1509 5874 1628 5932 cap.
1664 5860 1715 5917 6.

1973 3304 2265 3359 edisseram
2301 3349 2314 3373 ,
2370 3322 2478 3377 quo
2526 3310 2734 3365 scilicet
2785 3322 2944 3381 pacto
2998 3314 3260 3371 inoll'ensa
3327 3318 3564 3374 historia:

1973 3394 2076 3451 fide
2099 3436 2113 3463 ,
2165 3400 2501 3471 servatisque
2525 3402 2591 3455 ad
2623 3416 2852 3472 unguem
2899 3407 3285 3464 ecclesiasticis
3313 3410 3520 3480 legibus
3543 3449 3565 3479 ,

1971 3487 2079 3542 imo
2115 3490 2255 3544 enim
2304 3492 2704 3549 verosimillime
2729 3536 2744 3560 ,
2787 3496 2864 3554 uti
2894 3510 2993 3565 ego
3025 3499 3259 3553 arbitror
3284 3538 3300 3563 ,
3334 3498 3563 3557 Romam

1970 3593 2040 3633 ex
2088 3578 2342 3651 Hispania
2393 3585 2577 3638 venire
2605 3588 2879 3653 potuerit,
2929 3598 3170 3643 veterum
3203 3593 3513 3647 testimonia
3540 3634 3560 3662 ,

1969 3672 2123 3740 queis
2150 3675 2415 3729 sententia
2448 3675 2804 3747 Hispanorum
2854 3680 3136 3735 Damasum
3168 3682 3268 3737 sibi
3302 3691 3561 3753 tanquam

1970 3763 2283 3831 pepularem
2308 3768 2686 3823 ascribeutium
2721 3770 2970 3826 innititur
2999 3814 3013 3838 ,
3053 3788 3331 3843 exponere
3357 3791 3562 3845 oppor-

1970 3860 2155 3905 tunum
2188 3856 2336 3909 duxi.
2390 3855 2520 3910 Eam
2554 3874 2682 3913 vero
2732 3858 3033 3929 HiSpanica:
3062 3861 3309 3917 Historia}
3347 3872 3557 3933 partem

1969 3941 2253 3997 domestici
2300 3946 2591 4014 scriptores
2617 3986 2632 4011 ,
2666 3946 2793 4002 dum
2824 3950 3047 4020 privatis
3092 3954 3321 4022 quisque
3364 3955 3558 4012 studiis

1969 4048 2129 4102 quam
2160 4035 2385 4104 publicae
2405 4037 2481 4091 rei
2511 4038 2772 4094 inservire
2804 4044 3034 4109 mavult,
3062 4046 3344 4118 civemque
3373 4064 3554 4117 suum,

1971 4129 2023 4185 id
2055 4136 2138 4182 est
2188 4138 2580 4185 cont:rraneum
2609 4132 2897 4189 Damasum
2926 4135 3106 4193 facere
3136 4139 3345 4211 nititur,
3377 4142 3563 4212 negle-

1970 4233 2111 4281 ctam
2133 4237 2294 4300 atque
2320 4212 2480 4285 unius
2493 4230 2761 4285 Anastasii
2784 4231 3173 4289 bibliothecarii
3194 4236 3314 4291 fidei
3332 4253 3560 4294 concre-

1969 4316 2139 4374 ditam
2170 4321 2438 4390 reliquere
2462 4362 2478 4388 ,
2510 4322 2739 4392 proinde
2771 4324 2923 4392 quasi
2949 4334 3042 4380 aut
3074 4326 3209 4381 tanti
3235 4327 3335 4383 viri
3366 4338 3559 4384 aucto-

1969 4409 2099 4465 ritas
2128 4412 2180 4466 iu
2213 4421 2327 4467 tuto
2361 4413 2505 4468 illam
2530 4424 2679 4468 extra
2708 4415 3188 4485 hypercriticorum
3218 4418 3356 4474 ictus
3384 4421 3559 4478 collo-

1972 4512 2139 4565 caret,
2169 4514 2264 4559 aut
2293 4506 2650 4577 Pythagorico
2679 4508 2978 4562 etiamnum
3009 4510 3205 4565 saeculo
3228 4511 3554 4569 viveremus.

1896 4579 1950 4638 Ῑ)
2045 4596 2267 4652 Cautior
2288 4605 2468 4652 tunen
2493 4600 2547 4652 in
2569 4614 2635 4653 eo
2657 4599 2757 4653 fuit
2780 4600 2848 4654 cl.
2881 4599 3133 4656 Nicolaus
3159 4601 3425 4659 Antonius
3449 4605 3521 4677 (ε)
3540 4647 3556 4673 ,

1967 4697 2018 4743 et
2042 4690 2194 4757 quasi
2240 4704 2353 4743 rem
2401 4707 2508 4762 quo
2558 4692 2774 4746 tandem
2805 4701 3130 4762 perventura
3173 4703 3316 4749 esset
3344 4697 3558 4753 eminus

1967 4782 2293 4849 agnovisset,
2327 4783 2466 4836 viam
2492 4785 2843 4853 disputationi
2868 4794 3067 4841 nostra:
3089 4787 3365 4857 aliquanto
3395 4790 3554 4846 altius

1965 4874 2321 4943 prremunivit.
2354 4874 2539 4944 Itaque
2571 4886 2684 4947 post
2716 4876 2835 4931 falsi
2866 4878 3144 4933 convictos
3167 4882 3560 4940 centuriatores

1964 4962 2487 5034 Magdeburgenses,
2542 4970 2695 5038 quia
2742 4967 2951 5024 Platina
2999 4969 3304 5028 Romanum
3359 4975 3558 5032 alicubi

1961 5055 2162 5111 factum
2208 5057 2494 5115 Damasum
2521 5070 2722 5116 temere
2763 5070 2922 5133 atque
2952 5064 3290 5135 impudenter
3313 5082 3559 5125 asserue-

1961 5161 2083 5206 rant
2121 5151 2201 5224 (d)
2228 5197 2243 5222 ,
2274 5156 2448 5225 pergit
2490 5156 2885 5212 sanctissimum
2925 5159 3238 5229 pontilicem
3287 5160 3559 5232 Hispania:

1964 5251 2159 5298 nostra:
2190 5244 2458 5300 vindicare
2484 5263 2499 5312 ;
2532 5262 2760 5317 eamque
2790 5248 2841 5301 in
2872 5264 2984 5302 rem
3018 5259 3202 5304 vetera
3234 5251 3399 5320 ipsius
3422 5253 3554 5308 Acta

1964 5336 2213 5405 producit
2264 5352 2331 5391 ex
2390 5354 2491 5392 ms.
2555 5339 2755 5394 Codice
2830 5340 3258 5415 chartophylacii
3325 5344 3560 5401 basilica:

1963 5431 2135 5484 sancti
2163 5429 2348 5495 Petri,
2382 5432 2544 5486 allata
2576 5449 2605 5488 a
2638 5433 2828 5489 Martio
2873 5435 3081 5493 Miles‘o
3128 5438 3426 5494 Sarazanio
3456 5440 3556 5493 iui-

2038 5588 2115 5656 (ιι)
2147 5588 2364 5665 _Plati_na
2396 5588 2699 5665 Damasum
2750 5601 2996 5665 nostrum
3025 5593 3222 5648 diserte
3243 5591 3554 5665 Hispanum

1965 5659 2114 5725 facit,
2146 5660 2228 5712 his
2257 5659 2498 5727 ejusdem
2525 5662 2690 5715 vitam
2720 5659 2903 5727 verbié
2933 5680 3160 5718 exorsus
3187 5682 3199 5715 :
3231 5659 3476 5721 Damaso,
3502 5664 3553 5715 d-

1966 5684 2114 5725 ιίιυίι,
2146 5684 2228 5712 IIIS
2257 5684 2498 5727 CJUWCIII
2528 5684 2690 5715 Vllillll
2724 5684 2869 5717 VCI'UI
2933 5684 3160 5718 θχοῐδιιδ
3187 5684 3199 5715 ζ
3231 5684 3476 5721 Hammo,
3502 5684 3532 5715 α

1966 5730 2529 5872 ῗςέξιιῗὲἔαῧὲαοιο,
2568 5749 2595 5787 ε
2615 5734 2846 5805 ﬁgliuolo
2869 5684 3174 5791 d'Antonio.
3198 5732 3337 5789 EJit.
3368 5733 3534 5789 Venet

2124 5840 2139 5866 ,
2280 5840 2292 5855 .
2395 5843 2409 5857 .

2124 5840 2139 5866 ’
2171 5840 2269 5866 γωδ
2280 5840 2292 5855 1
2324 5840 2409 5857 ννο
