4014 6368
545 340 646 398 539

1336 329 1656 389 ADDENDA
1693 329 1784 385 AD
1822 328 2149 396 QUOSDAM
2190 327 2714 386 PRECEDENTES
2755 328 2980 386 TOMOS

3682 334 3782 393 5m

544 453 619 508 tio
647 447 904 506 Editionis
931 460 1151 516 operum
1173 439 1408 512 ejusdem
1432 439 1531 510 (a),
1563 440 1615 495 in
1637 439 1828 510 quibus
1849 438 2104 495 Damasus
2135 447 2176 500 Α
2207 438 2464 494 Damasus
2489 450 2545 495 et
2585 441 2904 497 Laurentius
2949 460 3051 497 una
3083 445 3238 515 geniti
3291 448 3466 514 putria
3509 447 3778 521 dicuntur,

543 543 711 598 sancti
740 538 1007 594 Laurentii
1035 537 1209 591 levita:
1236 541 1292 590 et
1331 531 1580 602 martyris
1628 530 1857 600 primum
1900 546 2106 599 compa-

545 644 580 690 ti
593 637 718 699 iota,
748 647 872 686 mox
917 630 1173 699 Hispanus
1202 624 1546 700 disertissime
1568 621 1779 676 dicitur.
1831 621 2106 675 Postremo

544 733 722 780 autem
745 722 981 778 omnium
1007 720 1128 774 loco
1157 732 1276 772 cum
1302 713 1612 769 emersisset
1638 711 1876 773 dubium,
1895 719 2105 764 essent-

545 830 614 871 ne
653 813 858 870 scilicet
900 809 1150 864 miracula
1199 803 1443 874 quzedam
1512 803 1777 875 Damaso,
1823 817 1889 855 an
1932 803 2107 870 potius

543 903 834 960 Laurentio
876 898 1092 970 martyri
1140 893 1482 950 attribuenda
1507 931 1524 958 ,
1552 892 1782 960 scriptor
1811 891 2062 944 Actorum
2087 928 2105 954 ,

542 1010 717 1065 neque
757 994 810 1048 iu
860 988 1126 1044 miraculis
1153 1001 1248 1042 eos
1287 984 1666 1054 disjungendos
1708 983 1926 1046 asserit,
1973 997 2108 1051 quis

541 1104 647 1140 una
689 1083 856 1156 genuit
898 1081 1064 1151 patria
1111 1085 1271 1147 atque
1314 1091 1419 1130 una
1466 1074 1650 1130 itidem
1697 1071 1966 1142 promovit
2012 1069 2108 1126 Ec-

542 1176 723 1233 clesia.

602 1266 830 1320 'Viderat
879 1263 984 1316 hoc
1026 1275 1099 1328 ex
1133 1268 1287 1328 parte
1337 1253 1593 1310 Merenda
1624 1294 1639 1319 ,
1690 1251 1800 1320 qui,
1833 1249 1900 1304 ad
1949 1251 2110 1305 verba

539 1375 571 1414 a
602 1358 755 1413 nobis
783 1362 1058 1424 postremo
1090 1350 1210 1406 loco
1254 1349 1422 1404 relata
1473 1359 1777 1403 sermonem
1808 1342 2106 1406 intendens,

538 1449 730 1518 ait(b):
757 1447 875 1502 Non
893 1446 1122 1516 dif/iteor
1153 1442 1250 1512 legi
1272 1441 1328 1494 in
1357 1438 1478 1491 Vita
1499 1436 1662 1490 sancti
1687 1433 1898 1486 Damasi
1925 1449 1988 1485 ea:
2009 1449 2105 1484 ms.

537 1539 722 1594 Codice
734 1537 998 1598 Vaticana:
1023 1533 1250 1585 basilica:
1273 1546 1302 1582 a
1322 1526 1612 1584 Sarazanio
1631 1524 1790 1591 edita,
1806 1531 1857 1575 ut
1879 1532 2110 1576 sanctum

534 1629 822 1699 Martyrem
874 1625 1253 1686 Laurentium,
1281 1622 1355 1674 sic
1403 1619 1682 1672 Damasum
1733 1617 1898 1685 ipsum
1939 1629 2110 1668 essm

535 1721 828 1790 Hispanum
859 1719 1018 1790 fuisse
1040 1757 1056 1782 ,
1101 1729 1236 1784 quos
1266 1713 1386 1768 ideo
1429 1725 1535 1764 una
1562 1709 1769 1778 genitos
1797 1708 1873 1761 ait
1901 1707 2070 1776 patria
2092 1745 2108 1771 ,

533 1829 637 1866 una
655 1818 914 1882 promotos
935 1805 1196 1872 Ecclesia,
1225 1811 1333 1858 etc.
1359 1799 1590 1854 Tentare
1615 1798 1828 1866 quidem
1856 1797 2104 1870 primum,
2141 1791 2182 1850 Β

534 1914 594 1962 ut
621 1913 768 1975 puto,
795 1900 1043 1957 Merenda
1070 1899 1239 1954 voluit
1268 1913 1394 1952 num
1420 1911 1628 1951 comma
1657 1913 1758 1948 una
1781 1897 1978 1967 genitos
2007 1912 2103 1964 pa-

535 1996 637 2050 tria
680 1995 747 2048 ad
798 1993 1017 2061 originis
1057 1990 1234 2061 potius
1262 2002 1420 2059 quam
1472 1987 1540 2040 ad
1587 1987 1882 2041 nativitatis
1933 1986 2106 2040 locum

536 2086 822 2142 transferre
844 2097 1058 2153 quoquo
1101 2083 1262 2136 modo
1302 2086 1486 2150 posset
1517 2094 1532 2145 ;
1562 2079 1648 2137 ubi
1680 2093 1810 2132 vero
1839 2093 2024 2147 parum
2057 2077 2107 2132 id

533 2191 602 2230 ex
639 2173 904 2230 sententia
935 2171 1228 2242 procedere
1256 2169 1675 2233 animadvertit,
1701 2169 1973 2238 cespitaus
2008 2181 2106 2223 nec

531 2265 663 2322 satis
685 2265 786 2319 sibi
817 2261 985 2316 ﬁdens
1008 2301 1024 2327 ,
1075 2260 1143 2316 de
1169 2259 1442 2314 Laurentii
1488 2260 1661 2330 patria
1691 2274 1803 2312 rem
1855 2259 2108 2313 hactenus

531 2355 920 2426 inexploratum
946 2366 1063 2406 esse
1105 2354 1217 2415 ait,
1250 2349 1578 2418 dubitarique
1611 2349 1926 2402 vehementer
1963 2365 2109 2416 posse

530 2464 601 2502 an
630 2447 740 2516 ipse
763 2446 918 2498 etiam
944 2441 1252 2494 Laurentius
1281 2439 1461 2496 Roma:
1490 2450 1630 2493 ortus
1660 2441 1726 2492 sit
1751 2457 1765 2500 ;
1797 2455 1914 2492 nam
1945 2439 1996 2490 in
2029 2454 2108 2490 ve-

531 2539 624 2593 teri
651 2536 1070 2593 Sacramentario
1091 2532 1225 2603 quod
1254 2532 1320 2586 cl.
1352 2531 1545 2602 Joseph
1578 2530 1896 2584 Blauchinus
1925 2528 2104 2594 edidit,

529 2639 679 2701 atque
726 2637 985 2682 auctorem
1034 2624 1218 2678 habere
1243 2624 1438 2676 censuit
1469 2632 1704 2676 sanctum
1734 2620 1959 2674 Leonem
1991 2619 2108 2672 Ma-

529 2737 705 2792 gnum,
738 2717 994 2773 Roussus
1020 2729 1286 2769 NASCENDO
1315 2728 1444 2767 CIVIS
1467 2721 1638 2781 aperte
1667 2711 1873 2763 dicitur.

599 2811 866 2867 Hactenus
889 2807 1047 2862 dubia
1093 2813 1296 2860 tantum
1327 2820 1424 2874 pro
1454 2802 1614 2856 certis
1643 2815 1761 2870 qua:
1796 2801 1870 2853 illi
1901 2798 2109 2866 ohjeci-

527 2917 648 2959 mus
674 2900 924 2957 Merenda
953 2898 1192 2968 profert,
1227 2903 1358 2966 puto
1388 2894 1511 2963 quia
1543 2892 1639 2946 sub
1678 2892 1858 2961 operis
1886 2892 1966 2944 sui
2000 2890 2104 2944 iui-

531 2996 665 3050 tium
693 3007 814 3048 cum
857 2991 972 3045 haec
1003 2986 1216 3056 scripsit
1247 2985 1342 3056 (ε),
1391 2983 1628 3038 nondum
1672 2981 1873 3049 legerat
1926 2990 2104 3048 poste-

529 3085 702 3140 riores
745 3079 983 3150 ejusdem
1033 3074 1311 3132 Dlanchini
1355 3071 1730 3127 annotationes
1776 3070 1826 3123 in
1871 3068 2106 3122 libellum

530 3175 836 3232 Orationum
887 3167 1241 3239 antiquissimi
1294 3167 1426 3220 ritus
1478 3161 1992 3230 Gothico-Hispani,
2039 3160 2106 3215 de
2137 3161 2181 3221 C

531 3279 634 3334 quo
677 3263 829 3317 nobis
877 3259 1096 3314 inferius
1149 3272 1328 3312 sermo
1380 3261 1670 3321 recurret;
1721 3268 1898 3320 neque
1945 3252 2104 3319 hujus

532 3353 764 3410 auctoris
789 3350 855 3405 de
883 3348 1054 3404 sancti
1109 3345 1377 3398 Laurentii
1408 3343 1580 3414 patria
1630 3341 1955 3396 sententiam
2004 3356 2102 3394 ex-

533 3443 790 3514 ploratam
839 3436 1070 3492 habebat
1117 3436 1217 3506 (ά).
1272 3432 1466 3487 Verum
1497 3447 1660 3503 opere
1703 3430 1814 3500 jam
1867 3429 2105 3484 fervente

532 3547 740 3589 rursum
794 3530 860 3584 de
909 3526 1174 3581 Laurentii
1219 3524 1428 3596 patria,
1480 3539 1583 3577 non
1614 3538 1710 3578 suo
1739 3523 1858 3575 loco
1905 3519 2106 3574 scilicet

534 3625 610 3694 (ε)
638 3663 654 3690 ,
683 3635 987 3678 sermonem
1020 3617 1303 3672 instituens
1329 3656 1340 3676 ,
1375 3614 1585 3668 levitatu
1617 3611 1962 3666 fortissimum
1992 3609 2103 3663 Ro-

533 3716 704 3772 manis
732 3712 936 3767 civibus
965 3709 1185 3764 omnino
1211 3705 1670 3759 atlnumeramium
1705 3718 1823 3757 esse
1862 3703 1954 3765 ait,
1980 3703 2105 3756 sub-

533 3807 800 3874 latamque
859 3801 929 3856 de
968 3816 1032 3856 ea
1079 3814 1138 3854 re
1182 3796 1568 3853 dubitationem
1615 3810 1830 3850 onmem
1885 3809 1952 3848 ex
1997 3809 2104 3862 quo

534 3896 853 3953 Bianchinus
905 3891 1218 3946 Veronense
1267 3886 1756 3942 Sacratnentarinzn
1811 3884 2100 3952 evulgavit.

534 3989 734 4056 Nempe
761 3983 1026 4040 Merenda:
1054 3981 1332 4052 responsio
1356 3980 1459 4034 huc
1489 3979 1628 4032 redit
1647 3978 1879 4045 denique
1913 3993 1926 4028 :
1964 3975 2104 4029 Lan-

536 4078 763 4129 rentium
810 4089 915 4127 non
961 4072 1138 4125 minus
1187 4070 1356 4139 patria
1419 4068 1722 4122 Romanum
1772 4080 1891 4120 esse
1941 4078 2102 4132 quam

537 4167 811 4228 Damasus,
838 4177 1011 4231 eoque
1041 4177 1198 4216 sensu
1227 4160 1293 4213 ab
1323 4159 1576 4214 Actorum
1609 4155 1869 4226 scriptore
1909 4166 2108 4210 utrum-

538 4273 639 4330 que
667 4253 944 4324 conjungi,
978 4262 1140 4322 atque
1169 4253 1307 4306 inter
1333 4267 1395 4306 se
1425 4251 1790 4319 compatriotas
1826 4247 2104 4319 appellari.

609 4345 801 4401 Verum
850 4347 964 4400 hcce
1012 4351 1070 4396 ut
1108 4351 1169 4397 ut
1215 4341 1387 4395 allata:
1415 4355 1444 4394 a
1476 4339 1725 4393 Merenda
1776 4337 2109 4392 auctoritatis

537 4439 640 4493 vim
670 4437 887 4493 eludere
925 4436 1127 4489 interea
1157 4446 1314 4502 posse
1339 4431 1650 4494 videantur,
1685 4429 1750 4482 iis
1780 4436 1958 4480 tamen
1987 4442 2107 4495 quae

2205 543 2299 583 c:.r
2327 529 2394 584 de
2424 531 2487 585 iis
2515 545 2632 598 que
2663 531 2820 600 paulo
2847 541 2971 587 ante
2999 533 3052 586 in
3080 534 3280 588 eisdem
3325 536 3475 590 Actis
3504 537 3775 604 leguntur,

2205 619 2465 687 queisque
2536 619 2793 676 Damasus
2844 623 3189 678 disertissime
3246 623 3514 694 Hispanus
3565 627 3779 694 dicitur,

2205 707 2370 762 altqu
2397 709 2600 764 interea
2628 709 2818 764 sileat?
2842 711 2973 765 Rem
3005 715 3236 768 narrabo
3265 715 3472 770 ordine.

2275 828 2608 898 Exposuerat
2651 830 2902 885 Actorum
2952 832 3184 903 scriptor
3243 837 3509 904 pnecipua
3564 837 3780 894 Damasi

2205 929 2392 985 gesta,
2447 919 2747 990 horumque
2794 924 3082 978 occasione
3129 926 3456 980 mentionem
3507 927 3780 987 Laurentii

2206 1009 2462 1075 injecerat
2485 1051 2498 1075 ,
2528 1027 2647 1065 (ιιι-ιι
2676 1013 2903 1068 subinde
2931 1015 3143 1070 Damasi
3174 1021 3569 1086 compatriotam
3599 1025 3782 1093 appel-

2207 1099 2322 1155 lans
2345 1101 2440 1170 (f).
2475 1100 2593 1155 Mox
2617 1103 2717 1157 sub
2739 1103 2994 1160 Actorum
3025 1107 3181 1161 linem
3209 1112 3510 1166 recentiore
3542 1113 3784 1171 fortassis

2207 1203 2388 1253 manu,
2420 1193 2560 1261 stylo
2581 1192 2768 1247 saltem
2798 1195 3040 1249 nonnihil
3065 1199 3327 1264 variante,
3358 1201 3537 1256 denuo
3570 1206 3784 1261 videtur

2209 1280 2442 1348 ipsorum
2469 1282 2672 1338 Auctor
2699 1287 2952 1351 exordiri,
2975 1289 3237 1343 subdens:
3259 1291 3384 1346 Fuit
3405 1304 3578 1348 autem
3604 1296 3778 1351 beatus

2208 1370 2466 1429 Damasus
2515 1377 2721 1430 natione
2762 1377 3031 1448 Hispanus
3070 1381 3166 1452 ig).
3218 1380 3498 1440 Postremo
3549 1387 3783 1457 denique

2209 1467 2444 1521 omnium
2473 1469 2591 1522 loco
2649 1468 2992 1525 Laurentium
3020 1471 3410 1544 Damasumque
3455 1494 3560 1531 una
3589 1481 3784 1546 genitos

2210 1555 2284 1607 ait
2308 1558 2477 1624 patria
2501 1559 2599 1627 (It).
2625 1559 2747 1613 Tria
2771 1560 2885 1615 tunc
2908 1560 3147 1629 profecto
3167 1563 3486 1635 diversaque
3511 1577 3782 1622 commata

2211 1661 2278 1700 cu
2300 1663 2329 1698 η
2359 1649 2466 1702 sint
2487 1690 2502 1713 ,
2539 1659 2694 1704 ternu
2716 1668 2746 1704 n
2779 1661 2989 1706 tantum
3019 1652 3270 1710 Merenda
3300 1657 3510 1711 videtur
3535 1659 3782 1712 animad-

2212 1736 2470 1800 vertisse;
2501 1739 2687 1794 saltem
2717 1757 2880 1795 unum
2919 1743 3046 1796 illud
3075 1744 3177 1797 sibi
3205 1744 3391 1813 objicit
3417 1745 3562 1800 binis
3592 1749 3786 1817 priori-

2207 1824 2322 1890 bu=,
2353 1842 2468 1896 qum
2490 1837 2636 1883 certe
2663 1831 2882 1899 majoris
2911 1841 3036 1886 sunt
3061 1834 3270 1888 roboris
3298 1877 3314 1901 ,
3341 1837 3568 1892 omnino
3589 1837 3785 1892 insalu-

2209 1915 2350 1968 tatis.
2406 1915 2572 1985 Atqui
2601 1934 2705 1973 non
2749 1936 2853 1972 una
2883 1930 3087 1976 tantum
3138 1923 3294 1992 geniti
3337 1928 3510 1994 patria
3534 1927 3786 1991 dicuntur

2208 2001 2258 2059 in
2285 2005 2432 2060 Actis
2460 2006 2716 2062 Damasus
2743 2018 2798 2063 et
2819 2010 3166 2077 Laurentius,
3199 2013 3293 2067 sed
3323 2015 3470 2082 prior
3494 2016 3586 2069 ille
3611 2017 3784 2071 diser-

2211 2095 2412 2150 tissime
2465 2095 2729 2166 llispanus
2782 2101 3098 2169 appellatur.
3152 2102 3232 2156 Au
3259 2118 3389 2157 vero
3417 2104 3463 2157 si
3494 2115 3782 2176 utrumque

2211 2184 2460 2252 expedite
2512 2184 2810 2240 Romanum
2861 2187 3113 2244 Merenda
3149 2191 3382 2262 digerit,
3427 2192 3688 2250 Actorum
3717 2211 3780 2253 ea

2215 2276 2426 2330 ratione
2453 2278 2629 2332 verbis
2653 2294 2868 2348 quoquo
2895 2282 3056 2336 modo
3082 2283 3410 2338 satisfactum
3441 2289 3636 2355 putet?
3664 2287 3784 2343 ﬂare

2211 2383 2308 2422 nos
2343 2377 2542 2430 tamen,
2570 2369 2711 2438 quod
2746 2370 2922 2425 denuo
2949 2373 3050 2427 sub
3076 2385 3300 2428 examen
3329 2376 3638 2429 revocanda
3663 2386 3784 2431 sunt

2209 2473 2328 2512 cum
2358 2459 2424 2513 de
2459 2459 2728 2514 Laurentii
2775 2463 2948 2530 patria
2996 2477 3174 2518 sermo
3201 2465 3344 2528 erit,
3375 2465 3538 2519 missa
3571 2467 3778 2521 interea.

2209 2548 2457 2616 facimus,
2486 2557 2838 2619 veterumque
2860 2566 2959 2621 pro
2983 2561 3167 2608 nostra
3187 2555 3452 2609 sententia
3481 2556 3780 2610 testimonia

2209 2641 2506 2710 legentibus
2534 2643 2864 2699 exhibemus.

2281 2759 2514 2815 Primum
2564 2772 2740 2816 autem
2789 2764 3028 2818 omnium
3078 2764 3381 2834 catalogum
3445 2781 3776 2821 summorum

2209 2852 2517 2922 pontificum
2547 2855 2643 2907 sub
2671 2853 2847 2908 Felice
2874 2854 2939 2908 IV
2971 2857 3332 2926 conscriptum
3357 2897 3372 2921 ,
3405 2872 3606 2911 annmn
3631 2859 3780 2912 circi-

2211 2954 2293 2995 ter
2340 2941 2535 2996 Christi
2565 2942 2669 2996 5'50
2723 2943 2882 3010 cujus
2911 2952 3185 2998 auctorem
3215 2983 3231 3008 ,
3263 2945 3388 2999 licet
3411 2961 3734 3017 anonymum
3763 2987 3778 3010 ,

2209 3032 2642 3102 chartophy'acio
2673 3042 2849 3088 tamen
2881 3035 3178 3104 apostolico
3209 3037 3558 3104 praepositum
3591 3035 3780 3102 fuisse,

2210 3128 2398 3181 saltem
2428 3128 2615 3180 eodem
2646 3144 2800 3182 usum
2829 3129 2896 3182 ad
2926 3129 3210 3183 texendam
3250 3129 3620 3184 Romanorum
3651 3147 3779 3200 pon-

2212 3216 2407 3272 tiﬁcum
2451 3231 2736 3286 rerumque
2765 3218 2834 3271 ab
2862 3218 2990 3287 ipsis
3013 3227 3284 3286 gestarum
3310 3219 3506 3274 seriem
3539 3261 3553 3284 ,
3609 3235 3777 3290 exque

2207 3325 2272 3364 ea
2329 3324 2470 3378 penu
2519 3308 2728 3361 sincera
2772 3319 2826 3362 et
2864 3308 3082 3362 minime
3125 3316 3380 3378 corrupta
3433 3320 3777 3365 monumenta

2204 3408 2527 3464 mutuatum,
2556 3399 2775 3452 inferius
2800 3399 3162 3455 ostendemus.
3189 3401 3235 3454 Is
3261 3409 3442 3454 autem
3473 3403 3778 3471 catalogus,

2204 3492 2494 3547 secundum
2521 3493 2809 3546 editionem
2843 3489 3058 3546 Patrum
3089 3491 3406 3546 Henschenii
3433 3500 3488 3546 et
3510 3492 3778 3561 Papebro-

2205 3582 2312 3636 chii
2337 3624 2350 3647 ,
2381 3581 2772 3652 prolegomeuis
2803 3581 2933 3635 tomi
2963 3580 2982 3634 l
3031 3581 3226 3649 Aprilis
3252 3581 3507 3634 insertam
3532 3620 3547 3644 ,
3579 3582 3648 3636 de
3675 3581 3778 3635 Ba-

2204 3687 2354 3726 maso
2383 3673 2637 3740 loquens:
2671 3671 2958 3736 Damasus,
2993 3671 3193 3735 habet,
3224 3673 3433 3725 natione
3473 3670 3744 3743 Hispanus
3765 3713 3782 3738 ,

2203 3780 2269 3816 ea:
2296 3773 2441 3832 patre
2464 3765 2703 3828 Antonio,
2733 3762 2863 3816 sedit
2886 3778 3050 3816 annos
3095 3777 3219 3828 xvu,
3250 3777 3449 3815 nienses
3477 3779 3534 3824 ll,
3567 3764 3678 3816 dies
3708 3777 3780 3817 ιι.

2205 3857 2464 3924 Quoniam
2523 3872 2650 3910 vero
2675 3894 2690 3918 ,
2727 3865 2785 3910 ut
2813 3869 2985 3924 nuper
3011 3854 3240 3908 diximus
3268 3894 3285 3920 ,
3335 3868 3442 3908 non
3475 3855 3658 3922 magni
3707 3853 3784 3907 fa-

2206 3949 2448 4002 ciendam
2479 3947 2636 4016 hujus
2657 3945 2867 4000 Conlicis
2888 3945 3260 4000 auctoritatem
3287 3944 3639 3999 Teiribiliuus
3657 3960 3784 3999 cen-

2205 4039 2329 4102 suit,
2353 4051 2472 4091 eam
2503 4045 2784 4106 propterea
2814 4035 3092 4106 multiplici
3118 4036 3222 4089 alia
3245 4037 3478 4103 ratione,
3510 4045 3784 4090 veterum-

2205 4146 2310 4198 que
2362 4130 2686 4198 scriptorum
2717 4129 3022 4183 testimonio
3069 4127 3393 4182 fulciendim
3443 4123 3610 4196 atque
3638 4127 3785 4198 adju-

2204 4221 2430 4275 vandam
2461 4235 2587 4274 mox
2609 4221 2932 4274 curabimus.

2276 4338 2520 4394 Secundo
2550 4339 2669 4393 loco
2694 4339 3005 4394 exhibemus
3026 4337 3444 4394 vetustissimum
3474 4335 3782 4406 pontiﬁcum

2205 4428 2507 4497 catafogum
2563 4428 2652 4498 qui
2704 4429 2834 4482 olim
2883 4427 2950 4481 ad
3000 4428 3210 4483 comitis
3257 4425 3488 4480 Palatini
3543 4425 3786 4480 Bhenani

537 4530 776 4601 proxime
803 4527 856 4581 in
880 4525 1026 4580 Actis
1053 4531 1433 4594 przecesserant
1459 4519 1678 4574 minime
1709 4517 2101 4573 accommodari
2137 4521 2186 4582 ο
2211 4517 2583 4572 bibliothecam
2607 4518 2882 4587 pertinuit,
2907 4526 2962 4571 et
2985 4517 3052 4571 ab
3076 4532 3138 4571 ea
3158 4518 3210 4571 in
3237 4517 3530 4587 principem
3551 4516 3784 4570 omnium

537 4621 733 4675 valent.
789 4617 971 4687 Neque
1011 4616 1140 4672 satis
1167 4613 1350 4669 mirari
1390 4627 1608 4682 possum
1636 4653 1651 4678 ,
1706 4625 1827 4664 curn
1869 4615 2110 4662 extrema

538 4711 792 4769 Actorum
842 4705 1005 4764 verba
1033 4706 1137 4764 sibi
1184 4704 1435 4760 Merenda
1486 4701 1788 4772 objecerit,
1839 4701 1891 4754 in
1920 4698 2112 4768 quibus

611 4907 686 4975 (α)
727 4903 913 4959 Romze
934 4944 948 4967 ,
981 4901 1116 4956 1658
1141 4917 1215 4975 ,‘a
1245 4914 1362 4972 pag.
1395 4899 1482 4954 40.
1515 4956 1518 4957 ν

615 4972 690 5046 (b)
727 4977 856 5045 Cap.
882 4975 932 5046 i,
966 4989 1115 5027 nunt.

614 5042 686 5114 (ε)
721 5042 852 5114 Cap.
879 5045 944 5110 1,
975 5059 1116 5097 nutu.
1150 5042 1200 5114 ‘lﬁ.

615 5105 693 5185 (cf)
731 5105 977 5185 Ydlgavit
1012 5128 1136 5185 eum
1170 5111 1704 5185 lihellum‘envetere
1732 5107 1986 5185 ampliss;
2001 5105 2111 5162 Ve-

545 5176 786 5239 ronensis
823 5176 1071 5238 Ecclesia:
1119 5181 1334 5246 Capituli
1391 5179 1589 5232 Codice
1617 5177 1699 5231 cl.
1730 5176 1925 5246 Joseph
1953 5177 2111 5230 Blan-

545 5255 773 5320 chinus,
829 5265 1087 5319 congreg.
1144 5245 1373 5315 omnia
1419 5248 1645 5303 Romani
1677 5245 1993 5320 presbyter,
2056 5249 2108 5320 in

585 5317 1189 5391 rolegbmenis'opernm
1219 5321 1510 5391 liturgieor.
1544 5334 1666 5372 ven.
1699 5319 1826 5372 card
1844 5317 2112 5391 .Josephi

585 5338 940 5391 rutegbmenls
968 5338 1189 5389 operum
1221 5338 1510 5387 Illill‘glCOl‘.
1544 5338 1666 5372 V8“.
1699 5338 1826 5372 caru
1849 5360 1860 5370 .
1891 5338 2110 5386 JUSCPIII

547 5338 725 5447 Klarize
747 5391 1038 5452 'l'homasii,
1071 5390 1274 5455 Ronan,
1305 5389 1460 5452 ΠΜ,
1491 5403 1647 5456 quem
1677 5389 1988 5459 etcopiosis
2017 5403 2110 5441 an-

547 5462 907 5517 notationibus
937 5462 1120 5524 anxit;
1162 5464 1213 5514 in
1243 5476 1465 5528 quarum
1496 5460 1664 5512 altera
1691 5457 1792 5511 106
1813 5457 1840 5522 ,’
1861 5458 2107 5522 scilicet,

587 5545 669 5600 ag.
699 5531 820 5596 292,
856 5532 960 5583 late
991 5532 1058 5583 de
1101 5527 1275 5584 sancti
1329 5530 1478 5582 Laur.
1503 5528 1595 5581 ηιίι
1652 5529 1827 5596 patria
1855 5527 2108 5591 disserit,

551 5549 846 5653 “Otttﬂlllllll
872 5615 992 5653 eum
1021 5600 1137 5652 sine
1162 5599 1522 5653 controversia
1549 5597 1767 5653 laciens.
1791 5611 2108 5653 causamque

573 5597 846 5655 lonianum
872 5615 992 5654 eum
1021 5600 1137 5652 sine
1162 5599 1522 5654 controversia
1549 5597 1767 5662 laciens,
1791 5611 2113 5666 causamque

552 5687 646 5743 pro
673 5669 933 5743 Romanis
957 5669 1150 5743 dictam
1179 5669 1549 5743 pronuntians.
1721 5736 1752 5743 __
1779 5735 1810 5743 η
2011 5707 2018 5711 .

623 5739 762 5810 (ἠδ
793 5739 852 5803 5,
884 5739 951 5794 de
981 5737 1190 5791 Damasi
1219 5737 1500 5810 operibus,
1534 5750 1654 5804 qua:
1683 5735 1812 5810 nihil
1843 5749 1963 5810 meo
1989 5737 2112 5810 qui:-

552 5805 681 5864 dein'
697 5805 897 5880 judicio
925 5821 1209 5864 commune
1229 5805 1428 5861 habent
1454 5820 1573 5860 cum
1601 5807 1772 5875 patria
1791 5805 2110 5862 sanctissimi

2213 4609 2521 4663 Vaticauam
2568 4608 2815 4677 migravit
2872 4609 2990 4671 (ceu
3037 4607 3472 4673 nobisejusdem
3519 4605 3784 4675 quondam

2211 4698 2510 4771 pnefectus,
2550 4701 2747 4770 quique
2793 4698 2942 4753 illum
2991 4698 3137 4767 prior
3184 4697 3552 4766 evulgaverat,
3597 4695 3782 4751 Schel-

2211 4897 2402 4952 levitae.
2435 4896 2556 4950 Viri.
2591 4895 2658 4950 ibi
2684 4894 2952 4960 Merend.,
2985 4907 3104 4963 pag.
3139 4891 3260 4945 146.

2283 4968 2359 5037 (Ῑ)
2402 4965 2636 5031 Quodam
2665 4981 2880 5037 namque
2911 4960 3134 5037 tempore
3155 4979 3272 5016 cum
3310 4961 3603 5015 dirutorum
3627 4960 3779 5037 eccle-

2210 5029 2813 5090 siarum'restaurationi
2862 5029 3038 5088 beatus
3087 5033 3347 5086 Damasus
3391 5047 3602 5098 operum
3641 5029 3782 5082 daret

2213 5108 2414 5178 [tortum
2459 5107 2726 5178 quemdam
2769 5145 2782 5158 .
2825 5144 2839 5159 .
2883 5142 2896 5156 .
2939 5104 3002 5178 ab
3055 5107 3363 5178 imperatore
3425 5100 3782 5178 Valentinimo

2211 5177 2422 5230 Juniore
2469 5167 2564 5229 Sibi
2611 5175 2724 5228 dari
2765 5174 3033 5244 peposcit,
3080 5167 3136 5226 in
3161 5188 3272 5244 quo
3316 5167 3781 5244 compatriutresui

2212 5247 2352 5301 head
2407 5245 2675 5299 Laurentii
2705 5239 2952 5314 mitriyris
2980 5239 3262 5314 ecclesiam
3308 5239 3595 5314 fabricaret
3633 5239 3782 5314 (Acta

2212 5317 2426 5371 Damasi
2457 5333 2521 5369 ea:
2546 5314 2671 5369 Cod.
2697 5331 2794 5369 ms.
2825 5309 3041 5367 drchivii
3070 5313 3365 5368 canonica'r.
3398 5309 3461 5364 S.
3499 5309 3666 5376 Petri,
3696 5323 3778 5378 ap.

2214 5387 2581 5447 Sarazanium,
2615 5402 2736 5456 pag.
2769 5385 2882 5454 47).

2284 5457 2359 5527 (g)
2400 5457 2453 5528 l_n
2484 5447 2884 5528 eisdévartis,
2908 5469 2994 5528 ap.
3025 5451 3276 5528 Saraaan.
3300 5493 3314 5517 ,
3342 5463 3464 5528 pag.
3497 5447 3588 5528 60:

2282 5521 2360 5594 (Ϊι)
2403 5525 2527 5580 "rec
2556 5538 2723 5580 autem
2750 5525 2997 5578 miracula
3045 5524 3134 5576 alii
3163 5522 3306 5574 beato
3341 5521 3620 5594 Laurentio
3649 5531 3780 5569 mar-

2211 5589 2328 5667 tyri,
2345 5589 2445 5650 alii
2468 5596 2613 5650 beato
2643 5597 2869 5667 Dantaso
2896 5595 3142 5664 deputant
3166 5589 3480 5660 confessori;
3503 5603 3596 5640 nos
3622 5597 3782 5638 tamen

2211 5666 2264 5720 in
2289 5667 2549 5720 miraculis
2579 5684 2678 5721 non
2711 5666 2981 5719 dividimus
3022 5677 3155 5724 quos
3185 5673 3505 5726 ωιλβεκυιτ
3557 5671 3742 5710 ινλτιιιιι
3767 5691 3776 5698 σ

2210 5751 2314 5788 una
2335 5739 2582 5805 promovit
2607 5736 2859 5792 Ecclesia.
2880 5733 2971 5804 (In
2993 5733 3183 5787 eisdem
3207 5732 3364 5796 Actis,
3387 5745 3478 5798 op.
3503 5726 3758 5781 Saraxan.

2210 5823 2331 5878 pag.
2363 5806 2477 5876 6‘2).
