4014 6368
166 381 278 440 δη

1104 369 1549 428 DlSSERTATlO
1590 369 1676 423 DE
1717 367 1998 424 DAMASO
2040 368 2126 423 ET
2171 365 2583 424 LAURENTIO.

3360 369 3466 425 52‘2

170 494 399 554 stratius
446 489 524 559 (a)
570 491 823 542 testatum
872 485 1094 556 reliquit
1131 485 1151 554 )
1198 483 1613 552 inscribiturque
1666 481 1772 535 hoc
1800 484 1849 539 Α
1876 482 2093 550 reginae,
2124 479 2433 535 monasterii
2462 477 2815 542 Cassinensis,
2840 479 3014 533 sancti
3038 477 3203 533 Marci
3234 479 3461 546 Veneta,

170 590 336 646 .itulo
368 606 380 639 :
414 583 787 654 Ερὶεεορονιιηι
839 571 1095 639 Romana:
1136 578 1275 633 urbis
1321 578 1552 631 nomina.
1598 576 1655 630 lu
1704 590 1771 629 eo

167 691 362 737 autem
400 675 619 739 Codice,
649 670 742 738 qui
780 682 893 744 quo
936 673 1049 727 lucc
1078 670 1358 725 scribimus
1388 684 1530 722 anno
1561 665 1773 720 Domini

169 768 324 823 1755
353 770 651 831 nongentos
677 758 895 819 circiter
916 762 1129 829 triginta
1155 775 1327 813 annos
1357 759 1545 812 ordine
1583 770 1775 810 nume-

171 870 284 924 rat,
316 858 398 913 uti
440 870 541 909 suo
573 853 694 912 loco
737 854 1247 914 demonstrabimus,
1296 851 1410 905 haec
1450 849 1519 903 de
1550 849 1777 902 Damaso

171 950 454 1005 habentur
478 962 492 996 ε
512 942 775 999 Damasus
796 945 1003 997 natione
1026 943 1257 1010 Spanus,
1282 957 1347 994 ea:
1364 950 1510 1010 patre
1529 938 1777 1001 Antonio,

175 1039 315 1093 sedit
348 1051 512 1092 annos
539 1052 687 1097 xvm,
724 1049 922 1087 menses
945 1049 1020 1099 ill,
1046 1032 1155 1085 dies
1184 1047 1257 1085 ιι.

252 1128 450 1185 Tertio
476 1143 506 1181 a
538 1126 692 1181 nobis
737 1125 858 1179 loco
887 1122 1238 1191 exponendns
1281 1128 1359 1174 est
1393 1118 1783 1173 vetustissimus

178 1218 327 1275 alius
348 1217 535 1271 Codex
563 1213 847 1282 inscriptus
880 1230 892 1264 :
931 1212 1064 1265 Vita:
1112 1210 1460 1263 Romanorum
1485 1205 1784 1275 pontiﬁcum

179 1325 214 1361 α
263 1307 420 1360 beato
467 1304 627 1357 Petro
668 1301 901 1371 apostolo
924 1300 992 1353 ad
1038 1309 1273 1353 sanctum
1333 1297 1556 1350 Paulum
1605 1294 1630 1347 I
1670 1310 1788 1363 per-

182 1398 401 1457 ductet.
455 1409 616 1463 quem
679 1408 744 1447 ex
803 1391 1117 1460 amplissimi
1171 1388 1495 1444 Veronensis
1548 1384 1788 1440 ecclesiae

182 1486 417 1555 capituli
474 1483 918 1554 chartophylacio
968 1482 1172 1550 primus
1228 1480 1470 1534 omnium
1520 1475 1790 1545 evulgavit

185 1575 397 1646 Joseph
446 1574 767 1629 Blanchinus
796 1572 1063 1626 Francisci
1106 1586 1170 1625 ex
1214 1570 1377 1625 fratre
1407 1584 1575 1638 nepos
1606 1569 1789 1637 (quem

185 1665 399 1721 idcirco
425 1663 702 1719 Juniorem
728 1662 780 1716 in
810 1676 1065 1731 processu
1091 1661 1270 1730 operis
1305 1659 1714 1730 appellabimu~)
1737 1666 1793 1711 et

185 1755 377 1826 quarti
419 1753 689 1808 Anastasii
735 1752 866 1806 tomi
917 1751 1313 1819 prolegomenis
1343 1749 1564 1808 inseruit
1594 1748 1690 1819 (ὁ).
1740 1747 1792 1802 Is

1879 569 2262 636 Laurentiana,
2295 580 2350 624 et
2372 569 2493 623 aliis
2510 584 2610 639 per
2636 567 2839 623 Italiam
2864 567 3250 634 celeberrimis,
3284 568 3467 624 bodie-

1879 663 2003 716 dum
2055 668 2344 731 supersunt
2390 660 2507 730 ejus
2562 661 2887 729 exemplaria
2929 662 3150 717 mavelis
3196 661 3466 728 evolvere,

1880 773 2172 812 consonam
2224 758 2383 827 plane
2435 758 2502 811 de
2567 756 2796 810 Damaso
2844 757 3163 810 sententiam
3230 756 3471 826 reperias

1882 848 2118 915 ipsisque
2171 848 2255 901 his
2300 846 2476 901 verbis
2526 856 2843 916 conceptam
2897 865 2911 899 ;
2960 847 3215 900 Damasus
3262 847 3471 903 natione

1886 937 2170 1005 Hispanus,
2209 954 2273 991 ex
2296 947 2442 1007 patre
2472 937 2719 992 Antonio.

1956 1028 2174 1081 Possem
2196 1028 2438 1095 equidem
2472 1027 2571 1079 alia
2604 1026 2670 1080 de
2692 1026 2883 1079 eodem
2912 1034 3229 1094 argumento
3249 1025 3474 1095 scripto-

1885 1135 2003 1174 rum
2039 1117 2341 1171 testimonia
2372 1116 2658 1178 add=:cerc,
2689 1115 2784 1170 sed
2825 1115 2936 1169 otio
2985 1115 3308 1184 parcendum
3353 1129 3477 1183 gra-

1890 1222 2048 1280 taque
2102 1212 2278 1279 potius
2330 1209 2569 1262 novitate
2625 1208 2938 1262 morandum
2999 1208 3258 1261 lectorem
3313 1216 3469 1275 puto.

1889 1300 2062 1355 Unum
2096 1300 2151 1353 id
2200 1307 2376 1351 tamen
2417 1296 2560 1366 quod
2592 1297 2800 1350 Damasi
2830 1296 3033 1366 pridem
3063 1296 3242 1350 Vitam
3286 1311 3314 1349 a
3344 1311 3478 1365 quo-

1887 1396 2009 1450 dam
2040 1393 2334 1448 Benedicto
2378 1391 2694 1461 presbytero
2723 1390 3104 1459 conscriptam,
3146 1397 3200 1442 et
3239 1404 3268 1441 a
3315 1388 3479 1442 Sara-

1899 1487 2055 1541 zanio
2086 1486 2147 1555 (i)
2180 1484 2329 1553 operi
2358 1497 2457 1538 suo
2487 1474 2778 1550 praiﬁxam,
2827 1495 2892 1534 ex
2918 1490 3104 1535 vetere
3150 1495 3252 1533 ms.
3282 1478 3482 1533 Codice

1890 1580 2099 1634 abbatis
2127 1575 2468 1632 Constantini
2509 1573 2774 1642 Cajetani,
2811 1573 3008 1641 legenti
3039 1572 3170 1627 mihi
3199 1587 3481 1626 succurre-

1890 1670 2001 1731 bat,
2030 1669 2225 1723 tacitus
2271 1666 2546 1736 praeterire
2572 1679 2802 1734 nequeo.
2843 1666 3149 1719 Conversus
3190 1663 3256 1717 ad
3290 1663 3483 1716 Dama-

1892 1777 2009 1815 sum
2061 1761 2179 1829 pius
2223 1758 2312 1813 ille
2353 1758 2605 1827 scriptor,
2636 1759 2736 1811 sub
2780 1756 2939 1811 ﬁnem
2967 1757 3083 1828 ejus
3109 1757 3266 1824 Vitae,
3312 1756 3484 1811 sancti

190 1854 382 1901 autem
410 1846 479 1901 de
504 1845 734 1899 Damaso
763 1844 979 1912 penitus
1006 1858 1241 1897 consona
1274 1842 1543 1912 prioribus
1575 1841 1783 1896 ϐυιιίεί-
1823 1867 1866 1926 Β
1896 1851 2161 1922 pontilicis
2214 1865 2371 1919 opem
2441 1848 2690 1918 implorat
2750 1849 3000 1903 universo
3052 1850 3283 1917 primum
3342 1847 3485 1902 ﬁdeli

190 1936 298 1993 bus
347 1936 528 1990 habet.
572 1934 850 2000 Damasus,
903 1934 1094 2002 inquit,
1151 1936 1359 1989 natione
1400 1934 1689 2004 Hispanus,
1728 1950 1794 1988 ea:

196 2037 351 2099 patre
380 2027 627 2092 Antonio,
659 2027 790 2081 sedit
834 2041 1000 2081 annos
1048 2042 1194 2092 xvul,
1225 2043 1420 2079 menses
1463 2042 1536 2091 Ill,
1579 2027 1688 2080 dies
1719 2042 1792 2080 xi.

195 2122 416 2188 Quanta
448 2136 576 2176 vero
620 2122 692 2177 sit
730 2120 893 2189 hujus
918 2118 1136 2175 Codicis
1161 2123 1455 2175 auctoritas
1496 2120 1653 2175 docet
1698 2137 1797 2175 nos

196 2213 397 2270 Juuior
424 2214 539 2283 ipse
569 2212 914 2276 Blanchinus,
959 2212 1153 2280 dignus
1192 2211 1433 2281 profecto
1463 2227 1677 2280 censor,
1707 2214 1797 2281 qui

197 2321 309 2361 non
359 2306 528 2359 semel
576 2320 700 2360 eum
750 2306 1236 2375 priestantissimum
1288 2305 1553 2374 appellat;
1601 2307 1799 2374 quigue

198 2398 383 2468 ipsum
409 2398 763 2453 celeberrimo
786 2398 1082 2452 Veronensi
1099 2399 1555 2463 Sacramentario,
1584 2402 1800 2467 integra:

199 2485 417 2541 scilicet
447 2486 692 2541 cbiliadis
717 2485 924 2554 Codici,
964 2488 1303 2541 committere
1350 2489 1478 2542 nihil
1505 2489 1796 2555 dubitavit;

201 2574 314 2630 imo
359 2591 492 2630 vero
534 2591 656 2629 cum
707 2576 1197 2631 Sacramentarium
1230 2578 1361 2632 illud
1409 2580 1691 2643 secundas,
1745 2588 1804 2634 ut

203 2670 380 2733 aiunt,
399 2668 452 2723 in
478 2669 874 2739 prolegomenis
897 2669 1079 2734 ducat,
1112 2672 1363 2740 princeps
1391 2673 1629 2725 ninnium
1659 2673 1709 2726 ei
1738 2672 1805 2727 de

202 2773 314 2829 quo
348 2760 625 2829 loquimur
654 2758 839 2814 Codici
869 2759 1025 2814 locus
1054 2760 1250 2814 ibidem
1277 2760 1567 2814 attributus
1594 2771 1695 2815 est.

274 2869 545 2939 Superest
582 2870 739 2926 nobis
779 2872 1156 2940 exponendum
1199 2872 1466 2926 Anastasii
1512 2872 1806 2928 Bibliothe—

207 2962 345 3018 carii
394 2962 757 3016 testimonium
797 2977 828 3017 e
871 2963 1007 3017 libro
1061 2962 1347 3018 Gestorum
1392 2964 1804 3032 pontiﬁcalium,

208 3057 299 3127 qui
354 3056 474 3110 aliis
528 3055 686 3109 Gesta
734 3055 1088 3111 Romanorum
1138 3059 1482 3127 pontiﬁcum,
1532 3072 1626 3111 seu
1680 3056 1810 3110 liber

209 3145 576 3215 pontiﬁcalis,
621 3145 959 3213 inscribitur;
1028 3147 1094 3201 de
1145 3147 1301 3215 (cujus
1355 3157 1534 3201 tamen
1585 3156 1807 3202 auctore

1894 1941 2114 2011 populo,
2162 1939 2225 1994 iis
2278 1939 2547 2009 prmcipue
2600 1938 2692 2007 qui
2742 1937 2939 1993 devote
2989 1947 3153 2008 atque
3197 1953 3264 1991 ex
3309 1938 3486 1991 animo

1896 2031 2062 2101 ipsius
2089 2030 2268 2085 natale
2293 2030 2704 2084 celebraverint.
2741 2028 2914 2083 Verba
2940 2028 3053 2083 hinc
3084 2036 3209 2082 sunt
3243 2047 3254 2079 :
3290 2028 3485 2081 Sancte

1895 2124 2067 2193 itaque
2099 2121 2342 2185 Damase,
2386 2136 2624 2174 succurre
2666 2136 2726 2172 uc
2756 2121 2999 2172 miserere
3024 2120 3164 2173 omni
3207 2119 3417 2187 populo,
3446 2120 3488 2173 si

1898 2214 2011 2283 quis
2035 2213 2229 2274 devote,
2255 2228 2315 2264 ac
2338 2212 2614 2277 desiderio,
2648 2227 2709 2264 ac
2738 2220 2844 2264 toto
2870 2210 3040 2263 cordis
3062 2210 3248 2279 u/fectu
3272 2208 3491 2263 celebrat

1902 2311 2043 2357 tamn
2095 2305 2291 2356 natale.
2365 2301 2546 2370 Pergit
2591 2300 2819 2356 subinde
2866 2300 3079 2354 Damasi
3136 2300 3492 2370 patrocinium

1904 2396 2103 2466 pOpulo
2136 2395 2377 2450 Romano
2409 2395 2460 2448 in
2504 2395 2647 2449 hunc
2677 2394 2895 2449 modum
2925 2410 3224 2464 exposcens
3257 2411 3270 2447 :
3302 2393 3495 2448 Sancte

1904 2486 2150 2547 Damase,
2186 2489 2258 2539 sis
2288 2486 2592 2539 intercessor
2620 2485 2781 2548 illius,
2824 2484 3032 2554 adjutor
3059 2493 3107 2536 ct
3135 2484 3376 2554 defensor
3402 2500 3493 2554 po-

1904 2578 2009 2648 puli
2070 2577 2330 2643 Romani,
2359 2578 2444 2630 ubi
2490 2579 2821 2648 pontiﬁcatus
2864 2578 3109 2631 honorem
3150 2576 3337 2629 habere
3385 2593 3494 2630 me-

1906 2670 2079 2723 ruisti.

1978 2759 2255 2825 Aistimet,
2287 2776 2491 2829 qua'so,
2517 2762 2755 2831 prudens
2779 2761 2965 2826 lector,
2997 2777 3156 2829 quam
3189 2779 3294 2816 non
3318 2762 3497 2818 siluis-

1909 2861 1993 2907 set
2018 2853 2230 2906 Damasi
2272 2852 2408 2907 Vitze
2437 2854 2669 2923 scriptor
2714 2854 2830 2921 ejus
2883 2854 3132 2922 patriam,
3189 2854 3233 2908 si
3283 2869 3408 2907 vere
3435 2868 3497 2908 ea

1912 2941 2081 2995 Roma
2112 2951 2274 3007 esset,
2329 2942 2545 3009 quando
2597 2945 2665 2997 ob
2710 2958 2975 3012 supremae
3021 2943 3217 2997 ibidem
3266 2945 3500 2999 obtenta;

1911 3032 2184 3097 dignitatis
2232 3033 2547 3088 memoriam
2603 3033 2887 3087 Damasum
2939 3036 3189 3089 ﬁdentius
3236 3048 3379 3101 orat,
3430 3051 3499 3090 ne

1912 3122 2118 3177 Scilicet
2148 3137 2243 3177 eos
2280 3123 2491 3177 deserat
2522 3123 2660 3192 apud
2704 3139 2839 3193 quos
2870 3124 3211 3195 pontificatus
3240 3127 3501 3181 honorem

208 3213 454 3290 nonnihil
482 3244 784 3305 prtenotare
809 3245 1042 3305 oportet.
1076 3213 1285 3291 Primus
1309 3238 1550 3290 omnium
1593 3236 1805 3291 Marcus
1835 3213 1882 3276 C
1914 3214 2112 3268 habere
2140 3216 2353 3269 meruit.
2386 3216 2493 3269 Aut
2519 3230 2614 3269 cur
2634 3231 2738 3269 non
2768 3230 3105 3270 communem
3135 3217 3223 3271 ille
3252 3217 3498 3287 patriam,

211 3326 469 3383 Velserus
514 3327 762 3381 triumvir
808 3327 1188 3395 Augustanus,
1254 3329 1345 3398 qui
1398 3340 1517 3396 post
1586 3327 1806 3382 Petrum

208 3413 519 3472 Crabbeum
557 3417 661 3471 hoc
692 3432 829 3485 opus
871 3418 1235 3485 evulgaverat,
1284 3418 1571 3472 Anastasio
1621 3434 1809 3472 mona-

208 3505 338 3573 cho,
372 3508 465 3575 qui
495 3506 654 3574 vulgo
683 3506 1134 3562 Bibliothecarius
1161 3509 1332 3575 audit,
1361 3510 1625 3577 integrum
1655 3510 1812 3562 attri-

209 3596 356 3665 buit,
383 3598 534 3654 nullo
553 3607 732 3653 tamen
762 3599 945 3654 oblato
962 3615 1227 3668 sponsore
1249 3600 1447 3655 idoneo
1477 3603 1570 3671 (c).
1600 3601 1806 3655 Velseri

213 3690 540 3743 sententiam
570 3690 743 3759 primo
773 3688 1060 3744 Pauviuius
1092 3691 1192 3760 (d).
1248 3707 1370 3745 mox
1420 3700 1477 3746 et
1522 3692 1812 3747 cardinalis

216 3778 575 3835 Bellarminus
597 3779 690 3851 (e),
718 3780 916 3849 aliique
946 3782 1237 3850 amplexati
1266 3791 1425 3848 sunt;
1449 3782 1712 3839 Baronius
1734 3783 1809 3855 (Ῑ)

220 3878 422 3935 tamen,
451 3870 589 3927 libro
617 3872 685 3926 ad
716 3873 970 3926 trutinam
992 3874 1333 3928 exactissime
1362 3884 1636 3935 revocato,
1662 3891 1812 3930 com-

217 3964 364 4032 perit
400 3963 739 4019 Anastasium
786 3966 935 4020 nullo
979 3966 1139 4020 modo
1189 3975 1466 4021 auctorem
1498 3968 1601 4022 dici
1631 3982 1808 4038 posse,

217 4054 310 4109 sed
331 4064 541 4110 tantum
570 4057 913 4113 collectorem
937 4056 1322 4128 pontilicalium
1349 4068 1620 4127 gestorum
1647 4075 1814 4127 usque

218 4145 284 4199 ad
339 4144 631 4201 Adrianum
681 4148 744 4215 ll,
795 4149 966 4205 donec
1006 4150 1222 4205 tandem
1277 4150 1656 4207 Schelstratius
1712 4152 1809 4223 (g),

220 4234 533 4293 Holstenius
560 4246 615 4293 et
642 4239 754 4308 alii,
796 4241 1009 4295 invictis
1031 4242 1365 4310 argumentis
1388 4242 1623 4298 docuere
1652 4259 1810 4299 unam

219 4323 426 4381 Nicolai
463 4327 483 4381 l
523 4328 695 4383 Vitam
743 4330 1025 4386 Anastasio
1102 4339 1360 4400 tanquam
1408 4341 1557 4387 certo
1605 4334 1814 4389 auctori

220 4418 441 4473 attribui
485 4434 673 4489 posse,
727 4422 1058 4491 reliquorum
1116 4432 1297 4479 autem
1347 4424 1659 4493 pontiﬁcum
1707 4441 1814 4480 non

224 4510 381 4565 unius
406 4510 630 4582 alicujus
658 4514 933 4585 scriptoris
974 4523 1068 4570 aut
1103 4518 1276 4571 (etatis
1302 4532 1440 4588 opus
1472 4517 1812 4574 testimaiidas

223 4612 367 4654 esse.

287 4688 350 4744 In
376 4690 494 4759 ejus
538 4701 718 4749 autem
761 4693 1089 4751 Pontiﬁcalis
1131 4696 1251 4750 libri
1285 4698 1455 4766 prima
1484 4708 1656 4766 parte,
1688 4713 1809 4766 quae

223 4780 322 4835 sub
368 4781 574 4837 initium
599 4799 694 4839 vut
739 4787 919 4841 saeculi
964 4788 1269 4857 conscripta
1310 4791 1377 4842 ab
1420 4790 1645 4844 eruditis
1691 4806 1811 4845 cre-

226 4869 371 4927 ditur
400 4872 498 4943 (Ιι),
526 4874 783 4945 Vitasque
814 4876 1177 4932 Romanorum
1204 4880 1518 4948 pontiﬁcum
1548 4883 1805 4948 continet,

227 4980 395 5036 u=que
423 4966 490 5020 ad
518 4966 950 5036 Constantinum,
980 4986 1077 5024 seu
1107 4969 1399 5025 Vaticanos
1433 4971 1683 5037 Codices,
1712 4989 1810 5028 seu

226 5056 581 5113 vetustissima
608 5072 730 5126 Qun:
751 5058 805 5111 in
835 5059 1175 5114 bibliothecis
1202 5057 1486 5113 Christinze
1507 5059 1809 5116 Succorum

298 5224 556 5302 (milium.
603 5226 623 5302 ι
666 5227 925 5302 Antiquit.
959 5229 1355 5302 ecclesiasticas,
1388 5232 1438 5286 in
1474 5234 1712 5302 append.
1743 5234 1810 5288 ad

231 5311 365 5370 opus
385 5294 857 5370 Cbrgnologicuni,
891 5316 1035 5354 num.
1061 5300 1148 5364 22,
1174 5315 1294 5370 pag.
1321 5302 1442 5357 (ill.
1470 5294 1609 5356 Eilit.
1645 5302 1803 5358 Rom.

232 5364 471 5444 ltili}:—
492 5364 683 5444 Senior
710 5364 1007 5444 Blandum,
1032 5364 1549 5441 tomfll'Anastasii,
1578 5390 1606 5428 a
1635 5391 1687 5444 p.
1720 5374 1805 5428 14.

301 5435 376 5503 (t2)
406 5437 455 5508 Α
482 5452 603 5508 pag.
637 5437 661 5490 l
687 5447 741 5491 et
767 5439 1043 5508 deinceps.

260 5574 270 5584 .
300 5509 374 5575 (c)
502 5505 1185 5585 Velserus..in‘pn'elat.‘a_d
1217 5510 1323 5585 lib.
1359 5509 1809 5585 Pontiﬁlllogun-

238 5576 319 5648 tia:
347 5576 548 5648 editum
596 5594 722 5631 ann.
758 5576 915 5646 1602,
946 5595 1034 5648 ap.
1074 5578 1499 5647 Sclielstratium,
1534 5576 1803 5640 dissertat.

237 5642 301 5697 de
317 5648 493 5717 antiq.
519 5646 749 5717 Roman.
779 5642 927 5716 pont.
957 5642 1234 5717 catalogis,
1264 5666 1385 5717 cap.
1411 5652 1466 5717 7,
1486 5642 1559 5705 ἠ.
1596 5654 1647 5706 l.

308 5712 384 5794 (ά)
416 5712 472 5771 In
498 5725 613 5771 not.
642 5716 708 5771 ad
737 5712 1017 5788 Platinam,
1048 5720 1099 5774 in
1129 5712 1297 5775 Sicel.
1328 5712 1367 5788 Ι,
1416 5712 1556 5793 apud
1584 5721 1808 5781 Scbeel-

240 5786 501 5841 stratium.
531 5787 658 5841 ibid.

309 5851 383 5922 (e)
410 5852 528 5914 Lib.
554 5854 625 5913 de
646 5855 983 5928 Scriptorib.,
1014 5860 1065 5916 in
1094 5859 1343 5931 Damaso,
1374 5875 1457 5932 ap.
1482 5861 1809 5922 Scheelstra-

1840 4579 1892 4638 D

1910 3306 1954 3360 si
1988 3305 2246 3361 Damasus
2288 3306 2471 3360 Rom-.e
2499 3315 2655 3362 natus
2680 3306 2884 3372 fuisset,
2911 3307 3158 3362 obnixius
3183 3309 3499 3374 obtestatus,

1910 3412 2068 3466 opem
2099 3397 2213 3465 ejus
2266 3414 2370 3451 non
2399 3397 2510 3465 jam
2553 3399 2861 3465 gratuitam,
2892 3399 2985 3453 sed
3015 3400 3167 3469 quasi
3198 3415 3263 3454 ex
3296 3400 3502 3468 debito,

1912 3487 2193 3554 Romanis,
2232 3489 2439 3542 civibus
2469 3504 2663 3558 nempe
2705 3491 2836 3553 suis,
2875 3489 3198 3544 reddendam
3231 3492 3504 3560 poposcis-

1910 3581 2031 3636 set?
2059 3579 2166 3634 Cur
2205 3596 2310 3634 non
2353 3581 2565 3634 demum
2613 3580 2972 3658 scriptorﬁille
3014 3580 3227 3635 Damasi
3276 3582 3505 3651 patriam

1913 3680 2216 3741 Opportune
2258 3680 2422 3739 atque
2472 3672 2524 3726 in
2553 3688 2665 3726 rem
2710 3688 2862 3726 suam
2891 3674 3155 3741 apposite,
3188 3682 3247 3726 ut
3274 3680 3504 3742 poterat,

1913 3762 2277 3831 deprecationi
2330 3763 2679 3825 inseruisset,
2752 3764 2834 3817 his
2887 3772 3133 3819 sanctum
3196 3763 3504 3833 pontiﬁcem

1915 3854 2090 3907 verbis
2136 3855 2468 3923 compellans
2513 3874 2524 3908 :
2572 3855 2766 3909 Sancte
2822 3854 3084 3925 Damase,
3141 3860 3214 3912 sis
3266 3858 3504 3929 defensor

1918 3943 2091 4013 populi
2143 3942 2385 4007 Romani,
2431 3943 2516 3998 ubi
2564 3957 2619 3999 et
2668 3956 2825 4002 natus
2881 3946 3025 4001 luisti
3073 3958 3129 4003 et
3174 3950 3504 4021 pontiﬁcatus

1917 4035 2160 4090 honorem
2181 4035 2369 4089 habere
2396 4036 2664 4090 meruisti?

1989 4130 2065 4204 De
2094 4150 2415 4219 antiquitate
2443 4151 2603 4219 hujus
2630 4149 2845 4206 Codicis
2870 4152 3000 4206 nihil
3032 4152 3219 4223 ipsein
3256 4163 3506 4224 promptu

1916 4244 2111 4311 habeo,
2164 4259 2264 4299 nec
2314 4243 2637 4299 Sarazanius
2683 4260 2802 4300 eam
2835 4246 2990 4301 nobis
3044 4248 3316 4303 iudicavit.
3349 4248 3504 4315 Quod

1918 4346 2096 4393 autem
2126 4338 2383 4393 Actorum
2414 4338 2667 4407 scriptor,
2709 4339 2984 4409 proprium
3023 4355 3215 4394 nomen
3246 4348 3300 4393 et
3326 4340 3504 4407 digni-

1918 4437 2105 4492 tatem,
2154 4444 2250 4483 seu
2286 4428 2527 4496 gradum,
2576 4427 2867 4498 professus,
2918 4438 3128 4498 gentem
3177 4428 3503 4485 familiamve

1919 4519 2099 4573 itidem
2148 4536 2301 4574 suam
2349 4536 2454 4574 non
2489 4521 2801 4590 prodiderit,
2833 4537 2896 4575 ea
2929 4537 3056 4577 vero
3111 4536 3216 4576 non
3268 4521 3502 4589 vulgaris

1914 4610 2041 4664 mihi
2071 4610 2406 4679 antiquitatis
2451 4610 2759 4679 conjectura
2814 4618 2917 4676 est,
2955 4626 3113 4681 quam
3156 4610 3383 4679 simplex
3419 4619 3501 4664 te-

1915 4698 2139 4768 nuisque
2166 4699 2428 4755 orationis
2475 4701 2644 4771 stylus
2672 4698 2895 4755 miriﬁce
2942 4697 3241 4754 conﬁrmat.
3292 4698 3345 4754 Si
3373 4700 3501 4768 quid

1913 4805 2090 4849 autem
2124 4797 2175 4851 in
2224 4797 2308 4852 his
2353 4798 2514 4851 rebus
2552 4797 2796 4851 divinare
2848 4796 3027 4860 liceat,
3084 4795 3260 4850 locum
3301 4794 3448 4848 illum
3483 4812 3496 4846 :

1915 4885 2170 4941 Succurre
2189 4903 2250 4939 ac
2286 4887 2548 4949 miserere,
2580 4894 2710 4951 etc.;
2743 4887 2788 4939 si
2810 4887 2923 4957 quis
2951 4885 3128 4939 devote
3153 4901 3214 4937 ac
3242 4884 3503 4939 desiderio

1911 4963 2130 5030 celebrat
2161 4988 2299 5030 tuum
2341 4978 2536 5041 natale,
2569 4991 2637 5031 ex
2666 4975 2958 5031 Prudentio
2987 4984 3287 5030 mutuatum
3319 4977 3498 5045 suspi-

1912 5082 2026 5131 cor,
2058 5067 2148 5135 qui
2178 5066 2245 5121 de
2284 5066 2569 5122 Vincentio
2617 5067 2775 5122 levita
2827 5076 2881 5119 et
2917 5074 3153 5137 martyre
3202 5080 3310 5120 non
3357 5066 3501 5120 mul-

1915 5252 2066 5313 tium,
2100 5252 2231 5307 ibid.
2522 5302 2535 5313 κ

1985 5325 2058 5394 (ἱ)
2094 5324 2172 5375 Ad
2200 5338 2324 5376 ann.
2359 5319 2482 5386 867,
2509 5335 2656 5376 num.
2689 5319 2811 5374 1:9.

1983 5413 2060 5482 (g)
2107 5410 2327 5467 Dissert.
2383 5410 2753 5482 degAntiquis
2811 5409 2965 5463 Rom.
3025 5421 3175 5480 pom.
3237 5410 3497 5479 eatalog.,

1912 5479 2105 5552 capl'7,
2141 5494 2285 5536 num.
2310 5484 2364 5544 2,
2395 5491 2448 5534 et
2475 5480 2545 5535 ibi
2570 5479 2896 5535 ilolstenius.

1984 5574 2060 5642 (Ii)
2086 5572 2207 5695 ἕΜῆ
2223 5572 2415 5627 Senior
2430 5571 2767 5638 Blanchinus,
2795 5571 2845 5625 in
2868 5568 3111 5641 prmfatJ
3135 5579 3262 5625 tom.
3283 5569 3501 5636 Anast.,

1989 5659 2061 5695 m.
2129 5685 2144 5695 .
2214 5682 2228 5695 .

1912 5658 2061 5697 num.
2090 5658 2144 5710 υ,
2180 5658 2228 5696 1.

1983 5736 2044 5803 (ἱ)
2096 5732 2752 5805 lndEditioneRomana
2807 5750 2955 5805 oper.
3023 5734 3194 5791 sancti
3245 5730 3495 5799 Damasi,

1912 5802 2035 5860 ann.
2070 5802 2229 5873 1658,
2254 5820 2282 5859 a
2312 5817 2432 5876 pag.
2461 5803 2547 5858 65.
