4014 6368
42 6100 45 6271 t

541 363 647 422 563

1349 357 1671 414 ADDENDA
1713 355 1805 412 AD
1843 351 2168 422 QUOSDAM
2214 345 2732 406 PRJ‘ZLZEDENTES
2770 343 3021 399 TUMUS.

3725 339 3821 395 5H

539 489 655 536 tum
695 478 957 535 absimilia
986 475 1193 547 pridem
1223 483 1485 546 panxerat
1522 472 1622 545 (α).
1670 470 1747 525 En
1777 470 1894 541 ejus
1920 470 2120 524 verba:
2154 472 2199 528 Α
2233 463 2571 532 conscriptus
2615 461 2844 530 primum
2900 454 3083 523 fuerit,
3137 453 3464 516 Feliciaaus;
3525 450 3653 519 quia
3702 468 3821 507 vero

974 570 1210 619 Iliserere
1238 572 1505 615 nostrarum
1531 575 1749 625 precum,

917 634 1137 681 Placatus
1160 636 1212 678 nt
1230 631 1447 678 Christus
1467 629 1568 675 suis

912 694 1115 743 lnclinet
1143 704 1309 739 aurem
1335 696 1613 751 proslteram

909 757 1072 805 Noxas
1093 767 1185 802 nec
1206 766 1376 799 omnes
1403 755 1625 811 imputet.

967 819 1020 866 Si
1044 821 1138 867 rite
1162 816 1426 864 solemnem
1447 814 1578 862 diem

908 880 1213 927 Veneremur
1237 892 1322 924 ore
1349 885 1401 924 et
1422 883 1621 936 pectore
1648 887 1658 898 '

911 943 962 991 Si
986 943 1075 988 sub
1098 949 1287 989 tuorum
1313 939 1492 998 gaudio

906 1003 1238 1064 Vestigiorum
1262 1004 1546 1050 sternimur.

1151 1105 1380 1162 CAPUT
1420 1106 1484 1161 ll.

539 1204 795 1259 Feliciani
829 1201 1129 1272 pontificum
1172 1199 1420 1272 catalogi,
1453 1206 1604 1272 atque
1631 1195 1896 1272 Anastasii
1936 1201 2126 1272 auclo-

607 1277 756 1338 ritas,
790 1264 892 1328 non
924 1264 1203 1326 Col/tolicis
1233 1264 1405 1336 uredo,
1455 1264 1544 1322 sed
1574 1269 1701 1338 ipsis
1730 1268 1886 1319 etiam
1926 1264 2127 1317 hetero-

605 1346 757 1400 doais
783 1354 917 1399 rata.

606 1462 712 1517 Res
742 1462 827 1516 hic
856 1461 1011 1514 nobis
1037 1468 1119 1513 est
1140 1474 1259 1512 cum
1292 1454 1633 1518 Terribilino,
1664 1453 1752 1519 qui
1788 1451 1857 1505 de
1878 1451 2125 1517 catalogo

542 1556 911 1610 Romanorum
962 1552 1276 1622 pontilicum
1306 1549 1405 1604 sub
1431 1547 1611 1602 Felice
1640 1546 1705 1600 ιν
1752 1548 1933 1615 (quem
1965 1545 2125 1611 vulgo

534 1647 831 1702 Secundum
859 1643 1113 1713 appellari
1143 1642 1379 1694 diximus
1407 1653 1580 1708 eoque
1611 1653 1638 1689 a
1684 1636 1839 1691 nobis
1870 1635 2125 1703 deinceps

533 1741 757 1796 nomine
783 1735 1170 1806 designabitur)
1202 1736 1445 1802 loquens,
1478 1733 1653 1801 deque
1685 1730 1821 1786 libro
1850 1736 2122 1795 gestorum

2227 554 2398 608 so’itlo
2428 570 2587 623 quam
2637 553 2784 622 prior
2835 550 2923 603 ille
2969 547 3289 602 Liberianus
3328 545 3716 613 sesquisteculu
3742 561 3820 601 re-

2229 648 2438 700 centior
2465 655 2566 709 est,
2597 645 2849 698 sectmdus
2883 642 3041 707 vulgo
3083 644 3352 709 catalogus
3395 636 3721 707 appellatur,
3762 639 3816 692 ali

2233 753 2505 808 anonymo
2545 737 2749 795 itidem,
2784 744 2844 787 ut
2893 734 3039 803 prior
3070 732 3180 799 ille,
3231 732 3499 800 scriptore
3529 727 3817 785 confectus.

2301 829 2583 885 Postremo
2613 828 2853 881 omnium
2894 834 3069 879 tractu
3120 824 3278 878 nobis
3307 823 3529 877 exhibet
3558 822 3820 877 Anastasii

2228 920 2364 973 liber
2408 919 2539 973 Acta
2572 932 2766 985 resque
2794 923 2976 986 gestas
3017 913 3331 984 pontiﬁcum
3380 912 3769 974 recentiorum,
3799 929 3823 964 ι

2227 1010 2404 1065 Felice
2430 1010 2637 1064 scilicet
2661 1007 2726 1062 ιγ
2750 1008 2815 1061 ad
2840 1006 3117 1061 Nicolaum
3145 1002 3357 1072 l,cujus
3385 1004 3829 1068 vitam,pr:eeuu.

2230 1103 2370 1156 tibus
2399 1101 2701 1165 llolstenio,
2725 1098 3136 1159 Scheelstratio,
3165 1094 3476 1149 et'Seniore
3514 1092 3824 1155 B'auchinn,

2226 1195 2515 1264 genuinum
2538 1201 2746 1246 tantmn
2770 1191 3035 1246 Anastasii
3058 1190 3223 1244 fetum
3241 1203 3361 1243 esse
3381 1188 3589 1257 pridem
3614 1186 3828 1240 diccba-

2225 1302 2362 1339 mus.
2416 1285 2566 1339 Vitas
2621 1300 2751 1337 vero
2801 1282 3115 1351 pontilicum
3173 1280 3264 1350 qui
3315 1281 3456 1333 inter
3501 1277 3738 1332 Felicem
3778 1288 3829 1331 et

2234 1380 2514 1435 Nicolaum
2565 1375 2733 1432 ternis
2763 1386 2819 1431 et
2840 1393 2905 1431 eo
2935 1376 3167 1445 amplius
3193 1374 3401 1428 sarculis
3424 1373 3608 1428 sedem
3641 1382 3826 1426 tenue-

2226 1482 2372 1535 runt,
2405 1488 2512 1526 non
2561 1472 2717 1525 unius
2758 1469 3038 1539 scriptoris
3078 1481 3252 1534 neque
3288 1466 3464 1519 relatis
3504 1480 3644 1532 opus
3693 1478 3827 1528 esse,

2228 1580 2331 1619 una
2361 1565 2598 1632 ipsorum
2622 1563 2744 1632 styli
2767 1557 3328 1627 rarietasjampridem
3358 1556 3426 1609 ab
3453 1554 3827 1623 Holsteniotf)

2226 1657 2592 1709 animalversa
2616 1654 2747 1708 satis
2768 1659 3034 1719 argueret,
3061 1649 3160 1703 etsi
3199 1648 3301 1701 alia
3326 1646 3581 1701 deessent
3628 1646 3826 1699 omnia.

2224 1747 2410 1817 Itaque
2462 1746 2733 1812 singulas,
2791 1758 3059 1798 summum
3109 1740 3264 1794 binas
3319 1748 3569 1791 ternasve
3626 1737 3699 1788 ab
3730 1752 3829 1789 uno

529 1832 923 1903 pontiﬁcalium
973 1829 1038 1881 ab
1089 1826 1372 1881 Anastasio
1401 1825 1648 1885 collecto,
1695 1837 1800 1876 non
1835 1821 2009 1887 ungui
2043 1819 2122 1872 fa—
2157 1841 2201 1898 B
2233 1848 2457 1894 auclore
2507 1838 2839 1905 ρυηερτίρως
2883 1834 3065 1898 fuisse,
3123 1831 3457 1899 diversisque
3495 1828 3829 1897 lemporibus

530 1927 650 1981 cien
673 1925 776 1977 iam
811 1924 1089 1988 utriusque
1134 1918 1413 1987 scriptoris
1444 1917 1816 1971 auctoritatem
1858 1913 2126 1967 allirmare

529 2017 663 2071 nihil
686 2016 913 2069 dubitat.
940 2012 1188 2067 Merenda
1212 2018 1415 2075 autem,
1450 2024 1517 2063 an
1547 2017 1602 2062 et
1625 2008 1738 2075 ipse
1770 2007 1820 2060 in
1852 2006 1953 2059 hac
1975 2011 2127 2073 parte

531 2106 853 2162 Terribilino
898 2104 1189 2169 adlnereat,
1221 2102 1438 2156 minime
1487 2115 1585 2167 ego
1616 2098 1883 2152 allirmare
1924 2096 2122 2159 ausim;

530 2198 586 2253 in
617 2197 733 2266 ejus
754 2207 900 2252 certe
930 2194 1251 2250 sententiam
1277 2192 1613 2262 propendere
1638 2206 1703 2243 ex
1727 2206 1792 2243 eo
1821 2187 1950 2242 mihi
1981 2186 2127 2240 vide-

530 2296 641 2353 tur,
663 2288 808 2357 quod
835 2297 940 2341 tam
967 2283 1231 2339 Anastasii
1254 2298 1414 2353 quam
1443 2279 1666 2336 secundi
1690 2279 1919 2345 catalogi
1949 2286 2127 2330 aucto-

530 2382 765 2444 ritatem,
796 2394 914 2449 qua:
956 2387 1181 2445 utraque
1208 2374 1449 2445 cpiaiuni
1501 2388 1608 2426 sum
1644 2386 1709 2424 cx
1741 2369 1969 2422 adverso
1997 2374 2122 2431 stat,

530 2471 754 2542 perinde
773 2470 1091 2538 neglexerit,
1121 2467 1271 2536 quasi
1297 2465 1427 2520 nihil
1448 2465 1497 2520 ei
1529 2464 1596 2517 ab
1627 2463 1726 2517 hac
1756 2470 1909 2530 parte
1934 2462 2122 2513 timen-

529 2566 656 2620 dum
687 2564 847 2620 foret.
898 2561 1134 2615 Primum
1186 2568 1367 2612 autem
1418 2556 1657 2610 omnium
1685 2568 1863 2625 openc
1893 2551 2124 2621 pretimn

529 2657 692 2713 fuerit
736 2657 971 2713 indicare
1000 2657 1152 2726 queis
1179 2654 1392 2709 demum
1424 2652 1666 2722 partibus
1694 2646 1961 2703 Amstasii
1993 2646 2127 2699 liber

530 2748 858 2805 Pontiﬁcalis
881 2757 1108 2814 constet,
1134 2761 1425 2816 earumque
1448 2753 1730 2806 auctores;
1756 2750 1867 2795 tum
1893 2741 2127 2794 maxime

530 2856 564 2895 e
588 2841 781 2910 quibus
823 2841 876 2895 bi
907 2841 1142 2895 fontibus
1172 2837 1447 2892 hauserint
1493 2834 1803 2905 pontiﬁcum
1847 2834 2003 2896 vitas,
2038 2845 2124 2885 re-

528 2948 759 3003 rumque
785 2935 853 2989 ab
880 2934 1007 3003 ipsis
1037 2942 1311 3001 gestarum
1351 2930 1545 2985 seriem
1576 2926 1926 2983 attexuerint.

604 3026 917 3082 Universum
943 3027 1101 3094 igitur
1123 3024 1393 3080 Anastasii
1422 3038 1557 3092 opus
1584 3022 1635 3075 in
1660 3030 1767 3075 tres
1789 3018 2124 3090 potissimum

529 3106 734 3172 tractus
763 3115 1039 3171 Uberioris
1081 3116 1339 3170 doctrina:
1368 3113 1537 3182 gratia
1569 3112 1728 3166 dividi
1771 3118 1967 3179 potest.
2004 3107 2123 3162 Pri-

2231 1932 2527 1985 seeundum
2552 1930 2870 1984 smculorum
2904 1927 3099 1981 seriem
3126 1927 3263 1979 libro
3292 1922 3594 1977 Pontiﬁcali
3625 1931 3830 1977 assulas

2230 2022 2423 2076 merito
2467 2029 2692 2076 censent
2738 2018 3227 2074 ecclesiasticarum
3284 2030 3465 2070 rerum
3513 2016 3826 2084 scriptores.

2302 2114 2411 2168 Nec
2458 2113 2712 2182 priorise
2743 2125 2809 2181 go
2859 2111 3000 2166 illius
3050 2109 3320 2163 Liberiani
3377 2116 3603 2170 tractus,
3662 2121 3830 2174 neque

2229 2204 2548 2275 posterioris
2595 2204 2756 2271 hujus
2808 2203 2980 2257 tertia:
3029 2200 3370 2255 Anastasiani
3424 2200 3605 2268 operis
3661 2198 3828 2268 partis

2231 2294 2387 2347 ﬁdem
2422 2293 2911 2362 auctoritatemque
2955 2292 3088 2345 tueri
3134 2290 3291 2345 nobis
3322 2298 3403 2343 est
3434 2289 3667 2349 animus,
3708 2303 3829 2340 neu-

2230 2386 2369 2441 t'uhi
2398 2387 2596 2440 etenim
2630 2393 2832 2448 nostra,
2881 2384 3026 2453 quod
3071 2384 3241 2447 aiunt,
3284 2398 3373 2436 res
3402 2381 3615 2449 agitur;
3648 2396 3829 2435 verum

2230 2496 2349 2535 cum
2394 2480 2446 2534 in
2494 2477 2747 2539 secunda.
2802 2478 3037 2547 itemque
3082 2476 3132 2530 in
3184 2476 3457 2531 Feliciano
3507 2473 3828 2528 Pontiﬁcum

2230 2571 2476 2638 catalogo
2527 2568 2815 2621 Damasum
2865 2568 3065 2621 diserte
3132 2566 3426 2636 llispanum
3486 2565 3827 2635 pronuntiari

2230 2664 2431 2717 dictum
2464 2662 2533 2716 sit
2558 2678 2612 2715 sr
2633 2663 2791 2731 pius;
2824 2674 3122 2728 eorumque
3142 2645 3526 2713 auctoritatem
3556 2658 3828 2725 verbaque

2230 2771 2330 2824 pro
2384 2762 2565 2807 nostra
2612 2752 2879 2806 sententia
2927 2749 3489 2819 prmallegaverimus,
3548 2748 3828 2813 utriusque

2230 2847 2300 2899 idt
2321 2845 2435 2898 irco
2470 2844 2750 2913 scriptoris
2779 2843 2935 2895 tidem
2970 2841 3229 2895 adversus
3248 2839 3653 2901 Terribiliuurn,
3689 2845 3744 2890 et
3766 2840 3829 2890 sit

2231 2937 2321 3005 qui
2352 2947 2478 2992 sunt
2522 2935 2615 2990 alii
2647 2934 2892 3004 ejusdem
2940 2934 3341 3003 impugnatores
3378 2929 3752 2984 sustinendam
3778 2929 3824 2981 in

2232 3044 2331 3082 nos
2355 3028 2665 3097 recipimus.

2308 3119 2495 3187 Neque
2542 3119 2595 3172 in
2644 3132 2710 3172 eo
2739 3131 3069 3187 magnopere
3114 3116 3270 3171 nobis
3307 3112 3734 3177 allahorandum,
3764 3127 3828 3169 ex

534 3220 657 3259 mus
681 3207 873 3259 seriem
904 3206 1121 3259 exhibet
1147 3204 1511 3259 Romanorum
1542 3200 1854 3273 pontiﬁcum
1883 3218 1911 3254 a
1934 3210 2123 3255 sancta
2153 3216 2198 3277 ρ
2229 3225 2339 3278 quo
2370 3217 2655 3278 “namque
2703 3208 2842 3262 hanc
2884 3206 3133 3278 spartam
3174 3220 3440 3262 οτηανριιθ
3485 3204 3829 3270 “Maenius,

538 3294 701 3352 Petro
754 3297 818 3351 ad
873 3296 1167 3359 Liberium,
1198 3297 1309 3363 qui,
1352 3296 1495 3365 quod
1544 3295 1610 3348 ad
1662 3293 1878 3347 noaina
1928 3293 2128 3362 patrias

534 3396 700 3458 atque
730 3402 899 3443 annos
948 3387 1288 3457 pontiﬁcatus
1340 3403 1526 3442 eorum
1557 3394 1789 3456 spectat,
1837 3400 1903 3439 ex
1949 3394 2130 3439 retere

535 3480 885 3549 omniumque
913 3481 1286 3549 antiquissimo
1320 3479 1683 3533 Romanorum
1716 3477 2001 3547 prtesulum
2038 3492 2129 3531 ca-

537 3572 612 3626 tal
650 3585 718 3639 go
750 3572 969 3625 omnino
999 3570 1313 3640 desumptus
1345 3579 1447 3625 est.
1482 3568 1578 3623 llic
1617 3578 1797 3621 autem
1829 3567 2127 3634 catalogus,

539 3662 680 3733 quod
710 3664 948 3716 omnium
979 3663 1183 3732 primus
1211 3677 1332 3715 eum
1371 3660 1614 3728 Egidius
1644 3659 1937 3713 Bucherius
1978 3658 2129 3712 evul-

535 3756 742 3824 garerit
779 3753 876 3825 (ι),
935 3755 1053 3810 aliis
1104 3753 1479 3818 Buclreritmus,
1537 3752 1655 3805 aliis
1710 3751 1989 3821 Catalogus
2038 3749 2129 3802 sub

544 3847 763 3913 Libet-io,
813 3856 904 3902 aut
943 3850 1141 3919 primus
1169 3847 1414 3902 absolute
1443 3845 1609 3899 audit.
1661 3843 1735 3899 De
1763 3843 1880 3912 ejus
1910 3851 2134 3897 auctore

541 3954 646 3993 non
669 3947 752 3993 est
778 3940 906 3994 satis
926 3939 1185 3993 hactenus
1207 3938 1566 4007 exploratum.
1599 3935 1873 4001 Nonnulli,
1898 3942 2133 4004 quantus

541 4029 587 4084 is
607 4038 708 4094 83',
742 4029 971 4083 Damaso
1007 4031 1305 4083 attribuunt
1338 4029 1431 4098 (c),
1478 4043 1601 4098 pars
1629 4027 1889 4082 Anterum
1921 4042 2132 4096 quoque

542 4136 736 4192 papam
766 4120 939 4175 eidem
977 4104 1309 4176 conﬁciendo
1336 4121 1663 4175 allaborasse
1689 4121 1874 4176 volunt
1910 4114 2023 4192 (tl);
2064 4136 2132 4174 ex

542 4214 627 4270 bis
665 4223 842 4269 tamen
887 4229 1005 4284 qua:
1051 4213 1466 4268 Scheelstratius
1495 4212 1648 4267 all‘ert
1676 4215 1747 4283 (e)
1777 4213 2133 4269 verosimilius

542 4307 775 4361 arbitror
823 4320 1150 4377 auonymum
1199 4298 1345 4375 ejus'
1364 4305 1848 4379 auctorem'l'uisse
1889 4305 1979 4373 qui
2033 4305 2132 4359 sub

549 4398 760 4453 Liberio
788 4398 1003 4465 vixerit,
1035 4398 1087 4452 id
1117 4405 1218 4465 est,
1259 4412 1378 4451 eum
1425 4397 1655 4466 primum
1682 4397 1945 4451 inclinare
1973 4396 2133 4467 ompit

545 4494 800 4551 sarculum
825 4510 876 4549 tv
903 4509 933 4546 a
959 4492 1153 4547 Christi
1182 4491 1480 4546 nativitate.

2233 3301 2669 3365 Seheelstratius,
2714 3298 3020 3367 Seniorque
3068 3298 3415 3360 Blanchinns,
3463 3296 3662 3350 summi
3713 3300 3831 3365 pro-

2234 3393 2374 3449 fecto
2404 3392 2522 3455 viri,
2549 3405 2776 3460 quorum
2806 3399 3092 3459 propterea
3123 3388 3428 3443 testimonia
3459 3374 3653 3441 ordine
3680 3386 3832 3442 sisteé

2234 3500 2371 3537 mus.
2403 3481 2723 3535 lncubuerat
2753 3482 2901 3549 prior
2940 3479 3251 3534 llolstenius
3281 3480 3332 3533 in
3372 3493 3492 3532 eam
3538 3494 3729 3532 curam
3760 3487 3832 3542 ut,

2233 3573 2443 3629 collatis
2477 3571 2748 3627 veteribus
2780 3571 2902 3626 libri
2933 3569 3264 3626 Pontiﬁcalis
3293 3570 3609 3637 Codiribus,
3650 3583 3832 3624 veram

2233 3677 2652 3733 gero-anumque
2701 3664 2938 3717 auctoris
2997 3663 3232 3717 litteram
3287 3669 3542 3727 erueret,
3597 3660 3747 3729 quod
3785 3668 3838 3715 et

2233 3770 2425 3825 magna
2467 3774 2534 3816 ex
2582 3765 2735 3830 parte
2767 3757 3031 3826 praestitit.
3088 3754 3211 3809 Mox
3256 3754 3705 3820 Scheelstratius,
3750 3768 3837 3807 se-

2232 3851 2410 3906 cundo
2455 3853 2767 3922 pontilicum
2798 3850 3046 3917 catalogo
3089 3856 3252 3918 atque
3294 3845 3567 3900 Ana~tasii
3603 3845 3744 3899 libro
3770 3842 3840 3897 ad

2234 3945 2488 3998 trutinam
2515 3942 2857 3998 exactissime
2884 3938 3171 4001 revocatis,
3200 3936 3494 4005 rivulisque
3516 3936 3586 3988 ad
3611 3934 3838 3988 fontium

2232 4034 2409 4103 capita
2440 4034 2737 4089 continenti
2768 4032 2950 4088 studio
2993 4030 3250 4093 reductis,
3296 4030 3401 4083 hoc
3442 4028 3511 4082 de
3560 4026 3840 4082 Felieiano

2233 4127 2503 4195 catalogo,
2557 4127 2783 4195 ejusque
2813 4133 3033 4179 auctore
3081 4122 3342 4191 judicium
3374 4121 3599 4191 protulit
3626 4139 3639 4173 :
3674 4121 3751 4173 Ac
3779 4122 3841 4174 de

2235 4223 2441 4275 nomine
2480 4221 2707 4274 auctoris
2759 4215 3149 4287 (Scheelstratii
3186 4216 3264 4285 (g)
3295 4214 3460 4269 verba
3508 4212 3659 4281 sunt)
3711 4214 3840 4266 nihil

2236 4313 2360 4365 mihi
2409 4323 2722 4380 compertum
2767 4320 2862 4373 est,
2895 4325 3010 4362 cum
3050 4309 3320 4378 catalogus
3363 4306 3588 4376 scriptus
3620 4307 3690 4359 sit
3743 4323 3839 4359 sie-

2234 4406 2348 4458 culo
2379 4421 2448 4468 \‘t,
2473 4422 2570 4476 quo
2601 4419 2751 4457 nemo
2774 4418 2800 4455 e
2821 4398 3069 4455 veteribus
3096 4402 3223 4451 Acta
3251 4398 3607 4452 Romanorum
3633 4415 3738 4465 pou
3765 4400 3841 4464 ifi-

2235 4512 2349 4549 cum
2389 4496 2653 4564 collegisse
2683 4501 3016 4547 memoratur.
3052 4488 3315 4554 Quantum
3364 4498 3535 4543 tanien
3584 4507 3651 4543 ra:
3698 4490 3840 4542 Actis

617 4585 895 4641 Secundus
921 4584 1246 4640 l’ontilicalis
1271 4585 1539 4639 Anastasii
1571 4584 1687 4639 libri
1717 4592 1920 4639 tractus
1941 4582 2132 4637 seriem
2164 4579 2211 4639 D
2240 4587 2366 4656 ipsis
2417 4571 2591 4656 colligi
2633 4586 2849 4651 videtur,
2899 4594 3080 4638 auctor
3132 4582 3310 4637 Romw
3340 4583 3517 4650 ﬂoruit
3544 4592 3591 4635 cl
3630 4584 3841 4635 art-Itiro

548 4674 914 4731 Romanorum
965 4676 1247 4746 pricsulum
1302 4676 1522 4731 exhibet
1567 4692 1597 4729 a
1627 4675 1841 4731 Liherio
1884 4674 1950 4729 ad
1993 4674 2134 4729 Feli-

547 4782 663 4822 cem
687 4764 774 4820 lV.
810 4766 883 4821 Ea
916 4783 1043 4822 vero
1074 4767 1294 4823 totidem
1319 4768 1430 4823 fere
1460 4767 1638 4823 verbis
1667 4766 1935 4834 descripta
1965 4774 2134 4820 estex

547 4860 654 4914 alio
692 4859 1001 4929 pontiﬁcum
1045 4859 1315 4927 catalogo,
1348 4860 1463 4928 qui,
1501 4857 1646 4928 quod
1693 4857 1795 4912 sub
1837 4856 2016 4912 Felice
2045 4855 2139 4920 IV,

548 4951 730 5019 priore
794 4952 1002 5006 scilicet
1060 4950 1241 5005 saeculi
1298 4967 1347 5005 vt
1406 4948 1849 5005 triacontetcride
1906 4956 2138 5003 exeunte

597 5106 1022 5190 .(aiolnhhymn.
1057 5107 1503 5190 sanctiYincent.
1557 5108 1709 5190 Mart.
1761 5108 1966 5190 stmpli.
2015 5106 2136 5162 HS.

550 5173 758 5301 Siriililia
802 5173 929 5232 item
968 5178 1109 5248 apud
1152 5177 1369 5233 Latinos
1415 5180 1579 5247 legas.
1612 5177 1852 5242 Terent.,
1878 5173 2135 5250 'llecyra,

554 5264 651 5319 pro
677 5262 760 5316 οε.
787 5265 802 5301 :

742 5340 790 5403 Si
819 5350 1063 5400 numnam
1090 5354 1233 5389 avare
1258 5344 1403 5391 statui
1431 5342 1639 5403 pretium
1673 5343 1761 5391 arti
1786 5354 1974 5392 mem...

740 5402 895 5450 Sinite
924 5406 1186 5462 trnpetrare
1211 5418 1308 5453 me.

626 5484 756 5555 Item
800 5485 851 5539 in
901 5483 1354 5552 Heautontimor.,
1398 5487 1628 5555 prolog.,
1674 5495 1727 5542 et
1756 5487 1901 5541 alibi.
1947 5487 2057 5543 lmo
2086 5498 2142 5545 et

553 5557 695 5624 apud
724 5554 958 5621 Gra'cos,
984 5555 1227 5623 ﬂamen,
1258 5554 1423 5613 ’lha’zd.
1457 5559 1519 5615 A.
1553 5561 1607 5611 )9
1640 5576 1652 5611 :

739 5688 753 5703 .
776 5689 865 5729 λ.-
892 5690 905 5703 .
941 5692 954 5705 .
989 5650 1177 5729 εἴποτέ
1203 5672 1280 5706 τοι
1303 5653 1528 5727 χαρίεντ’
1553 5654 1637 5729 ἐπὶ
1657 5654 1775 5729 ⁸νηὸν
1802 5651 1964 5729 ἔρεψα

657 5718 715 5805 'll‘
744 5726 787 5777 εἰ
808 5720 867 5780 δή
892 5726 1016 5777 ποτέ
1048 5744 1127 5805 rat
1151 5726 1278 5780 κατά
1303 5718 1457 5778 etiam
1483 5723 1621 5798 μηρί’
1647 5721 1791 5795 ἕνῃα,
1831 5718 1841 5777 ἶ

661 5796 863 5847 Τἱσειαν
892 5796 1091 5849 Δαναοί.

628 5882 694 5939 Et
721 5887 845 5944 alibi
870 5886 1084 5958 sapius.

2238 4679 2522 4749 apostolico
2554 4679 2735 4747 forsan
2779 4677 3091 4746 prwpositus
3134 4677 3249 4747 fuit.
3295 4674 3447 4738 Quod
3481 4675 3622 4728 enim
3660 4693 3730 4727 au
3762 4665 3869 4729 tor.

2241 4770 2423 4824 Roma:
2449 4768 2732 4836 scripserit,
2764 4768 2960 4820 iudicat
3001 4781 3187 4836 magna
3217 4780 3390 4819 rerum
3435 4764 3589 4818 Urbis
3634 4776 3681 4820 et
3727 4767 3837 4835 agri

2246 4860 2465 4914 Romani
2494 4860 2677 4912 notitia
2706 4874 2858 4928 quam
2890 4857 3083 4910 habuit.
3120 4856 3308 4909 Omnia
3356 4858 3645 4909 rwawleria
3684 4860 3837 4910 etiam

2239 4970 2392 5024 quant
2421 4951 2720 5022 longissime
2739 4953 2803 5004 ab
2837 4950 2973 5003 Urbe
2998 4950 3199 5014 dissita,
3232 4949 3406 5003 omnia
3427 4949 3664 5019 sepulcra
3692 4966 3834 5002 mur-

2314 5107 2701 5193 (b)nl's.incomm.
2733 5106 2864 5161 Can.
2897 5106 3079 5176 pasch.
3109 5103 3353 5167 Victorii,
3381 5104 3644 5173 Antor-rp.
3676 5104 3831 5169 165$,

2241 5178 2647 5318 pachggnvin.
2683 5248 2735 5302 in
2767 5262 2963 5301 comm.
2988 5245 3121 5318 libri
3144 5262 3175 5299 ιι
3217 5243 3429 5318 Faster.
3462 5245 3831 5318 Sarazan.ﬁ._in

2243 5314 2455 5374 notfad
2485 5320 2796 5388 epigramm.
2820 5314 3146 5388 Damasi‘lX,
3164 5332 3251 5388 ap.
3275 5315 3535 5388 Merend_.,
3562 5332 3685 5385 pag.
3714 5315 3829 5369 259.

2315 5392 2392 5460 (cl)
2426 5385 2812 5460 llerischenius,
2862 5397 2992 5441 tom.
3024 5385 3045 5440 ι
3075 5387 3265 5456 Apri|.,
3300 5387 3351 5440 in
3383 5385 3683 5456 prologum.
3713 5396 3835 5439 aut:

2244 5459 2519 5527 catalogus
2550 5459 2704 5512 Rom.
2734 5467 2884 5526 pout.

2317 5530 2386 5601 (ο)
2423 5526 2639 5584 ltissert.
2673 5530 2739 5583 de
2764 5528 2932 5599 antiq.
2961 5527 3116 5582 Rom.
3143 5537 3293 5598 pout.
3325 5528 3581 5597 catalog.,
3616 5544 3740 5597 cap.
3772 5526 3823 5579 2.

2247 5618 2393 5743 "UE?
2422 5602 2576 5741 λῗιίιιι
2607 5667 2988 5743 §clieelstgat.,
3040 5670 3262 5725 Dissert.
3307 5668 3373 5725 de
3401 5668 3634 5738 catalug.
3679 5668 3823 5722 ltmn.

2244 5739 2571 5814 pont.,_t{ap.
2606 5740 2656 5806 7,
2690 5753 2838 5814 num.

2248 5807 2260 5814 ’
2320 5814 2395 5883 (g)
2424 5807 2648 5935 iDgissert.
2680 5811 2745 5865 de
2776 5810 2941 5881 antiq.
2978 5811 3141 5867 Rom.
3166 5818 3315 5882 pont.
3347 5810 3559 5881 catalog
3591 5848 3603 5873 ,
3631 5825 3659 5863 c
3680 5826 3746 5879 ψ.
3782 5807 3810 5859 5’

2248 5901 2393 5941 num.
2493 5922 2506 5937 .
