4014 6368
165 341 304 426 ω’

1079 362 1528 423 θιεεεητδτιο
1568 363 1656 420 DE
1694 361 1970 419 DAMASO
2009 363 2096 418 ET
2136 363 2550 423 LAURENTIO.

3359 371 3466 429 556

164 500 340 558 lyram
359 488 516 542 etiam
545 487 600 540 in
629 483 820 555 cryptis
847 490 897 537 et
925 484 1156 537 cavernis
1183 483 1374 552 posita,
1407 497 1583 536 omnes
1605 482 1762 535 eccle-
1791 481 1843 540 Α
1867 489 1961 534 aut
2009 482 2385 538 emblematice
2416 485 2658 553 expressi
2705 485 3086 553 continentur;
3132 501 3352 557 prorsus
3407 498 3465 545 ut

161 582 269 634 sius
286 590 338 632 et
359 578 594 642 regiones
623 574 794 636 Urbis,
812 590 930 628 omn
941 591 995 627 es
1019 575 1262 644 reliquias
1287 583 1337 627 et
1367 575 1564 638 titulos,
1587 587 1764 626 onmes

159 674 272 724 rius
307 673 601 738 iiarumque
629 667 929 726 distantias,
981 675 1168 718 cratera
1217 665 1422 718 demum
1444 665 1618 716 omnia
1649 678 1767 731 per-

159 773 339 830 specta
387 761 586 813 habuit.
623 758 772 823 Quod
800 766 970 810 autem
1013 756 1224 810 are/tiro
1271 755 1554 823 apostolica
1587 757 1765 823 forsan

159 854 441 922 prefectus
468 849 618 920 fuerit
631 848 813 902 deduci
828 847 1025 900 videtur
1044 863 1110 899 ea:
1125 846 1204 900 Itis
1224 862 1338 912 quae
1352 846 1503 898 habet
1517 845 1580 896 de
1597 843 1766 897 Leone

160 939 404 1010 Magno:
442 958 460 990 ι
497 937 599 992 Hic
634 939 755 1008 fecit
784 936 1027 1004 epistolas
1083 936 1272 989 multas
1301 951 1562 1002 exponens
1609 935 1765 1004 fidem

159 1034 474 1087 catholicam
493 1041 708 1095 rectam,
722 1045 835 1100 qua:
850 1028 1003 1082 hodie
1024 1028 1230 1081 archiva
1247 1025 1491 1080 Ecclesia:
1512 1025 1763 1080 Romana:

165 1135 437 1189 tenentur;
476 1143 494 1175 s
529 1133 578 1176 et
599 1139 663 1176 ea:
692 1122 834 1174 Actis
862 1119 1159 1174 llormisda:
1186 1119 1331 1188 cujus
1355 1119 1554 1172 libellus
1583 1117 1762 1171 cadent

159 1219 371 1273 archiva
402 1217 692 1270 reconditus
724 1223 936 1268 tenetur.
982 1211 1248 1275 Quomodo
1279 1212 1414 1265 enim
1440 1220 1619 1264 auctor
1651 1208 1758 1264 Ro-

157 1325 373 1364 manum
397 1309 658 1360 are/riuum
681 1307 908 1370 citasset,
938 1304 992 1357 ni
1021 1304 1148 1356 illud
1168 1303 1374 1357 vidisset
1403 1305 1550 1372 eique
1579 1304 1759 1373 forsan

159 1400 472 1470 praepositus
530 1397 748 1467 fuisset?
803 1393 906 1448 Illa
969 1411 1096 1448 sane
1148 1410 1262 1460 qua:
1319 1394 1381 1447 de
1441 1394 1761 1465 singularum

159 1491 468 1562 pontificum
496 1489 732 1567 decretis,
768 1487 830 1540 de
859 1503 1034 1542 eorum
1063 1487 1238 1558 gestis,
1297 1488 1360 1540 de
1384 1489 1758 1558 episcoporum,

156 1580 578 1651 presbyterorum
625 1589 674 1633 et
722 1579 1060 1632 diacanorum
1109 1578 1522 1632 ordinationibus
1577 1579 1760 1649 ubique

160 1675 420 1743 afﬁrmat,
452 1673 594 1725 clare
642 1671 879 1724 indicant
923 1677 1182 1724 auctorem
1212 1671 1386 1724 omnia
1431 1687 1496 1725 ex
1548 1671 1760 1741 regestis

158 1759 357 1812 arcltfvi
386 1758 750 1826 desumpsisse.

1867 572 2175 641 quicunque
2224 573 2436 629 tandem
2481 575 2569 630 ille
2596 574 2755 632 fuerit
2795 577 3016 633 secundi
3069 578 3297 648 cata'ogi
3327 580 3465 636 scri-

1866 675 2090 736 ptor,ex
2121 669 2183 722 iis
2207 684 2328 738 qua:
2350 670 2516 739 ipsius
2538 687 2654 726 :cvo
2683 682 2996 740 supererant
3025 675 3330 746 archetypis
3352 688 3465 729 mo-

1868 760 2138 814 numentis
2185 777 2293 815 non
2344 763 2697 834 interruptam
2737 765 3124 835 pontiﬁcalium
3182 775 3462 835 gestorum

1866 849 2059 903 scricm
2113 859 2356 907 attexere
2397 852 2538 909 facili
2594 856 2812 924 negotio
2867 859 3132 926 potuerit;
3181 859 3290 912 imo
3357 858 3464 916 nisi

1867 940 2058 995 oculos
2091 943 2158 996 ab
2200 945 2375 999 ubivis
2423 944 2608 1002 Roma:
2655 949 3024 1016 prostantibus
3081 950 3276 1008 tabulis
3321 967 3457 1006 con-

1867 1032 2007 1088 sulto
2047 1043 2294 1090 avertere
2323 1037 2503 1102 vellet,
2537 1054 2606 1093 ne
2636 1039 2801 1093 latum
2833 1041 3048 1110 quidem
3098 1057 3328 1111 unguem
3357 1043 3462 1097 ali-

1867 1125 1990 1180 Cubi
2021 1141 2050 1180 a
2101 1127 2330 1182 veritate
2357 1129 2596 1185 deviare.
2629 1130 2806 1203 Atque
2857 1133 2940 1187 hat
2961 1141 3118 1188 tenus
3139 1135 3208 1189 de
3236 1135 3460 1191 secundi

1869 1216 2181 1286 pontiﬁcum
2205 1219 2437 1289 catalogi
2461 1223 2808 1279 auctoritate.

1938 1307 2096 1374 Quod
2123 1311 2188 1366 ad
2215 1312 2558 1368 Anastasinm
2599 1317 2813 1385 attinet,
2837 1317 3014 1373 missis
3060 1335 3183 1390 qum
3212 1318 3458 1376 Guilliel-

1866 1415 1986 1455 mus
2012 1400 2474 1470 Bibliothecarius,
2508 1405 2856 1475 Trithemius,
2903 1408 3128 1474 Plalina,
3173 1411 3455 1479 Baronius,

1865 1492 2064 1564 aliique
2092 1504 2360 1562 auctores,
2391 1499 2443 1553 in
2467 1498 2584 1568 ejus
2613 1502 3138 1560 commendationem
3169 1506 3454 1576 scripsere.

1864 1585 1932 1642 de
1977 1587 2172 1656 quibus
2209 1590 2472 1646 videndus
2525 1593 2718 1649 Senior
2748 1594 3070 1652 Blanchinus
3098 1599 3195 1664 (ε),
3231 1599 3457 1654 Scheel-

1863 1678 2111 1732 stratium
2162 1680 2343 1736 itidem
2387 1681 2589 1751 judicio
2637 1684 2871 1754 praedem
2926 1689 3164 1744 sistimus
3213 1691 3314 1757 (ti),
3365 1692 3458 1760 qui

1863 1767 2039 1837 primo
2085 1770 2217 1826 satis
2251 1787 2520 1844 superque
2548 1775 2786 1830 ostendit
2813 1787 3090 1833 auctorem
3122 1780 3241 1834 libri
3274 1781 3458 1836 Ponti-

233 1841 419 1918 Neq’ue
440 1850 522 1904 his
542 1858 828 1904 contentus
855 1848 1180 1904 Blancbinus
1199 1845 1396 1902 Senior
1412 1846 1488 1919 (a)
1513 1847 1750 1916 improbo

1865 1860 2032 1916 ticalis
2063 1863 2347 1938 Anastasio
2393 1841 2660 1933 attributi,
2697 1876 2754 1922 ut
2789 1867 2936 1922 Vitas
2966 1879 3225 1940 gestaque
3259 1869 3458 1927 Itoma-

158 1958 292 1999 sane
334 1943 523 1998 labore
573 1943 857 2012 qumsitum
913 1942 1139 1997 ulterius
1189 1940 1365 2011 bergit
1397 1959 1409 1994 :
1439 1955 1560 2009 qua:
1608 1949 1758 2006 tunc,

156 2049 283 2089 cum
315 2032 358 2088 is
401 2031 468 2087 de
511 2047 620 2101 quo
660 2032 932 2101 loquimur
961 2030 1266 2087 Felicianus
1305 2031 1585 2100 catalogus
1629 2047 1762 2086 con-

155 2124 399 2194 scriptus
445 2125 675 2195 primum
723 2123 853 2188 fuit,
905 2125 1225 2193 superstites
1281 2124 1333 2178 in
1383 2123 1528 2180 Urbe
1578 2133 1760 2181 essent

156 2216 475 2287 pontiﬁcum
501 2217 862 2272 Romanorum
885 2216 1104 2281 tabulae;
1127 2231 1246 2286 qua‘.
1271 2231 1452 2272 rerum
1479 2217 1546 2272 ab
1571 2217 1758 2272 iisdem

155 2316 431 2376 gestarum
480 2307 802 2378 anaglypha,
854 2317 1210 2378 veterumque
1237 2309 1305 2363 de
1351 2309 1542 2364 eodem
1599 2323 1759 2378 argu-

156 2405 346 2451 mento
393 2398 718 2466 scriptorum
748 2398 1158 2462 commentaria,
1193 2413 1260 2452 ex
1289 2400 1484 2468 quibus
1518 2399 1756 2454 Vitarum

155 2486 549 2558 pontiﬁcalinm
603 2490 772 2543 series
821 2504 851 2543 a
903 2487 1062 2546 Petro
1108 2492 1178 2545 ad
1225 2490 1458 2547 Felicem
1506 2492 1597 2559 IV,
1650 2508 1753 2548 non

155 2577 462 2649 interrupto
488 2580 722 2634 historia:
750 2581 860 2645 ﬁlo,
887 2581 1106 2649 perduci
1135 2590 1352 2650 posset;
1402 2597 1612 2636 rursum
1636 2596 1756 2650 (luce

154 2669 213 2725 in
267 2671 456 2739 priscis
485 2672 729 2726 ecclesiis
779 2680 834 2726 et
874 2672 1218 2736 cosmeteriis,
1264 2672 1487 2742 lapideis
1539 2675 1750 2738 tabulis,

156 2778 294 2832 quas
321 2778 352 2816 a
381 2761 543 2830 ﬁgura
581 2764 843 2832 platanias
875 2762 948 2834 (b)
997 2764 1363 2832 appellabant,
1421 2765 1591 2820 incisa
1642 2775 1752 2819 tmn

156 2855 340 2909 forent
391 2854 885 2923 antiquissimorum
943 2855 1258 2924 pontiﬁcum
1305 2854 1472 2921 Acta;
1523 2873 1643 2927 que
1699 2857 1752 2912 in

157 2939 400 3016 ipsorum
427 2947 688 3016 sepulcris
712 2947 1125 3017 epigrammata,
1159 2949 1312 3018 queis
1336 2950 1558 3018 patrias,
1585 2957 1642 3003 ut
1674 2950 1752 3014 ﬁt,

153 3038 537 3108 prmeipuaque
584 3054 771 3094 eorum
820 3047 1009 3107 gesta,
1053 3041 1364 3095 sanctiones
1411 3040 1540 3094 item
1590 3050 1753 3109 atque

155 3129 525 3186 ordinationes
571 3130 968 3189 ecclesiasticas
1007 3147 1290 3202 expressas
1337 3133 1504 3187 fuisse
1546 3133 1752 3188 verosi-

1864 1966 2056 2006 norum
2092 1955 2380 2024 prmsnlum
2431 1972 2461 2012 a
2506 1956 2668 2013 l’etro
2725 1961 2972 2029 apostolo
3022 1963 3089 2016 ad
3141 1962 3454 2018 Zachariam

1861 2045 2124 2100 scriberet
2164 2047 2321 2118 (quos
2371 2049 2513 2105 inter
2563 2051 2823 2107 Damasus
2874 2064 3061 2110 noster
3103 2057 3453 2125 recensetur)

1859 2137 2154 2192 secundum
2210 2141 2521 2210 pontiﬁcum
2555 2143 2883 2213 catalogmn,
2914 2145 2980 2199 de
3009 2145 3162 2216 cujus
3209 2147 3454 2202 auctori-

1861 2235 1972 2282 tate
2000 2245 2174 2299 nuper
2225 2232 2460 2302 egimus,
2492 2233 2557 2287 ad
2592 2251 2807 2290 manum
2840 2237 3114 2304 habuisse,
3164 2253 3340 2308 coque
3386 2239 3453 2293 ad

1860 2320 2055 2374 seriem
2085 2322 2296 2388 illorum
2337 2325 2682 2380 attexetulam
2713 2326 2932 2382 ontnino
2956 2345 3128 2392 usum,
3151 2340 3209 2383 ut
3231 2329 3456 2399 proinde

1859 2412 2047 2467 eadem
2076 2414 2126 2468 in
2156 2415 2256 2471 hac
2283 2426 2434 2487 parte
2467 2419 2780 2494 Anastasio,
2829 2435 2892 2474 ac
2925 2420 3194 2476 l‘eliciano
3239 2421 3454 2492 pontifi-

1858 2521 1980 2560 cum
2004 2509 2272 2577 catalogo,
2303 2509 2433 2564 lides
2465 2511 2774 2566 necessario
2804 2511 3102 2567 adhibenda
3138 2513 3227 2568 sit.

1929 2597 2054 2654 Mox
2083 2609 2262 2654 autem
2293 2617 2414 2655 cum
2460 2602 2597 2656 idem
2641 2613 2832 2658 auctor
2859 2620 3014 2658 snmn
3043 2605 3110 2659 de
3149 2605 3453 2674 posteriore

1859 2689 1976 2744 libri
2012 2689 2341 2748 Pontiticalis
2395 2703 2549 2763 parte
2573 2734 2588 2759 ,
2627 2695 2772 2749 Vitas
2800 2696 3004 2751 scilicet
3063 2696 3335 2752 Zacharia:
3383 2696 3453 2751 ad

1857 2780 2136 2838 Nicolaum
2185 2784 2201 2838 1
2237 2785 2571 2853 continente,
2597 2785 2858 2854 judicium
2887 2789 3222 2856 protulisset,
3251 2789 3447 2861 ipsius-

1857 2889 1962 2943 que
2004 2875 2158 2929 lidem
2191 2892 2536 2946 summopere.
2566 2880 3016 2940 commendasset,
3051 2888 3238 2949 utpote
3271 2895 3390 2951 qua:
3418 2895 3451 2936 ιι

1857 2969 2174 3038 synchronis
2216 2970 2568 3039 scriptoribus
2595 2985 2664 3026 ex
2694 2972 2927 3040 antiquis
2977 2969 3229 3026 Ecclesia:
3259 2985 3452 3024 monu-

1856 3060 2055 3114 mentis
2089 3068 2252 3129 atque
2296 3062 2610 3131 apostolicis
2660 3061 3111 3134 chartophylaciis
3162 3061 3447 3131 desumpta

1859 3150 2048 3216 fuerit,
2081 3153 2260 3222 pergit
2314 3153 2383 3208 de
2438 3155 2617 3224 priore
2647 3153 2884 3222 ejusdem
2943 3153 3270 3209 l’outiﬁcalis
3326 3155 3448 3210 libri

151 3223 436 3278 millimum
467 3231 584 3289 est;
616 3239 733 3294 qua!
760 3223 976 3279 tandem
1000 3234 1348 3296 superessent
1375 3225 1750 3281 ecclesiastica:

1860 3253 2031 3299 tractu
2057 3243 2236 3312 inquo
2265 3245 2521 3301 Damasus
2551 3255 2736 3300 noster
2765 3255 2844 3301 est
2869 3247 3190 3301 sententiam
3220 3247 3448 3306 subinde

151 3323 547 3369 retroactornm
568 3315 885 3370 saeculorum
909 3316 1145 3371 historiae
1182 3325 1552 3385 monumenta,
1579 3332 1750 3388 eaque

150 3405 506 3474 autographa,
525 3412 687 3474 atque
713 3405 846 3460 adeo
865 3407 918 3461 in
940 3416 1126 3477 aperto
1140 3410 1338 3478 posita,
1365 3417 1423 3462 ut
1449 3409 1532 3463 vel
1563 3425 1749 3478 parum

151 3503 364 3551 attento
393 3497 646 3567 scriptori
675 3499 862 3554 nullibi
915 3515 1021 3555 non
1071 3511 1252 3556 essent
1295 3503 1505 3558 obviam
1546 3503 1745 3560 futura.

223 3609 436 3676 Quanta
457 3627 587 3666 vero
615 3611 807 3681 priscis
837 3613 943 3668 illis
973 3617 1306 3684 temporibus
1345 3619 1531 3672 harum
1561 3636 1743 3676 rerum

144 3716 305 3770 seges
335 3700 514 3767 fuerit,
548 3703 703 3758 facile
747 3704 1000 3774 conjiciet
1029 3707 1338 3778 quicunque
1369 3711 1527 3778 pau‘o
1579 3721 1750 3767 atteu.

145 3792 262 3845 tius
288 3792 634 3848 considerare
676 3793 806 3848 velit
835 3810 954 3864 qua:
986 3813 1145 3859 nunc,
1172 3807 1294 3868 post
1323 3801 1604 3856 duodecim
1635 3804 1712 3858 sci
1731 3834 1744 3844 -

143 3881 279 3936 licet
305 3884 625 3940 stuc-olorum
669 3887 897 3956 lapsum,
933 3899 1218 3957 supersunt
1248 3891 1422 3947 adlmc
1455 3893 1608 3948 nobis
1653 3910 1745 3948 ec-

141 3974 467 4031 clesiastica:
517 3977 854 4045 antiquitatis
883 3980 1128 4047 vestigia.
1192 3981 1525 4050 Argumenta
1557 3983 1682 4037 item
1715 4000 1745 4038 a

139 4067 318 4122 sacris
349 4067 587 4136 profanis
615 4068 776 4122 ducto
827 4083 1121 4138 agnoscere
1157 4073 1318 4126 etiam
1344 4072 1602 4127 debemus
1639 4074 1745 4144 pri-

140 4156 251 4214 scis
269 4155 712 4227 pontiﬁcilms,ad
737 4161 1105 4216 sustinendam
1130 4174 1293 4232 atque
1313 4165 1741 4235 ampliﬁcandam

139 4249 346 4303 summi
375 4250 661 4305 sacerdotii
693 4253 1034 4322 dignitatem,
1069 4271 1176 4309 non
1209 4256 1384 4312 tninus
1411 4274 1553 4312 curae
1584 4259 1744 4315 fuisse

140 4357 299 4398 sacra
350 4341 797 4410 Christianorum,
848 4345 1102 4404 Ecclesia:
1149 4349 1517 4405 ordinationes
1540 4394 1554 4416 ,
1584 4347 1700 4406 acta
1725 4393 1740 4418 ,

140 4432 454 4488 functiones
481 4436 721 4504 supremi
772 4439 1012 4494 numeris
1059 4442 1326 4512 praprias,
1369 4443 1580 4514 aliaque
1626 4445 1742 4514 ejus

140 4526 362 4596 generis
393 4537 738 4583 monumenta
771 4531 972 4587 chartis
1003 4533 1264 4590 tabulisve
1285 4535 1591 4591 concredita
1625 4537 1738 4592 Ro-

1851 3349 2004 3388 snam
2065 3350 2348 3404 promere,
2403 3336 2695 3404 inquiens:
2740 3335 2880 3390 Licet
2925 3346 3093 3390 autem
3137 3339 3282 3408 prior
3325 3356 3449 3408 pars

1853 3425 2206 3496 (Ponliticalis
2235 3427 2444 3482 scilicet
2497 3427 2638 3497 libri)
2672 3444 2775 3482 non
2827 3430 3120 3497 conscripta
3157 3431 3226 3482 εἰ
3255 3428 3320 3483 ab
3351 3447 3448 3482 au-

1850 3515 2076 3570 ctoribus
2095 3517 2420 3588 syucltranis,
2446 3535 2511 3572 ex
2537 3535 2778 3583 ANTIQUIS
2795 3537 2971 3574 nam
2994 3514 3234 3575 Bouaria?
3253 3519 3450 3576 Eccuz-

1849 3621 1946 3660 διε
2005 3622 2343 3662 ΜΟΧΕΜΕΝΤΙΞ
2394 3625 2623 3662 PARITER
2673 3625 3002 3664 CONCINNATA
3048 3626 3204 3672 FUIT,
3236 3611 3364 3664 adeo
3393 3621 3448 3664 ut

1849 3714 1943 3767 pro
1984 3698 2338 3752 discernendis
2376 3701 2624 3754 flamaan
2658 3699 2906 3754 Ecclesia:
2932 3701 3134 3762 ritibus,
3187 3718 3281 3769 pro
3310 3703 3448 3770 ejus-

1849 3787 1963 3840 dem
2019 3789 2296 3859 disciplina
2331 3799 2378 3842 et
2431 3790 2752 3861 dogmatibus
2783 3793 3152 3862 cognoscendis
3211 3793 3294 3845 Inc
3316 3793 3448 3846 liber

1848 3881 2029 3934 merito
2050 3881 2269 3950 allegari
2286 3884 2468 3950 possit,
2489 3899 2602 3936 cum
2627 3900 2690 3936 ea:
2712 3901 2770 3938 eo
2793 3884 2974 3938 [torum
2999 3887 3226 3939 omnium
3254 3887 3446 3940 notitia

1847 3984 2074 4027 eruatur.
2126 3976 2186 4028 Si
2217 3977 2354 4028 enim
2384 3977 2446 4029 de
2474 3977 2654 4030 ritibus
2695 3979 2941 4045 sacriﬁcii
2971 3979 3058 4048 qui
3088 3979 3201 4049 jam
3249 3980 3372 4035 inde
3411 3994 3447 4033 a

1849 4067 2028 4135 primis
2060 4068 2372 4136 temporibus
2394 4078 2684 4136 creperum;
2717 4072 2759 4122 si
2799 4070 2861 4123 de
2906 4071 3321 4125 ordinationibus
3341 4073 3444 4141 epi-

1845 4172 2116 4226 scoporum
2143 4167 2193 4210 et
2233 4158 2494 4227 inferioris
2538 4159 2684 4226 cleri,
2725 4177 2999 4232 eorumque
3029 4163 3258 4228 ntuniis;
3298 4163 3344 4216 si
3381 4163 3444 4217 de

1846 4247 2076 4318 reliquiis
2122 4263 2446 4318 martyrum,
2499 4250 2561 4304 de
2606 4252 2928 4306 invocatione
2985 4261 3280 4307 sanctorum
3314 4291 3330 4316 ,
3379 4253 3444 4307 de

1845 4337 2062 4407 psalmis
2082 4347 2130 4391 et
2151 4339 2472 4393 orationibus
2503 4340 2566 4392 ab
2592 4339 2826 4395 Ecclesia
2855 4343 3064 4396 recitari
3083 4344 3282 4407 solitis;
3310 4342 3358 4396 si
3379 4343 3443 4398 de

1847 4431 1989 4484 uaria
2013 4432 2274 4501 pontiﬁcis
2299 4433 2576 4493 electione;
2609 4435 2655 4487 si
2681 4434 2743 4486 de
2769 4436 3027 4488 sexcentis
3059 4435 3176 4489 aliis
3206 4435 3439 4505 discipli-

1817 4540 1929 4578 ἠαξ
1957 4535 2006 4578 et
2035 4525 2335 4596 dogmatnm
2391 4527 2858 4580 ecclesiasticarum
2909 4527 3161 4597 capitibus
3201 4542 3436 4597 agamus,

138 4595 432 4671 rnanorum
477 4620 761 4687 prmsulum
808 4621 956 4677 fastis
985 4625 1264 4691 adnotare,
1297 4642 1457 4696 quam
1508 4628 1738 4684 ριιιηίρί5
1767 4596 1818 4658 Ῑ)
1845 4616 2154 4684 reperiemus
2176 4617 2404 4686 profecta
2427 4617 2478 4668 in
2497 4617 2592 4668 hoc
2614 4615 2746 4669 libro
2767 4595 3063 4684 Ponti/irati
3085 4616 3222 4669 unde
3242 4617 3440 4670 cunctis

139 4707 262 4777 ejus
289 4709 388 4764 aevi
433 4711 804 4768 sacerdotibus
854 4722 911 4767 ut
941 4716 1216 4770 numinum
1249 4733 1467 4773 suorum
1512 4720 1736 4788 cultum,

139 4802 274 4856 item
329 4809 390 4855 ut
435 4804 708 4873 propriam
761 4804 1077 4874 dignitatem
1136 4809 1392 4866 adversus
1431 4820 1737 4882 temporum

139 4893 397 4961 injuriam
430 4905 732 4951 tuerentur.
766 4897 966 4952 llormn
999 4909 1178 4955 autem
1210 4904 1499 4957 maximam
1545 4922 1738 4976 perpe-

139 4994 240 5040 tuo
267 4985 433 5041 fuisse
461 5001 523 5042 ea
555 4989 605 5042 in
632 5004 692 5044 re
733 4989 1084 5059 diligentiam,
1119 4994 1396 5050 innumera
1428 4998 1566 5066 apud
1597 4997 1737 5053 Gru-

139 5085 320 5133 terum
349 5121 362 5137 .
397 5077 703 5135 Reinesinm
727 5122 744 5148 ,
777 5081 1125 5140 Muratorium
1147 5127 1161 5151 ,
1210 5096 1265 5141 et
1305 5087 1441 5141 alios
1497 5098 1738 5146 veterum

138 5169 555 5238 inscriptionum
611 5172 973 5241 collectores,
1023 5176 1414 5246 epigrammata
1483 5181 1549 5234 ad
1601 5182 1741 5238 hanc

137 5259 286 5313 diem
318 5262 586 5316 exstantia
634 5263 765 5318 satis
790 5266 1104 5333 ostendunt,
1139 5268 1188 5321 in
1240 5270 1432 5338 quibus
1462 5271 1737 5327 flaminum

139 5348 399 5416 Dialium,
428 5349 651 5406 fratrum
679 5352 974 5420 Arvalium,
995 5357 1164 5417 Isidis.
1190 5360 1484 5428 Serapidis,
1511 5363 1559 5417 M
1585 5365 1736 5435 thrte,

137 5451 308 5511 atque
336 5442 564 5498 aliorum
595 5447 784 5516 priscte
805 5463 884 5518 su;
909 5451 1204 5508 erstitionis
1233 5456 1594 5521 sacerdotum,
1622 5475 1742 5512 mu-

138 5547 296 5596 nera,
325 5533 662 5606 deorumque
689 5538 866 5595 cultus
893 5556 958 5596 ac
1002 5542 1136 5596 ritus
1187 5545 1440 5614 prtecipui
1486 5550 1740 5619 graphice

217 5664 541 5741 (q)_P_ra3fat.
575 5677 707 5725 tom.
745 5672 764 5726 Ι
795 5674 1083 5741 Anastasii,
1106 5693 1136 5732 a
1179 5695 1326 5735 num.
1366 5681 1451 5735 l7.

214 5735 292 5805 (θ)
315 5734 498 5816 idest,
528 5755 558 5816 ςι
584 5735 894 5816 latimdine;
941 5734 1132 5807 rrlurii;
1160 5734 1356 5804 etenim
1389 5734 1548 5806 latum
1579 5754 1741 5816 signi-

141 5804 293 5888 ficat.
326 5805 575 5888 llispani“
597 5804 899 5888 diceretiius
935 5804 1237 5888 _Valdasas.
1288 5804 1434 5876 Alias
1469 5804 1741 5880 illiut—auia:

141 5874 470 5936 Cassiodoro
498 5879 615 5952 (lib.
654 5895 706 5938 Ill
737 5885 894 5956 ep'st.
927 5886 980 5959 9)
1014 5888 1276 5944 Columnae
1303 5874 1740 5952 dicuntum—(viaui-

1844 4705 2090 4774 satisﬁat,
2106 4717 2154 4758 et
2175 4704 2356 4777 quibus
2376 4706 2542 4760 modis
2564 4705 2814 4760 Ecclesia:
2835 4707 3060 4777 regimen
3076 4716 3186 4760 acta
3207 4706 3439 4776 priorum

1842 4798 2149 4850 sa'culorum
2180 4786 2348 4866 spatio
2395 4799 2626 4851 constitit
2679 4798 2832 4868 facile
2877 4798 3239 4866 conjiciemus;
3266 4798 3342 4851 ita
3383 4807 3440 4851 ut

1842 4886 1930 4939 vis:
1959 4886 2117 4938 sciam
2150 4886 2468 4954 (concludit)
2500 4904 2566 4939 an
2596 4888 2647 4939 in
2677 4897 2784 4941 tota
2815 4888 3123 4952 antiquitate
3143 4903 3270 4957 opus
3291 4887 3438 4940 aliud

1843 4978 2132 5044 reperiatur
2158 4993 2222 5030 ex
2271 4993 2369 5046 quo
2418 4986 2524 5030 tam
2571 4977 2732 5030 multa
2763 4994 2825 5030 ac
2853 4993 2918 5030 ea:
2963 4975 3094 5032 libro
3135 4977 3439 5050 Pontiﬁcali

1842 5072 2048 5125 adrlisci
2079 5074 2300 5143 possint.

1914 5163 2024 5218 Nec
2058 5163 2267 5218 minore
2300 5164 2351 5217 in
2381 5163 2559 5232 pretio
2609 5178 2638 5214 a
2670 5162 2897 5219 Seniore
2932 5163 3228 5222 Blanchino
3277 5168 3433 5224 naM--

1843 5262 1953 5308 tum
1976 5254 2135 5309 fuisse
2169 5254 2534 5311 Pontiﬁcalem
2551 5256 2762 5320 librum,
2785 5258 3264 5316 luculentissimum
3288 5262 3436 5331 ejus-

1840 5344 1960 5399 dem
1989 5345 2040 5398 iu
2086 5346 2400 5416 praifatione
2430 5360 2557 5402 tom.
2591 5347 2608 5401 l
2641 5349 2906 5404 Anastasii
2949 5351 3018 5420 (e)
3068 5354 3430 5409 testimonium

1842 5439 2112 5503 ostendit;
2156 5455 2184 5492 a
2214 5455 2322 5508 quo
2354 5450 2611 5508 prmtcrea
2636 5443 2979 5498 observatum
3012 5447 3210 5503 sciums
3239 5465 3430 5519 supcr-

1840 5528 1994 5583 stites
2025 5528 2285 5584 hactenus
2313 5529 2493 5584 limum
2522 5541 2577 5587 et
2605 5533 2656 5586 in
2686 5534 3010 5592 suburbanis
3037 5537 3429 5597 Pontiﬁcalium

1841 5685 1956 5742 Sole
1988 5684 2150 5738 llenr.
2182 5685 2467 5754 Stephan.,
2500 5688 2552 5741 in
2585 5704 2645 5743 ea
2677 5706 2828 5746 voce.

1915 5757 1984 5836 lc.)
2019 5754 2226 5836 lfrolcg:
2253 5755 2408 5810 Tom.
2431 5759 2466 5836 _l_
2495 5759 2740 5814 Anastas.
2769 5763 3044 5836 Bildinth...
3071 5775 3189 5836 post
3219 5765 3425 5822 Przel'at.

1913 5826 1989 5908 (a)
2021 5825 2158 5908 liiss.
2191 5829 2258 5881 de
2285 5838 2396 5908 aut.
2431 5829 2589 5908 liqui.
2621 5843 2774 5902 pont.‘
2806 5835 2989 5902 catal.,
3013 5825 3130 5908 etp.
3156 5834 3208 5904 9,
3233 5853 3262 5892 a
3286 5854 3340 5892 n.
3376 5840 3424 5894 1.

1878 5902 1886 5912 ’
1914 5899 1984 5970 (ε)
2010 5895 2052 5950 Α
2085 5913 2230 5954 num.
2261 5899 2468 5956 scilicet
2491 5900 2578 5956 51.
2621 5895 2638 5926 ⁷
