4014 6368
586 340 682 395 517

1378 340 1693 397 ADDENDA
1733 341 1823 396 AD
1863 336 2191 407 QUOSDAM
2236 337 2760 398 PR/ECEDENTES
2799 343 3043 400 TUMOS.

3749 355 3842 412 533

584 453 1004 517 ordinationum,
1057 452 1455 509 dedieationum
1508 453 1882 518 basilicarum,
1911 453 2165 506 aliarum-
2191 449 2242 508 Α
2269 453 2436 505 octavi
2465 452 2671 507 initium
2703 454 2746 510 is
2791 462 2975 510 auctor
3004 455 3177 522 vixit),
3208 471 3313 511 non
3344 458 3541 527 injuria
3569 477 3602 516 a
3628 461 3840 523 Scbeel-

581 560 688 616 que
717 544 767 599 id
797 560 964 616 genus
1016 544 1494 599 ecclesiasticarum
1551 540 1883 597 functionnm
1929 542 2161 606 tabulas,

580 652 715 705 quas
738 637 850 705 ipse
869 652 988 693 cum
1020 635 1299 690 Anastasio
1339 634 1741 702 diligentissime
1769 634 2015 698 contulit,
2059 634 2161 687 nii-

579 728 728 784 rifice
782 728 939 797 hujus
984 727 1238 782 doctrina:
1292 740 1617 793 congruere,
1669 726 1720 780 id
1751 726 1892 796 quod
1939 726 1990 779 in
2044 725 2161 779 aliis

577 819 739 873 etiam
776 832 1002 888 quorum
1044 815 1514 884 comprobationes
1542 830 1648 869 non
1682 816 1946 869 habentur
1976 814 2160 868 incor-

575 917 786 977 ruptam
818 908 1080 961 Anastasii
1108 907 1262 961 Iidem
1293 906 1592 970 contirmat,
1626 906 1795 961 multo
1826 907 1950 960 item
1981 906 2158 976 plures

574 1016 735 1069 quam
777 1016 917 1056 nunc
944 999 1319 1055 ecclesiasticze
1353 1000 1686 1069 antiquitatis
1715 1000 1968 1069 reliquias
1998 999 2155 1067 hujus

574 1093 809 1147 auctoris
829 1107 942 1145 :evo
988 1090 1039 1144 in
1094 1090 1225 1144 urbe
1254 1089 1602 1159 superfuisse,
1634 1098 1691 1143 nt
1739 1090 1964 1159 proinde
1992 1107 2057 1143 ex
2092 1091 2153 1144 iis

571 1192 799 1246 tantum,
824 1183 921 1235 etsi
952 1181 1054 1234 alia
1084 1181 1376 1235 defuissent
1404 1182 1602 1245 omnia,
1636 1182 1873 1250 priorum
1901 1180 2153 1237 Ecclesia:

568 1279 884 1334 smculorum
938 1278 1192 1332 historica
1250 1279 1420 1333 series
1469 1287 1738 1345 utcunque
1803 1280 2150 1348 continuari,

565 1369 753 1421 saltem
808 1369 1043 1437 suppleri
1094 1376 1256 1437 atque
1312 1368 1550 1435 adjuvari
1605 1366 1892 1436 plurimum
1935 1377 2147 1436 posset;

564 1458 736 1526 iisque
760 1460 980 1513 omnino
1011 1458 1373 1512 monumentis
1399 1474 1549 1512 usum
1581 1459 1744 1513 fuisse
1773 1459 1891 1514 libri
1922 1459 2144 1515 Pontiﬁ-

565 1555 696 1609 calis
725 1565 1019 1610 auctorem.

636 1642 841 1698 Nollem
864 1646 932 1699 el.
957 1644 1146 1698 Joanni
1171 1644 1468 1714 Ciampinio
1490 1645 1578 1714 qui
1603 1643 1767 1714 paulo
1790 1654 1914 1699 ante
1936 1644 2147 1699 Schnei-

559 1735 803 1789 stratinm
855 1736 931 1805 (α)
978 1734 1215 1789 Examen
1255 1737 1373 1790 libri
1420 1735 1746 1805 Pontiﬁcalis
1796 1751 1859 1788 ex
1905 1736 2145 1803 professo

2264 544 2457 597 stratio
2509 546 2938 614 reprehenditur,
2967 549 3111 616 quod
3153 549 3271 603 libri
3306 552 3638 612 Pontilicalis
3665 569 3841 617 aucto-

2263 646 2375 685 rem
2405 642 2570 688 status
2597 636 2869 703 primitivw
2899 636 3144 693 Ecclesia:
3168 657 3381 710 prorsus
3411 644 3656 713 ignarum
3696 649 3840 704 dixe-

2261 726 2348 790 rit,
2382 726 2597 793 ignarus
2627 727 2872 797 profecto
2895 730 3010 798 ipse
3034 746 3139 798 qua
3169 732 3385 787 demum
3417 744 3579 790 astate
3604 738 3840 795 floruerit

2261 814 2379 868 libri
2410 813 2742 873 Pontificalis
2772 829 2961 875 auctor
2993 839 3005 874 :
3040 822 3467 894 Quandoquidem
3498 837 3673 882 autem
3702 831 3838 899 (per-

2257 915 2331 971 get
2360 904 2795 977 Sehcelstratius)
2838 912 3024 965 sarculo
3061 911 3174 981 jam
3204 929 3433 969 ssr'ruto
3467 917 3734 985 (sphalma
3764 930 3839 974 est

2260 999 2702 1067 typographicum
2747 1016 2844 1069 pro
2874 1004 3038 1073 £8110)
3068 1002 3185 1057 libri
3220 1003 3551 1072 Pontiﬁcalis
3581 1020 3836 1063 auctorem

2255 1089 2520 1156 scripsisse
2543 1090 2855 1145 Pearsenius
2873 1095 3085 1161 fatetur,
3104 1096 3285 1148 melius
3310 1096 3374 1149 de
3404 1095 3645 1151 Romam!
3662 1099 3836 1154 Eccle-

2253 1178 2355 1244 sia,
2386 1181 2595 1251 ejusque
2624 1182 2920 1251 disciplina,
2952 1184 3133 1237 ritibus
3154 1194 3202 1237 et
3230 1186 3353 1253 ﬁde,
3390 1188 3701 1242 instructum
3729 1209 3835 1244 eum

2254 1272 2415 1338 fuisse
2458 1288 2612 1340 quam
2658 1274 2948 1327 novissimis
2999 1275 3309 1344 temporibus
3358 1287 3528 1344 natos,
3560 1297 3833 1350 agnoscere

2253 1374 2447 1429 quoque
2467 1360 2743 1415 debuisset.

2323 1448 2447 1503 Scio
2497 1452 2660 1506 fuisse
2710 1454 2871 1507 etiam
2904 1470 2968 1508 ex
3028 1457 3307 1514 catholicis
3362 1462 3722 1530 scriptoribus
3752 1469 3835 1535 qui

2251 1539 2370 1594 libri
2450 1542 2775 1600 Pontificalis
2843 1554 3006 1615 atque
3055 1548 3321 1605 Anastasii
3382 1555 3698 1609 auctoritati
3736 1574 3835 1613 non

2253 1647 2437 1698 parum
2467 1633 2758 1689 detractum
2784 1638 3202 1696 voluere.Binos
3223 1643 3364 1711 apud
3393 1642 3757 1713 Ciampinium
3776 1649 3831 1719 (il

2250 1724 2434 1780 videre
2464 1727 2616 1794 licet,
2646 1745 2783 1798 quos
2826 1744 2927 1797 ego
2971 1741 3147 1786 tamen
3198 1734 3421 1790 honoris
3467 1752 3634 1793 causa
3687 1748 3833 1795 taceo

556 1828 862 1897 scripserat,
898 1827 1078 1881 Roma}
1110 1830 1245 1899 typis
1292 1829 1492 1883 editum
1538 1844 1678 1882 anno
1734 1824 1890 1889 1688,
1926 1825 2147 1893 injurius
2185 1814 2222 1871 Ii
2251 1817 2426 1871 sciens
2447 1819 2763 1889 lubeusque.
2796 1820 2869 1874 EX
2904 1822 2986 1875 his
3036 1823 3172 1877 alter
3201 1843 3213 1875 :
3246 1822 3568 1895 Pontiﬁcum
3602 1827 3749 1882 Vitas
3774 1829 3829 1881 ab

553 1919 935 1989 esse,ejnsqne
966 1921 1065 1973 hac
1092 1921 1157 1973 de
1181 1936 1238 1974 re
1264 1921 1586 1974 sententiam
1622 1920 1814 1973 tacitus
1846 1918 2143 1987 praeterire.

554 2007 899 2080 Expenderat
922 2011 965 2065 is
995 2019 1234 2064 veterum
1262 2010 1517 2065 Codicum
1549 2010 1873 2065 collationes
1902 2016 1968 2059 ab
2017 2005 2146 2060 llo!-

552 2092 730 2157 8tet'iio
758 2102 944 2168 facias,
974 2102 1370 2171 momentisque
1402 2102 1669 2156 rationum
1693 2100 1941 2155 omnibus
1967 2098 2143 2152 denuo

550 2194 651 2248 sub
696 2194 945 2246 trutinam
987 2193 1271 2257 revocatis,
1308 2193 1356 2245 in
1414 2193 1529 2247 haec
1560 2192 1720 2245 verba
1762 2205 2045 2246 censuram
2076 2188 2143 2242 de

551 2285 687 2338 lilir-i
720 2284 1013 2338 Pontificali
1036 2301 1186 2338 suam
1233 2284 1434 2355 profert
1469 2284 1541 2355 (b)
1577 2304 1587 2337 :
1630 2284 1993 2337 Verumtamen
2027 2283 2141 2335 licet

550 2393 582 2427 α
611 2374 840 2443 pluribus
871 2384 1142 2427 exaratum
1173 2373 1406 2428 Codiccm
1452 2374 1806 2429 Romanorum
1837 2374 2139 2443 pontiﬁcum

549 2466 918 2532 existimemus,
970 2466 1305 2519 nihilominus
1336 2475 1387 2517 ut
1437 2466 1759 2537 autographa
1807 2466 2139 2534 genuinisque

546 2557 816 2624 scripturis
838 2566 1078 2625 excerpta
1106 2557 1387 2609 maximam
1416 2573 1476 2608 ac
1507 2573 1758 2609 summam
1788 2556 1944 2624 ﬁdem
1971 2556 2135 2607 eidem

545 2646 834 2701 habendam
862 2665 973 2701 esse
1003 2666 1268 2702 censemus
1287 2690 1301 2713 ,
1336 2650 1591 2717 prwcipue
1615 2666 1727 2700 cum
1758 2659 1967 2717 propter
1997 2649 2137 2701 anti-

544 2740 786 2809 quitatem
810 2740 1015 2792 eximia:
1040 2740 1384 2792 veneraiionis
1416 2740 1501 2801 sit,
1527 2748 1946 2808 constaiitenique
1972 2739 2133 2793 histo-

541 2828 673 2881 riam
703 2832 998 2897 contineat,
1028 2848 1182 2901 quant
1218 2841 1296 2885 tot
1327 2833 1631 2886 saeculorum
1665 2848 1915 2885 consensu
1958 2830 2134 2885 Eccle-

539 2925 618 2976 sia
663 2926 884 2994 recepit,
916 2935 1088 2994 utpote
1143 2943 1274 2997 qua."
1302 2926 1486 2980 litteris
1542 2928 1849 2997 consignata
1899 2926 2054 2995 fuerit
2101 2942 2133 2979 α

536 3014 894 3085 scriptorbus,
928 3018 1012 3087 qui
1051 3016 1129 3070 rel
1166 3017 1514 3085 pontiﬁcibus,
1544 3033 1762 3084 quorum
1818 3025 1959 3086 gesta
2010 3017 2133 3068 scri-

541 3120 705 3171 psere,
734 3107 912 3173 coaevi,
957 3107 1035 3159 vel
1082 3108 1237 3175 paulo
1261 3106 1499 3175 juniores
1530 3106 1758 3177 fuerunt.
1792 3104 1916 3160 Ηωε
1947 3103 2127 3159 Ciam-

542 3194 741 3263 pinius.

609 3282 720 3340 Nec
765 3285 984 3340 defuere
1036 3301 1102 3340 ex
1134 3285 1263 3355 ipsis
1308 3283 1653 3340 heterodoxis
1682 3282 2013 3338 cordatiorc:
2040 3285 2128 3353 qui

541 3372 907 3431 Pontilica'eni
933 3378 1121 3431 librum
1157 3394 1263 3432 non
1291 3377 1493 3444 vu‘gari
1516 3376 1692 3445 elogio
1715 3375 2127 3431 commendave-

540 3470 670 3537 rint,
695 3478 752 3525 ut
786 3486 884 3524 suo
933 3470 1053 3524 loco
1080 3470 1344 3525 dicemu=.
1376 3468 1582 3523 Interea
1616 3484 1744 3523 vero
1773 3468 1903 3521 nihil
1952 3483 2127 3521 morae

539 3576 660 3615 mur
688 3560 1031 3616 Pearsonium
1063 3561 1154 3631 (ε),
1186 3560 1491 3615 Molinmum
1511 3558 2121 3629 (d),lluSpinianum(e),

541 3652 872 3706 Dodwellum
924 3652 1015 3723 (f),
1070 3661 1126 3706 et
1164 3652 1211 3707 si
1264 3652 1353 3718 qui
1396 3659 1521 3704 sunt
1576 3649 1664 3703 alii
1720 3647 1877 3717 hujus
1923 3648 2126 3703 ordinis

537 3742 908 3811 viri,qnoruiu
956 3743 1142 3811 jecora
1197 3739 1398 3795 difficili
1453 3739 1503 3793 in
1552 3741 1689 3795 ritus
1732 3740 2123 3794 ecclesiasticos

535 3831 645 3888 bile
687 3833 940 3887 tumentia
992 3833 1132 3888 virus
1172 3832 1482 3887 acerbitatis
1522 3847 1629 3887 suae
1686 3832 1738 3885 in
1780 3831 2121 3886 Anastasium

535 3921 762 3992 librique
828 3920 1158 3978 Pontilicalis
1202 3933 1479 3978 auctorem
1526 3930 1785 3978 evomunt
1832 3933 2120 3993 suspectum

534 4027 650 4063 eum
671 4011 990 4080 scriptorem,
1014 4022 1069 4066 et
1099 4031 1268 4066 rerum
1294 4024 1556 4081 statusque
1577 4014 1852 4082 primitiuae
1875 4011 2119 4067 Ecclesia:

536 4115 747 4169 prorsus
775 4100 1033 4168 ignarum,
1065 4103 1247 4171 quique
1272 4119 1335 4156 ea:
1364 4105 1569 4156 vetustis
1600 4104 1803 4172 quidem
1846 4104 2116 4172 scripturis

533 4192 843 4271 apocryphis
890 4192 1074 4246 librum
1124 4209 1273 4246 suum
1312 4197 1743 4250 consarcinaret-it
1793 4195 2114 4257 vocitantes,

535 4286 915 4353 atrocibusque
942 4294 1225 4352 utrumque
1257 4287 1515 4343 conviciis
1544 4289 1971 4360 proscindentes.

605 4371 716 4428 llos
757 4389 967 4443 omnes,
1016 4384 1210 4444 praeter
1255 4377 1609 4447 Ciampinium
1649 4379 1759 4449 (g),
1786 4378 2117 4434 Scheelstra-

534 4467 641 4522 tius
667 4467 731 4522 iis
763 4468 889 4537 ipsis
924 4485 1041 4538 quze
1074 4469 1234 4524 modo
1263 4471 1543 4525 retulimus
1573 4471 1900 4539 argumentis
1929 4473 2113 4541 exagi-

2250 1909 2526 1962 Anastasio
2550 1913 2868 1980 deformatus
2890 1921 2939 1964 et
2966 1912 3422 1968 allucinationibus
3451 1916 3632 1984 plenas
3654 1935 3672 1981 ,'
3704 1920 3831 1972 alter

2248 2014 2377 2052 vero
2424 2001 2655 2054 eumdem
2711 2014 2973 2057 auctorem
3027 2005 3311 2075 tardissima
3358 2009 3663 2063 adulatione
3715 2000 3831 2081 ergo

2249 2087 2528 2143 Nicolaum
2560 2090 2587 2143 1
2617 2096 2912 2161 ponti/irem
2954 2111 3099 2148 usum
3146 2098 3302 2165 fuisse
3332 2096 3587 2153 affirmat.
3636 2098 3828 2155 Verum

2247 2191 2535 2252 utrumque
2566 2185 2829 2254 iniquiore
2858 2201 2982 2256 erga
3024 2187 3365 2242 Anastasium
3414 2191 3596 2245 animo
3628 2190 3825 2256 fuisse,

2244 2274 2401 2328 facile
2452 2277 2701 2344 conjiciet
2732 2278 3032 2346 quicunque
3062 2294 3090 2332 a
3118 2278 3420 2348 Ciampinio
3470 2282 3672 2336 ibidem
3728 2298 3823 2352 pro

2242 2363 2528 2420 Ana-tasio
2557 2367 2716 2420 allata
2770 2368 2901 2423 liber
2930 2384 2959 2421 a
3008 2370 3237 2438 partium
3274 2370 3452 2425 studio
3480 2370 3825 2427 considerare

2245 2458 2389 2511 velit.
2424 2457 2542 2527 lpse
2593 2475 2721 2513 vero
2753 2462 2827 2514 uti
2860 2476 2965 2515 non
2997 2474 3262 2528 negavero
3316 2461 3546 2530 plurima
3578 2464 3632 2516 in
3687 2464 3823 2517 Aua-

2239 2548 2403 2601 stasio
2434 2549 2782 2617 deprehendi,
2813 2552 2896 2605 vel
2944 2553 3013 2605 ab
3053 2567 3141 2617 eo,
3181 2568 3298 2621 qua:
3328 2554 3561 2608 humana
3592 2556 3823 2609 conditio

2239 2645 2341 2701 est,
2374 2637 2525 2692 initio
2550 2654 2736 2707 parum
2764 2641 3156 2706 animadversa,
3189 2642 3271 2695 \el
3311 2645 3687 2712 exemplorum
3713 2660 3821 2699 cre-

2238 2725 2433 2781 hritate
2476 2727 2542 2780 ali
2598 2730 2911 2797 antiquariis
2967 2731 3295 2797 defounata,
3348 2733 3478 2785 tanti
3538 2741 3719 2788 tamen
3768 2744 3821 2788 ut

2237 2833 2331 2887 ιιι-,ι
2351 2818 2441 2872 fati
2492 2828 2741 2876 auctores
2787 2822 3117 2877 contendunt
3145 2823 3385 2878 iacienda
3430 2825 3656 2880 minime
3686 2829 3819 2881 arbi-

2238 2917 2366 2965 tror.
2397 2912 2582 2980 Neque
2604 2914 2647 2967 si
2682 2912 2994 2970 Ana~tasius
3024 2917 3077 2969 in
3108 2915 3314 2971 Nicolai
3360 2918 3400 2980 Ι,
3434 2934 3595 2987 quem
3627 2921 3815 2974 nedum

2233 3004 2503 3055 communi
2553 3020 2820 3072 suprema:
2848 3005 3154 3073 dignitatis,
3187 3009 3279 3061 sed
3309 3011 3527 3078 proprio
3558 3011 3815 3065 clientelae

2228 3091 2350 3161 jure
2375 3110 2440 3150 ac
2469 3095 2649 3150 debito
2682 3099 2913 3151 revereri
2942 3098 3150 3163 debuit,
3173 3099 3358 3154 laudes
3379 3101 3659 3170 aliquanto
3688 3104 3814 3157 libe-

2153 3177 2201 3240 C
2232 3187 2341 3241 rius
2362 3189 2599 3242 excurrit
2630 3188 2793 3259 (quod
2833 3192 3185 3259 scriptoribus
3214 3193 3457 3249 solemne
3492 3200 3658 3250 estin
3690 3213 3816 3251 nun-

2234 3282 2526 3352 cupatoriis
2560 3283 2855 3350 praesertim
2913 3284 3174 3354 epistolis)
3213 3286 3412 3341 foedum
3447 3286 3646 3352 eidem,
3693 3305 3816 3357 pro-

2230 3380 2414 3442 pterea
2439 3373 2655 3443 palpum
2708 3373 3003 3431 obtrusisse
3049 3377 3351 3432 censendus
3379 3385 3480 3433 est.
3507 3378 3619 3433 Sed
3648 3380 3719 3433 de
3737 3378 3818 3435 bis

2230 3479 2329 3518 nos
2352 3464 2505 3518 alias.

2301 3554 2506 3607 Interea
2538 3569 2687 3620 vero,
2719 3563 2777 3609 ut
2822 3571 2853 3610 e
2881 3556 3199 3613 diverticulo
3229 3558 3282 3612 in
3308 3560 3471 3623 _viam
3510 3559 3816 3627 redeamus,

2229 3646 2469 3714 nuspiam
2502 3647 2615 3716 ipse
2644 3648 2834 3703 adduci
2863 3656 3055 3719 potero
3084 3659 3141 3703 ut
3166 3652 3380 3705 credam
3412 3651 3819 3716 Terribilinum,

2226 3744 2282 3789 et
2308 3736 2351 3789 si
2381 3737 2448 3790 ab
2469 3736 2586 3806 ejus
2617 3739 2855 3807 partibus
2883 3738 3137 3794 Merenda
3165 3742 3394 3805 steterit,
3412 3743 3691 3813 prioribus
3718 3744 3820 3797 illis

2225 3842 2362 3896 quos
2399 3829 2560 3883 modo
2600 3828 3008 3884 confutabamus
3048 3830 3409 3895 beterodoxis,
3436 3842 3530 3885 aut
3561 3835 3819 3903 posterity.

2225 3920 2369 3975 ribus
2392 3920 2472 3975 his
2501 3921 2786 3977 catholicis
2807 3923 3161 3993 scriptoribus
3191 3923 3526 3989 consentire;
3551 3926 3822 3979 cautiores

2226 4020 2404 4065 tamen
2455 4013 2648 4065 vellem
2691 4013 3086 4068 ecclesiasticos
3138 4014 3429 4083 praesertim
3488 4015 3664 4083 viros,
3688 4033 3820 4087 quos

2224 4103 2449 4174 proinde
2494 4106 2693 4158 nedum
2724 4106 2997 4174 scopulos,
3032 4107 3122 4160 sed
3146 4115 3201 4161 et
3242 4106 3492 4161 allidendi
3522 4107 3817 4163 discrimen

2222 4195 2488 4257 devitasse
2532 4195 2859 4249 tutissimum
2886 4196 3094 4251 fuisset.
3128 4195 3243 4252 Non
3274 4198 3415 4251 enim
3446 4198 3534 4253 hic
3566 4199 3729 4255 nobis
3756 4201 3820 4253 de

2220 4282 2362 4349 lana,
2396 4283 2540 4352 quod
2572 4284 2723 4337 aiunt
2747 4327 2760 4352 ,
2786 4286 3003 4354 caprina
3033 4301 3211 4340 sermo
3239 4295 3340 4352 est,
3373 4301 3479 4341 neu
3524 4290 3818 4356 quazriinus

2220 4382 2353 4440 quot
2397 4374 2602 4428 hiemes
2631 4373 2837 4429 Laerlis
2866 4376 3060 4430 errarit
3113 4392 3268 4447 puer,
3301 4378 3477 4432 aliave
3531 4389 3816 4449 poetarum

2218 4463 2411 4520 fabulis
2456 4465 2673 4519 decora.
2709 4464 2926 4519 Summa
2965 4466 3135 4521 ferme
3178 4468 3442 4523 universa:
3493 4471 3811 4538 pontificum

533 4567 644 4623 tat;
678 4558 970 4615 Pearsonio
1000 4576 1129 4616 vero
1160 4562 1294 4632 quod
1347 4561 1463 4615 libri
1496 4563 1817 4632 Pontiﬁculis
1847 4574 2109 4615 auctorem
2136 4538 2190 4597 Ῑ)
2220 4558 2516 4613 historimin
2540 4559 2702 4614 dubio
2723 4567 2824 4623 est;
2844 4558 3016 4627 deque
3039 4574 3101 4613 ea
3119 4559 3813 4630 simulstatuetquicunque

528 4650 781 4703 incertum
811 4653 983 4704 steculi
1016 4668 1064 4706 vr
1093 4654 1394 4721 scriptorem
1419 4655 1650 4715 dixisset,
1680 4670 1786 4707 non
1836 4652 2110 4722 illepidum

531 4749 790 4807 praeterea
843 4742 1074 4796 subcinit
1103 4742 1461 4811 epiphonema
1508 4744 1607 4812 (li).
1638 4743 1793 4806 Cum,
1824 4743 2025 4797 ett-nini
2061 4744 2112 4797 in

528 4830 855 4900 designanda
888 4836 1124 4890 auctoris
1151 4834 1267 4901 ejus
1296 4836 1414 4889 libri
1434 4844 1591 4890 :elate
1621 4837 1863 4889 nonnihil
1893 4837 2112 4891 humani

530 4938 721 4993 passus
771 4923 1091 4981 Pearsonius
1145 4923 1331 4981 fuisset
1360 4935 1487 4997 (non
1534 4927 1675 4982 enim
1715 4937 1880 4991 sexto,
1912 4936 1970 4982 ut
1999 4929 2114 4998 ipse

530 5019 729 5083 aiebat,
767 5020 975 5084 siccato,
1008 5019 1100 5075 sed
1130 5030 1361 5075 exeunte
1388 5022 1623 5090 septimo,
1656 5030 1710 5076 et
1741 5022 1983 5077 fortassis
2010 5024 2110 5077 sub

603 5133 680 5197 (ti)
704 5133 1025 5206 Blaneyhinus
1050 5133 1242 5190 Senior
1264 5135 1351 5206 (In
1383 5135 1706 5204 prtefatione,
1734 5135 1879 5189 Tom.
1912 5135 2112 5206 I_Ana-

527 5206 700 5275 stasii)
724 5205 901 5275 innuit
936 5204 1376 5259 Seheelstratinm
1415 5206 1756 5273 quatriennio
1798 5214 1921 5275 post
1951 5204 2108 5261 Joan.

531 5273 907 5341 Ciampinium,
940 5290 1082 5328 anno
1114 5290 1303 5344 nempe
1332 5274 1488 5340 1692,
1520 5290 1654 5344 opus
1682 5273 1834 5330 suum
1868 5275 2112 5341 Antiqui-

533 5343 655 5412 t_atis
682 5345 1057 5398 ecclesiasticte
1087 5343 1346 5409 edidisse;
1379 5347 1520 5412 quod
1551 5343 1606 5398 et
1633 5360 1816 5399 verum
1849 5355 1931 5400 est
1970 5347 2013 5399 si
2044 5347 2109 5400 ad

531 5410 826 5485 Romanam
859 5414 975 5482 ejus
1003 5416 1182 5484 operis
1208 5414 1246 5468 Ε
1268 5410 1505 5469 titionem
1546 5416 1822 5485 multiplici
1853 5416 2112 5477 dissemi-

530 5484 677 5537 tione
731 5493 891 5552 atque
935 5486 1319 5552 appendicibus
1348 5496 1559 5539 auctam
1609 5484 1932 5551 referamus;
1968 5486 2110 5541 idem

529 5561 712 5607 tamen
768 5571 908 5624 opus
961 5555 1302 5624 Antiquitatis
1346 5556 1717 5611 ecclesiastica:
1764 5557 1930 5609 multo
1988 5557 2113 5611 licet

524 5627 886 5680 conctractius
910 5627 1215 5696 Antuerpiue
1239 5642 1495 5680 excusuin
1538 5627 1741 5696 pridem
1772 5625 1945 5681 fuerat
1967 5642 2109 5682 anno

528 5710 722 5760 nempe
754 5696 911 5761 1678,
939 5695 1129 5766 forma,
1154 5704 1211 5749 ut
1233 5707 1448 5760 vocant,
1477 5706 1688 5766 quarta.

530 5766 533 5767 ⁷
603 5767 675 5833 (b)
709 5766 892 5821 Exam.
922 5767 1009 5820 lib.
1045 5764 1343 5836 Pontilicaﬂl.
1378 5764 1511 5821 seet.
1538 5767 1623 5831 ll,
1670 5781 1789 5836 pag.
1821 5767 1942 5821 107.

603 5846 671 5906 (ε)
698 5836 921 5895 Dissert.
945 5856 982 5892 ι.
1008 5838 1074 5893 de
1122 5839 1260 5895 serie
1293 5835 1449 5891 Rom.
1479 5835 1691 5908 puniit,
1723 5835 1845 5908 cap.
1867 5836 1956 5905 12,
1978 5854 2034 5894 n.
2057 5838 2113 5907 8,

2221 4654 2430 4707 tandem
2479 4653 2698 4707 secundi
2746 4653 2975 4720 catalogi
3024 4660 3184 4721 atque
3208 4651 3811 4708 An:istasiiaiictoritati

2216 4742 2517 4799 detractum
2573 4744 2719 4798 velit.
2762 4742 2950 4811 Agitur
2992 4744 3132 4797 enim
3164 4744 3217 4797 in
3262 4754 3493 4814 utroque
3540 4745 3647 4800 hoc
3677 4746 3809 4799 libro

2217 4835 2285 4890 de
2309 4835 2471 4905 gestis
2525 4834 2890 4888 Romanorum
2920 4831 3233 4903 pontificum
3275 4832 3451 4901 deque
3492 4835 3807 4888 eorumdem

2217 4926 2402 4987 Actis,
2469 4925 2943 4987 ordinationibus,
3014 4924 3277 4989 decretis;
3336 4928 3401 4979 de
3463 4925 3661 4979 sumini
3719 4941 3807 4979 sa-

2216 5019 2440 5075 cerdotii
2495 5020 2848 5083 auctoritate,
2906 5018 2974 5072 de
3026 5018 3196 5073 sacris
3270 5017 3510 5088 reliquiis
3580 5025 3635 5072 et
3688 5033 3808 5088 pre-

2217 5145 2305 5200 ap.
2336 5129 2801 5200 Seheelstratium,
2827 5127 3061 5200 Diss._dc
3110 5127 3389 5200 catalogis,
3420 5142 3544 5196 cap.
3579 5127 3633 5200 8,
3664 5142 3719 5180 n.
3750 5125 3800 5178 ι.

2255 5197 2368 5282 ξ(ά)
2394 5199 2495 5270 Ap.
2525 5199 2821 5268 Ciampin.,
2865 5200 2917 5253 in
2945 5197 3137 5252 Exani.
3190 5198 3283 5251 lib.
3325 5197 3510 5263 Pont.,
3545 5197 3637 5249 ubi
3679 5213 3803 5267 pro-

2218 5286 2384 5325 lee.

2289 5343 2359 5412 (ej
2394 5341 2467 5394 De
2509 5338 2655 5408 Orig.
2690 5338 2963 5407 Templor.
3020 5337 3111 5391 lib.
3162 5353 3219 5401 ιι,
3269 5352 3390 5407 cap.
3442 5335 3533 5403 11,
3565 5335 3593 5408 ς
3626 5335 3681 5399 7,
3713 5350 3800 5403 ap.

2217 5411 2508 5480 Ciampin.,
2551 5412 2635 5463 tibi
2663 5426 2817 5480 prox.

2313 5484 2355 5553 ι’)
2375 5474 2676 5553 ’ὓὶξέει-ιειιί
2695 5479 2761 5532 de
2792 5477 2984 5553 paucit.
3014 5485 3327 5553 martyrum,
3355 5476 3495 5546 apud
3528 5474 3797 5537 RuinarL,

2218 5546 2367 5626 ρι’(ὖῇ
2401 5551 2465 5626 ad
2492 5551 2639 5626 Acta
2656 5558 2815 5603 mart.
2840 5548 3067 5626 sinet-ra,
3095 5560 3214 5615 pag.
3247 5546 3332 5600 67.

2289 5484 2306 5553 (

2314 5624 2366 5693 g)
2398 5622 2544 5693 Sect.
2578 5620 2665 5684 12,
2702 5617 2978 5693 pagLWB.
3294 5686 3305 5693 _
3529 5686 3555 5693 _
3670 5683 3699 5693 ﬂ
3746 5683 3758 5692 .

2314 5626 2366 5693 g)
2398 5626 2544 5675 Sect.
2578 5626 2665 5684 12,
2702 5633 2819 5686 pag.
2854 5626 2978 5672 108.
3746 5683 3758 5692 .

2292 5626 2369 5763 1η)
2401 5692 2539 5746 Diss.
2565 5693 2631 5746 de
2660 5698 2772 5743 ant.
2807 5687 2961 5743 Boni.
2996 5696 3144 5758 pont.
3169 5686 3351 5751 cata|.,
3380 5701 3501 5757 cap.
3525 5686 3579 5751 9,
3601 5683 3720 5751 n.9,
3743 5697 3796 5735 in

2222 5767 2357 5906 ﬂﬂii)
2393 5831 2576 5887 Exam.
2612 5831 2702 5886 lib.
2738 5829 2916 5894 Pont.,
2945 5836 3079 5885 sect.
3114 5827 3201 5896 12,
3243 5840 3363 5897 pag.
3408 5825 3529 5880 108.
