4014 6368
241 344 347 402 5ί9

1128 339 1571 395 DlSSER'l‘A'l‘iO
1612 340 1700 394 DE
1744 339 2015 395 DAMASO
2054 339 2140 395 ΕΓ
2182 339 2594 399 LAURENTIO.

3370 346 3477 405 550

240 456 409 522 cibus,
448 452 513 508 de
564 459 869 507 sanctorum
924 451 1278 513 invocatione,
1329 449 1395 503 de
1438 465 1710 504 sacrorun
1738 450 1811 503 ri-
1839 460 1885 513 Α
1913 457 2073 517 atque
2093 451 2402 518 :equahilior
2427 452 2641 506 secundi
2684 451 2996 521 pontificum
3051 453 3277 524 catalogi
3320 463 3479 526 atque

240 558 390 601 tuum
425 543 716 614 pnesertim
743 541 1107 610 liturgicorum
1145 540 1463 608 antiquitate
1498 547 1549 592 et
1575 539 1804 607 origine,

238 652 399 706 quam
427 643 707 701 utramque
736 641 1017 700 tantopere
1048 630 1335 697 infringere
1374 636 1619 696 satagunt
1643 642 1808 682 nova-

238 736 403 791 tores,
442 725 615 791 deque
650 715 895 776 universa
942 720 1424 775 ecclesiasticarum
1454 734 1628 773 rerum
1659 733 1806 771 sum-

237 830 354 877 ma;
387 827 604 881 prorsus
636 818 696 864 ut
739 810 790 863 in
820 810 901 863 his
929 808 1139 864 duobus
1170 817 1335 861 totam
1368 807 1533 861 ferme
1568 805 1802 874 discipli-

238 919 321 957 nte
351 903 599 959 Ecclesia:
628 902 800 970 legem
848 900 1103 970 pendere,
1158 899 1483 967 praecipuum
1514 898 1704 951 saltem
1756 896 1807 951 in

237 994 319 1048 eis
340 992 703 1049 Romanorum
724 991 913 1065 prjoris
938 990 1037 1043 teri
1056 988 1341 1059 primulum
1372 987 1608 1042 historiae
1636 986 1807 1041 cardi-

237 1098 361 1137 nem
394 1082 529 1136 verti
560 1096 665 1135 non
696 1078 965 1133 immerito
995 1079 1210 1134 dixeris.

309 1173 420 1229 Nec
466 1173 681 1227 humani
722 1181 927 1225 tantum
976 1170 1183 1224 consilii
1233 1177 1326 1224 aut
1378 1167 1648 1223 industria:
1676 1184 1811 1237 opus

236 1265 655 1319 existimandum
676 1273 777 1329 est,
801 1263 945 1332 quod
971 1272 1253 1331 utrumque
1282 1261 1411 1316 illud
1433 1261 1808 1316 ecclesiasticze

237 1356 575 1424 antiquitatis
604 1360 1008 1408 monumentum
1050 1352 1103 1406 in
1145 1352 1414 1407 communi
1444 1351 1555 1405 fere
1584 1351 1807 1405 aliorum

236 1446 518 1514 naufragio
546 1456 819 1515 superstes
850 1445 1071 1514 Sponsae
1096 1458 1208 1498 snze
1227 1442 1519 1498 servaverit
1545 1441 1806 1505 Christus,

235 1536 324 1590 his
370 1535 703 1605 potissimum
746 1535 1059 1604 procellosis
1121 1535 1452 1603 temporibus
1495 1548 1525 1588 e
1573 1532 1807 1586 tenebris

235 1625 570 1690 eruendum;
640 1626 891 1694 quodque
944 1625 1025 1679 vel
1084 1624 1459 1679 haereticorum
1507 1624 1805 1687 nonnullis,

234 1717 394 1785 queis
423 1717 472 1770 in
499 1717 596 1770 hac
625 1725 777 1784 parte
807 1731 902 1770 cor
928 1714 1169 1785 profecto
1192 1715 1392 1785 sapuit,
1421 1730 1542 1769 eam
1574 1723 1806 1770 mentem

1906 535 2049 591 Anas
2074 538 2170 591 asii
2204 538 2334 592 fides
2374 539 2679 605 haberetur,
2717 556 2814 595 nec
2841 542 3134 610 quidquam
3178 544 3228 597 in
3252 553 3483 614 utroque

1907 630 2167 699 scriptore
2191 629 2504 685 delicatulos
2526 633 2879 703 muliebrique
2920 635 3143 690 malacia
3173 635 3481 695 laborantes

1907 719 2214 773 stomachos
2244 719 2478 774 fastidire
2508 736 2776 777 cerneres.

1980 810 2177 865 Fontes
2220 811 2434 878 igiture
2458 813 2649 881 quibus
2689 816 3176 887 manuscriptorum
3227 818 3485 877 Codicum

1906 901 2203 969 prazsertim
2246 902 2624 957 historicorum
2674 906 2797 959 vitia
2841 907 3271 976 frequentissima
3300 912 3365 966 ad
3387 929 3487 968 nos

1908 1001 2227 1045 emanarunt
2251 991 2301 1046 hi
2324 994 2592 1065 praecipue
2619 1010 2648 1048 a
2678 997 2878 1051 criticis
2900 998 3218 1053 indicantur.
3252 1000 3483 1057 Hetero-

1908 1083 2169 1138 doxorum
2190 1085 2439 1154 pravitas,
2464 1088 2578 1155 qui,
2599 1098 2655 1140 ut
2677 1087 2970 1144 Catholicis
2991 1090 3254 1159 dogmatis
3280 1094 3483 1149 calum-

1908 1174 2058 1229 niose
2079 1175 2446 1244 detraherent,
2464 1194 2567 1231 non
2590 1195 2713 1233 raro
2744 1190 2979 1236 veterum
3003 1184 3202 1253 scripta
3232 1199 3485 1254 corrupe-

1909 1272 2029 1318 runt
2056 1280 2118 1319 ac
2140 1269 2620 1321 couunacularunt.
2665 1267 2935 1324 Interdum
2973 1271 3209 1340 ipsorum
3249 1276 3480 1329 catholi-

1910 1371 2111 1421 corum,
2166 1372 2322 1425 quos,
2375 1359 2502 1411 dum
2552 1361 2770 1428 privatae
2810 1364 3037 1433 quisque
3083 1365 3324 1434 opinioni
3384 1374 3481 1419 aut
3528 1356 3535 1361 ’

1908 1446 2205 1501 commodis
2244 1448 2361 1515 plus
2386 1447 2528 1515 justo
2552 1450 2808 1505 inservire
2852 1456 3063 1521 satagit,
3112 1454 3332 1508 ambitio
3361 1456 3479 1524 ple-

1908 1550 2140 1603 rumque
2186 1536 2326 1589 mala
2387 1537 2547 1591 falsos
2590 1537 2704 1592 fieri
2753 1540 2983 1608 subegit.
3016 1542 3186 1596 Nimia
3212 1545 3339 1598 item
3370 1545 3483 1613 pla-

1908 1640 2083 1694 neque
2112 1626 2418 1681 indiflerens
2446 1629 2784 1683 credulorum
2807 1631 3147 1700 simplicitas;
3173 1633 3227 1687 hi
3256 1634 3397 1687 enim
3420 1648 3487 1689 ex

1910 1715 2041 1772 falsa
2086 1727 2179 1772 aut
2226 1719 2367 1773 male
2404 1727 2583 1773 assuta
2622 1721 2867 1775 historia:
2920 1723 3109 1778 lacinia
3162 1725 3484 1794 papulorum

234 1806 491 1859 indiderit
512 1813 571 1858 ut
600 1806 803 1858 firmam
836 1814 1114 1875 ratamque
1141 1806 1403 1858 haberent
1432 1806 1550 1859 libri
1576 1804 1797 1860 Puntifi-
1829 1804 1876 1862 B
1909 1807 2067 1863 fidem
2088 1810 2384 1877 augendam
2416 1812 2680 1875 arbitrati,
2715 1812 2945 1867 anilibus
2972 1829 3115 1884 sarpe
3150 1814 3357 1872 fabellis
3382 1831 3482 1871 na-

232 1898 370 1951 calis
410 1897 806 1951 auctoritatem.
848 1898 1011 1952 David
1035 1900 1231 1952 etenim
1263 1897 1587 1961 Blondellus,
1619 1898 1809 1953 adver-

231 2002 330 2041 sus
359 1987 700 2042 Franciscum
733 1988 1051 2043 Turrianum
1102 1990 1338 2044 scribens
1363 1991 1457 2060 (a),
1488 1988 1815 2046 l’ontilicalis

234 2062 681 2135 libri‘anctorem
722 2083 1021 2151 scriptorem
1070 2092 1223 2136 vocat
1266 2085 1399 2152 forte
1445 2100 1545 2137 non
1590 2086 1811 2149 malum;

233 2187 362 2241 quze
389 2172 511 2241 quia
541 2173 817 2241 emphasin
842 2173 1153 2241 important,
1188 2175 1535 2241 sequentibus
1557 2175 1813 2229 BPondelli

231 2260 417 2314 verbis
442 2261 869 2332 dec'arantur(b)
890 2280 900 2313 :
921 2260 998 2315 Eo
1027 2262 1164 2314 enim
1214 2261 1343 2317 libro
1360 2274 1547 2317 veteres
1570 2262 1816 2317 Ecclesia:

235 2351 494 2406 Romam:
540 2354 726 2405 tabula:
750 2355 1096 2417 continentur,
1146 2352 1373 2423 nihilque
1416 2371 1473 2407 eo
1516 2356 1703 2423 scripto
1733 2355 1816 2407 in-

231 2445 551 2508 corruptius.
581 2442 689 2496 Ncc
716 2443 941 2496 inultum
982 2444 1049 2495 ah
1091 2443 1171 2496 his
1196 2443 1398 2497 abludit
1427 2442 1738 2509 Salmasius,
1763 2454 1816 2497 et

234 2530 357 2597 ipse
400 2531 779 2594 heterodoxus,
807 2532 919 2601 qui,
971 2530 1355 2587 Sclieelstratio
1404 2541 1541 2587 teste
1573 2533 1664 2604 (c),
1696 2533 1815 2587 libri

237 2620 568 2691 Pontiﬁcatis
597 2632 857 2677 auctorem
896 2625 1041 2693 quasi
1086 2626 1208 2678 solis
1250 2625 1396 2678 radio
1423 2627 1686 2694 scripsisse
1716 2626 1815 2679 ali-

235 2711 369 2765 cubi
400 2714 581 2789 tradit.
613 2712 785 2780 Atque
816 2713 925 2767 lucc
954 2713 1022 2767 de
1049 2714 1284 2768 secundo
1313 2715 1559 2783 catalogo
1589 2724 1641 2769 et
1675 2713 1815 2769 Pon-

234 2799 431 2859 tificali
452 2801 718 2859 Anastasii
748 2803 884 2858 libro
906 2807 1197 2872 generatim
1228 2804 1368 2858 dicta
1390 2814 1566 2859 sunto.

848 2933 1072 2990 CAPUT
1112 2934 1198 2988 ΙΙΙ.

235 3042 503 3119 Feliciani
543 3043 854 3119 I’pntiﬁcum
900 3048 1143 3119 catalogi
1169 3056 1318 3115 atque
1339 3048 1605 3103 Anastasii
1627 3058 1814 3114 textus,

313 3132 412 3196 quo
435 3116 545 3169 loco
573 3116 849 3171 Damasum
875 3116 1089 3186 uterque
1122 3118 1416 3187 Hispanum
1437 3122 1581 3187 facit,
1607 3122 1814 3175 omniin
1843 3154 1884 3214 Ο

312 3197 655 3255 incorruptus.

311 3297 585 3354 Hactenus
612 3300 829 3354 secundi
870 3299 1183 3355 Ptiﬂllilt'll‘ﬂ
1217 3302 1444 3370 catalogi
1487 3311 1648 3371 atque
1677 3302 1817 3357 Ana-

236 3386 393 3440 stasii
426 3388 796 3441 auctoritatem
836 3391 1130 3457 generatim
1172 3398 1340 3443 ratam
1371 3389 1485 3445 fore
1514 3402 1674 3461 atque
1700 3408 1819 3447 esse

238 3479 560 3544 docuimus;
610 3495 794 3533 verum
865 3498 987 3535 cum
1039 3498 1144 3535 non
1208 3482 1407 3536 idcirco
1455 3493 1683 3551 uterque
1731 3486 1818 3539 ille

238 3570 477 3638 scriptor
501 3571 645 3625 omni
676 3572 890 3639 penitus
912 3588 1061 3626 ll'.1.‘V0
1103 3580 1282 3627 careat
1314 3573 1405 3643 (id
1436 3574 1635 3627 etenim
1667 3575 1820 3629 unius

238 3658 440 3714 divina:
482 3661 770 3731 Scriptura:
835 3663 1167 3731 privilegium
1225 3671 1308 3718 est
1358 3678 1422 3717 ac
1469 3666 1819 3733 praerogativa

239 3749 532 3821 peculiaris
561 3752 600 3820 ),
634 3751 941 3822 singulatim
988 3761 1272 3822 propterea
1315 3752 1629 3806 eorumdem
1661 3751 1821 3807 Codi-

239 3855 370 3895 cum
395 3839 547 3893 fidem
599 3849 760 3909 atque
809 3842 952 3910 integ
985 3842 1166 3895 itatem
1219 3842 1629 3895 examinandam
1660 3842 1818 3895 duxi-

242 3946 403 3994 mus;
430 3947 540 4000 quo
585 3932 791 3986 scilicet
839 3932 958 3986 loco
1004 3932 1286 3985 Damasum
1335 3941 1561 3999 uterque
1592 3931 1822 3999 scriptor

242 4020 599 4073 disertissime
630 4018 921 4088 Hispanum
956 4019 1111 4086 facit;
1155 4020 1203 4073 id
1239 4020 1434 4073 etenim
1465 4029 1708 4074 centium
1739 4027 1823 4073 est

242 4119 304 4165 et
327 4125 521 4179 scopus
543 4111 801 4164 universa:
828 4110 1205 4179 disputationis
1232 4118 1446 4162 nosme.

321 4221 542 4291 Magnus
573 4224 699 4277 olim
737 4223 1059 4291 scriptorum
1089 4235 1283 4276 censor
1322 4228 1483 4289 atque
1530 4220 1822 4275 aestimator

245 4313 508 4371 Horatius
562 4316 640 4371 fas
689 4330 809 4370 esse
845 4314 1021 4368 aiebat
1052 4313 1148 4384 (ά),
1200 4313 1250 4367 in
1310 4314 1470 4382 longo
1529 4314 1821 4383 prasertim

245 4419 436 4475 opere,
482 4415 543 4459 ut
569 4420 789 4460 somnus
837 4405 1162 4475 quandoque
1208 4405 1519 4475 obreperet;
1564 4415 1727 4475 utque
1771 4406 1822 4459 il

1919 1901 2083 1955 tivum
2114 1902 2380 1958 historica:
2424 1904 2669 1959 veritatis
2712 1905 3051 1974 splendorem
3103 1908 3480 1964 obscurarunt.

1916 1995 2232 2064 Marginales
2277 2005 2535 2067 prmterea
2587 2000 2799 2067 glosszr,
2867 2015 3003 2068 quas
3055 2001 3483 2070 antiquariorum

1916 2088 2201 2142 oscitantia
2250 2096 2345 2142 aut
2372 2089 2639 2159 imperitia
2687 2090 2737 2144 in
2794 2098 3003 2145 textum
3050 2091 3283 2158 admi-it,
3340 2110 3490 2158 com-

1916 2178 2107 2246 pendia
2132 2178 2519 2248 scripturarum
2543 2195 2647 2234 non
2680 2182 2812 2236 satis
2848 2181 2914 2235 ab
2956 2181 3141 2236 iisdem
3192 2183 3485 2249 intellecta,

1916 2267 2204 2323 lectionum
2247 2272 2503 2336 varietas,
2544 2271 2796 2339 siglarum
2845 2272 3077 2343 denique
3132 2282 3490 2343 netarumque

1919 2361 2269 2414 numeralimn
2299 2360 2550 2430 frequens
2578 2378 2703 2417 usus
2731 2363 2783 2416 in
2808 2378 2866 2418 re
2894 2366 3187 2433 pnesertim
3209 2366 3493 2420 chronolo-

1916 2454 2057 2519 gica,
2081 2469 2305 2523 quarum
2336 2455 2464 2509 dum
2493 2456 2576 2509 vel
2608 2456 2826 2510 minima
2866 2471 2971 2510 non
2994 2472 3092 2510 suo
3122 2457 3241 2512 loco
3273 2459 3493 2527 ponitur

1916 2543 2312 2599 inextricabiles
2334 2561 2547 2600 errores
2574 2545 2796 2601 inducit.
2846 2544 3120 2616 Exemplis
3167 2560 3281 2602 rem
3341 2547 3491 2603 illus-

1920 2637 2138 2690 triorem
2172 2638 2283 2692 lore
2307 2639 2559 2693 arbitror.
2790 2704 2797 2711 η

1986 2723 2441 2780 Luciferianorum
2463 2727 2793 2797 aliorumque
2824 2725 3018 2780 Liberii
3065 2727 3486 2782 obtrectatorum

1916 2817 2238 2887 perversitas
2262 2818 2488 2884 genuina
2534 2818 2690 2885 hujus
2717 2817 2981 2886 pontificis
3008 2816 3140 2871 Acta
3193 2819 3494 2890 corrupisse

1916 2906 2075 2972 vulgo
2103 2907 2357 2974 creditur,
2387 2908 2765 2977 nonnullaque,
2793 2915 2851 2960 ut
2898 2908 3062 2976 ipsius
3110 2908 3263 2961 famae
3292 2909 3493 2961 calum-

1919 2996 2070 3049 niose
2101 2996 2464 3061 detraherent,
2497 2997 2805 3050 eorumdetu
2826 2998 2939 3052 loca
2966 2997 3335 3065 interpolasse.
3366 2997 3492 3065 Ejus

1919 3088 2102 3158 ﬂagitii
2134 3107 2240 3144 non
2273 3091 2498 3145 obscura
2537 3101 2825 3162 supersunt
2851 3092 3004 3147 nobis
3030 3092 3313 3149 liodiedum
3346 3094 3490 3161 apud

1920 3178 2254 3234 Anastasium
2292 3183 2514 3251 vestigia
2544 3197 2573 3235 a
2631 3183 2813 3250 primis
2862 3184 2965 3237 illis
3019 3183 3346 3253 temporibus
3393 3183 3492 3238 de-

1917 3270 2103 3333 ducta;
2124 3269 2240 3323 Vita
2264 3272 2460 3325 etenim
2491 3271 2686 3326 Liberii
2715 3281 2876 3344 prout
2905 3274 2956 3328 in
2982 3274 3207 3342 vulgatis
3228 3274 3494 3330 Anastasii

1918 3364 2198 3418 Codicibus
2220 3364 2610 3433 circumfertur,
2643 3382 2827 3433 parum
2857 3366 2957 3419 sibi
2980 3381 3272 3420 consonam
3313 3366 3494 3421 nescio

1918 3469 2076 3522 quam
2105 3454 2375 3523 prtescfcrt
2403 3455 2521 3525 styli
2554 3455 2886 3520 varietatem,
2937 3464 2990 3509 ut
3024 3471 3129 3509 non
3182 3456 3337 3509 unius
3390 3455 3494 3509 ali-

1918 3546 2067 3615 cujus
2091 3561 2225 3615 Opus
2253 3561 2371 3600 esse
2400 3561 2430 3601 e
2458 3547 2685 3615 vestigio
2716 3546 3081 3615 dignoscatur.
3106 3545 3217 3601 Nec
3238 3546 3494 3601 Damasus

1921 3648 2100 3692 noster
2124 3638 2175 3691 in
2204 3638 2303 3691 hac
2327 3645 2477 3706 parte
2505 3637 2710 3691 felicior
2738 3637 2852 3701 fuit,
2883 3639 3033 3704 cujus
3055 3638 3285 3691 historia:
3308 3637 3495 3705 genui-

1919 3729 2103 3797 nisque
2116 3727 2262 3781 Actis
2280 3727 2558 3797 p‘urimum
2578 3726 2821 3781 olfecisse
2837 3726 3229 3795 depravatrices
3248 3722 3494 3791 Ursicini,

1919 3833 2035 3882 seu,
2052 3818 2095 3871 si
2117 3818 2305 3881 mavis,
2333 3815 2529 3878 Ursini,
2550 3815 2918 3884 competitoris
2931 3814 3154 3883 ejusque
3170 3823 3495 3869 sectatorum

1922 3924 2128 3973 manus,
2160 3909 2446 3962 vehemens
2474 3908 2806 3962 eruditorum
2844 3890 3078 3976 suspicio
3133 3915 3233 3970 εει,
3288 3914 3347 3959 ιιι
3389 3920 3488 3960 suo

1922 3999 2040 4055 loco
2068 4000 2323 4053 dicemus.
2367 3996 2491 4051 litec
2514 3997 2581 4051 ad
2609 3997 2835 4067 primam
2865 3997 2933 4052 ab
2957 3996 3224 4052 liazreticis
3255 4011 3493 4051 causam.

1991 4111 2278 4167 Contentio
2294 4108 2666 4164 Alexandrina:
2681 4118 2735 4164 et
2752 4110 3099 4165 Antiochene
3120 4124 3239 4164 cum
3256 4108 3496 4162 Romana

1923 4205 2159 4261 Ecclesia
2187 4203 2253 4258 de
2275 4204 2527 4272 primatu,
2556 4202 2697 4270 quod
2723 4214 2949 4271 utraque
2979 4202 3066 4255 illa
3096 4216 3203 4256 nou
3226 4200 3405 4254 minus
3432 4214 3497 4252 ac

1925 4297 2164 4352 Romana
2190 4310 2250 4350 se
2304 4295 2510 4349 diceret
2538 4292 2912 4363 apostolicam,
2944 4307 3163 4347 causam
3209 4290 3498 4359 przehuisso

1921 4391 2080 4458 vulgo
2105 4392 2344 4446 creditur
2365 4399 2421 4444 ut
2444 4389 2686 4458 quaedam
2711 4403 2775 4442 ex
2801 4386 3110 4457 apocrypha
3141 4383 3365 4452 epistula
3396 4396 3497 4435 no-

244 4495 485 4564 catalogi
530 4496 749 4552 secundi
798 4498 1043 4566 scriptori
1095 4506 1259 4565 atque
1311 4498 1470 4551 etiam
1512 4497 1817 4559 Anastasio,

1927 4483 2070 4537 mine
2097 4483 2388 4537 Clementis
2414 4497 2584 4551 papae,
2610 4480 2677 4535 ad
2706 4479 2963 4535 Jacobum
3016 4478 3236 4532 fratrem
3287 4475 3497 4533 Domini

247 4602 431 4656 neque
458 4587 741 4641 admodum
766 4598 909 4652 raro,
934 4588 1219 4656 contigisse
1244 4586 1523 4653 fateamur,
1555 4589 1819 4641 neminem

248 4687 539 4747 propterea
573 4676 684 4731 fore
711 4686 840 4746 puto
860 4677 950 4746 qui
973 4677 1186 4745 utrique
1216 4677 1311 4743 illi,
1343 4693 1570 4747 quorum
1600 4676 1822 4731 cmtero-

247 4771 384 4840 quin
409 4770 544 4823 adeo
573 4778 654 4823 est
677 4769 1031 4823 conducibilis
1075 4767 1357 4833 industria,
1406 4770 1677 4836 vulgarem
1705 4784 1822 4823 eam

247 4861 446 4917 saltem
475 4860 853 4927 indulgentiam
894 4860 1056 4914 rebus
1099 4858 1215 4913 aliis
1245 4859 1539 4928 desperatis
1558 4860 1824 4929 denegan-

246 4952 377 5008 dam
420 4961 656 5006 censeat.
703 4950 901 5005 Verum
941 4950 985 5005 si
1012 4965 1199 5004 eorum
1231 4958 1411 5003 tamen
1441 4949 1736 5003 doctrinam
1758 4949 1826 5003 ad

250 5043 490 5099 cribrum
523 5040 811 5095 liodiedum
842 5039 1185 5096 exactissime
1213 5053 1471 5094 revocare
1500 5037 1708 5104 liceret,
1736 5052 1825 5092 es-

250 5144 443 5201 setque
468 5130 559 5200 qui
582 5131 752 5185 solida
799 5129 1041 5197 ejusdem
1064 5144 1226 5198 grana
1249 5129 1412 5184 sciret
1439 5127 1823 5191 internoscere,

240 5214 420 5293 atque
452 5223 517 5277 ab
548 5221 742 5277 infelici
795 5221 943 5285 lolio,
990 5223 1170 5274 forsan
1219 5228 1275 5274 et
1319 5235 1347 5273 a
1391 5217 1829 5288 superseminatis

254 5314 475 5369 aizaniis
498 5327 777 5367 secernere
807 5311 823 5383 (
854 5311 1058 5380 glossas
1097 5310 1355 5378 intelligo,
1406 5309 1827 5378 antiquariorum

254 5404 576 5474 sphalmata,
609 5403 790 5471 siglas,
833 5402 1131 5457 litterarum
1168 5416 1392 5471 compen
1413 5401 1500 5466 lia,
1527 5400 1830 5456 numerales

258 5503 433 5560 notas,
465 5502 624 5562 atque
653 5494 704 5548 id
742 5507 910 5562 genus
937 5491 1191 5561 reliqua),
1236 5492 1567 5547 constantior
1592 5490 1830 5545 fortassis

331 5645 408 5716 (τι)
435 5644 585 5715 Apud
634 5643 1004 5716 Sejreelstrap,
1036 5643 1171 5697 Diss.
1221 5643 1287 5698 de
1338 5652 1447 5697 ant.
1493 5642 1826 5712 Rom.pont.

255 5712 515 5781 catatog.)
540 5730 657 5783 cap.
683 5712 733 5776 9,
761 5729 906 5767 num.
933 5713 988 5767 9.

326 5782 417 5857 .(b)
456 5782 619 5851 Ibid,
639 5800 727 5853 ap.
754 5784 1023 5838 eumdem.

1922 4573 2249 4642 appellatum
2304 4573 2525 4637 directa,
2584 4569 2720 4625 Vita:
2768 4569 2927 4637 hujus
2967 4565 3234 4636 pontificis
3289 4573 3499 4618 attexc-

1922 4673 2125 4725 rentur.
2179 4678 2299 4718 cum
2353 4663 2537 4732 primis
2583 4675 2711 4715 vero
2764 4657 3053 4713 Clementis
3091 4654 3387 4723 designatio
3431 4655 3499 4707 ad

1924 4755 2203 4825 apostolici
2233 4754 2464 4808 muneris
2490 4752 2798 4820 dignitatem
2825 4750 3013 4803 eodem
3036 4762 3255 4818 prorsus
3282 4744 3439 4799 modo
3467 4759 3498 4798 a

1925 4846 2083 4900 beato
2098 4846 2256 4900 l’etro
2273 4844 2516 4915 apostolo
2538 4842 2695 4905 facta,
2722 4857 2828 4911 quo
2857 4839 3043 4893 l’etrus
3077 4839 3185 4907 ipse
3212 4835 3499 4904 regendam

1926 4950 1957 4988 a
2011 4934 2223 4990 Christo
2254 4935 2478 4988 Domino
2519 4940 2828 5001 susceperat
2877 4928 3194 4992 Ecclesium,
3247 4941 3406 4996 qttam
3438 4936 3495 4981 et

1927 5025 2068 5095 apud
2096 5024 2432 5081 Anastasium
2457 5025 2699 5093 legimus.
2736 5021 2995 5075 Putabant
3021 5019 3213 5072 ctenim
3243 5017 3499 5072 Romana:

1928 5133 2035 5188 pra:
2073 5119 2189 5174 aliis
2236 5117 2486 5172 Ecclesiis
2536 5114 2806 5183 dignitatis
2849 5121 3143 5167 assettores
3175 5109 3501 5181 peculiarem

1929 5212 2065 5265 hanc
2092 5209 2378 5265 Clementis
2406 5224 2436 5262 a
2466 5207 2624 5262 beato
2667 5205 2829 5261 Petro
2874 5203 3295 5275 designationem
3339 5216 3500 5272 argu-

1929 5313 2110 5360 mento
2144 5302 2259 5359 fore
2279 5302 2530 5373 specialis
2552 5315 2765 5369 quoque
2795 5298 3050 5352 Romana:
3073 5294 3339 5351 cathedra:
3369 5301 3495 5349 ante

1931 5398 2064 5451 alias
2090 5394 2439 5457 excellentize,
2466 5392 2833 5462 priinatusque
2863 5388 3111 5444 Ecclesite
3148 5384 3497 5450 universalis;

1931 5489 2081 5559 quasi
2105 5503 2230 5542 vero
2273 5485 2563 5541 defuissent
2612 5482 2695 5537 vel
2753 5492 2861 5537 tum
2906 5479 3121 5537 indubia
3168 5478 3271 5533 alia
3305 5490 3499 5532 monu-

2004 5646 2074 5708 (ε)
2115 5643 2269 5704 fbid.,
2299 5638 2681 5711 ap._en_mdcm.

2007 5716 2085 5783 (di
2126 5712 2180 5767 In
2213 5708 2358 5777 Arte,
2388 5708 2509 5765 360.
