4014 6368
481 357 580 416 Bal

1282 359 1602 417 ADDL’NDA
1643 359 1734 415 AD
1772 358 2095 426 QUUSDAM
2141 357 2660 414 PRJLCEDENTES
2704 357 2957 414 TOMOS.

3670 356 3771 413 592

482 481 689 540 menta,
720 472 871 544 queis
899 473 1082 529 itidem
1114 473 1364 545 primaria
1389 472 1645 528 Romana:
1674 473 1818 529 sedis
1844 473 2073 543 dignitas
2106 477 2150 536 A
2178 472 2488 527 abierimus.
2548 471 2865 528 Anastasius
2909 471 3139 525 Damaso
3195 468 3545 540 pontificatus
3595 484 3770 527 annos

480 567 740 622 sustineri
766 582 828 621 ac
857 565 1216 622 demonstrari
1244 565 1403 635 plane
1431 572 1637 635 posset.
1665 563 1740 619 En
1766 564 1924 619 aliam
1968 563 2074 619 de-

483 659 748 728 pravandi
777 656 1007 713 Codices
1035 671 1251 713 causam
1284 671 1512 726 eamque
1542 672 1573 710 a
1610 656 1902 712 Catholicis
1943 672 2072 726 pro-

484 752 703 807 fectant.

560 866 697 933 Quid
727 876 907 923 autem
938 867 1003 921 de
1031 865 1296 922 Anastasii
1317 866 1439 920 colo
1467 865 1519 919 in
1552 866 1670 919 Vita
1704 864 1779 920 Pii
1826 882 1979 938 papa:
2034 864 2073 929 l,

489 956 578 1011 ubi
599 955 822 1011 Hermes
842 957 1081 1026 quidam,
1100 956 1216 1025 ejus
1237 957 1580 1026 pontilit-atus
1603 966 1864 1027 tempore,
1885 958 2075 1011 librum

489 1049 859 1118 composuisse
895 1048 1129 1104 dicitur:
1169 1049 1224 1101 in
1274 1065 1371 1119 quo
1429 1048 1732 1102 mandatum
1785 1050 2078 1102 continetur

497 1143 634 1211 quod
663 1141 708 1195 ei
737 1142 979 1212 pra'cepit
1003 1142 1216 1212 angelus
1244 1140 1480 1209 Domini,
1510 1158 1625 1195 cum
1652 1141 1722 1194 ad
1743 1158 1859 1195 eum
1885 1143 2079 1196 veniret

489 1234 739 1289 inhabitu
778 1236 1024 1305 pastoris,
1064 1246 1113 1289 et
1137 1236 1383 1306 pra'cepit
1415 1237 1538 1289 eiut
1586 1247 1823 1290 sanctum
1873 1236 2076 1289 Pascha

489 1327 573 1380 die
607 1325 879 1381 Dominico
926 1324 1269 1380 celebraretur
1295 1327 1447 1396 (a)?
1488 1325 1613 1381 Haec
1651 1341 1718 1381 ex
1768 1328 2078 1398 apocrypha

486 1414 941 1470 Constitutionum
972 1414 1267 1469 Clementis
1289 1416 1426 1470 libro
1456 1414 1523 1470 ad
1547 1417 1899 1486 supplendam
1934 1417 2077 1471 anti-

486 1506 725 1572 quissimi
756 1504 1021 1560 Liberiani
1066 1505 1380 1575 pontilicum
1412 1507 1640 1575 catalogi
1673 1508 1941 1576 lacunam,
1986 1516 2081 1563 aut

486 1616 554 1655 ex
580 1599 728 1657 Actis
747 1602 1067 1671 quihusdam
1089 1609 1290 1657 sancta:
1337 1601 1685 1659 Pudentiante
1736 1603 1957 1674 virginis
1983 1619 2077 1660 ca-

487 1691 1063 1764 talogidescripwrem
1107 1702 1311 1749 temere
1341 1703 1641 1751 mutuatum
1694 1694 1857 1750 fuisse
1902 1696 2078 1766 suspi-

485 1793 641 1840 catur
690 1783 884 1839 Senior
927 1784 1255 1838 Blanchinus
1311 1784 1444 1854 (ὁ).
1492 1783 1661 1839 Erunt
1708 1786 1936 1841 fortasse
1984 1786 2074 1855 qui

486 1886 710 1947 propter
735 1876 1093 1931 Asiaticorum
1139 1892 1262 1931 cum
1295 1876 1554 1933 Romanis
1582 1878 1849 1949 episcopis
1877 1878 1943 1934 de
1970 1877 2076 1933 Pa-

486 1970 680 2025 schate
708 1969 1008 2035 dissidium,
1037 1971 1181 2039 quod
1208 1987 1331 2026 mox
1363 1972 1461 2026 sub
1487 1972 1706 2026 Vielore
1729 1988 1865 2042 papa
1895 1988 2076 2028 recru-

487 2059 627 2125 duit,
679 2061 940 2130 integram
981 2062 1258 2132 periodqu
1302 2062 1460 2130 hujus
1509 2063 1778 2133 pontificis
1835 2072 2078 2134 tempore

488 2152 755 2221 adiectam
779 2154 1018 2217 credant,
1053 2162 1112 2209 ut
1139 2155 1275 2208 sacri
1306 2155 1511 2209 scilicet
1550 2154 1850 2210 Pasehatis.
1877 2157 1928 2210 in
1989 2156 2078 2213 die

488 2243 767 2299 Dominica
797 2245 1105 2316 religiosum
1133 2246 1334 2300 cultum
1367 2248 1559 2301 nedum
1592 2262 1659 2301 ex
1712 2247 2076 2316 apostolorum

488 2326 800 2401 traditione,
827 2332 920 2391 sed
949 2351 1016 2390 ex
1045 2337 1223 2390 divina
1239 2352 1456 2405 quoque
1482 2337 1820 2392 institutione
1841 2338 2072 2393 derivari

486 2424 853 2479 ostenderent.
883 2424 1100 2481 Utrovis
1125 2436 1304 2481 autem
1327 2430 1487 2483 modo
1515 2444 1574 2485 se
1599 2444 1683 2483 res
1707 2429 1920 2494 habeat,
1946 2429 2076 2483 iliud

487 2527 635 2573 certe
659 2517 727 2573 de
755 2523 939 2590 angelo
967 2519 1023 2573 in
1052 2519 1227 2573 habitu
1256 2521 1480 2590 pastoris
1503 2529 1817 2591 apparente,
1850 2521 2075 2575 alteram

486 2627 607 2668 esse
637 2623 850 2669 constat
878 2631 1085 2680 earum,
1124 2631 1256 2684 quas
1288 2615 1447 2671 modo
1476 2615 1788 2671 ditebamus
1836 2614 2076 2682 lacinias,

484 2719 518 2759 a
538 2707 868 2776 simpliciore
896 2708 1078 2777 aliquo
1108 2724 1204 2777 per
1230 2708 1465 2777 speciem
1516 2709 1729 2779 pietatis
1759 2720 1967 2762 temere
1993 2706 2076 2761 hi-

483 2799 669 2853 storia:
697 2808 955 2863 assutam,
987 2800 1200 2853 tertiani
1226 2800 1475 2854 videlicet
1505 2814 1734 2867 eamque
1755 2815 1863 2853 non
1914 2798 2078 2853 infre-

481 2896 737 2960 quentem
767 2889 1165 2960 depravationis
1185 2888 1444 2945 Codicum
1482 2906 1723 2946 causam;

559 3004 774 3072 Quarta:
804 3005 956 3058 nobis
973 3004 1278 3074 exemplum
1309 3005 1614 3075 suppeditat
1634 3002 1903 3058 Anastasii
1934 3017 2080 3057 com-

483 3110 571 3151 ma
622 3098 673 3150 in
720 3095 835 3149 Vita
875 3093 1110 3149 Damasi.
1142 3092 1268 3147 Fuit
1302 3107 1472 3147 autem
1520 3093 1780 3148 Damasus
1811 3096 1828 3162 (
1862 3093 2071 3163 inquit)

486 3187 796 3257 temporibus
824 3185 1022 3240 Iuliani
1056 3188 1124 3256 (c)
1156 3202 1274 3257 qua:
1303 3201 1610 3256 quanquam
1660 3186 1851 3241 eodem
1910 3185 1950 3237 Β
1974 3201 2070 3239 an-

486 3280 652 3335 chino
681 3287 817 3333 teste
849 3279 948 3348 (ιι),
975 3294 1041 3333 ex
1068 3279 1372 3347 depravatis
1396 3277 1596 3333 Liberii
1640 3276 1682 3331 A
1722 3279 1789 3333 tis
1845 3277 2068 3332 descen-

489 3371 621 3426 dere
646 3371 887 3425 nonnuli
917 3371 1284 3440 suspicentur,
1328 3372 1548 3441 rropius
1580 3380 1755 3425 tamen
1789 3387 1920 3426 vero
1951 3386 2073 3426 cre-

482 3458 735 3527 diderim,
758 3460 825 3514 ab
856 3460 1104 3530 imperito
1126 3460 1201 3514 rei
1224 3461 1620 3529 chronologica:
1640 3461 1939 3528 glossatore
1968 3474 2075 3513 ora:

485 3553 715 3624 primum
753 3551 970 3607 Codicis
1012 3552 1256 3621 apposita
1288 3550 1541 3620 indeque,
1568 3560 1624 3605 ut
1652 3550 1730 3617 lit,
1768 3552 1818 3604 in
1871 3559 2075 3605 textum

483 3645 768 3716 irrepsisse
816 3645 883 3697 ab
943 3644 1247 3714 antiquaria
1301 3643 1509 3698 scilicet
1563 3643 1893 3696 introducta.
1948 3630 2076 3711 Ejus

483 3737 615 3794 mihi
647 3738 722 3792 rei
756 3736 913 3791 [idem
946 3750 1082 3805 pene
1107 3732 1234 3789 facit
1281 3735 1575 3802 inlubiam,
1606 3734 1750 3803 quod
1808 3734 1852 3788 si
1911 3735 2075 3788 verba

482 3828 569 3884 illa
594 3828 838 3898 stirpitus
863 3841 894 3881 e
919 3835 1064 3881 textu
1096 3826 1375 3888 avulseris.
1408 3825 1602 3879 nedum
1658 3840 1848 3879 sensus
1894 3840 2075 3895 perse-

482 3926 635 3973 verat
684 3919 909 3986 integer,
951 3918 1045 3971 sed
1102 3925 1158 3970 et
1196 3916 1521 3971 narrationis
1575 3917 1746 3971 series
1803 3933 1908 3970 non
1962 3916 2073 3985 jam

485 4018 545 4062 ut
572 4010 776 4080 pridem
808 4009 1053 4063 videatur
1077 4009 1396 4078 interrupta.
1425 4006 1693 4078 Quidquid
1729 4017 1908 4062 autem
1940 4009 2071 4062 illud

484 4099 668 4167 fuerit,
698 4101 1038 4154 falsissimam
1062 4117 1127 4155 eo
1151 4108 1420 4155 commate
1472 4102 1895 4154 enuntiationem
1942 4116 2074 4155 con-

485 4193 645 4247 tineri
677 4191 1018 4246 manifestum
1045 4200 1147 4257 est,
1172 4206 1293 4246 cum
1332 4189 1579 4245 Julianus
1608 4192 1731 4244 vivo
1762 4190 1979 4245 Liherio
2009 4190 2076 4244 ad

486 4297 523 4336 v
571 4282 777 4338 scilicet
821 4281 939 4337 Kal.
986 4282 1153 4337 Julias
1208 4298 1349 4337 anno
1407 4282 1530 4345 563,
1575 4287 1685 4351 jam
1736 4284 1877 4338 diem
1919 4298 2075 4337 suum

484 4375 730 4442 obiisset,
764 4377 814 4430 id
841 4384 942 4440 est,
976 4376 1148 4430 solido
1181 4377 1411 4430 triennio
1440 4384 1565 4429 ante
1598 4377 1808 4429 Damasi
1838 4374 2077 4445 pontili-

483 4478 688 4533 catum,
715 4467 871 4538 cujus
900 4468 1107 4523 initium
1140 4485 1167 4521 a
1192 4466 1446 4521 Kalendis
1477 4468 1693 4521 demunt
1751 4466 2073 4521 Octobribus

482 4562 609 4616 anni
640 4561 763 4628 566,
796 4559 1055 4616 Gratiano
1083 4571 1138 4615 et
1167 4561 1462 4630 Daglaiplio
1488 4577 1655 4628 coss.,
1688 4561 2071 4631 ausiticandum

482 4653 596 4725 ipse
617 4653 943 4707 B'anchiuus
972 4652 1250 4708 evidenter
1275 4654 1663 4707 dentonstravit
1696 4655 1789 4721 (ε).

554 4769 708 4836 Quod
772 4770 840 4824 ad
895 4770 1306 4839 chronologiam
1362 4769 1575 4835 attinet,
1627 4768 1677 4823 id
1728 4775 1809 4822 est
1858 4766 1907 4819 in
1940 4764 2078 4821 desi-

482 4865 694 4933 gnanda
717 4865 926 4918 ratione
959 4865 1215 4934 temporis
1237 4880 1343 4933 quo
1368 4864 1735 4932 Unusquisque
1758 4862 2071 4932 pontillcmn

482 4957 665 5011 sedem
686 4956 937 5015 obtinuit,
958 4956 1150 5009 mirum
1175 4964 1430 5024 quantum
1468 4954 1761 5007 dissideant
1794 4962 1903 5005 tum
1938 4953 2078 5006 inter

482 5061 564 5111 se,
597 5055 709 5099 tum
735 5047 976 5100 etiamab
999 5046 1303 5108 Anastasio,
1322 5046 1549 5101 Codices
1570 5056 1624 5099 et
1651 5045 1883 5112 catalogi
1914 5053 2076 5098 ante-

482 5137 658 5195 riores
686 5155 700 5203 ;
728 5138 889 5207 idque
918 5140 1205 5208 plurimum
1240 5155 1304 5195 ex
1347 5129 1701 5193 aritlnneiicis
1740 5139 1882 5192 notis
1935 5153 2073 5207 pra:-

480 5241 699 5309 postere
727 5232 964 5286 autalias
997 5249 1101 5287 non
1124 5248 1220 5288 suo
1247 5233 1367 5286 loco
1394 5232 1690 5296 collocatis,
1710 5230 1955 5299 aliquave
1984 5244 2077 5284 ea-

480 5340 600 5381 rum
632 5324 939 5393 importune
969 5325 1175 5394 adjecta
1201 5327 1281 5380 vel
1312 5326 1531 5391 omissa,
1563 5340 1682 5393 qua:
1704 5325 1756 5378 in
1778 5324 1881 5378 hoc
1912 5337 2074 5392 argu-

481 5424 666 5471 mento
691 5416 930 5469 minutia:
960 5416 1000 5470 si
1035 5418 1367 5485 negligantur
1399 5433 1622 5484 magnas
1660 5417 1713 5471 in
1742 5416 2071 5485 expedienda

483 5512 791 5576 temporum
842 5507 1051 5560 ratione
1078 5508 1416 5564 dillicultales
1446 5508 1699 5565 alierum.
1752 5508 1867 5563 Non
1918 5510 2076 5579 longe

555 5685 656 5760 (η.)
846 5688 1193 5769 Αιιειτςίιεηβιι
1225 5686 1341 5750 Pio,
1376 5698 1506 5743 tom.
1531 5688 1573 5755 l,
1601 5701 1720 5758 pag.
1765 5687 1843 5752 l4,
1868 5702 1935 5742 ex
1965 5702 2074 5757 quo

482 5756 1235 5840 ltmcladjitlera-tn.descripta
1260 5768 1401 5840 sunt:

490 5828 839 5949 Ξ1)(Ι))Ἰ“υ;ιι.
870 5829 907 5884 ll
932 5828 1227 5900 Anast.,’i.i
1258 5829 1352 5884 Pio
1382 5830 1421 5897 l,
1454 5845 1571 5901 pag.
1620 5830 1739 5884 lli.
1772 5829 1901 5885 Item
1948 5845 2069 5902 pag.

2179 580 2302 620 xvm
2346 580 2556 620 menses
2598 581 2653 631 ιι,
2697 564 2809 619 dies
2847 580 2900 629 ι,
2933 561 3206 627 attribuit;
3262 562 3541 631 catalogus
3588 571 3769 617 autem

2175 657 2442 713 secundus
2469 674 2638 712 annos
2660 666 2864 712 tantum
2886 672 3014 722 xm,
3046 670 3256 709 menses
3278 663 3457 709 tamen
3480 671 3561 720 Ill,
3587 655 3771 709 sedem

2179 748 2412 802 tenuisse
2454 748 2700 802 aﬂirmat.
2732 747 3022 802 Diversitas
3051 761 3117 801 ex
3165 746 3452 816 antiquarii
3483 746 3775 802 oscitantis

2180 849 2302 895 nata
2332 841 2587 906 creditur,
2618 841 2707 908 qui
2739 856 2858 894 cum
2887 838 3277 892 arithmeticam
3299 848 3480 892 notam
3513 854 3551 903 ι,
3576 853 3645 891 ex
3674 853 3774 893 an-

2182 946 2372 985 norum
2403 931 2586 985 areola
2618 928 2966 993 detraxisset,
3004 943 3122 982 eam
3146 942 3269 981 mox
3298 927 3647 998 pontiﬁcatus
3673 928 3776 984 Da-

2182 1022 2316 1076 masi
2345 1036 2558 1076 menses
2588 1035 2913 1074 enumerans
2944 1018 3131 1073 iisdem
3188 1018 3649 1088 importunissime
3687 1035 3774 1075 re-

2180 1111 2378 1178 stituit,
2409 1110 2563 1179 quasi
2591 1109 2658 1163 ad
2688 1123 2901 1165 menses
2931 1107 3110 1178 potius
3135 1122 3297 1177 quam
3329 1107 3396 1162 ad
3440 1122 3615 1164 annos
3653 1124 3777 1178 per-

2182 1202 2399 1257 tineret.

2254 1296 2329 1350 De
2352 1292 2950 1363 sigliscompendiisque
2967 1293 3263 1347 litterarum
3284 1292 3528 1361 uberior,
3557 1294 3775 1363 opinor,

2177 1401 2425 1441 errorum
2453 1399 2608 1455 seges
2637 1393 2743 1451 est,
2772 1400 2936 1454 quam
2961 1392 3019 1439 ut
3040 1399 3160 1439 eam
3183 1385 3640 1455 allatisexemplis
3655 1402 3779 1441 cou-

2181 1477 2397 1534 ﬁrmare
2439 1486 2707 1549 oporteat.
2740 1477 2925 1548 Neque
2952 1477 3164 1546 ambigo
3210 1477 3469 1532 nonnulla
3496 1478 3564 1532 ab
3620 1477 3771 1533 Ana-

2180 1571 2364 1635 stasio,
2400 1569 2642 1624 fortassis
2694 1568 2854 1623 etiam
2890 1584 2921 1621 a
2964 1568 3187 1623 secundi
3217 1568 3450 1639 catalogi
3479 1569 3772 1638 scriptore,

2181 1661 2234 1717 in
2264 1675 2586 1730 unoquoque
2615 1673 2814 1727 genere
2846 1658 3241 1728 praetermissa;
3268 1673 3455 1712 verum
3496 1673 3563 1713 ea
3592 1668 3777 1713 tamen

2179 1752 2373 1806 delicta
2394 1759 2520 1806 sunt
2546 1750 2742 1819 quibus
2770 1749 3039 1818 ignovisse
3061 1748 3239 1802 velim.
3274 1747 3484 1803 Etenim
3510 1748 3599 1802 ubi
3627 1750 3778 1818 plura

2110 1857 2154 1916 Β
2185 1843 2356 1896 nitent
2374 1841 2426 1895 in
2452 1855 2636 1911 Opere.
2661 1840 2845 1911 paucis
2872 1855 3007 1909 quas
3035 1848 3129 1893 aut
3154 1838 3343 1908 injuria
3366 1838 3496 1894 ludit
3533 1839 3779 1909 maculis,

2180 1941 2271 1987 aut
2301 1932 2535 1986 humana
2568 1946 2756 2002 parum
2788 1932 2934 1986 cavit
2956 1939 3171 1995 natura,
3199 1945 3306 1983 non
3338 1931 3589 1999 protinus
3608 1928 3780 1984 oﬂen-

2177 2024 2379 2079 duntur
2398 2024 2590 2093 quibus
2616 2031 2698 2078 est
2723 2037 2915 2093 equus,
2940 2030 2998 2076 et
3024 2031 3198 2092 pater,
3220 2030 3276 2076 et
3300 2037 3388 2076 res
3412 2038 3426 2086 ;
3454 2021 3564 2075 itno
3591 2037 3624 2077 e
3651 2037 3780 2076 con-

2180 2118 2344 2174 trario
2366 2118 2547 2173 mitius
2575 2132 2696 2171 cum
2720 2124 2943 2170 auctore
2972 2114 3258 2183 agendum,
3285 2115 3781 2183 sublevandamque

2178 2210 2294 2279 ejus
2337 2209 2653 2264 industriam
2682 2205 2992 2276 mquissimo
3029 2204 3151 2275 jure
3178 2213 3420 2269 censent,
3447 2204 3619 2259 sicubi
3663 2218 3780 2259 eam

2180 2302 2429 2358 laborare
2455 2300 2754 2368 contingat.

2250 2390 2363 2460 Ego
2395 2406 2522 2446 vero
2544 2389 2740 2444 nedum
2770 2388 2821 2442 in
2846 2388 2945 2442 hac
2969 2393 3121 2457 parte
3149 2385 3433 2440 Anastasio
3473 2394 3529 2440 et
3558 2384 3780 2443 secundi

2179 2481 2408 2549 catalogi
2439 2479 2688 2550 scriptori
2726 2476 3132 2546 inlulgendum,
3156 2476 3249 2530 sed
3282 2476 3506 2529 ulterius
3530 2491 3601 2530 ex
3655 2477 3781 2548 ipsis

2179 2573 2271 2641 qui
2296 2572 2348 2625 in
2379 2579 2607 2639 utroque
2646 2568 3054 2638 conspiciuntur
3077 2566 3241 2621 nmvis
3269 2581 3460 2620 eorum
3492 2564 3653 2619 [idem
3683 2566 3781 2621 nti-

2180 2665 2331 2719 rilice
2358 2661 2842 2718 commendandam
2872 2674 3089 2714 censeo.
3126 2656 3259 2712 Cum
3312 2656 3511 2711 etenim
3544 2656 3613 2710 de
3636 2655 3781 2711 Ana-

2180 2754 2348 2809 stasio
2378 2752 2781 2822 praedixerimus
2803 2750 3151 2805 collectorent
3182 2763 3327 2809 eum,
3370 2763 3479 2801 non
3505 2756 3781 2801 auctorem

2182 2847 2342 2901 fuisse
2372 2843 2699 2899 Pontilicalis
2750 2842 2869 2896 libri
2929 2844 3057 2911 (quo
3084 2841 3247 2895 etiam
3289 2838 3411 2908 jure
3456 2853 3520 2892 ac
3567 2838 3781 2893 nomine

2177 2937 2399 2993 secundi
2431 2935 2660 3003 catalogi
2680 2936 2911 3004 scriptor
2939 2948 3059 2986 meo
3090 2932 3306 3001 quidem
3330 2930 3537 2999 judicio
3560 2946 3781 2985 censen~

2180 3030 2280 3084 dus
2307 3030 2446 3098 et),
2488 3029 2677 3082 maluit
2700 3028 2836 3081 alter
2859 3042 2978 3097 qua:
3001 3027 3052 3080 in
3080 3025 3369 3079 Liberiano
3407 3023 3661 3093 catalogo
3700 3038 3781 3079 re-

2182 3129 2418 3193 pererat,
2453 3127 2723 3189 utcunque
2753 3116 2913 3172 dubia
2947 3126 3042 3171 aut
3090 3132 3282 3187 parum
3325 3115 3427 3170 sibi
3479 3125 3778 3186 comperta,

2194 3213 2536 3282 relinquere;
2576 3212 2711 3264 alter
2734 3224 2861 3263 vero
2891 3224 3010 3278 quzc
3050 3209 3101 3262 in
3160 3208 3429 3279 prioribus
3482 3208 3586 3261 iiiis
3624 3206 3781 3263 L'die-

2182 3305 2337 3359 riam
2362 3314 2413 3357 ct
2442 3301 2735 3369 Feliciruo,
2768 3311 2934 3370 atque
2962 3301 3014 3355 in
3047 3302 3409 3355 recentiorum
3456 3298 3781 3355 Pontilicutu

2184 3394 2314 3449 Vitis
2345 3395 2412 3447 ab
2436 3393 2669 3463 ipsarum
2702 3393 3019 3447 auctoribus
3061 3392 3259 3461 scripta
3288 3392 3496 3462 pridem
3547 3391 3779 3455 viderat,

2179 3487 2568 3557 qualiscunque
2612 3482 2829 3538 tandem
2878 3499 3067 3538 eorum
3124 3482 3254 3538 ﬁdes
3307 3493 3472 3548 esset,
3522 3484 3779 3548 retinere,

2181 3597 2340 3649 quam
2364 3580 2654 3648 quidquam
2701 3576 3038 3631 innnutando
3094 3583 3186 3630 aut
3230 3577 3457 3644 adjicien
3483 3578 3533 3632 lo
3584 3579 3778 3632 seriem

2179 3673 2567 3745 pontilicaIiutn
2626 3679 2899 3739 gestorum
2966 3670 3269 3724 universam
3316 3686 3467 3724 suam
3516 3671 3778 3739 quodam-

2179 3766 2342 3820 modo
2374 3763 2574 3829 facere,
2616 3762 2841 3832 ejusque
2878 3761 3161 3816 veritatem
3212 3762 3462 3815 tuendam
3511 3762 3567 3816 in
3616 3776 3675 3817 se
3702 3776 3784 3816 re-

2182 3859 2384 3929 ciperc.

2249 3950 2367 4005 Jam
2396 3965 2526 4004 vero
2554 3957 2610 4003 ut
2639 3964 2747 4019 quo
2775 3948 2887 4003 haec
2911 3948 3124 4003 demum
3151 3947 3456 4017 pertineant
3480 3947 3779 4010 videamus,

2179 4043 2449 4112 rogandus
2482 4042 2712 4112 primum
2744 4040 3098 4095 Terribilinus
3121 4048 3222 4102 est,
3244 4056 3369 4094 num
3400 4039 3526 4109 quid
3556 4038 3779 4095 Ursicini

2179 4135 2405 4203 ejusque
2445 4140 2775 4188 sectatorum
2806 4133 3091 4187 interesset
3122 4130 3414 4201 llispauum
3449 4132 3632 4201 petius
3674 4131 3778 4185 Da—

2178 4242 2385 4280 masum
2423 4223 2589 4277 fuisse
2619 4238 2779 4291 quam
2832 4221 3134 4277 Romanum
3160 4225 3240 4275 vel
3270 4221 3431 4275 aliubi
3461 4232 3666 4285 natum,
3723 4230 3783 4276 ut

2179 4334 2301 4373 eum
2342 4326 2653 4386 propterea,
2686 4330 2845 4370 secus
2884 4330 2948 4368 ac
2977 4329 3063 4368 res
3098 4313 3351 4380 habebat,
3385 4327 3485 4383 pro
3541 4311 3779 4383 Hispano

2179 4408 2554 4469 obtruderent,
2602 4406 3009 4474 secundumque
3081 4405 3393 4475 pontilicum
3474 4407 3777 4473 eatalogum

2179 4510 2341 4569 atque
2386 4498 2729 4551 Anastasium
2761 4496 2828 4550 de
2859 4512 2985 4551 vera
3019 4495 3228 4549 Damasi
3275 4496 3445 4565 patria
3492 4497 3779 4564 loquentes

2109 4606 2155 4665 υ
2184 4592 2448 4663 ﬂagitiose
2504 4601 2915 4660 corrmnpercnt
2939 4600 3030 4645 aut
3061 4593 3479 4662 interpolarent;
3514 4610 3582 4646 an
3616 4597 3656 4645 si
3690 4593 3776 4646 lli-

2183 4699 2410 4753 spatium
2428 4682 2712 4736 Damasum
2736 4682 3058 4736 ostendisset
3080 4679 3354 4736 Ursicino;
3379 4684 3702 4751 probrosum
3731 4685 3775 4737 ei

2181 4782 2483 4828 nomenaut
2507 4773 3094 4828 inclementiusdictum
3113 4774 3419 4842 oijcissct,
3444 4792 3553 4844 quo
3575 4777 3649 4829 sci
3678 4778 3689 4828 i
3726 4788 3778 4830 et

2181 4866 2279 4919 sibi
2308 4864 2567 4929 favorem,
2604 4865 2833 4919 Damaso
2864 4881 2992 4919 vero
3034 4866 3166 4919 cleri
3225 4875 3280 4919 et
3311 4870 3488 4935 populi
3548 4866 3591 4918 ll
3622 4884 3684 4919 -lll
3727 4870 3774 4921 ni

2181 4959 2442 5013 coitllaret
2472 4959 2744 5011 inviiiam.
2788 4956 3033 5012 Nondum
3076 4974 3142 5012 eo
3178 4969 3271 5011 aut
3301 4959 3414 5028 spei
3448 4967 3538 5010 aut
3574 4960 3777 5012 timon

2183 5050 2401 5103 tandem
2436 5049 2619 5117 patrire
2643 5050 2972 5113 communio,
3020 5057 3301 5118 potentum
3334 5048 3621 5112 clienti-he,
3662 5058 3774 5101 stn-

2180 5141 2263 5196 dia
2300 5141 2531 5211 denique
2561 5142 2791 5212 partium
2846 5148 3245 5211 processerant,
3270 5148 3329 5194 ut
3377 5140 3600 5209 proinde
3647 5139 3772 5192 nihil

2180 5248 2247 5288 ex
2295 5236 2394 5288 hac
2441 5245 2593 5303 parte
2643 5232 2873 5286 Damaso
2922 5232 3247 5285 obstiturum
3293 5240 3438 5285 esset
3489 5230 3773 5301 quominus

2181 5334 2330 5379 tanto
2374 5325 2582 5379 muneri
2624 5340 2721 5394 par
2761 5324 3038 5394 julicatus
3080 5324 3459 5378 communibus
3512 5324 3772 5393 sullragiis

2178 5416 2457 5471 Romanus
2500 5417 2731 5485 pontifex
2764 5416 3109 5469 salutaretur.

2249 5509 2355 5565 Nec
2379 5527 2441 5565 ea
2466 5519 2786 5579 tempestate
2815 5516 2909 5562 aut
2935 5508 3140 5578 uspiam
3167 5507 3386 5562 omnino
3435 5508 3565 5562 alias
3592 5508 3659 5561 ab
3681 5503 3769 5560 Hi-

2291 5709 2315 5746 c
2340 5692 2354 5760 )
2384 5691 2512 5747 Ana
2532 5695 2714 5760 Iasius,
2740 5694 2789 5747 in
2815 5694 3063 5751 Damaso.

2290 5758 2547 5835 di'l‘otn.
2581 5764 2666 5821 ΙΙΙ.
2701 5758 2989 5828 Anastasii,
3022 5768 3073 5820 in
3108 5765 3356 5830 Damaso,
3388 5777 3510 5835 pag.
3535 5758 3625 5815 55.

2286 5827 2353 5899 ei
2376 5834 2431 5889 In
2488 5837 2784 5906 prolegom.
2845 5838 2908 5904 ll,
2959 5839 3113 5893 Τυιηί
3172 5827 3628 5901 Αιιρδῑζὶὲ.,ἰ›;ιε.
3679 5827 3762 5897 t3,

2248 5692 2265 5763 (

2250 5769 2266 5834 l

2252 5848 2265 5901 l.

2246 5906 2278 5960 Ι.

2175 5844 2362 5962 ςοῖζεῖ.
