  <div class='ocr_page' id='page_1' title='image "/cluster/home/n/w/nwhite01/storage/ocr_20150623/74/hvd.32044015469372/286.png"; bbox 0 0 4014 6368; ppageno 0'>
   <div class='ocr_carea' id='block_1_1' title="bbox 232 307 343 365">
    <p class='ocr_par' dir='ltr' id='par_1_1' title="bbox 232 307 343 365">
     <span class='ocr_line' id='line_1_1' title="bbox 232 307 343 365; baseline 0 0"><span class='ocrx_word' id='word_1_1' title='bbox 232 307 343 365; x_wconf 75' lang='grc'><strong>553</strong></span> 
     </span>
    </p>
   </div>
   <div class='ocr_carea' id='block_1_2' title="bbox 1127 312 2617 376">
    <p class='ocr_par' dir='ltr' id='par_1_2' title="bbox 1127 312 2617 376">
     <span class='ocr_line' id='line_1_2' title="bbox 1127 312 2617 376; baseline 0.005 -10"><span class='ocrx_word' id='word_1_2' title='bbox 1127 314 1578 371; x_wconf 67' lang='lat' dir='ltr'><strong>DISSERTATIO</strong></span> <span class='ocrx_word' id='word_1_3' title='bbox 1622 312 1707 368; x_wconf 87' lang='lat' dir='ltr'><strong>DE</strong></span> <span class='ocrx_word' id='word_1_4' title='bbox 1753 312 2033 370; x_wconf 65' lang='lat' dir='ltr'><strong>DAMAS!)</strong></span> <span class='ocrx_word' id='word_1_5' title='bbox 2074 316 2161 372; x_wconf 80' lang='lat' dir='ltr'>ET</span> <span class='ocrx_word' id='word_1_6' title='bbox 2202 317 2617 376; x_wconf 63' lang='lat' dir='ltr'><strong>LAL&#39;RENTIO.</strong></span> 
     </span>
    </p>
   </div>
   <div class='ocr_carea' id='block_1_3' title="bbox 3409 326 3517 395">
    <p class='ocr_par' dir='ltr' id='par_1_3' title="bbox 3409 326 3517 395">
     <span class='ocr_line' id='line_1_3' title="bbox 3409 326 3517 395; baseline -0.028 -11"><span class='ocrx_word' id='word_1_7' title='bbox 3409 326 3517 395; x_wconf 59' lang='grc' dir='ltr'><strong>ἔδει</strong></span> 
     </span>
    </p>
   </div>
   <div class='ocr_carea' id='block_1_4' title="bbox 227 413 3519 513">
    <p class='ocr_par' dir='ltr' id='par_1_4' title="bbox 227 413 3519 513">
     <span class='ocr_line' id='line_1_4' title="bbox 227 413 3519 513; baseline 0.006 -36"><span class='ocrx_word' id='word_1_8' title='bbox 227 425 404 493; x_wconf 73' lang='lat' dir='ltr'><strong>panite</strong></span> <span class='ocrx_word' id='word_1_9' title='bbox 423 422 679 479; x_wconf 87' lang='lat' dir='ltr'><strong>Ecclesiis</strong></span> <span class='ocrx_word' id='word_1_10' title='bbox 705 423 973 494; x_wconf 61' lang='lat' dir='ltr'><strong>primariae</strong></span> <span class='ocrx_word' id='word_1_11' title='bbox 1002 426 1241 479; x_wconf 90' lang='lat' dir='ltr'><strong>omnium</strong></span> <span class='ocrx_word' id='word_1_12' title='bbox 1267 423 1522 481; x_wconf 77' lang='lat' dir='ltr'><strong>Romanae</strong></span> <span class='ocrx_word' id='word_1_13' title='bbox 1551 422 1822 479; x_wconf 81' lang='lat' dir='ltr'><strong>cathedrae</strong></span> <span class='ocrx_word' id='word_1_14' title='bbox 1854 428 1897 484; x_wconf 79' lang='grc' dir='ltr'><strong>Α</strong></span> <span class='ocrx_word' id='word_1_15' title='bbox 1928 413 2134 483; x_wconf 70' lang='lat' dir='ltr'><strong>scilicet</strong></span> <span class='ocrx_word' id='word_1_16' title='bbox 2180 430 2378 503; x_wconf 80' lang='lat' dir='ltr'><strong>stylum</strong></span> <span class='ocrx_word' id='word_1_17' title='bbox 2428 433 2481 487; x_wconf 88' lang='lat' dir='ltr'><strong>in</strong></span> <span class='ocrx_word' id='word_1_18' title='bbox 2516 434 2858 491; x_wconf 88' lang='lat' dir='ltr'><strong>Anastasium</strong></span> <span class='ocrx_word' id='word_1_19' title='bbox 2911 443 2965 491; x_wconf 90' lang='lat' dir='ltr'><strong>et</strong></span> <span class='ocrx_word' id='word_1_20' title='bbox 3012 437 3236 494; x_wconf 87' lang='lat' dir='ltr'><strong>secundi</strong></span> <span class='ocrx_word' id='word_1_21' title='bbox 3284 428 3519 513; x_wconf 76' lang='lat' dir='ltr'><strong>ca‘talegi</strong></span> 
     </span>
    </p>
   </div>
   <div class='ocr_carea' id='block_1_5' title="bbox 227 513 1822 585">
    <p class='ocr_par' dir='ltr' id='par_1_5' title="bbox 227 513 1822 585">
     <span class='ocr_line' id='line_1_5' title="bbox 227 513 1822 585; baseline -0.001 -16"><span class='ocrx_word' id='word_1_22' title='bbox 227 516 299 569; x_wconf 83' lang='lat' dir='ltr'><strong>de</strong></span> <span class='ocrx_word' id='word_1_23' title='bbox 334 513 456 583; x_wconf 83' lang='lat' dir='ltr'><strong>jure</strong></span> <span class='ocrx_word' id='word_1_24' title='bbox 491 523 583 568; x_wconf 87' lang='lat' dir='ltr'><strong>aut</strong></span> <span class='ocrx_word' id='word_1_25' title='bbox 621 515 976 585; x_wconf 77' lang='lat' dir='ltr'><strong>praerogativa</strong></span> <span class='ocrx_word' id='word_1_26' title='bbox 1018 516 1168 571; x_wconf 84' lang='lat' dir='ltr'><strong>litem</strong></span> <span class='ocrx_word' id='word_1_27' title='bbox 1215 517 1533 571; x_wconf 90' lang='lat' dir='ltr'><strong>intentatam</strong></span> <span class='ocrx_word' id='word_1_28' title='bbox 1574 515 1822 582; x_wconf 81' lang='lat' dir='ltr'><strong>legimus,</strong></span> 
     </span>
    </p>
   </div>
   <div class='ocr_carea' id='block_1_6' title="bbox 223 605 1827 679">
    <p class='ocr_par' dir='ltr' id='par_1_6' title="bbox 223 605 1827 679">
     <span class='ocr_line' id='line_1_6' title="bbox 223 605 1827 679; baseline 0 -17"><span class='ocrx_word' id='word_1_29' title='bbox 223 608 316 662; x_wconf 87' lang='lat' dir='ltr'><strong>cui</strong></span> <span class='ocrx_word' id='word_1_30' title='bbox 348 620 443 676; x_wconf 87' lang='lat' dir='ltr'><strong>pro</strong></span> <span class='ocrx_word' id='word_1_31' title='bbox 468 605 1037 677; x_wconf 70' lang='lat' dir='ltr'><strong>Hispanisdecidendte</strong></span> <span class='ocrx_word' id='word_1_32' title='bbox 1065 610 1313 665; x_wconf 82' lang='lat' dir='ltr'><strong>conferre</strong></span> <span class='ocrx_word' id='word_1_33' title='bbox 1334 610 1623 679; x_wconf 79' lang='lat' dir='ltr'><strong>quidquam</strong></span> <span class='ocrx_word' id='word_1_34' title='bbox 1647 618 1827 679; x_wconf 87' lang='lat' dir='ltr'><strong>posset</strong></span> 
     </span>
    </p>
   </div>
   <div class='ocr_carea' id='block_1_7' title="bbox 228 697 1825 768">
    <p class='ocr_par' dir='ltr' id='par_1_7' title="bbox 228 697 1825 768">
     <span class='ocr_line' id='line_1_7' title="bbox 228 697 1825 768; baseline 0.004 -20"><span class='ocrx_word' id='word_1_35' title='bbox 228 697 462 752; x_wconf 77' lang='lat' dir='ltr'><strong>fueritne</strong></span> <span class='ocrx_word' id='word_1_36' title='bbox 491 697 631 765; x_wconf 89' lang='lat' dir='ltr'><strong>apud</strong></span> <span class='ocrx_word' id='word_1_37' title='bbox 662 698 808 768; x_wconf 87' lang='lat' dir='ltr'><strong>ipsos</strong></span> <span class='ocrx_word' id='word_1_38' title='bbox 839 714 906 752; x_wconf 89' lang='lat' dir='ltr'><strong>an</strong></span> <span class='ocrx_word' id='word_1_39' title='bbox 930 700 1055 753; x_wconf 82' lang='lat' dir='ltr'><strong>alibi</strong></span> <span class='ocrx_word' id='word_1_40' title='bbox 1077 709 1233 755; x_wconf 87' lang='lat' dir='ltr'><strong>natus</strong></span> <span class='ocrx_word' id='word_1_41' title='bbox 1264 700 1543 767; x_wconf 75' lang='lat' dir='ltr'><strong>Damasus,</strong></span> <span class='ocrx_word' id='word_1_42' title='bbox 1568 708 1627 753; x_wconf 91' lang='lat' dir='ltr'><strong>ut</strong></span> <span class='ocrx_word' id='word_1_43' title='bbox 1654 714 1825 768; x_wconf 89' lang='lat' dir='ltr'><strong>neque</strong></span> 
     </span>
    </p>
   </div>
   <div class='ocr_carea' id='block_1_8' title="bbox 226 789 1827 860">
    <p class='ocr_par' dir='ltr' id='par_1_8' title="bbox 226 789 1827 860">
     <span class='ocr_line' id='line_1_8' title="bbox 226 789 1827 860; baseline 0.002 -19"><span class='ocrx_word' id='word_1_44' title='bbox 226 802 291 841; x_wconf 67' lang='lat' dir='ltr'><strong>ex</strong></span> <span class='ocrx_word' id='word_1_45' title='bbox 326 789 428 844; x_wconf 92' lang='lat' dir='ltr'><strong>hec</strong></span> <span class='ocrx_word' id='word_1_46' title='bbox 450 789 625 859; x_wconf 69' lang='lat' dir='ltr'><strong>capite</strong></span> <span class='ocrx_word' id='word_1_47' title='bbox 654 790 945 860; x_wconf 82' lang='lat' dir='ltr'><strong>suspicioni</strong></span> <span class='ocrx_word' id='word_1_48' title='bbox 977 791 1127 845; x_wconf 90' lang='lat' dir='ltr'><strong>locus</strong></span> <span class='ocrx_word' id='word_1_49' title='bbox 1157 792 1228 845; x_wconf 89' lang='lat' dir='ltr'><strong>sit</strong></span> <span class='ocrx_word' id='word_1_50' title='bbox 1274 791 1492 845; x_wconf 90' lang='lat' dir='ltr'><strong>vitiatos</strong></span> <span class='ocrx_word' id='word_1_51' title='bbox 1543 800 1827 860; x_wconf 79' lang='lat' dir='ltr'><strong>propterea</strong></span> 
     </span>
    </p>
   </div>
   <div class='ocr_carea' id='block_1_9' title="bbox 225 880 1827 951">
    <p class='ocr_par' dir='ltr' id='par_1_9' title="bbox 225 880 1827 951">
     <span class='ocr_line' id='line_1_9' title="bbox 225 880 1827 951; baseline 0.002 -20"><span class='ocrx_word' id='word_1_52' title='bbox 225 888 439 936; x_wconf 83' lang='lat' dir='ltr'><strong>veteres</strong></span> <span class='ocrx_word' id='word_1_53' title='bbox 454 880 673 936; x_wconf 88' lang='lat' dir='ltr'><strong>secundi</strong></span> <span class='ocrx_word' id='word_1_54' title='bbox 695 881 922 949; x_wconf 82' lang='lat' dir='ltr'><strong>catalegi</strong></span> <span class='ocrx_word' id='word_1_55' title='bbox 944 889 1105 951; x_wconf 89' lang='lat' dir='ltr'><strong>atque</strong></span> <span class='ocrx_word' id='word_1_56' title='bbox 1126 881 1395 937; x_wconf 83' lang='lat' dir='ltr'><strong>Anastasii</strong></span> <span class='ocrx_word' id='word_1_57' title='bbox 1412 881 1654 937; x_wconf 73' lang='lat' dir='ltr'><strong>Codices.</strong></span> <span class='ocrx_word' id='word_1_58' title='bbox 1687 880 1827 935; x_wconf 67' lang='lat' dir='ltr'><strong>Prte-</strong></span> 
     </span>
    </p>
   </div>
   <div class='ocr_carea' id='block_1_10' title="bbox 228 976 1825 1047">
    <p class='ocr_par' dir='ltr' id='par_1_10' title="bbox 228 976 1825 1047">
     <span class='ocr_line' id='line_1_10' title="bbox 228 976 1825 1047; baseline -0.001 -16"><span class='ocrx_word' id='word_1_59' title='bbox 228 986 381 1031; x_wconf 84' lang='lat' dir='ltr'><strong>terea</strong></span> <span class='ocrx_word' id='word_1_60' title='bbox 422 976 555 1031; x_wconf 86' lang='lat' dir='ltr'><strong>nihil</strong></span> <span class='ocrx_word' id='word_1_61' title='bbox 594 992 624 1031; x_wconf 93' lang='lat' dir='ltr'><strong>e</strong></span> <span class='ocrx_word' id='word_1_62' title='bbox 654 978 898 1046; x_wconf 83' lang='lat' dir='ltr'><strong>margine</strong></span> <span class='ocrx_word' id='word_1_63' title='bbox 923 978 975 1031; x_wconf 92' lang='lat' dir='ltr'><strong>in</strong></span> <span class='ocrx_word' id='word_1_64' title='bbox 1010 978 1203 1032; x_wconf 89' lang='lat' dir='ltr'><strong>borum</strong></span> <span class='ocrx_word' id='word_1_65' title='bbox 1253 977 1588 1047; x_wconf 83' lang='lat' dir='ltr'><strong>Scriptorum</strong></span> <span class='ocrx_word' id='word_1_66' title='bbox 1619 985 1825 1032; x_wconf 78' lang='lat' dir='ltr'><strong>textum</strong></span> 
     </span>
    </p>
   </div>
   <div class='ocr_carea' id='block_1_11' title="bbox 220 1069 1827 1138">
    <p class='ocr_par' dir='ltr' id='par_1_11' title="bbox 220 1069 1827 1138">
     <span class='ocr_line' id='line_1_11' title="bbox 220 1069 1827 1138; baseline 0 -15"><span class='ocrx_word' id='word_1_67' title='bbox 220 1069 531 1138; x_wconf 74' lang='lat' dir='ltr'><strong>irrepsisse,</strong></span> <span class='ocrx_word' id='word_1_68' title='bbox 563 1069 834 1125; x_wconf 84' lang='lat' dir='ltr'><strong>nullamve</strong></span> <span class='ocrx_word' id='word_1_69' title='bbox 857 1070 961 1125; x_wconf 87' lang='lat' dir='ltr'><strong>hoc</strong></span> <span class='ocrx_word' id='word_1_70' title='bbox 990 1071 1111 1125; x_wconf 90' lang='lat' dir='ltr'><strong>loco</strong></span> <span class='ocrx_word' id='word_1_71' title='bbox 1143 1070 1497 1126; x_wconf 69' lang='lat' dir='ltr'><strong>lubriezelidei</strong></span> <span class='ocrx_word' id='word_1_72' title='bbox 1528 1070 1827 1124; x_wconf 84' lang='lat' dir='ltr'><strong>narratiun-</strong></span> 
     </span>
    </p>
   </div>
   <div class='ocr_carea' id='block_1_12' title="bbox 223 1160 1825 1228">
    <p class='ocr_par' dir='ltr' id='par_1_12' title="bbox 223 1160 1825 1228">
     <span class='ocr_line' id='line_1_12' title="bbox 223 1160 1825 1228; baseline -0.001 -12"><span class='ocrx_word' id='word_1_73' title='bbox 223 1161 403 1216; x_wconf 70' lang='lat' dir='ltr'><strong>culam</strong></span> <span class='ocrx_word' id='word_1_74' title='bbox 450 1160 624 1215; x_wconf 79' lang='lat' dir='ltr'><strong>eidem</strong></span> <span class='ocrx_word' id='word_1_75' title='bbox 672 1161 1158 1228; x_wconf 86' lang='lat' dir='ltr'><strong>subintroductam,</strong></span> <span class='ocrx_word' id='word_1_76' title='bbox 1215 1171 1306 1217; x_wconf 88' lang='lat' dir='ltr'><strong>aut</strong></span> <span class='ocrx_word' id='word_1_77' title='bbox 1339 1173 1541 1217; x_wconf 89' lang='lat' dir='ltr'><strong>temere</strong></span> <span class='ocrx_word' id='word_1_78' title='bbox 1590 1170 1825 1218; x_wconf 83' lang='lat' dir='ltr'><strong>assutam</strong></span> 
     </span>
    </p>
   </div>
   <div class='ocr_carea' id='block_1_13' title="bbox 218 1250 1828 1322">
    <p class='ocr_par' dir='ltr' id='par_1_13' title="bbox 218 1250 1828 1322">
     <span class='ocr_line' id='line_1_13' title="bbox 218 1250 1828 1322; baseline 0.002 -18"><span class='ocrx_word' id='word_1_79' title='bbox 218 1250 411 1311; x_wconf 73' lang='lat' dir='ltr'><strong>fuisse.</strong></span> <span class='ocrx_word' id='word_1_80' title='bbox 438 1251 640 1319; x_wconf 83' lang='lat' dir='ltr'><strong>liquide</strong></span> <span class='ocrx_word' id='word_1_81' title='bbox 661 1262 877 1306; x_wconf 79' lang='lat' dir='ltr'><strong>constat</strong></span> <span class='ocrx_word' id='word_1_82' title='bbox 897 1268 959 1306; x_wconf 77' lang='lat' dir='ltr'><strong>ex</strong></span> <span class='ocrx_word' id='word_1_83' title='bbox 980 1269 1051 1307; x_wconf 86' lang='lat' dir='ltr'><strong>eo</strong></span> <span class='ocrx_word' id='word_1_84' title='bbox 1080 1253 1226 1322; x_wconf 80' lang='lat' dir='ltr'><strong>quod</strong></span> <span class='ocrx_word' id='word_1_85' title='bbox 1258 1255 1429 1309; x_wconf 87' lang='lat' dir='ltr'><strong>tribus</strong></span> <span class='ocrx_word' id='word_1_86' title='bbox 1456 1255 1676 1309; x_wconf 86' lang='lat' dir='ltr'><strong>omnino</strong></span> <span class='ocrx_word' id='word_1_87' title='bbox 1704 1268 1828 1308; x_wconf 77' lang='lat' dir='ltr'><strong>ver-</strong></span> 
     </span>
    </p>
   </div>
   <div class='ocr_carea' id='block_1_14' title="bbox 220 1341 1827 1414">
    <p class='ocr_par' dir='ltr' id='par_1_14' title="bbox 220 1341 1827 1414">
     <span class='ocr_line' id='line_1_14' title="bbox 220 1341 1827 1414; baseline 0.002 -20"><span class='ocrx_word' id='word_1_88' title='bbox 220 1343 326 1408; x_wconf 80' lang='lat' dir='ltr'><strong>his,</strong></span> <span class='ocrx_word' id='word_1_89' title='bbox 355 1341 614 1395; x_wconf 81' lang='lat' dir='ltr'><strong>Damasus</strong></span> <span class='ocrx_word' id='word_1_90' title='bbox 645 1344 851 1398; x_wconf 82' lang='lat' dir='ltr'><strong>natione</strong></span> <span class='ocrx_word' id='word_1_91' title='bbox 875 1343 1163 1413; x_wconf 73' lang='lat' dir='ltr'><strong>Hispanus,</strong></span> <span class='ocrx_word' id='word_1_92' title='bbox 1220 1346 1491 1414; x_wconf 71' lang='lat' dir='ltr'><strong>negotium</strong></span> <span class='ocrx_word' id='word_1_93' title='bbox 1516 1345 1827 1400; x_wconf 84' lang='lat' dir='ltr'><strong>universum</strong></span> 
     </span>
    </p>
   </div>
   <div class='ocr_carea' id='block_1_15' title="bbox 220 1434 1828 1504">
    <p class='ocr_par' dir='ltr' id='par_1_15' title="bbox 220 1434 1828 1504">
     <span class='ocr_line' id='line_1_15' title="bbox 220 1434 1828 1504; baseline 0.002 -19"><span class='ocrx_word' id='word_1_94' title='bbox 220 1434 572 1503; x_wconf 76' lang='lat' dir='ltr'><strong>transigatur,</strong></span> <span class='ocrx_word' id='word_1_95' title='bbox 605 1449 899 1503; x_wconf 82' lang='lat' dir='ltr'><strong>omnesque</strong></span> <span class='ocrx_word' id='word_1_96' title='bbox 923 1435 995 1488; x_wconf 89' lang='lat' dir='ltr'><strong>ita</strong></span> <span class='ocrx_word' id='word_1_97' title='bbox 1018 1435 1261 1504; x_wconf 62' lang='lat' dir='ltr'><strong>praetlusi</strong></span> <span class='ocrx_word' id='word_1_98' title='bbox 1291 1436 1399 1489; x_wconf 90' lang='lat' dir='ltr'><strong>sint</strong></span> <span class='ocrx_word' id='word_1_99' title='bbox 1428 1435 1622 1501; x_wconf 90' lang='lat' dir='ltr'><strong>aditus,</strong></span> <span class='ocrx_word' id='word_1_100' title='bbox 1653 1443 1828 1489; x_wconf 89' lang='lat' dir='ltr'><strong>utnec</strong></span> 
     </span>
    </p>
   </div>
   <div class='ocr_carea' id='block_1_16' title="bbox 221 1526 1828 1584">
    <p class='ocr_par' dir='ltr' id='par_1_16' title="bbox 221 1526 1828 1584">
     <span class='ocr_line' id='line_1_16' title="bbox 221 1526 1828 1584; baseline 0.002 -4"><span class='ocrx_word' id='word_1_101' title='bbox 221 1527 337 1580; x_wconf 87' lang='lat' dir='ltr'><strong>iota</strong></span> <span class='ocrx_word' id='word_1_102' title='bbox 372 1543 542 1581; x_wconf 90' lang='lat' dir='ltr'><strong>unum</strong></span> <span class='ocrx_word' id='word_1_103' title='bbox 570 1526 637 1580; x_wconf 89' lang='lat' dir='ltr'><strong>ad</strong></span> <span class='ocrx_word' id='word_1_104' title='bbox 668 1542 783 1581; x_wconf 74' lang='lat' dir='ltr'><strong>rem</strong></span> <span class='ocrx_word' id='word_1_105' title='bbox 831 1536 1071 1582; x_wconf 87' lang='lat' dir='ltr'><strong>nostram</strong></span> <span class='ocrx_word' id='word_1_106' title='bbox 1096 1529 1485 1584; x_wconf 80' lang='lat' dir='ltr'><strong>conﬁciendam</strong></span> <span class='ocrx_word' id='word_1_107' title='bbox 1524 1527 1828 1584; x_wconf 81' lang='lat' dir='ltr'><strong>redundare</strong></span> 
     </span>
    </p>
   </div>
   <div class='ocr_carea' id='block_1_17' title="bbox 218 1617 1093 1674">
    <p class='ocr_par' dir='ltr' id='par_1_17' title="bbox 218 1617 1093 1674">
     <span class='ocr_line' id='line_1_17' title="bbox 218 1617 1093 1674; baseline 0 -3"><span class='ocrx_word' id='word_1_108' title='bbox 218 1627 315 1671; x_wconf 82' lang='lat' dir='ltr'><strong>aut</strong></span> <span class='ocrx_word' id='word_1_109' title='bbox 348 1617 537 1672; x_wconf 87' lang='lat' dir='ltr'><strong>deesse</strong></span> <span class='ocrx_word' id='word_1_110' title='bbox 568 1634 728 1672; x_wconf 87' lang='lat' dir='ltr'><strong>nemo</strong></span> <span class='ocrx_word' id='word_1_111' title='bbox 758 1635 866 1673; x_wconf 90' lang='lat' dir='ltr'><strong>neu</strong></span> <span class='ocrx_word' id='word_1_112' title='bbox 891 1618 1093 1674; x_wconf 78' lang='lat' dir='ltr'><strong>videat.</strong></span> 
     </span>
    </p>
   </div>
   <div class='ocr_carea' id='block_1_18' title="bbox 294 1709 1822 1767">
    <p class='ocr_par' dir='ltr' id='par_1_18' title="bbox 294 1709 1822 1767">
     <span class='ocr_line' id='line_1_18' title="bbox 294 1709 1822 1767; baseline 0.001 -4"><span class='ocrx_word' id='word_1_113' title='bbox 294 1709 557 1764; x_wconf 85' lang='lat' dir='ltr'><strong>Ulterius.</strong></span> <span class='ocrx_word' id='word_1_114' title='bbox 584 1709 705 1765; x_wconf 85' lang='lat' dir='ltr'><strong>Non</strong></span> <span class='ocrx_word' id='word_1_115' title='bbox 735 1710 824 1766; x_wconf 87' lang='lat' dir='ltr'><strong>bic</strong></span> <span class='ocrx_word' id='word_1_116' title='bbox 854 1711 1009 1765; x_wconf 84' lang='lat' dir='ltr'><strong>nobis</strong></span> <span class='ocrx_word' id='word_1_117' title='bbox 1039 1712 1104 1765; x_wconf 91' lang='lat' dir='ltr'><strong>de</strong></span> <span class='ocrx_word' id='word_1_118' title='bbox 1126 1712 1272 1766; x_wconf 87' lang='lat' dir='ltr'><strong>netis</strong></span> <span class='ocrx_word' id='word_1_119' title='bbox 1315 1712 1671 1767; x_wconf 87' lang='lat' dir='ltr'><strong>arithmeticis</strong></span> <span class='ocrx_word' id='word_1_120' title='bbox 1727 1718 1822 1766; x_wconf 89' lang='lat' dir='ltr'><strong>aut</strong></span> 
     </span>
    </p>
   </div>
   <div class='ocr_carea' id='block_1_19' title="bbox 1928 520 3520 602">
    <p class='ocr_par' dir='ltr' id='par_1_19' title="bbox 1928 520 3520 602">
     <span class='ocr_line' id='line_1_19' title="bbox 1928 520 3520 602; baseline 0.01 -30"><span class='ocrx_word' id='word_1_121' title='bbox 1928 520 2245 588; x_wconf 88' lang='lat' dir='ltr'><strong>scriptorem</strong></span> <span class='ocrx_word' id='word_1_122' title='bbox 2286 532 2526 578; x_wconf 78' lang='lat' dir='ltr'><strong>acueret.</strong></span> <span class='ocrx_word' id='word_1_123' title='bbox 2561 523 2754 579; x_wconf 83' lang='lat' dir='ltr'><strong>Debuit</strong></span> <span class='ocrx_word' id='word_1_124' title='bbox 2782 525 2833 580; x_wconf 88' lang='lat' dir='ltr'><strong>id</strong></span> <span class='ocrx_word' id='word_1_125' title='bbox 2862 528 3053 582; x_wconf 86' lang='lat' dir='ltr'><strong>saltem</strong></span> <span class='ocrx_word' id='word_1_126' title='bbox 3094 530 3161 583; x_wconf 88' lang='lat' dir='ltr'><strong>ab</strong></span> <span class='ocrx_word' id='word_1_127' title='bbox 3191 530 3308 600; x_wconf 89' lang='lat' dir='ltr'><strong>ipse</strong></span> <span class='ocrx_word' id='word_1_128' title='bbox 3349 520 3520 602; x_wconf 48' lang='lat' dir='ltr'><strong>impe&#39;L</strong></span> 
     </span>
    </p>
   </div>
   <div class='ocr_carea' id='block_1_20' title="bbox 1930 612 3521 683">
    <p class='ocr_par' dir='ltr' id='par_1_20' title="bbox 1930 612 3521 683">
     <span class='ocr_line' id='line_1_20' title="bbox 1930 612 3521 683; baseline 0.008 -20"><span class='ocrx_word' id='word_1_129' title='bbox 1930 618 2071 665; x_wconf 89' lang='lat' dir='ltr'><strong>trare</strong></span> <span class='ocrx_word' id='word_1_130' title='bbox 2116 612 2291 667; x_wconf 86' lang='lat' dir='ltr'><strong>amice</strong></span> <span class='ocrx_word' id='word_1_131' title='bbox 2338 614 2673 683; x_wconf 89' lang='lat' dir='ltr'><strong>conjurantis</strong></span> <span class='ocrx_word' id='word_1_132' title='bbox 2721 616 2986 672; x_wconf 67' lang='lat' dir='ltr'><strong>Merendae</strong></span> <span class='ocrx_word' id='word_1_133' title='bbox 3026 619 3081 672; x_wconf 89' lang='lat' dir='ltr'><strong>in</strong></span> <span class='ocrx_word' id='word_1_134' title='bbox 3121 619 3521 676; x_wconf 84' lang='lat' dir='ltr'><strong>Tillementium</strong></span> 
     </span>
    </p>
   </div>
   <div class='ocr_carea' id='block_1_21' title="bbox 1928 701 3522 780">
    <p class='ocr_par' dir='ltr' id='par_1_21' title="bbox 1928 701 3522 780">
     <span class='ocr_line' id='line_1_21' title="bbox 1928 701 3522 780; baseline 0.01 -26"><span class='ocrx_word' id='word_1_135' title='bbox 1928 701 2342 759; x_wconf 82' lang='lat' dir='ltr'><strong>animadversio.</strong></span> <span class='ocrx_word' id='word_1_136' title='bbox 2392 704 2588 774; x_wconf 85' lang='lat' dir='ltr'><strong>Egerat</strong></span> <span class='ocrx_word' id='word_1_137' title='bbox 2618 706 2868 763; x_wconf 80' lang='lat' dir='ltr'><strong>Merenda</strong></span> <span class='ocrx_word' id='word_1_138' title='bbox 2900 709 2977 780; x_wconf 81' lang='grc' dir='ltr'><strong>(ά)</strong></span> <span class='ocrx_word' id='word_1_139' title='bbox 3001 709 3068 765; x_wconf 92' lang='lat' dir='ltr'><strong>de</strong></span> <span class='ocrx_word' id='word_1_140' title='bbox 3097 712 3332 780; x_wconf 89' lang='lat' dir='ltr'><strong>quedam</strong></span> <span class='ocrx_word' id='word_1_141' title='bbox 3362 712 3522 769; x_wconf 82' lang='lat' dir='ltr'><strong>Arse-</strong></span> 
     </span>
    </p>
   </div>
   <div class='ocr_carea' id='block_1_22' title="bbox 1930 788 3523 869">
    <p class='ocr_par' dir='ltr' id='par_1_22' title="bbox 1930 788 3523 869">
     <span class='ocr_line' id='line_1_22' title="bbox 1930 788 3523 869; baseline 0.009 -25"><span class='ocrx_word' id='word_1_142' title='bbox 1930 792 2019 845; x_wconf 91' lang='lat' dir='ltr'><strong>nie</strong></span> <span class='ocrx_word' id='word_1_143' title='bbox 2066 807 2223 860; x_wconf 85' lang='lat' dir='ltr'><strong>quem</strong></span> <span class='ocrx_word' id='word_1_144' title='bbox 2276 794 2532 852; x_wconf 83' lang='lat' dir='ltr'><strong>Damasus</strong></span> <span class='ocrx_word' id='word_1_145' title='bbox 2579 798 2809 854; x_wconf 88' lang='lat' dir='ltr'><strong>Arcadio</strong></span> <span class='ocrx_word' id='word_1_146' title='bbox 2866 816 3034 869; x_wconf 85' lang='lat' dir='ltr'><strong>puere</strong></span> <span class='ocrx_word' id='word_1_147' title='bbox 3085 801 3197 869; x_wconf 90' lang='lat' dir='ltr'><strong>jam</strong></span> <span class='ocrx_word' id='word_1_148' title='bbox 3249 788 3523 858; x_wconf 83' lang='lat' dir='ltr'><strong>deelarate</strong></span> 
     </span>
    </p>
   </div>
   <div class='ocr_carea' id='block_1_23' title="bbox 1929 880 3522 958">
    <p class='ocr_par' dir='ltr' id='par_1_23' title="bbox 1929 880 3522 958">
     <span class='ocr_line' id='line_1_23' title="bbox 1929 880 3522 958; baseline 0.008 -22"><span class='ocrx_word' id='word_1_149' title='bbox 1929 880 2167 950; x_wconf 60' lang='lat' dir='ltr'><strong>Augusto</strong></span> <span class='ocrx_word' id='word_1_150' title='bbox 2189 899 2572 956; x_wconf 72' lang='lat' dir='ltr'><strong>prmceptorem</strong></span> <span class='ocrx_word' id='word_1_151' title='bbox 2595 890 2831 944; x_wconf 87' lang='lat' dir='ltr'><strong>miserat.</strong></span> <span class='ocrx_word' id='word_1_152' title='bbox 2865 891 2912 945; x_wconf 86' lang='lat' dir='ltr'><strong>Is</strong></span> <span class='ocrx_word' id='word_1_153' title='bbox 2938 892 3194 947; x_wconf 87' lang='lat' dir='ltr'><strong>Arsenius</strong></span> <span class='ocrx_word' id='word_1_154' title='bbox 3216 908 3246 948; x_wconf 89' lang='lat' dir='ltr'><strong>a</strong></span> <span class='ocrx_word' id='word_1_155' title='bbox 3268 893 3522 958; x_wconf 82' lang='lat' dir='ltr'><strong>Baronie,</strong></span> 
     </span>
    </p>
   </div>
   <div class='ocr_carea' id='block_1_24' title="bbox 1928 971 3525 1049">
    <p class='ocr_par' dir='ltr' id='par_1_24' title="bbox 1928 971 3525 1049">
     <span class='ocr_line' id='line_1_24' title="bbox 1928 971 3525 1049; baseline 0.012 -28"><span class='ocrx_word' id='word_1_156' title='bbox 1928 971 2017 1037; x_wconf 91' lang='lat' dir='ltr'><strong>qui</strong></span> <span class='ocrx_word' id='word_1_157' title='bbox 2040 971 2188 1039; x_wconf 90' lang='lat' dir='ltr'><strong>prior</strong></span> <span class='ocrx_word' id='word_1_158' title='bbox 2210 974 2259 1028; x_wconf 89' lang='lat' dir='ltr'><strong>id</strong></span> <span class='ocrx_word' id='word_1_159' title='bbox 2285 975 2339 1028; x_wconf 90' lang='lat' dir='ltr'><strong>in</strong></span> <span class='ocrx_word' id='word_1_160' title='bbox 2363 975 2724 1048; x_wconf 83' lang='lat' dir='ltr'><strong>Metaphraste</strong></span> <span class='ocrx_word' id='word_1_161' title='bbox 2746 979 2970 1049; x_wconf 78' lang='lat' dir='ltr'><strong>legerat,</strong></span> <span class='ocrx_word' id='word_1_162' title='bbox 3007 980 3256 1037; x_wconf 73' lang='lat' dir='ltr'><strong>Romana:</strong></span> <span class='ocrx_word' id='word_1_163' title='bbox 3276 982 3525 1039; x_wconf 80' lang='lat' dir='ltr'><strong>Ecclesia:</strong></span> 
     </span>
    </p>
   </div>
   <div class='ocr_carea' id='block_1_25' title="bbox 1929 1060 3526 1143">
    <p class='ocr_par' dir='ltr' id='par_1_25' title="bbox 1929 1060 3526 1143">
     <span class='ocr_line' id='line_1_25' title="bbox 1929 1060 3526 1143; baseline 0.011 -29"><span class='ocrx_word' id='word_1_164' title='bbox 1929 1060 2177 1118; x_wconf 82' lang='lat' dir='ltr'><strong>diaconus</strong></span> <span class='ocrx_word' id='word_1_165' title='bbox 2208 1067 2526 1136; x_wconf 84' lang='lat' dir='ltr'><strong>appellatur.</strong></span> <span class='ocrx_word' id='word_1_166' title='bbox 2561 1067 2833 1128; x_wconf 87' lang='lat' dir='ltr'><strong>Obsistere</strong></span> <span class='ocrx_word' id='word_1_167' title='bbox 2862 1089 2958 1143; x_wconf 92' lang='lat' dir='ltr'><strong>pre</strong></span> <span class='ocrx_word' id='word_1_168' title='bbox 2989 1074 3204 1143; x_wconf 86' lang='lat' dir='ltr'><strong>ingenio</strong></span> <span class='ocrx_word' id='word_1_169' title='bbox 3230 1073 3526 1132; x_wconf 88' lang='lat' dir='ltr'><strong>Tillemen-</strong></span> 
     </span>
    </p>
   </div>
   <div class='ocr_carea' id='block_1_26' title="bbox 1929 1150 3526 1235">
    <p class='ocr_par' dir='ltr' id='par_1_26' title="bbox 1929 1150 3526 1235">
     <span class='ocr_line' id='line_1_26' title="bbox 1929 1150 3526 1235; baseline 0.011 -31"><span class='ocrx_word' id='word_1_170' title='bbox 1929 1150 2054 1218; x_wconf 90' lang='lat' dir='ltr'><strong>tius,</strong></span> <span class='ocrx_word' id='word_1_171' title='bbox 2081 1168 2182 1207; x_wconf 86' lang='lat' dir='ltr'><strong>nec</strong></span> <span class='ocrx_word' id='word_1_172' title='bbox 2228 1156 2512 1212; x_wconf 88' lang='lat' dir='ltr'><strong>diaconum</strong></span> <span class='ocrx_word' id='word_1_173' title='bbox 2559 1160 2844 1216; x_wconf 80' lang='lat' dir='ltr'><strong>Arsenium</strong></span> <span class='ocrx_word' id='word_1_174' title='bbox 2891 1166 3207 1235; x_wconf 83' lang='lat' dir='ltr'><strong>agnoscere,</strong></span> <span class='ocrx_word' id='word_1_175' title='bbox 3241 1166 3340 1220; x_wconf 88' lang='lat' dir='ltr'><strong>nisi</strong></span> <span class='ocrx_word' id='word_1_176' title='bbox 3386 1167 3526 1222; x_wconf 89' lang='lat' dir='ltr'><strong>alius</strong></span> 
     </span>
    </p>
   </div>
   <div class='ocr_carea' id='block_1_27' title="bbox 1929 1242 3524 1322">
    <p class='ocr_par' dir='ltr' id='par_1_27' title="bbox 1929 1242 3524 1322">
     <span class='ocr_line' id='line_1_27' title="bbox 1929 1242 3524 1322; baseline 0.01 -26"><span class='ocrx_word' id='word_1_177' title='bbox 1929 1242 2080 1312; x_wconf 88' lang='lat' dir='ltr'><strong>isque</strong></span> <span class='ocrx_word' id='word_1_178' title='bbox 2103 1242 2328 1300; x_wconf 87' lang='lat' dir='ltr'><strong>idoneus</strong></span> <span class='ocrx_word' id='word_1_179' title='bbox 2350 1245 2727 1317; x_wconf 68' lang='lat' dir='ltr'><strong>Metaphrastae</strong></span> <span class='ocrx_word' id='word_1_180' title='bbox 2746 1267 2973 1321; x_wconf 88' lang='lat' dir='ltr'><strong>sponsor</strong></span> <span class='ocrx_word' id='word_1_181' title='bbox 2993 1255 3245 1322; x_wconf 80' lang='lat' dir='ltr'><strong>accedat;</strong></span> <span class='ocrx_word' id='word_1_182' title='bbox 3271 1254 3524 1312; x_wconf 85' lang='lat' dir='ltr'><strong>Merenda</strong></span> 
     </span>
    </p>
   </div>
   <div class='ocr_carea' id='block_1_28' title="bbox 1930 1333 3524 1415">
    <p class='ocr_par' dir='ltr' id='par_1_28' title="bbox 1930 1333 3524 1415">
     <span class='ocr_line' id='line_1_28' title="bbox 1930 1333 3524 1415; baseline 0.009 -30"><span class='ocrx_word' id='word_1_183' title='bbox 1930 1338 2110 1387; x_wconf 87' lang='lat' dir='ltr'><strong>tamen</strong></span> <span class='ocrx_word' id='word_1_184' title='bbox 2134 1333 2471 1391; x_wconf 88' lang='lat' dir='ltr'><strong>intercedens</strong></span> <span class='ocrx_word' id='word_1_185' title='bbox 2490 1337 2571 1391; x_wconf 92' lang='lat' dir='ltr'><strong>his</strong></span> <span class='ocrx_word' id='word_1_186' title='bbox 2591 1338 2987 1397; x_wconf 86' lang='lat' dir='ltr'><strong>Tillementium</strong></span> <span class='ocrx_word' id='word_1_187' title='bbox 3005 1345 3183 1399; x_wconf 80' lang='lat' dir='ltr'><strong>verbis</strong></span> <span class='ocrx_word' id='word_1_188' title='bbox 3204 1347 3524 1415; x_wconf 81' lang='lat' dir='ltr'><strong>cempcllat:</strong></span> 
     </span>
    </p>
   </div>
   <div class='ocr_carea' id='block_1_29' title="bbox 1936 1420 3525 1506">
    <p class='ocr_par' dir='ltr' id='par_1_29' title="bbox 1936 1420 3525 1506">
     <span class='ocr_line' id='line_1_29' title="bbox 1936 1420 3525 1506; baseline 0.01 -32"><span class='ocrx_word' id='word_1_189' title='bbox 1936 1420 2129 1476; x_wconf 75' lang='lat' dir='ltr'><strong>Verum</strong></span> <span class='ocrx_word' id='word_1_190' title='bbox 2149 1424 2231 1477; x_wconf 85' lang='lat' dir='ltr'><strong>cui</strong></span> <span class='ocrx_word' id='word_1_191' title='bbox 2263 1422 2395 1479; x_wconf 84' lang='lat' dir='ltr'><strong>bene</strong></span> <span class='ocrx_word' id='word_1_192' title='bbox 2421 1427 2644 1497; x_wconf 78' lang='lat' dir='ltr'><strong>scriptor</strong></span> <span class='ocrx_word' id='word_1_193' title='bbox 2669 1429 2759 1483; x_wconf 87' lang='lat' dir='ltr'><strong>ille</strong></span> <span class='ocrx_word' id='word_1_194' title='bbox 2805 1430 3255 1506; x_wconf 80' lang='lat' dir='ltr'><strong>(Metaphrastes)</strong></span> <span class='ocrx_word' id='word_1_195' title='bbox 3300 1435 3433 1490; x_wconf 78' lang='lat' dir='ltr'><strong>lianc</strong></span> <span class='ocrx_word' id='word_1_196' title='bbox 3471 1438 3525 1490; x_wconf 87' lang='lat' dir='ltr'><strong>in</strong></span> 
     </span>
    </p>
   </div>
   <div class='ocr_carea' id='block_1_30' title="bbox 1928 1510 3526 1597">
    <p class='ocr_par' dir='ltr' id='par_1_30' title="bbox 1928 1510 3526 1597">
     <span class='ocr_line' id='line_1_30' title="bbox 1928 1510 3526 1597; baseline 0.008 -31"><span class='ocrx_word' id='word_1_197' title='bbox 1928 1514 2148 1569; x_wconf 84' lang='lat' dir='ltr'><strong>Arsenio</strong></span> <span class='ocrx_word' id='word_1_198' title='bbox 2174 1516 2481 1587; x_wconf 86' lang='lat' dir='ltr'><strong>dignitatem</strong></span> <span class='ocrx_word' id='word_1_199' title='bbox 2519 1519 2719 1589; x_wconf 80' lang='lat' dir='ltr'><strong>ﬁnger:</strong></span> <span class='ocrx_word' id='word_1_200' title='bbox 2744 1522 3028 1592; x_wconf 84' lang='lat' dir='ltr'><strong>potuisset?</strong></span> <span class='ocrx_word' id='word_1_201' title='bbox 3078 1524 3181 1578; x_wconf 84' lang='lat' dir='ltr'><strong>Cur</strong></span> <span class='ocrx_word' id='word_1_202' title='bbox 3214 1510 3315 1581; x_wconf 78' lang='lat' dir='ltr'><strong>non</strong></span> <span class='ocrx_word' id='word_1_203' title='bbox 3355 1526 3526 1597; x_wconf 79' lang='lat' dir='ltr'><strong>potius</strong></span> 
     </span>
    </p>
   </div>
   <div class='ocr_carea' id='block_1_31' title="bbox 1930 1610 3526 1688">
    <p class='ocr_par' dir='ltr' id='par_1_31' title="bbox 1930 1610 3526 1688">
     <span class='ocr_line' id='line_1_31' title="bbox 1930 1610 3526 1688; baseline 0.009 -29"><span class='ocrx_word' id='word_1_204' title='bbox 1930 1611 2025 1662; x_wconf 84' lang='lat' dir='ltr'><strong>hoc</strong></span> <span class='ocrx_word' id='word_1_205' title='bbox 2051 1610 2314 1679; x_wconf 78' lang='lat' dir='ltr'><strong>scripserit</strong></span> <span class='ocrx_word' id='word_1_206' title='bbox 2354 1611 2462 1676; x_wconf 86' lang='lat' dir='ltr'><strong>ille,</strong></span> <span class='ocrx_word' id='word_1_207' title='bbox 2494 1613 2783 1683; x_wconf 82' lang='lat' dir='ltr'><strong>antiquiore</strong></span> <span class='ocrx_word' id='word_1_208' title='bbox 2809 1616 2983 1684; x_wconf 83' lang='lat' dir='ltr'><strong>aliqua</strong></span> <span class='ocrx_word' id='word_1_209' title='bbox 3028 1619 3331 1688; x_wconf 84' lang='lat' dir='ltr'><strong>minimeque</strong></span> <span class='ocrx_word' id='word_1_210' title='bbox 3372 1620 3526 1675; x_wconf 86' lang='lat' dir='ltr'><strong>dubio</strong></span> 
     </span>
    </p>
   </div>
   <div class='ocr_carea' id='block_1_32' title="bbox 1936 1700 3526 1775">
    <p class='ocr_par' dir='ltr' id='par_1_32' title="bbox 1936 1700 3526 1775">
     <span class='ocr_line' id='line_1_32' title="bbox 1936 1700 3526 1775; baseline 0.011 -25"><span class='ocrx_word' id='word_1_211' title='bbox 1936 1700 2222 1753; x_wconf 82' lang='lat' dir='ltr'><strong>testimonio</strong></span> <span class='ocrx_word' id='word_1_212' title='bbox 2251 1702 2456 1771; x_wconf 79' lang='lat' dir='ltr'><strong>fretus?</strong></span> <span class='ocrx_word' id='word_1_213' title='bbox 2484 1701 2711 1771; x_wconf 80' lang='lat' dir='ltr'><strong>lnjurius</strong></span> <span class='ocrx_word' id='word_1_214' title='bbox 2736 1705 2981 1775; x_wconf 76' lang='lat' dir='ltr'><strong>profecto</strong></span> <span class='ocrx_word' id='word_1_215' title='bbox 3005 1708 3105 1763; x_wconf 86' lang='lat' dir='ltr'><strong>sim</strong></span> <span class='ocrx_word' id='word_1_216' title='bbox 3132 1711 3351 1765; x_wconf 77' lang='lat' dir='ltr'><strong>secundi</strong></span> <span class='ocrx_word' id='word_1_217' title='bbox 3383 1720 3526 1767; x_wconf 78' lang='lat' dir='ltr'><strong>cata-</strong></span> 
     </span>
    </p>
   </div>
   <div class='ocr_carea' id='block_1_33' title="bbox 217 1788 3527 1872">
    <p class='ocr_par' dir='ltr' id='par_1_33' title="bbox 217 1788 3527 1872">
     <span class='ocr_line' id='line_1_33' title="bbox 217 1788 3527 1872; baseline 0.002 -18"><span class='ocrx_word' id='word_1_218' title='bbox 217 1800 287 1855; x_wconf 84' lang='lat' dir='ltr'><strong>de</strong></span> <span class='ocrx_word' id='word_1_219' title='bbox 313 1816 377 1855; x_wconf 90' lang='lat' dir='ltr'><strong>re</strong></span> <span class='ocrx_word' id='word_1_220' title='bbox 403 1800 783 1869; x_wconf 80' lang='lat' dir='ltr'><strong>chronologica</strong></span> <span class='ocrx_word' id='word_1_221' title='bbox 815 1817 995 1856; x_wconf 90' lang='lat' dir='ltr'><strong>sermo</strong></span> <span class='ocrx_word' id='word_1_222' title='bbox 1022 1810 1103 1857; x_wconf 87' lang='lat' dir='ltr'><strong>est</strong></span> <span class='ocrx_word' id='word_1_223' title='bbox 1134 1820 1149 1869; x_wconf 87' lang='lat'><strong>;</strong></span> <span class='ocrx_word' id='word_1_224' title='bbox 1183 1818 1285 1858; x_wconf 90' lang='lat' dir='ltr'><strong>nec</strong></span> <span class='ocrx_word' id='word_1_225' title='bbox 1314 1802 1380 1856; x_wconf 89' lang='lat' dir='ltr'><strong>de</strong></span> <span class='ocrx_word' id='word_1_226' title='bbox 1410 1803 1557 1872; x_wconf 83' lang='lat' dir='ltr'><strong>siglis</strong></span> <span class='ocrx_word' id='word_1_227' title='bbox 1600 1811 1696 1857; x_wconf 81' lang='lat' dir='ltr'><strong>aut.</strong></span> <span class='ocrx_word' id='word_1_228' title='bbox 1734 1802 1823 1857; x_wconf 69' lang='lat' dir='ltr'><strong>lit-</strong></span> <span class='ocrx_word' id='word_1_229' title='bbox 1858 1788 1904 1847; x_wconf 91' lang='lat' dir='ltr'><strong>B</strong></span> <span class='ocrx_word' id='word_1_230' title='bbox 1932 1789 2038 1857; x_wconf 83' lang='lat' dir='ltr'><strong>legi</strong></span> <span class='ocrx_word' id='word_1_231' title='bbox 2060 1790 2306 1861; x_wconf 81' lang='lat' dir='ltr'><strong>scriptori</strong></span> <span class='ocrx_word' id='word_1_232' title='bbox 2331 1802 2494 1863; x_wconf 90' lang='lat' dir='ltr'><strong>atque</strong></span> <span class='ocrx_word' id='word_1_233' title='bbox 2516 1793 2821 1863; x_wconf 82' lang='lat' dir='ltr'><strong>Anastasio,</strong></span> <span class='ocrx_word' id='word_1_234' title='bbox 2848 1798 2892 1851; x_wconf 91' lang='lat' dir='ltr'><strong>si</strong></span> <span class='ocrx_word' id='word_1_235' title='bbox 2918 1807 3203 1870; x_wconf 88' lang='lat' dir='ltr'><strong>utrumque</strong></span> <span class='ocrx_word' id='word_1_236' title='bbox 3226 1811 3527 1859; x_wconf 89' lang='lat' dir='ltr'><strong>auteorum</strong></span> 
     </span>
    </p>
   </div>
   <div class='ocr_carea' id='block_1_34' title="bbox 214 1892 1822 1962">
    <p class='ocr_par' dir='ltr' id='par_1_34' title="bbox 214 1892 1822 1962">
     <span class='ocr_line' id='line_1_34' title="bbox 214 1892 1822 1962; baseline 0 -15"><span class='ocrx_word' id='word_1_237' title='bbox 214 1903 461 1948; x_wconf 84' lang='lat' dir='ltr'><strong>terarum</strong></span> <span class='ocrx_word' id='word_1_238' title='bbox 491 1893 844 1962; x_wconf 85' lang='lat' dir='ltr'><strong>compendiis,</strong></span> <span class='ocrx_word' id='word_1_239' title='bbox 867 1902 932 1948; x_wconf 85' lang='lat' dir='ltr'><strong>ut</strong></span> <span class='ocrx_word' id='word_1_240' title='bbox 956 1909 1027 1949; x_wconf 81' lang='lat' dir='ltr'><strong>ex</strong></span> <span class='ocrx_word' id='word_1_241' title='bbox 1048 1909 1297 1948; x_wconf 90' lang='lat' dir='ltr'><strong>errorum</strong></span> <span class='ocrx_word' id='word_1_242' title='bbox 1332 1895 1383 1947; x_wconf 93' lang='lat' dir='ltr'><strong>in</strong></span> <span class='ocrx_word' id='word_1_243' title='bbox 1416 1895 1497 1948; x_wconf 91' lang='lat' dir='ltr'><strong>his</strong></span> <span class='ocrx_word' id='word_1_244' title='bbox 1519 1894 1683 1948; x_wconf 89' lang='lat' dir='ltr'><strong>rebus</strong></span> <span class='ocrx_word' id='word_1_245' title='bbox 1712 1892 1822 1947; x_wconf 85' lang='lat' dir='ltr'><strong>Ire-</strong></span> 
     </span>
    </p>
   </div>
   <div class='ocr_carea' id='block_1_35' title="bbox 215 1982 1824 2053">
    <p class='ocr_par' dir='ltr' id='par_1_35' title="bbox 215 1982 1824 2053">
     <span class='ocr_line' id='line_1_35' title="bbox 215 1982 1824 2053; baseline 0 -16"><span class='ocrx_word' id='word_1_246' title='bbox 215 1984 444 2051; x_wconf 87' lang='lat' dir='ltr'><strong>quentia</strong></span> <span class='ocrx_word' id='word_1_247' title='bbox 501 1982 770 2050; x_wconf 78' lang='lat' dir='ltr'><strong>conjicere</strong></span> <span class='ocrx_word' id='word_1_248' title='bbox 798 1998 1024 2052; x_wconf 90' lang='lat' dir='ltr'><strong>pronum</strong></span> <span class='ocrx_word' id='word_1_249' title='bbox 1048 1982 1211 2037; x_wconf 84' lang='lat' dir='ltr'><strong>fuerit</strong></span> <span class='ocrx_word' id='word_1_250' title='bbox 1238 1992 1474 2037; x_wconf 82' lang='lat' dir='ltr'><strong>erratum</strong></span> <span class='ocrx_word' id='word_1_251' title='bbox 1504 1998 1723 2053; x_wconf 89' lang='lat' dir='ltr'><strong>quoque</strong></span> <span class='ocrx_word' id='word_1_252' title='bbox 1757 1982 1824 2037; x_wconf 88' lang='lat' dir='ltr'><strong>ab</strong></span> 
     </span>
    </p>
   </div>
   <div class='ocr_carea' id='block_1_36' title="bbox 214 2074 1822 2143">
    <p class='ocr_par' dir='ltr' id='par_1_36' title="bbox 214 2074 1822 2143">
     <span class='ocr_line' id='line_1_36' title="bbox 214 2074 1822 2143; baseline 0 -14"><span class='ocrx_word' id='word_1_253' title='bbox 214 2084 445 2130; x_wconf 83' lang='lat' dir='ltr'><strong>auctore</strong></span> <span class='ocrx_word' id='word_1_254' title='bbox 474 2074 698 2129; x_wconf 83' lang='lat' dir='ltr'><strong>secundi</strong></span> <span class='ocrx_word' id='word_1_255' title='bbox 724 2074 953 2143; x_wconf 79' lang='lat' dir='ltr'><strong>catalegi</strong></span> <span class='ocrx_word' id='word_1_256' title='bbox 978 2084 1138 2143; x_wconf 87' lang='lat' dir='ltr'><strong>atque</strong></span> <span class='ocrx_word' id='word_1_257' title='bbox 1164 2075 1448 2130; x_wconf 86' lang='lat' dir='ltr'><strong>Anastasio</strong></span> <span class='ocrx_word' id='word_1_258' title='bbox 1480 2075 1646 2130; x_wconf 84' lang='lat' dir='ltr'><strong>fuisse</strong></span> <span class='ocrx_word' id='word_1_259' title='bbox 1697 2075 1822 2129; x_wconf 89' lang='lat' dir='ltr'><strong>dum</strong></span> 
     </span>
    </p>
   </div>
   <div class='ocr_carea' id='block_1_37' title="bbox 212 2164 1822 2235">
    <p class='ocr_par' dir='ltr' id='par_1_37' title="bbox 212 2164 1822 2235">
     <span class='ocr_line' id='line_1_37' title="bbox 212 2164 1822 2235; baseline 0 -14"><span class='ocrx_word' id='word_1_260' title='bbox 212 2166 285 2221; x_wconf 85' lang='lat' dir='ltr'><strong>de</strong></span> <span class='ocrx_word' id='word_1_261' title='bbox 314 2165 530 2218; x_wconf 85' lang='lat' dir='ltr'><strong>Damasi</strong></span> <span class='ocrx_word' id='word_1_262' title='bbox 560 2164 731 2234; x_wconf 89' lang='lat' dir='ltr'><strong>patria</strong></span> <span class='ocrx_word' id='word_1_263' title='bbox 781 2164 1155 2233; x_wconf 83' lang='lat' dir='ltr'><strong>loquerentur,</strong></span> <span class='ocrx_word' id='word_1_264' title='bbox 1196 2174 1289 2219; x_wconf 90' lang='lat' dir='ltr'><strong>aut</strong></span> <span class='ocrx_word' id='word_1_265' title='bbox 1317 2167 1383 2221; x_wconf 88' lang='lat' dir='ltr'><strong>ab</strong></span> <span class='ocrx_word' id='word_1_266' title='bbox 1432 2166 1747 2235; x_wconf 85' lang='lat' dir='ltr'><strong>antiquariis</strong></span> <span class='ocrx_word' id='word_1_267' title='bbox 1770 2168 1822 2221; x_wconf 92' lang='lat' dir='ltr'><strong>in</strong></span> 
     </span>
    </p>
   </div>
   <div class='ocr_carea' id='block_1_38' title="bbox 216 2252 1823 2326">
    <p class='ocr_par' dir='ltr' id='par_1_38' title="bbox 216 2252 1823 2326">
     <span class='ocr_line' id='line_1_38' title="bbox 216 2252 1823 2326; baseline 0.003 -18"><span class='ocrx_word' id='word_1_268' title='bbox 216 2256 450 2309; x_wconf 82' lang='lat' dir='ltr'><strong>vetustis</strong></span> <span class='ocrx_word' id='word_1_269' title='bbox 465 2270 657 2309; x_wconf 87' lang='lat' dir='ltr'><strong>eorum</strong></span> <span class='ocrx_word' id='word_1_270' title='bbox 682 2252 969 2311; x_wconf 87' lang='lat' dir='ltr'><strong>Cedicibus</strong></span> <span class='ocrx_word' id='word_1_271' title='bbox 985 2256 1366 2312; x_wconf 77' lang='lat' dir='ltr'><strong>describendis.</strong></span> <span class='ocrx_word' id='word_1_272' title='bbox 1394 2257 1579 2326; x_wconf 86' lang='lat' dir='ltr'><strong>Neque</strong></span> <span class='ocrx_word' id='word_1_273' title='bbox 1606 2258 1823 2313; x_wconf 88' lang='lat' dir='ltr'><strong>demum</strong></span> 
     </span>
    </p>
   </div>
   <div class='ocr_carea' id='block_1_39' title="bbox 214 2344 1821 2417">
    <p class='ocr_par' dir='ltr' id='par_1_39' title="bbox 214 2344 1821 2417">
     <span class='ocr_line' id='line_1_39' title="bbox 214 2344 1821 2417; baseline 0.002 -19"><span class='ocrx_word' id='word_1_274' title='bbox 214 2344 409 2417; x_wconf 90' lang='lat' dir='ltr'><strong>(quod</strong></span> <span class='ocrx_word' id='word_1_275' title='bbox 440 2346 683 2399; x_wconf 89' lang='lat' dir='ltr'><strong>miraculi</strong></span> <span class='ocrx_word' id='word_1_276' title='bbox 715 2345 838 2401; x_wconf 91' lang='lat' dir='ltr'><strong>loco</strong></span> <span class='ocrx_word' id='word_1_277' title='bbox 854 2346 1201 2417; x_wconf 82' lang='lat' dir='ltr'><strong>habendum)</strong></span> <span class='ocrx_word' id='word_1_278' title='bbox 1245 2348 1298 2400; x_wconf 92' lang='lat' dir='ltr'><strong>in</strong></span> <span class='ocrx_word' id='word_1_279' title='bbox 1338 2354 1488 2401; x_wconf 87' lang='lat' dir='ltr'><strong>tanta</strong></span> <span class='ocrx_word' id='word_1_280' title='bbox 1540 2348 1821 2417; x_wconf 81' lang='lat' dir='ltr'><strong>exempla-</strong></span> 
     </span>
    </p>
   </div>
   <div class='ocr_carea' id='block_1_40' title="bbox 218 2436 1823 2506">
    <p class='ocr_par' dir='ltr' id='par_1_40' title="bbox 218 2436 1823 2506">
     <span class='ocr_line' id='line_1_40' title="bbox 218 2436 1823 2506; baseline 0.001 -15"><span class='ocrx_word' id='word_1_281' title='bbox 218 2438 365 2491; x_wconf 87' lang='lat' dir='ltr'><strong>rium</strong></span> <span class='ocrx_word' id='word_1_282' title='bbox 411 2436 631 2491; x_wconf 87' lang='lat' dir='ltr'><strong>secundi</strong></span> <span class='ocrx_word' id='word_1_283' title='bbox 659 2437 889 2505; x_wconf 85' lang='lat' dir='ltr'><strong>catalegi</strong></span> <span class='ocrx_word' id='word_1_284' title='bbox 921 2445 1082 2506; x_wconf 88' lang='lat' dir='ltr'><strong>atque</strong></span> <span class='ocrx_word' id='word_1_285' title='bbox 1113 2438 1381 2493; x_wconf 82' lang='lat' dir='ltr'><strong>Anastasii</strong></span> <span class='ocrx_word' id='word_1_286' title='bbox 1411 2439 1460 2492; x_wconf 92' lang='lat' dir='ltr'><strong>in</strong></span> <span class='ocrx_word' id='word_1_287' title='bbox 1478 2438 1823 2494; x_wconf 84' lang='lat' dir='ltr'><strong>Bibliethecis</strong></span> 
     </span>
    </p>
   </div>
   <div class='ocr_carea' id='block_1_41' title="bbox 214 2527 1824 2598">
    <p class='ocr_par' dir='ltr' id='par_1_41' title="bbox 214 2527 1824 2598">
     <span class='ocr_line' id='line_1_41' title="bbox 214 2527 1824 2598; baseline 0.002 -16"><span class='ocrx_word' id='word_1_288' title='bbox 214 2543 316 2597; x_wconf 83' lang='lat' dir='ltr'><strong>per</strong></span> <span class='ocrx_word' id='word_1_289' title='bbox 346 2527 578 2596; x_wconf 87' lang='lat' dir='ltr'><strong>Italiam,</strong></span> <span class='ocrx_word' id='word_1_290' title='bbox 599 2527 846 2593; x_wconf 85' lang='lat' dir='ltr'><strong>Galliam,</strong></span> <span class='ocrx_word' id='word_1_291' title='bbox 874 2529 1239 2595; x_wconf 82' lang='lat' dir='ltr'><strong>Germaniam,</strong></span> <span class='ocrx_word' id='word_1_292' title='bbox 1260 2539 1313 2585; x_wconf 90' lang='lat' dir='ltr'><strong>et</strong></span> <span class='ocrx_word' id='word_1_293' title='bbox 1338 2529 1582 2598; x_wconf 78' lang='lat' dir='ltr'><strong>Belgium</strong></span> <span class='ocrx_word' id='word_1_294' title='bbox 1610 2531 1824 2585; x_wconf 85' lang='lat' dir='ltr'><strong>univer-</strong></span> 
     </span>
    </p>
   </div>
   <div class='ocr_carea' id='block_1_42' title="bbox 216 2620 1823 2691">
    <p class='ocr_par' dir='ltr' id='par_1_42' title="bbox 216 2620 1823 2691">
     <span class='ocr_line' id='line_1_42' title="bbox 216 2620 1823 2691; baseline 0.004 -20"><span class='ocrx_word' id='word_1_295' title='bbox 216 2634 339 2673; x_wconf 87' lang='lat' dir='ltr'><strong>sum</strong></span> <span class='ocrx_word' id='word_1_296' title='bbox 371 2620 694 2691; x_wconf 23' lang='lat' dir='ltr'><strong>cepia,.qu;e</strong></span> <span class='ocrx_word' id='word_1_297' title='bbox 723 2620 988 2690; x_wconf 89' lang='lat' dir='ltr'><strong>stupende</strong></span> <span class='ocrx_word' id='word_1_298' title='bbox 1028 2620 1212 2675; x_wconf 71' lang='lat' dir='ltr'><strong>labere</strong></span> <span class='ocrx_word' id='word_1_299' title='bbox 1271 2623 1552 2675; x_wconf 87' lang='lat' dir='ltr'><strong>contulere</strong></span> <span class='ocrx_word' id='word_1_300' title='bbox 1601 2620 1823 2677; x_wconf 84' lang='lat' dir='ltr'><strong>lielste-</strong></span> 
     </span>
    </p>
   </div>
   <div class='ocr_carea' id='block_1_43' title="bbox 216 2711 1821 2784">
    <p class='ocr_par' dir='ltr' id='par_1_43' title="bbox 216 2711 1821 2784">
     <span class='ocr_line' id='line_1_43' title="bbox 216 2711 1821 2784; baseline 0.004 -21"><span class='ocrx_word' id='word_1_301' title='bbox 216 2711 342 2767; x_wconf 90' lang='lat' dir='ltr'><strong>nius</strong></span> <span class='ocrx_word' id='word_1_302' title='bbox 356 2711 525 2782; x_wconf 87' lang='lat' dir='ltr'><strong>(a),et</strong></span> <span class='ocrx_word' id='word_1_303' title='bbox 551 2720 668 2781; x_wconf 85' lang='lat' dir='ltr'><strong>post</strong></span> <span class='ocrx_word' id='word_1_304' title='bbox 696 2729 819 2768; x_wconf 89' lang='lat' dir='ltr'><strong>eum</strong></span> <span class='ocrx_word' id='word_1_305' title='bbox 835 2712 1029 2768; x_wconf 87' lang='lat' dir='ltr'><strong>Senier</strong></span> <span class='ocrx_word' id='word_1_306' title='bbox 1052 2713 1371 2769; x_wconf 71' lang='lat' dir='ltr'><strong>Illanchinus</strong></span> <span class='ocrx_word' id='word_1_307' title='bbox 1402 2712 1495 2784; x_wconf 79' lang='grc' dir='ltr'><strong>(ὁ),</strong></span> <span class='ocrx_word' id='word_1_308' title='bbox 1528 2716 1821 2784; x_wconf 68' lang='lat' dir='ltr'><strong>praesertim</strong></span> 
     </span>
    </p>
   </div>
   <div class='ocr_carea' id='block_1_44' title="bbox 215 2802 1824 2874">
    <p class='ocr_par' dir='ltr' id='par_1_44' title="bbox 215 2802 1824 2874">
     <span class='ocr_line' id='line_1_44' title="bbox 215 2802 1824 2874; baseline 0.001 -17"><span class='ocrx_word' id='word_1_309' title='bbox 215 2819 341 2857; x_wconf 87' lang='lat' dir='ltr'><strong>cum</strong></span> <span class='ocrx_word' id='word_1_310' title='bbox 374 2803 428 2856; x_wconf 91' lang='lat' dir='ltr'><strong>in</strong></span> <span class='ocrx_word' id='word_1_311' title='bbox 450 2804 566 2858; x_wconf 86' lang='lat' dir='ltr'><strong>aliis</strong></span> <span class='ocrx_word' id='word_1_312' title='bbox 613 2805 806 2858; x_wconf 87' lang='lat' dir='ltr'><strong>herum</strong></span> <span class='ocrx_word' id='word_1_313' title='bbox 835 2805 1161 2874; x_wconf 87' lang='lat' dir='ltr'><strong>scriptorum</strong></span> <span class='ocrx_word' id='word_1_314' title='bbox 1191 2805 1324 2859; x_wconf 88' lang='lat' dir='ltr'><strong>locis</strong></span> <span class='ocrx_word' id='word_1_315' title='bbox 1354 2802 1563 2858; x_wconf 79' lang='lat' dir='ltr'><strong>inﬁnita</strong></span> <span class='ocrx_word' id='word_1_316' title='bbox 1592 2819 1731 2874; x_wconf 89' lang='lat' dir='ltr'><strong>pene</strong></span> <span class='ocrx_word' id='word_1_317' title='bbox 1751 2805 1824 2859; x_wconf 86' lang='lat' dir='ltr'><strong>sit</strong></span> 
     </span>
    </p>
   </div>
   <div class='ocr_carea' id='block_1_45' title="bbox 216 2895 1825 2966">
    <p class='ocr_par' dir='ltr' id='par_1_45' title="bbox 216 2895 1825 2966">
     <span class='ocr_line' id='line_1_45' title="bbox 216 2895 1825 2966; baseline 0.002 -18"><span class='ocrx_word' id='word_1_318' title='bbox 216 2895 515 2951; x_wconf 80' lang='lat' dir='ltr'><strong>lcetienum</strong></span> <span class='ocrx_word' id='word_1_319' title='bbox 540 2897 792 2962; x_wconf 79' lang='lat' dir='ltr'><strong>varietas,</strong></span> <span class='ocrx_word' id='word_1_320' title='bbox 822 2898 909 2951; x_wconf 89' lang='lat' dir='ltr'><strong>vel</strong></span> <span class='ocrx_word' id='word_1_321' title='bbox 955 2913 1118 2952; x_wconf 90' lang='lat' dir='ltr'><strong>unum</strong></span> <span class='ocrx_word' id='word_1_322' title='bbox 1149 2897 1413 2951; x_wconf 86' lang='lat' dir='ltr'><strong>hactenus</strong></span> <span class='ocrx_word' id='word_1_323' title='bbox 1444 2906 1715 2966; x_wconf 86' lang='lat' dir='ltr'><strong>repertum</strong></span> <span class='ocrx_word' id='word_1_324' title='bbox 1746 2898 1825 2952; x_wconf 88' lang='lat' dir='ltr'><strong>le-</strong></span> 
     </span>
    </p>
   </div>
   <div class='ocr_carea' id='block_1_46' title="bbox 215 2987 1824 3059">
    <p class='ocr_par' dir='ltr' id='par_1_46' title="bbox 215 2987 1824 3059">
     <span class='ocr_line' id='line_1_46' title="bbox 215 2987 1824 3059; baseline 0.004 -20"><span class='ocrx_word' id='word_1_325' title='bbox 215 2989 417 3055; x_wconf 71' lang='lat' dir='ltr'><strong>gimus,</strong></span> <span class='ocrx_word' id='word_1_326' title='bbox 442 2989 586 3057; x_wconf 77' lang='lat' dir='ltr'><strong>quod</strong></span> <span class='ocrx_word' id='word_1_327' title='bbox 617 2988 684 3043; x_wconf 89' lang='lat' dir='ltr'><strong>de</strong></span> <span class='ocrx_word' id='word_1_328' title='bbox 714 2987 929 3044; x_wconf 88' lang='lat' dir='ltr'><strong>Damasi</strong></span> <span class='ocrx_word' id='word_1_329' title='bbox 961 2990 1135 3059; x_wconf 83' lang='lat' dir='ltr'><strong>patria</strong></span> <span class='ocrx_word' id='word_1_330' title='bbox 1165 2990 1394 3059; x_wconf 88' lang='lat' dir='ltr'><strong>loquens</strong></span> <span class='ocrx_word' id='word_1_331' title='bbox 1444 3006 1551 3045; x_wconf 90' lang='lat' dir='ltr'><strong>non</strong></span> <span class='ocrx_word' id='word_1_332' title='bbox 1603 2990 1824 3046; x_wconf 82' lang='lat' dir='ltr'><strong>miriﬁce</strong></span> 
     </span>
    </p>
   </div>
   <div class='ocr_carea' id='block_1_47' title="bbox 214 3081 1060 3138">
    <p class='ocr_par' dir='ltr' id='par_1_47' title="bbox 214 3081 1060 3138">
     <span class='ocr_line' id='line_1_47' title="bbox 214 3081 1060 3138; baseline 0.002 -2"><span class='ocrx_word' id='word_1_333' title='bbox 214 3081 432 3136; x_wconf 67' lang='lat' dir='ltr'><strong>caneris</strong></span> <span class='ocrx_word' id='word_1_334' title='bbox 459 3081 709 3136; x_wconf 75' lang='lat' dir='ltr'><strong>erunibus</strong></span> <span class='ocrx_word' id='word_1_335' title='bbox 732 3082 1060 3138; x_wconf 86' lang='lat' dir='ltr'><strong>consentiat.</strong></span> 
     </span>
    </p>
   </div>
   <div class='ocr_carea' id='block_1_48' title="bbox 286 3172 1823 3244">
    <p class='ocr_par' dir='ltr' id='par_1_48' title="bbox 286 3172 1823 3244">
     <span class='ocr_line' id='line_1_48' title="bbox 286 3172 1823 3244; baseline 0.002 -18"><span class='ocrx_word' id='word_1_336' title='bbox 286 3172 420 3228; x_wconf 60' lang='lat' dir='ltr'><strong>[laxe</strong></span> <span class='ocrx_word' id='word_1_337' title='bbox 448 3183 628 3229; x_wconf 86' lang='lat' dir='ltr'><strong>autem</strong></span> <span class='ocrx_word' id='word_1_338' title='bbox 662 3188 789 3229; x_wconf 88' lang='lat' dir='ltr'><strong>cum</strong></span> <span class='ocrx_word' id='word_1_339' title='bbox 825 3174 899 3228; x_wconf 88' lang='lat' dir='ltr'><strong>ita</strong></span> <span class='ocrx_word' id='word_1_340' title='bbox 927 3174 1054 3241; x_wconf 91' lang='lat' dir='ltr'><strong>sint,</strong></span> <span class='ocrx_word' id='word_1_341' title='bbox 1085 3174 1215 3230; x_wconf 86' lang='lat' dir='ltr'><strong>satis</strong></span> <span class='ocrx_word' id='word_1_342' title='bbox 1258 3174 1441 3229; x_wconf 78' lang='lat' dir='ltr'><strong>mirari</strong></span> <span class='ocrx_word' id='word_1_343' title='bbox 1480 3188 1692 3244; x_wconf 87' lang='lat' dir='ltr'><strong>nequeo</strong></span> <span class='ocrx_word' id='word_1_344' title='bbox 1724 3188 1823 3229; x_wconf 90' lang='lat' dir='ltr'><strong>cur</strong></span> 
     </span>
    </p>
   </div>
   <div class='ocr_carea' id='block_1_49' title="bbox 213 3266 1823 3337">
    <p class='ocr_par' dir='ltr' id='par_1_49' title="bbox 213 3266 1823 3337">
     <span class='ocr_line' id='line_1_49' title="bbox 213 3266 1823 3337; baseline 0.003 -17"><span class='ocrx_word' id='word_1_345' title='bbox 213 3266 443 3321; x_wconf 82' lang='lat' dir='ltr'><strong>secundi</strong></span> <span class='ocrx_word' id='word_1_346' title='bbox 466 3266 698 3335; x_wconf 83' lang='lat' dir='ltr'><strong>catalogi</strong></span> <span class='ocrx_word' id='word_1_347' title='bbox 720 3276 882 3337; x_wconf 84' lang='lat' dir='ltr'><strong>atque</strong></span> <span class='ocrx_word' id='word_1_348' title='bbox 900 3267 1169 3322; x_wconf 81' lang='lat' dir='ltr'><strong>Anastasii</strong></span> <span class='ocrx_word' id='word_1_349' title='bbox 1192 3268 1349 3323; x_wconf 86' lang='lat' dir='ltr'><strong>tidem</strong></span> <span class='ocrx_word' id='word_1_350' title='bbox 1372 3276 1524 3323; x_wconf 86' lang='lat' dir='ltr'><strong>tanto</strong></span> <span class='ocrx_word' id='word_1_351' title='bbox 1546 3269 1823 3326; x_wconf 89' lang='lat' dir='ltr'><strong>molimine</strong></span> 
     </span>
    </p>
   </div>
   <div class='ocr_carea' id='block_1_50' title="bbox 216 3354 1824 3424">
    <p class='ocr_par' dir='ltr' id='par_1_50' title="bbox 216 3354 1824 3424">
     <span class='ocr_line' id='line_1_50' title="bbox 216 3354 1824 3424; baseline 0.004 -15"><span class='ocrx_word' id='word_1_352' title='bbox 216 3354 575 3412; x_wconf 81' lang='lat' dir='ltr'><strong>Terribilinus</strong></span> <span class='ocrx_word' id='word_1_353' title='bbox 601 3357 654 3411; x_wconf 92' lang='lat' dir='ltr'><strong>in</strong></span> <span class='ocrx_word' id='word_1_354' title='bbox 682 3356 900 3411; x_wconf 88' lang='lat' dir='ltr'><strong>dubium</strong></span> <span class='ocrx_word' id='word_1_355' title='bbox 930 3373 1185 3417; x_wconf 87' lang='lat' dir='ltr'><strong>revocare</strong></span> <span class='ocrx_word' id='word_1_356' title='bbox 1213 3359 1445 3424; x_wconf 86' lang='lat' dir='ltr'><strong>nitatur;</strong></span> <span class='ocrx_word' id='word_1_357' title='bbox 1469 3360 1658 3412; x_wconf 88' lang='lat' dir='ltr'><strong>saltem</strong></span> <span class='ocrx_word' id='word_1_358' title='bbox 1684 3359 1824 3415; x_wconf 85' lang='lat' dir='ltr'><strong>scire</strong></span> 
     </span>
    </p>
   </div>
   <div class='ocr_carea' id='block_1_51' title="bbox 216 3447 1823 3519">
    <p class='ocr_par' dir='ltr' id='par_1_51' title="bbox 216 3447 1823 3519">
     <span class='ocr_line' id='line_1_51' title="bbox 216 3447 1823 3519; baseline 0.002 -19"><span class='ocrx_word' id='word_1_359' title='bbox 216 3447 419 3502; x_wconf 87' lang='lat' dir='ltr'><strong>vellem</strong></span> <span class='ocrx_word' id='word_1_360' title='bbox 460 3464 570 3519; x_wconf 90' lang='lat' dir='ltr'><strong>quo</strong></span> <span class='ocrx_word' id='word_1_361' title='bbox 614 3447 831 3502; x_wconf 85' lang='lat' dir='ltr'><strong>tandem</strong></span> <span class='ocrx_word' id='word_1_362' title='bbox 868 3455 986 3502; x_wconf 88' lang='lat' dir='ltr'><strong>astu</strong></span> <span class='ocrx_word' id='word_1_363' title='bbox 1022 3447 1240 3503; x_wconf 88' lang='lat' dir='ltr'><strong>Danaen</strong></span> <span class='ocrx_word' id='word_1_364' title='bbox 1292 3448 1447 3502; x_wconf 89' lang='lat' dir='ltr'><strong>istam</strong></span> <span class='ocrx_word' id='word_1_365' title='bbox 1481 3456 1560 3503; x_wconf 87' lang='lat' dir='ltr'><strong>tot</strong></span> <span class='ocrx_word' id='word_1_366' title='bbox 1587 3448 1823 3517; x_wconf 88' lang='lat' dir='ltr'><strong>undique</strong></span> 
     </span>
    </p>
   </div>
   <div class='ocr_carea' id='block_1_52' title="bbox 214 3539 1821 3611">
    <p class='ocr_par' dir='ltr' id='par_1_52' title="bbox 214 3539 1821 3611">
     <span class='ocr_line' id='line_1_52' title="bbox 214 3539 1821 3611; baseline 0.001 -17"><span class='ocrx_word' id='word_1_367' title='bbox 214 3539 461 3595; x_wconf 78' lang='lat' dir='ltr'><strong>excubiis</strong></span> <span class='ocrx_word' id='word_1_368' title='bbox 485 3539 894 3607; x_wconf 54' lang='lat' dir='ltr'><strong>circumsegtam</strong></span> <span class='ocrx_word' id='word_1_369' title='bbox 922 3539 1100 3594; x_wconf 87' lang='lat' dir='ltr'><strong>deludi</strong></span> <span class='ocrx_word' id='word_1_370' title='bbox 1130 3556 1193 3595; x_wconf 90' lang='lat' dir='ltr'><strong>ac</strong></span> <span class='ocrx_word' id='word_1_371' title='bbox 1211 3541 1385 3595; x_wconf 85' lang='lat' dir='ltr'><strong>vitiari</strong></span> <span class='ocrx_word' id='word_1_372' title='bbox 1416 3541 1654 3611; x_wconf 90' lang='lat' dir='ltr'><strong>potuisse</strong></span> <span class='ocrx_word' id='word_1_373' title='bbox 1681 3540 1821 3596; x_wconf 81' lang='lat' dir='ltr'><strong>arbi-</strong></span> 
     </span>
    </p>
   </div>
   <div class='ocr_carea' id='block_1_53' title="bbox 216 3629 1823 3703">
    <p class='ocr_par' dir='ltr' id='par_1_53' title="bbox 216 3629 1823 3703">
     <span class='ocr_line' id='line_1_53' title="bbox 216 3629 1823 3703; baseline 0.004 -22"><span class='ocrx_word' id='word_1_374' title='bbox 216 3637 421 3694; x_wconf 90' lang='lat' dir='ltr'><strong>tretur,</strong></span> <span class='ocrx_word' id='word_1_375' title='bbox 455 3637 514 3683; x_wconf 90' lang='lat' dir='ltr'><strong>ut</strong></span> <span class='ocrx_word' id='word_1_376' title='bbox 541 3638 829 3699; x_wconf 85' lang='lat' dir='ltr'><strong>propterea</strong></span> <span class='ocrx_word' id='word_1_377' title='bbox 858 3629 1073 3685; x_wconf 89' lang='lat' dir='ltr'><strong>Damasi</strong></span> <span class='ocrx_word' id='word_1_378' title='bbox 1101 3633 1329 3700; x_wconf 88' lang='lat' dir='ltr'><strong>patriam</strong></span> <span class='ocrx_word' id='word_1_379' title='bbox 1370 3633 1650 3703; x_wconf 87' lang='lat' dir='ltr'><strong>utriusque</strong></span> <span class='ocrx_word' id='word_1_380' title='bbox 1680 3632 1823 3688; x_wconf 91' lang='lat' dir='ltr'><strong>illius</strong></span> 
     </span>
    </p>
   </div>
   <div class='ocr_carea' id='block_1_54' title="bbox 212 3719 1821 3789">
    <p class='ocr_par' dir='ltr' id='par_1_54' title="bbox 212 3719 1821 3789">
     <span class='ocr_line' id='line_1_54' title="bbox 212 3719 1821 3789; baseline 0.004 -17"><span class='ocrx_word' id='word_1_381' title='bbox 212 3719 506 3789; x_wconf 83' lang='lat' dir='ltr'><strong>scriptoris</strong></span> <span class='ocrx_word' id='word_1_382' title='bbox 553 3720 863 3776; x_wconf 84' lang='lat' dir='ltr'><strong>auctoritati</strong></span> <span class='ocrx_word' id='word_1_383' title='bbox 906 3736 971 3776; x_wconf 92' lang='lat' dir='ltr'><strong>ac</strong></span> <span class='ocrx_word' id='word_1_384' title='bbox 1017 3722 1328 3777; x_wconf 88' lang='lat' dir='ltr'><strong>testimonio</strong></span> <span class='ocrx_word' id='word_1_385' title='bbox 1376 3739 1484 3777; x_wconf 89' lang='lat' dir='ltr'><strong>non</strong></span> <span class='ocrx_word' id='word_1_386' title='bbox 1532 3723 1663 3778; x_wconf 85' lang='lat' dir='ltr'><strong>satis</strong></span> <span class='ocrx_word' id='word_1_387' title='bbox 1706 3732 1821 3779; x_wconf 89' lang='lat' dir='ltr'><strong>tute</strong></span> 
     </span>
    </p>
   </div>
   <div class='ocr_carea' id='block_1_55' title="bbox 214 3811 1821 3885">
    <p class='ocr_par' dir='ltr' id='par_1_55' title="bbox 214 3811 1821 3885">
     <span class='ocr_line' id='line_1_55' title="bbox 214 3811 1821 3885; baseline 0.001 -18"><span class='ocrx_word' id='word_1_388' title='bbox 214 3811 370 3867; x_wconf 82' lang='lat' dir='ltr'><strong>credi</strong></span> <span class='ocrx_word' id='word_1_389' title='bbox 392 3820 486 3866; x_wconf 89' lang='lat' dir='ltr'><strong>aut</strong></span> <span class='ocrx_word' id='word_1_390' title='bbox 504 3814 767 3868; x_wconf 85' lang='lat' dir='ltr'><strong>committi</strong></span> <span class='ocrx_word' id='word_1_391' title='bbox 791 3829 949 3884; x_wconf 87' lang='lat' dir='ltr'><strong>posse</strong></span> <span class='ocrx_word' id='word_1_392' title='bbox 969 3813 1216 3869; x_wconf 85' lang='lat' dir='ltr'><strong>aﬂirmet.</strong></span> <span class='ocrx_word' id='word_1_393' title='bbox 1247 3815 1441 3870; x_wconf 75' lang='lat' dir='ltr'><strong>Verum</strong></span> <span class='ocrx_word' id='word_1_394' title='bbox 1470 3813 1631 3869; x_wconf 79' lang='lat' dir='ltr'><strong>fuerit</strong></span> <span class='ocrx_word' id='word_1_395' title='bbox 1652 3815 1821 3885; x_wconf 90' lang='lat' dir='ltr'><strong>(quod</strong></span> 
     </span>
    </p>
   </div>
   <div class='ocr_carea' id='block_1_56' title="bbox 219 3902 1822 3977">
    <p class='ocr_par' dir='ltr' id='par_1_56' title="bbox 219 3902 1822 3977">
     <span class='ocr_line' id='line_1_56' title="bbox 219 3902 1822 3977; baseline 0.002 -21"><span class='ocrx_word' id='word_1_396' title='bbox 219 3904 462 3973; x_wconf 81' lang='lat' dir='ltr'><strong>gratuito</strong></span> <span class='ocrx_word' id='word_1_397' title='bbox 488 3902 811 3960; x_wconf 85' lang='lat' dir='ltr'><strong>Terribilino</strong></span> <span class='ocrx_word' id='word_1_398' title='bbox 849 3905 1096 3977; x_wconf 90' lang='lat' dir='ltr'><strong>damus),</strong></span> <span class='ocrx_word' id='word_1_399' title='bbox 1128 3905 1307 3971; x_wconf 80' lang='lat' dir='ltr'><strong>fuerit,</strong></span> <span class='ocrx_word' id='word_1_400' title='bbox 1352 3906 1589 3976; x_wconf 88' lang='lat' dir='ltr'><strong>inquam,</strong></span> <span class='ocrx_word' id='word_1_401' title='bbox 1628 3906 1822 3975; x_wconf 87' lang='lat' dir='ltr'><strong>aliquis</strong></span> 
     </span>
    </p>
   </div>
   <div class='ocr_carea' id='block_1_57' title="bbox 218 3993 1822 4067">
    <p class='ocr_par' dir='ltr' id='par_1_57' title="bbox 218 3993 1822 4067">
     <span class='ocr_line' id='line_1_57' title="bbox 218 3993 1822 4067; baseline 0.002 -18"><span class='ocrx_word' id='word_1_402' title='bbox 218 3994 274 4049; x_wconf 88' lang='lat' dir='ltr'><strong>in</strong></span> <span class='ocrx_word' id='word_1_403' title='bbox 311 3993 417 4050; x_wconf 73' lang='lat' dir='ltr'><strong>hac</strong></span> <span class='ocrx_word' id='word_1_404' title='bbox 455 4004 608 4066; x_wconf 86' lang='lat' dir='ltr'><strong>parte</strong></span> <span class='ocrx_word' id='word_1_405' title='bbox 647 4004 839 4051; x_wconf 86' lang='lat' dir='ltr'><strong>contra</strong></span> <span class='ocrx_word' id='word_1_406' title='bbox 867 3996 1208 4052; x_wconf 77' lang='lat' dir='ltr'><strong>Anastasium</strong></span> <span class='ocrx_word' id='word_1_407' title='bbox 1254 4005 1308 4052; x_wconf 89' lang='lat' dir='ltr'><strong>et</strong></span> <span class='ocrx_word' id='word_1_408' title='bbox 1343 3997 1561 4052; x_wconf 89' lang='lat' dir='ltr'><strong>secundi</strong></span> <span class='ocrx_word' id='word_1_409' title='bbox 1591 3997 1822 4067; x_wconf 82' lang='lat' dir='ltr'><strong>catalegi</strong></span> 
     </span>
    </p>
   </div>
   <div class='ocr_carea' id='block_1_58' title="bbox 216 4085 1821 4156">
    <p class='ocr_par' dir='ltr' id='par_1_58' title="bbox 216 4085 1821 4156">
     <span class='ocr_line' id='line_1_58' title="bbox 216 4085 1821 4156; baseline 0.001 -16"><span class='ocrx_word' id='word_1_410' title='bbox 216 4085 543 4155; x_wconf 78' lang='lat' dir='ltr'><strong>scriptorem</strong></span> <span class='ocrx_word' id='word_1_411' title='bbox 590 4087 879 4156; x_wconf 88' lang='lat' dir='ltr'><strong>suspicioni</strong></span> <span class='ocrx_word' id='word_1_412' title='bbox 924 4087 1113 4153; x_wconf 89' lang='lat' dir='ltr'><strong>locus;</strong></span> <span class='ocrx_word' id='word_1_413' title='bbox 1152 4102 1220 4142; x_wconf 90' lang='lat' dir='ltr'><strong>an</strong></span> <span class='ocrx_word' id='word_1_414' title='bbox 1266 4087 1466 4142; x_wconf 89' lang='lat' dir='ltr'><strong>idcirco</strong></span> <span class='ocrx_word' id='word_1_415' title='bbox 1495 4086 1821 4143; x_wconf 82' lang='lat' dir='ltr'><strong>Veronensis</strong></span> 
     </span>
    </p>
   </div>
   <div class='ocr_carea' id='block_1_59' title="bbox 220 4176 1820 4250">
    <p class='ocr_par' dir='ltr' id='par_1_59' title="bbox 220 4176 1820 4250">
     <span class='ocr_line' id='line_1_59' title="bbox 220 4176 1820 4250; baseline 0 -19"><span class='ocrx_word' id='word_1_416' title='bbox 220 4176 536 4245; x_wconf 82' lang='lat' dir='ltr'><strong>pontiﬁcum</strong></span> <span class='ocrx_word' id='word_1_417' title='bbox 566 4180 798 4250; x_wconf 85' lang='lat' dir='ltr'><strong>catalegi</strong></span> <span class='ocrx_word' id='word_1_418' title='bbox 830 4194 989 4249; x_wconf 88' lang='lat' dir='ltr'><strong>quem</strong></span> <span class='ocrx_word' id='word_1_419' title='bbox 1022 4178 1218 4234; x_wconf 82' lang='lat' dir='ltr'><strong>Junier</strong></span> <span class='ocrx_word' id='word_1_420' title='bbox 1247 4178 1573 4234; x_wconf 88' lang='lat' dir='ltr'><strong>Blanchinus</strong></span> <span class='ocrx_word' id='word_1_421' title='bbox 1603 4178 1820 4249; x_wconf 86' lang='lat' dir='ltr'><strong>evulga-</strong></span> 
     </span>
    </p>
   </div>
   <div class='ocr_carea' id='block_1_60' title="bbox 220 4259 1822 4338">
    <p class='ocr_par' dir='ltr' id='par_1_60' title="bbox 220 4259 1822 4338">
     <span class='ocr_line' id='line_1_60' title="bbox 220 4259 1822 4338; baseline 0.002 -18"><span class='ocrx_word' id='word_1_422' title='bbox 220 4268 305 4321; x_wconf 82' lang='lat' dir='ltr'><strong>vit</strong></span> <span class='ocrx_word' id='word_1_423' title='bbox 336 4267 430 4337; x_wconf 90' lang='lat' dir='ltr'><strong>(c),</strong></span> <span class='ocrx_word' id='word_1_424' title='bbox 463 4285 530 4323; x_wconf 87' lang='lat' dir='ltr'><strong>an</strong></span> <span class='ocrx_word' id='word_1_425' title='bbox 577 4259 793 4325; x_wconf 86' lang='lat' dir='ltr'><strong>Cedicis</strong></span> <span class='ocrx_word' id='word_1_426' title='bbox 834 4269 1385 4337; x_wconf 83' lang='lat' dir='ltr'><strong>Palatino-Vaticani,</strong></span> <span class='ocrx_word' id='word_1_427' title='bbox 1414 4270 1719 4338; x_wconf 71' lang='lat' dir='ltr'><strong>Anastasio,</strong></span> <span class='ocrx_word' id='word_1_428' title='bbox 1765 4278 1822 4324; x_wconf 90' lang='lat' dir='ltr'><strong>ut</strong></span> 
     </span>
    </p>
   </div>
   <div class='ocr_carea' id='block_1_61' title="bbox 219 4360 1820 4431">
    <p class='ocr_par' dir='ltr' id='par_1_61' title="bbox 219 4360 1820 4431">
     <span class='ocr_line' id='line_1_61' title="bbox 219 4360 1820 4431; baseline 0.001 -16"><span class='ocrx_word' id='word_1_429' title='bbox 219 4360 550 4430; x_wconf 82' lang='lat' dir='ltr'><strong>videbimus,</strong></span> <span class='ocrx_word' id='word_1_430' title='bbox 595 4362 940 4431; x_wconf 88' lang='lat' dir='ltr'><strong>antiquioris,</strong></span> <span class='ocrx_word' id='word_1_431' title='bbox 982 4377 1140 4430; x_wconf 90' lang='lat' dir='ltr'><strong>quem</strong></span> <span class='ocrx_word' id='word_1_432' title='bbox 1188 4370 1478 4430; x_wconf 89' lang='lat' dir='ltr'><strong>utrumque</strong></span> <span class='ocrx_word' id='word_1_433' title='bbox 1519 4378 1618 4431; x_wconf 89' lang='lat' dir='ltr'><strong>pro</strong></span> <span class='ocrx_word' id='word_1_434' title='bbox 1665 4362 1820 4416; x_wconf 85' lang='lat' dir='ltr'><strong>nobis</strong></span> 
     </span>
    </p>
   </div>
   <div class='ocr_carea' id='block_1_62' title="bbox 221 4452 1821 4525">
    <p class='ocr_par' dir='ltr' id='par_1_62' title="bbox 221 4452 1821 4525">
     <span class='ocr_line' id='line_1_62' title="bbox 221 4452 1821 4525; baseline 0.004 -19"><span class='ocrx_word' id='word_1_435' title='bbox 221 4452 597 4520; x_wconf 80' lang='lat' dir='ltr'><strong>allegavimus,</strong></span> <span class='ocrx_word' id='word_1_436' title='bbox 626 4453 863 4508; x_wconf 87' lang='lat' dir='ltr'><strong>sublesta</strong></span> <span class='ocrx_word' id='word_1_437' title='bbox 907 4469 1122 4523; x_wconf 89' lang='lat' dir='ltr'><strong>quoque</strong></span> <span class='ocrx_word' id='word_1_438' title='bbox 1164 4454 1299 4510; x_wconf 83' lang='lat' dir='ltr'><strong>lides</strong></span> <span class='ocrx_word' id='word_1_439' title='bbox 1333 4464 1497 4525; x_wconf 88' lang='lat' dir='ltr'><strong>atque</strong></span> <span class='ocrx_word' id='word_1_440' title='bbox 1523 4456 1821 4512; x_wconf 88' lang='lat' dir='ltr'><strong>auctoritas</strong></span> 
     </span>
    </p>
   </div>
   <div class='ocr_carea' id='block_1_63' title="bbox 1928 1878 3525 1953">
    <p class='ocr_par' dir='ltr' id='par_1_63' title="bbox 1928 1878 3525 1953">
     <span class='ocr_line' id='line_1_63' title="bbox 1928 1878 3525 1953; baseline 0.012 -20"><span class='ocrx_word' id='word_1_441' title='bbox 1928 1879 2155 1934; x_wconf 87' lang='lat' dir='ltr'><strong>alterum</strong></span> <span class='ocrx_word' id='word_1_442' title='bbox 2202 1878 2581 1953; x_wconf 73' lang='lat' dir='ltr'><strong>Metaphrasta:</strong></span> <span class='ocrx_word' id='word_1_443' title='bbox 2628 1888 2929 1943; x_wconf 82' lang='lat' dir='ltr'><strong>contulere.</strong></span> <span class='ocrx_word' id='word_1_444' title='bbox 2983 1889 3178 1945; x_wconf 85' lang='lat' dir='ltr'><strong>Netum</strong></span> <span class='ocrx_word' id='word_1_445' title='bbox 3228 1894 3295 1948; x_wconf 90' lang='lat' dir='ltr'><strong>de</strong></span> <span class='ocrx_word' id='word_1_446' title='bbox 3341 1895 3525 1953; x_wconf 84' lang='lat' dir='ltr'><strong>Graeca</strong></span> 
     </span>
    </p>
   </div>
   <div class='ocr_carea' id='block_1_64' title="bbox 1929 1968 3525 2043">
    <p class='ocr_par' dir='ltr' id='par_1_64' title="bbox 1929 1968 3525 2043">
     <span class='ocr_line' id='line_1_64' title="bbox 1929 1968 3525 2043; baseline 0.011 -18"><span class='ocrx_word' id='word_1_447' title='bbox 1929 1968 2031 2027; x_wconf 82' lang='lat' dir='ltr'><strong>lide</strong></span> <span class='ocrx_word' id='word_1_448' title='bbox 2059 1988 2178 2043; x_wconf 76' lang='lat' dir='ltr'><strong>quze</strong></span> <span class='ocrx_word' id='word_1_449' title='bbox 2203 1977 2477 2043; x_wconf 66' lang='lat' dir='ltr'><strong>parm-mia:</strong></span> <span class='ocrx_word' id='word_1_450' title='bbox 2506 1977 2682 2033; x_wconf 90' lang='lat' dir='ltr'><strong>locum</strong></span> <span class='ocrx_word' id='word_1_451' title='bbox 2710 1980 2857 2036; x_wconf 79' lang='lat' dir='ltr'><strong>fecit.</strong></span> <span class='ocrx_word' id='word_1_452' title='bbox 2888 1981 3097 2037; x_wconf 68' lang='lat' dir='ltr'><strong>Interea</strong></span> <span class='ocrx_word' id='word_1_453' title='bbox 3156 2000 3257 2039; x_wconf 86' lang='lat' dir='ltr'><strong>ere</strong></span> <span class='ocrx_word' id='word_1_454' title='bbox 3288 1982 3525 2043; x_wconf 83' lang='lat' dir='ltr'><strong>Terribi-</strong></span> 
     </span>
    </p>
   </div>
   <div class='ocr_carea' id='block_1_65' title="bbox 1928 2064 3527 2143">
    <p class='ocr_par' dir='ltr' id='par_1_65' title="bbox 1928 2064 3527 2143">
     <span class='ocr_line' id='line_1_65' title="bbox 1928 2064 3527 2143; baseline 0.009 -23"><span class='ocrx_word' id='word_1_455' title='bbox 1928 2064 2068 2120; x_wconf 88' lang='lat' dir='ltr'><strong>linus</strong></span> <span class='ocrx_word' id='word_1_456' title='bbox 2088 2065 2282 2122; x_wconf 85' lang='lat' dir='ltr'><strong>viderit</strong></span> <span class='ocrx_word' id='word_1_457' title='bbox 2302 2083 2410 2138; x_wconf 91' lang='lat' dir='ltr'><strong>quo</strong></span> <span class='ocrx_word' id='word_1_458' title='bbox 2438 2079 2597 2139; x_wconf 85' lang='lat' dir='ltr'><strong>pacto</strong></span> <span class='ocrx_word' id='word_1_459' title='bbox 2622 2073 2938 2143; x_wconf 85' lang='lat' dir='ltr'><strong>popularem</strong></span> <span class='ocrx_word' id='word_1_460' title='bbox 2969 2077 3249 2131; x_wconf 79' lang='lat' dir='ltr'><strong>sententia:</strong></span> <span class='ocrx_word' id='word_1_461' title='bbox 3279 2094 3386 2133; x_wconf 85' lang='lat' dir='ltr'><strong>suae</strong></span> <span class='ocrx_word' id='word_1_462' title='bbox 3415 2079 3527 2135; x_wconf 85' lang='lat' dir='ltr'><strong>Me-</strong></span> 
     </span>
    </p>
   </div>
   <div class='ocr_carea' id='block_1_66' title="bbox 1925 2159 3526 2240">
    <p class='ocr_par' dir='ltr' id='par_1_66' title="bbox 1925 2159 3526 2240">
     <span class='ocr_line' id='line_1_66' title="bbox 1925 2159 3526 2240; baseline 0.006 -26"><span class='ocrx_word' id='word_1_463' title='bbox 1925 2159 2151 2215; x_wconf 85' lang='lat' dir='ltr'><strong>rendam</strong></span> <span class='ocrx_word' id='word_1_464' title='bbox 2181 2159 2421 2230; x_wconf 76' lang='lat' dir='ltr'><strong>elfugiat,</strong></span> <span class='ocrx_word' id='word_1_465' title='bbox 2450 2164 2496 2217; x_wconf 92' lang='lat' dir='ltr'><strong>si</strong></span> <span class='ocrx_word' id='word_1_466' title='bbox 2525 2165 2627 2219; x_wconf 91' lang='lat' dir='ltr'><strong>iste</strong></span> <span class='ocrx_word' id='word_1_467' title='bbox 2656 2166 2721 2219; x_wconf 87' lang='lat' dir='ltr'><strong>ab</strong></span> <span class='ocrx_word' id='word_1_468' title='bbox 2752 2182 2817 2221; x_wconf 91' lang='lat' dir='ltr'><strong>eo</strong></span> <span class='ocrx_word' id='word_1_469' title='bbox 2845 2169 3127 2237; x_wconf 69' lang='lat' dir='ltr'><strong>qumsitum</strong></span> <span class='ocrx_word' id='word_1_470' title='bbox 3169 2182 3356 2240; x_wconf 80' lang='lat' dir='ltr'><strong>pergat</strong></span> <span class='ocrx_word' id='word_1_471' title='bbox 3385 2189 3399 2228; x_wconf 88' lang='lat'><strong>:</strong></span> <span class='ocrx_word' id='word_1_472' title='bbox 3432 2171 3526 2226; x_wconf 83' lang='lat' dir='ltr'><strong>Cui</strong></span> 
     </span>
    </p>
   </div>
   <div class='ocr_carea' id='block_1_67' title="bbox 1926 2250 3526 2332">
    <p class='ocr_par' dir='ltr' id='par_1_67' title="bbox 1926 2250 3526 2332">
     <span class='ocr_line' id='line_1_67' title="bbox 1926 2250 3526 2332; baseline 0.008 -28"><span class='ocrx_word' id='word_1_473' title='bbox 1926 2250 2060 2307; x_wconf 85' lang='lat' dir='ltr'><strong>bene</strong></span> <span class='ocrx_word' id='word_1_474' title='bbox 2087 2256 2299 2308; x_wconf 84' lang='lat' dir='ltr'><strong>secundi</strong></span> <span class='ocrx_word' id='word_1_475' title='bbox 2328 2257 2556 2329; x_wconf 88' lang='lat' dir='ltr'><strong>catalogi</strong></span> <span class='ocrx_word' id='word_1_476' title='bbox 2585 2268 2766 2313; x_wconf 86' lang='lat' dir='ltr'><strong>auctor</strong></span> <span class='ocrx_word' id='word_1_477' title='bbox 2795 2270 2944 2332; x_wconf 84' lang='lat' dir='ltr'><strong>atque</strong></span> <span class='ocrx_word' id='word_1_478' title='bbox 2971 2262 3282 2317; x_wconf 75' lang='lat' dir='ltr'><strong>Anastasius</strong></span> <span class='ocrx_word' id='word_1_479' title='bbox 3315 2265 3526 2319; x_wconf 83' lang='lat' dir='ltr'><strong>Damasi</strong></span> 
     </span>
    </p>
   </div>
   <div class='ocr_carea' id='block_1_68' title="bbox 1926 2343 3035 2419">
    <p class='ocr_par' dir='ltr' id='par_1_68' title="bbox 1926 2343 3035 2419">
     <span class='ocr_line' id='line_1_68' title="bbox 1926 2343 3035 2419; baseline 0.007 -23"><span class='ocrx_word' id='word_1_480' title='bbox 1926 2344 2151 2414; x_wconf 82' lang='lat' dir='ltr'><strong>patriam</strong></span> <span class='ocrx_word' id='word_1_481' title='bbox 2181 2343 2276 2400; x_wconf 85' lang='lat' dir='ltr'><strong>sibi</strong></span> <span class='ocrx_word' id='word_1_482' title='bbox 2300 2363 2395 2415; x_wconf 86' lang='lat' dir='ltr'><strong>pro</strong></span> <span class='ocrx_word' id='word_1_483' title='bbox 2424 2348 2640 2403; x_wconf 84' lang='lat' dir='ltr'><strong>arbitrio</strong></span> <span class='ocrx_word' id='word_1_484' title='bbox 2669 2350 3035 2419; x_wconf 79' lang='lat' dir='ltr'><strong>conﬁnxerint.</strong></span> 
     </span>
    </p>
   </div>
   <div class='ocr_carea' id='block_1_69' title="bbox 2556 2459 2907 2517">
    <p class='ocr_par' dir='ltr' id='par_1_69' title="bbox 2556 2459 2907 2517">
     <span class='ocr_line' id='line_1_69' title="bbox 2556 2459 2907 2517; baseline 0 -1"><span class='ocrx_word' id='word_1_485' title='bbox 2556 2459 2783 2517; x_wconf 85' lang='lat' dir='ltr'><strong>CAPUT</strong></span> <span class='ocrx_word' id='word_1_486' title='bbox 2822 2461 2907 2516; x_wconf 83' lang='lat' dir='ltr'><strong>IV.</strong></span> 
     </span>
    </p>
   </div>
   <div class='ocr_carea' id='block_1_70' title="bbox 1922 2551 3527 2629">
    <p class='ocr_par' dir='ltr' id='par_1_70' title="bbox 1922 2551 3527 2629">
     <span class='ocr_line' id='line_1_70' title="bbox 1922 2551 3527 2629; baseline 0.006 -25"><span class='ocrx_word' id='word_1_487' title='bbox 1922 2551 2291 2629; x_wconf 63' lang='lat' dir='ltr'><strong>Fundamenta</strong></span> <span class='ocrx_word' id='word_1_488' title='bbox 2336 2555 2749 2629; x_wconf 71' lang='lat' dir='ltr'><strong>adversariorum</strong></span> <span class='ocrx_word' id='word_1_489' title='bbox 2782 2557 3023 2629; x_wconf 75' lang='lat' dir='ltr'><strong>inﬁrma.</strong></span> <span class='ocrx_word' id='word_1_490' title='bbox 3094 2555 3386 2611; x_wconf 79' lang='lat' dir='ltr'><strong>Romanum</strong></span> <span class='ocrx_word' id='word_1_491' title='bbox 3435 2577 3527 2629; x_wconf 84' lang='lat' dir='ltr'><strong>pa-</strong></span> 
     </span>
    </p>
   </div>
   <div class='ocr_carea' id='block_1_71' title="bbox 1996 2624 3525 2700">
    <p class='ocr_par' dir='ltr' id='par_1_71' title="bbox 1996 2624 3525 2700">
     <span class='ocr_line' id='line_1_71' title="bbox 1996 2624 3525 2700; baseline 0.004 -23"><span class='ocrx_word' id='word_1_492' title='bbox 1996 2633 2207 2700; x_wconf 74' lang='lat' dir='ltr'><strong>rentum</strong></span> <span class='ocrx_word' id='word_1_493' title='bbox 2226 2624 2445 2700; x_wconf 85' lang='lat' dir='ltr'><strong>Damasi</strong></span> <span class='ocrx_word' id='word_1_494' title='bbox 2473 2642 2536 2679; x_wconf 79' lang='lat' dir='ltr'><strong>ea:</strong></span> <span class='ocrx_word' id='word_1_495' title='bbox 2567 2624 2952 2699; x_wconf 3' lang='lat' dir='ltr'><strong>llispaniajiter</strong></span> <span class='ocrx_word' id='word_1_496' title='bbox 2972 2629 3266 2697; x_wconf 68' lang='lat' dir='ltr'><strong>expeditum</strong></span> <span class='ocrx_word' id='word_1_497' title='bbox 3296 2624 3445 2700; x_wconf 80' lang='lat' dir='ltr'><strong>atque</strong></span> <span class='ocrx_word' id='word_1_498' title='bbox 3472 2633 3525 2683; x_wconf 88' lang='lat' dir='ltr'><strong>in</strong></span> 
     </span>
    </p>
   </div>
   <div class='ocr_carea' id='block_1_72' title="bbox 1996 2696 2476 2764">
    <p class='ocr_par' dir='ltr' id='par_1_72' title="bbox 1996 2696 2476 2764">
     <span class='ocr_line' id='line_1_72' title="bbox 1996 2696 2476 2764; baseline 0.004 -17"><span class='ocrx_word' id='word_1_499' title='bbox 1996 2696 2207 2764; x_wconf 80' lang='lat' dir='ltr'><strong>proclivi</strong></span> <span class='ocrx_word' id='word_1_500' title='bbox 2235 2696 2476 2764; x_wconf 84' lang='lat' dir='ltr'><strong>positum.</strong></span> 
     </span>
    </p>
   </div>
   <div class='ocr_carea' id='block_1_73' title="bbox 1998 2795 3528 2881">
    <p class='ocr_par' dir='ltr' id='par_1_73' title="bbox 1998 2795 3528 2881">
     <span class='ocr_line' id='line_1_73' title="bbox 1998 2795 3528 2881; baseline 0.003 -22"><span class='ocrx_word' id='word_1_501' title='bbox 1998 2806 2125 2872; x_wconf 73' lang='lat' dir='ltr'><strong>Qua:</strong></span> <span class='ocrx_word' id='word_1_502' title='bbox 2156 2808 2221 2862; x_wconf 71' lang='lat' dir='ltr'><strong>r&#39;e</strong></span> <span class='ocrx_word' id='word_1_503' title='bbox 2250 2823 2347 2863; x_wconf 90' lang='lat' dir='ltr'><strong>suo</strong></span> <span class='ocrx_word' id='word_1_504' title='bbox 2376 2809 2532 2864; x_wconf 79' lang='lat' dir='ltr'><strong>nobis</strong></span> <span class='ocrx_word' id='word_1_505' title='bbox 2561 2795 2910 2865; x_wconf 85' lang='lat' dir='ltr'><strong>Terribilinus</strong></span> <span class='ocrx_word' id='word_1_506' title='bbox 2937 2810 3138 2880; x_wconf 90' lang='lat' dir='ltr'><strong>objicit,</strong></span> <span class='ocrx_word' id='word_1_507' title='bbox 3181 2811 3224 2866; x_wconf 90' lang='lat' dir='ltr'><strong>si</strong></span> <span class='ocrx_word' id='word_1_508' title='bbox 3257 2812 3381 2880; x_wconf 74' lang='lat' dir='ltr'><strong>quid</strong></span> <span class='ocrx_word' id='word_1_509' title='bbox 3427 2827 3528 2881; x_wconf 81' lang='lat' dir='ltr'><strong>ego</strong></span> 
     </span>
    </p>
   </div>
   <div class='ocr_carea' id='block_1_74' title="bbox 1926 2901 3525 2975">
    <p class='ocr_par' dir='ltr' id='par_1_74' title="bbox 1926 2901 3525 2975">
     <span class='ocr_line' id='line_1_74' title="bbox 1926 2901 3525 2975; baseline 0.004 -21"><span class='ocrx_word' id='word_1_510' title='bbox 1926 2901 2103 2969; x_wconf 82' lang='lat' dir='ltr'><strong>video,</strong></span> <span class='ocrx_word' id='word_1_511' title='bbox 2140 2904 2315 2972; x_wconf 80' lang='lat' dir='ltr'><strong>magni</strong></span> <span class='ocrx_word' id='word_1_512' title='bbox 2357 2919 2463 2957; x_wconf 91' lang='lat' dir='ltr'><strong>non</strong></span> <span class='ocrx_word' id='word_1_513' title='bbox 2495 2911 2637 2957; x_wconf 71' lang='lat' dir='ltr'><strong>Stult.</strong></span> <span class='ocrx_word' id='word_1_514' title='bbox 2682 2904 2883 2960; x_wconf 89' lang='lat' dir='ltr'><strong>Idcirco</strong></span> <span class='ocrx_word' id='word_1_515' title='bbox 2917 2906 3184 2960; x_wconf 87' lang='lat' dir='ltr'><strong>levissime</strong></span> <span class='ocrx_word' id='word_1_516' title='bbox 3214 2908 3525 2975; x_wconf 73' lang='lat' dir='ltr'><strong>attingenda</strong></span> 
     </span>
    </p>
   </div>
   <div class='ocr_carea' id='block_1_75' title="bbox 1926 2996 3527 3066">
    <p class='ocr_par' dir='ltr' id='par_1_75' title="bbox 1926 2996 3527 3066">
     <span class='ocr_line' id='line_1_75' title="bbox 1926 2996 3527 3066; baseline 0.002 -18"><span class='ocrx_word' id='word_1_517' title='bbox 1926 3003 1981 3048; x_wconf 91' lang='lat' dir='ltr'><strong>et</strong></span> <span class='ocrx_word' id='word_1_518' title='bbox 2009 3002 2218 3049; x_wconf 83' lang='lat' dir='ltr'><strong>tantum</strong></span> <span class='ocrx_word' id='word_1_519' title='bbox 2259 3012 2365 3050; x_wconf 92' lang='lat' dir='ltr'><strong>non</strong></span> <span class='ocrx_word' id='word_1_520' title='bbox 2407 2997 2775 3066; x_wconf 75' lang='lat' dir='ltr'><strong>pr.etereunda</strong></span> <span class='ocrx_word' id='word_1_521' title='bbox 2817 3005 2962 3066; x_wconf 90' lang='lat' dir='ltr'><strong>puto.</strong></span> <span class='ocrx_word' id='word_1_522' title='bbox 2995 2996 3214 3052; x_wconf 88' lang='lat' dir='ltr'><strong>Summa</strong></span> <span class='ocrx_word' id='word_1_523' title='bbox 3246 2998 3348 3053; x_wconf 87' lang='lat' dir='ltr'><strong>huc</strong></span> <span class='ocrx_word' id='word_1_524' title='bbox 3388 2999 3527 3052; x_wconf 88' lang='lat' dir='ltr'><strong>redit</strong></span> 
     </span>
    </p>
   </div>
   <div class='ocr_carea' id='block_1_76' title="bbox 1927 3077 3527 3159">
    <p class='ocr_par' dir='ltr' id='par_1_76' title="bbox 1927 3077 3527 3159">
     <span class='ocr_line' id='line_1_76' title="bbox 1927 3077 3527 3159; baseline 0.001 -19"><span class='ocrx_word' id='word_1_525' title='bbox 1927 3086 2190 3154; x_wconf 87' lang='lat' dir='ltr'><strong>denique:</strong></span> <span class='ocrx_word' id='word_1_526' title='bbox 2219 3086 2491 3141; x_wconf 81' lang='lat' dir='ltr'><strong>Neminem</strong></span> <span class='ocrx_word' id='word_1_527' title='bbox 2514 3096 2733 3141; x_wconf 67' lang='lat' dir='ltr'><strong>veterum</strong></span> <span class='ocrx_word' id='word_1_528' title='bbox 2763 3077 2850 3158; x_wconf 85' lang='lat' dir='ltr'><strong>qui</strong></span> <span class='ocrx_word' id='word_1_529' title='bbox 2876 3089 2937 3141; x_wconf 82' lang='lat' dir='ltr'><strong>de</strong></span> <span class='ocrx_word' id='word_1_530' title='bbox 2963 3087 3190 3142; x_wconf 87' lang='lat' dir='ltr'><strong>Damaso</strong></span> <span class='ocrx_word' id='word_1_531' title='bbox 3220 3104 3369 3159; x_wconf 85' lang='lat' dir='ltr'><strong>egere</strong></span> <span class='ocrx_word' id='word_1_532' title='bbox 3401 3088 3527 3142; x_wconf 88' lang='lat' dir='ltr'><strong>llis-</strong></span> 
     </span>
    </p>
   </div>
   <div class='ocr_carea' id='block_1_77' title="bbox 1848 3146 3526 3250">
    <p class='ocr_par' dir='ltr' id='par_1_77' title="bbox 1848 3146 3526 3250">
     <span class='ocr_line' id='line_1_77' title="bbox 1848 3146 3526 3250; baseline 0.002 -21"><span class='ocrx_word' id='word_1_533' title='bbox 1848 3146 1897 3210; x_wconf 62' lang='grc' dir='ltr'><strong>Β</strong></span> <span class='ocrx_word' id='word_1_534' title='bbox 1927 3193 2120 3246; x_wconf 88' lang='lat' dir='ltr'><strong>panum</strong></span> <span class='ocrx_word' id='word_1_535' title='bbox 2162 3194 2276 3231; x_wconf 86' lang='lat' dir='ltr'><strong>eum</strong></span> <span class='ocrx_word' id='word_1_536' title='bbox 2305 3180 2499 3232; x_wconf 78' lang='lat' dir='ltr'><strong>dixisse</strong></span> <span class='ocrx_word' id='word_1_537' title='bbox 2527 3190 2647 3232; x_wconf 84' lang='lat' dir='ltr'><strong>ante</strong></span> <span class='ocrx_word' id='word_1_538' title='bbox 2675 3180 2951 3233; x_wconf 78' lang='lat' dir='ltr'><strong>secundum</strong></span> <span class='ocrx_word' id='word_1_539' title='bbox 2991 3181 3293 3250; x_wconf 81' lang='lat' dir='ltr'><strong>ponti/iram</strong></span> <span class='ocrx_word' id='word_1_540' title='bbox 3320 3184 3526 3233; x_wconf 82' lang='lat' dir='ltr'><strong>cata&#39;e—</strong></span> 
     </span>
    </p>
   </div>
   <div class='ocr_carea' id='block_1_78' title="bbox 1927 3267 3527 3342">
    <p class='ocr_par' dir='ltr' id='par_1_78' title="bbox 1927 3267 3527 3342">
     <span class='ocr_line' id='line_1_78' title="bbox 1927 3267 3527 3342; baseline 0.002 -22"><span class='ocrx_word' id='word_1_541' title='bbox 1927 3284 2047 3339; x_wconf 88' lang='lat' dir='ltr'><strong>gum</strong></span> <span class='ocrx_word' id='word_1_542' title='bbox 2075 3267 2167 3321; x_wconf 87' lang='lat' dir='ltr'><strong>sub</strong></span> <span class='ocrx_word' id='word_1_543' title='bbox 2197 3267 2371 3322; x_wconf 84' lang='lat' dir='ltr'><strong>Felice</strong></span> <span class='ocrx_word' id='word_1_544' title='bbox 2403 3268 2431 3321; x_wconf 90' lang='grc'><em>1</em></span> <span class='ocrx_word' id='word_1_545' title='bbox 2450 3268 2505 3335; x_wconf 76' lang='grc' dir='ltr'><strong>ν,</strong></span> <span class='ocrx_word' id='word_1_546' title='bbox 2550 3280 2637 3323; x_wconf 86' lang='lat' dir='ltr'><strong>aut</strong></span> <span class='ocrx_word' id='word_1_547' title='bbox 2666 3273 3027 3336; x_wconf 72' lang='lat' dir='ltr'><strong>Anastasium,’</strong></span> <span class='ocrx_word' id='word_1_548' title='bbox 3083 3272 3346 3342; x_wconf 84' lang='lat' dir='ltr'><strong>utriusque</strong></span> <span class='ocrx_word' id='word_1_549' title='bbox 3374 3271 3527 3342; x_wconf 81' lang='lat' dir='ltr'><strong>hujus</strong></span> 
     </span>
    </p>
   </div>
   <div class='ocr_carea' id='block_1_79' title="bbox 1926 3351 3524 3431">
    <p class='ocr_par' dir='ltr' id='par_1_79' title="bbox 1926 3351 3524 3431">
     <span class='ocr_line' id='line_1_79' title="bbox 1926 3351 3524 3431; baseline 0.004 -21"><span class='ocrx_word' id='word_1_550' title='bbox 1926 3360 2192 3426; x_wconf 81' lang='lat' dir='ltr'><strong>scriptoris</strong></span> <span class='ocrx_word' id='word_1_551' title='bbox 2231 3362 2590 3413; x_wconf 80' lang='lat' dir='ltr'><strong>auctoritatem</strong></span> <span class='ocrx_word' id='word_1_552' title='bbox 2634 3378 2735 3415; x_wconf 85' lang='lat' dir='ltr'><strong>non</strong></span> <span class='ocrx_word' id='word_1_553' title='bbox 2767 3351 2941 3431; x_wconf 82' lang='lat' dir='ltr'><strong>magni</strong></span> <span class='ocrx_word' id='word_1_554' title='bbox 2984 3361 3310 3431; x_wconf 71' lang='lat' dir='ltr'><strong>faciendam;</strong></span> <span class='ocrx_word' id='word_1_555' title='bbox 3344 3378 3524 3416; x_wconf 82' lang='lat' dir='ltr'><strong>recen-</strong></span> 
     </span>
    </p>
   </div>
   <div class='ocr_carea' id='block_1_80' title="bbox 1927 3450 3526 3523">
    <p class='ocr_par' dir='ltr' id='par_1_80' title="bbox 1927 3450 3526 3523">
     <span class='ocr_line' id='line_1_80' title="bbox 1927 3450 3526 3523; baseline 0.002 -20"><span class='ocrx_word' id='word_1_556' title='bbox 1927 3452 2080 3504; x_wconf 72' lang='lat' dir='ltr'><strong>tiores</strong></span> <span class='ocrx_word' id='word_1_557' title='bbox 2114 3450 2378 3520; x_wconf 84' lang='lat' dir='ltr'><strong>Hispanos</strong></span> <span class='ocrx_word' id='word_1_558' title='bbox 2416 3453 2557 3505; x_wconf 85' lang='lat' dir='ltr'><strong>nullo</strong></span> <span class='ocrx_word' id='word_1_559' title='bbox 2598 3460 2652 3506; x_wconf 88' lang='lat' dir='ltr'><strong>ut</strong></span> <span class='ocrx_word' id='word_1_560' title='bbox 2696 3451 2981 3506; x_wconf 81' lang='lat' dir='ltr'><strong>Damasum</strong></span> <span class='ocrx_word' id='word_1_561' title='bbox 3024 3451 3327 3523; x_wconf 71' lang='lat' dir='ltr'><strong>pepulerant</strong></span> <span class='ocrx_word' id='word_1_562' title='bbox 3376 3470 3526 3506; x_wconf 85' lang='lat' dir='ltr'><strong>suum</strong></span> 
     </span>
    </p>
   </div>
   <div class='ocr_carea' id='block_1_81' title="bbox 1924 3542 3525 3612">
    <p class='ocr_par' dir='ltr' id='par_1_81' title="bbox 1924 3542 3525 3612">
     <span class='ocr_line' id='line_1_81' title="bbox 1924 3542 3525 3612; baseline -0.001 -18"><span class='ocrx_word' id='word_1_563' title='bbox 1924 3551 2158 3596; x_wconf 83' lang='lat' dir='ltr'><strong>astrnant</strong></span> <span class='ocrx_word' id='word_1_564' title='bbox 2195 3542 2362 3596; x_wconf 87' lang='lat' dir='ltr'><strong>solido</strong></span> <span class='ocrx_word' id='word_1_565' title='bbox 2404 3542 2740 3611; x_wconf 78' lang='lat' dir='ltr'><strong>fundamento</strong></span> <span class='ocrx_word' id='word_1_566' title='bbox 2788 3543 2919 3605; x_wconf 84' lang='lat' dir='ltr'><strong>nili;</strong></span> <span class='ocrx_word' id='word_1_567' title='bbox 2951 3543 3224 3595; x_wconf 82' lang='lat' dir='ltr'><strong>dissentire</strong></span> <span class='ocrx_word' id='word_1_568' title='bbox 3269 3554 3525 3612; x_wconf 76' lang='lat' dir='ltr'><strong>prwterea</strong></span> 
     </span>
    </p>
   </div>
   <div class='ocr_carea' id='block_1_82' title="bbox 1922 3631 3516 3705">
    <p class='ocr_par' dir='ltr' id='par_1_82' title="bbox 1922 3631 3516 3705">
     <span class='ocr_line' id='line_1_82' title="bbox 1922 3631 3516 3705; baseline 0 -20"><span class='ocrx_word' id='word_1_569' title='bbox 1922 3633 1986 3687; x_wconf 88' lang='lat' dir='ltr'><strong>de</strong></span> <span class='ocrx_word' id='word_1_570' title='bbox 2029 3635 2159 3698; x_wconf 85' lang='lat' dir='ltr'><strong>loco,</strong></span> <span class='ocrx_word' id='word_1_571' title='bbox 2214 3634 2522 3705; x_wconf 81' lang='lat' dir='ltr'><strong>multumque</strong></span> <span class='ocrx_word' id='word_1_572' title='bbox 2563 3636 2702 3688; x_wconf 83' lang='lat' dir='ltr'><strong>inter</strong></span> <span class='ocrx_word' id='word_1_573' title='bbox 2745 3651 2798 3687; x_wconf 85' lang='lat' dir='ltr'><strong>se</strong></span> <span class='ocrx_word' id='word_1_574' title='bbox 2842 3632 3164 3704; x_wconf 78' lang='lat' dir='ltr'><strong>digladiari;</strong></span> <span class='ocrx_word' id='word_1_575' title='bbox 3220 3631 3516 3704; x_wconf 80' lang='lat' dir='ltr'><strong>Hispanum</strong></span> 
     </span>
    </p>
   </div>
   <div class='ocr_carea' id='block_1_83' title="bbox 1917 3727 2697 3803">
    <p class='ocr_par' dir='ltr' id='par_1_83' title="bbox 1917 3727 2697 3803">
     <span class='ocr_line' id='line_1_83' title="bbox 1917 3727 2697 3803; baseline -0.001 -21"><span class='ocrx_word' id='word_1_576' title='bbox 1917 3728 2095 3803; x_wconf 69' lang='lat' dir='ltr'><strong>itaque</strong></span> <span class='ocrx_word' id='word_1_577' title='bbox 2127 3727 2407 3782; x_wconf 86' lang='lat' dir='ltr'><strong>Damasum</strong></span> <span class='ocrx_word' id='word_1_578' title='bbox 2438 3746 2540 3782; x_wconf 88' lang='lat' dir='ltr'><strong>non</strong></span> <span class='ocrx_word' id='word_1_579' title='bbox 2571 3746 2697 3783; x_wconf 65' lang='lat' dir='ltr'><strong>esse.</strong></span> 
     </span>
    </p>
   </div>
   <div class='ocr_carea' id='block_1_84' title="bbox 1996 3814 3526 3888">
    <p class='ocr_par' dir='ltr' id='par_1_84' title="bbox 1996 3814 3526 3888">
     <span class='ocr_line' id='line_1_84' title="bbox 1996 3814 3526 3888; baseline -0.001 -16"><span class='ocrx_word' id='word_1_580' title='bbox 1996 3819 2231 3873; x_wconf 84' lang='lat' dir='ltr'><strong>Primum</strong></span> <span class='ocrx_word' id='word_1_581' title='bbox 2262 3828 2440 3874; x_wconf 88' lang='lat' dir='ltr'><strong>autem</strong></span> <span class='ocrx_word' id='word_1_582' title='bbox 2474 3821 2709 3875; x_wconf 84' lang='lat' dir='ltr'><strong>omnium</strong></span> <span class='ocrx_word' id='word_1_583' title='bbox 2738 3835 2807 3875; x_wconf 83' lang='lat' dir='ltr'><strong>ex</strong></span> <span class='ocrx_word' id='word_1_584' title='bbox 2831 3827 2981 3888; x_wconf 69' lang='lat' dir='ltr'><strong>parte</strong></span> <span class='ocrx_word' id='word_1_585' title='bbox 3011 3814 3201 3873; x_wconf 81' lang='lat' dir='ltr'><strong>falsum</strong></span> <span class='ocrx_word' id='word_1_586' title='bbox 3232 3832 3350 3872; x_wconf 88' lang='lat' dir='ltr'><strong>esse</strong></span> <span class='ocrx_word' id='word_1_587' title='bbox 3377 3826 3526 3871; x_wconf 84' lang='lat' dir='ltr'><strong>cata-</strong></span> 
     </span>
    </p>
   </div>
   <div class='ocr_carea' id='block_1_85' title="bbox 1923 3910 3525 3982">
    <p class='ocr_par' dir='ltr' id='par_1_85' title="bbox 1923 3910 3525 3982">
     <span class='ocr_line' id='line_1_85' title="bbox 1923 3910 3525 3982; baseline -0.002 -15"><span class='ocrx_word' id='word_1_588' title='bbox 1923 3912 2077 3982; x_wconf 82' lang='lat' dir='ltr'><strong>logus</strong></span> <span class='ocrx_word' id='word_1_589' title='bbox 2124 3912 2214 3966; x_wconf 90' lang='lat' dir='ltr'><strong>ille</strong></span> <span class='ocrx_word' id='word_1_590' title='bbox 2257 3911 2575 3982; x_wconf 86' lang='lat' dir='ltr'><strong>pontiﬁcum</strong></span> <span class='ocrx_word' id='word_1_591' title='bbox 2624 3927 2654 3966; x_wconf 91' lang='lat' dir='ltr'><strong>e</strong></span> <span class='ocrx_word' id='word_1_592' title='bbox 2701 3912 3254 3967; x_wconf 85' lang='lat' dir='ltr'><strong>Palatino-Vaticano</strong></span> <span class='ocrx_word' id='word_1_593' title='bbox 3306 3910 3525 3971; x_wconf 86' lang='lat' dir='ltr'><strong>Codice,</strong></span> 
     </span>
    </p>
   </div>
   <div class='ocr_carea' id='block_1_86' title="bbox 1923 4002 3523 4074">
    <p class='ocr_par' dir='ltr' id='par_1_86' title="bbox 1923 4002 3523 4074">
     <span class='ocr_line' id='line_1_86' title="bbox 1923 4002 3523 4074; baseline -0.003 -15"><span class='ocrx_word' id='word_1_594' title='bbox 1923 4018 2083 4074; x_wconf 87' lang='lat' dir='ltr'><strong>quem</strong></span> <span class='ocrx_word' id='word_1_595' title='bbox 2112 4002 2353 4059; x_wconf 87' lang='lat' dir='ltr'><strong>secundo</strong></span> <span class='ocrx_word' id='word_1_596' title='bbox 2378 4003 2499 4058; x_wconf 90' lang='lat' dir='ltr'><strong>loco</strong></span> <span class='ocrx_word' id='word_1_597' title='bbox 2526 4019 2623 4073; x_wconf 89' lang='lat' dir='ltr'><strong>pro</strong></span> <span class='ocrx_word' id='word_1_598' title='bbox 2654 4003 2808 4058; x_wconf 88' lang='lat' dir='ltr'><strong>nobis</strong></span> <span class='ocrx_word' id='word_1_599' title='bbox 2849 4004 3170 4058; x_wconf 84' lang='lat' dir='ltr'><strong>adduximus</strong></span> <span class='ocrx_word' id='word_1_600' title='bbox 3197 4003 3297 4057; x_wconf 90' lang='lat' dir='ltr'><strong>sub</strong></span> <span class='ocrx_word' id='word_1_601' title='bbox 3329 4003 3482 4057; x_wconf 90' lang='lat' dir='ltr'><strong>titulo</strong></span> <span class='ocrx_word' id='word_1_602' title='bbox 3511 4022 3523 4054; x_wconf 86' lang='lat'>:</span> 
     </span>
    </p>
   </div>
   <div class='ocr_carea' id='block_1_87' title="bbox 1924 4095 3527 4168">
    <p class='ocr_par' dir='ltr' id='par_1_87' title="bbox 1924 4095 3527 4168">
     <span class='ocr_line' id='line_1_87' title="bbox 1924 4095 3527 4168; baseline -0.002 -18"><span class='ocrx_word' id='word_1_603' title='bbox 1924 4096 2300 4168; x_wconf 81' lang='lat' dir='ltr'><strong>Episcoperum</strong></span> <span class='ocrx_word' id='word_1_604' title='bbox 2349 4096 2602 4151; x_wconf 81' lang='lat' dir='ltr'><strong>Romana:</strong></span> <span class='ocrx_word' id='word_1_605' title='bbox 2642 4095 2781 4150; x_wconf 88' lang='lat' dir='ltr'><strong>urbis</strong></span> <span class='ocrx_word' id='word_1_606' title='bbox 2825 4097 3060 4163; x_wconf 83' lang='lat' dir='ltr'><strong>nomina,</strong></span> <span class='ocrx_word' id='word_1_607' title='bbox 3093 4095 3527 4151; x_wconf 73' lang='lat' dir='ltr'><strong>manifestissime</strong></span> 
     </span>
    </p>
   </div>
   <div class='ocr_carea' id='block_1_88' title="bbox 1923 4188 3527 4260">
    <p class='ocr_par' dir='ltr' id='par_1_88' title="bbox 1923 4188 3527 4260">
     <span class='ocr_line' id='line_1_88' title="bbox 1923 4188 3527 4260; baseline -0.001 -16"><span class='ocrx_word' id='word_1_608' title='bbox 1923 4189 2290 4256; x_wconf 89' lang='lat' dir='ltr'><strong>demonstrat;</strong></span> <span class='ocrx_word' id='word_1_609' title='bbox 2321 4200 2510 4245; x_wconf 92' lang='lat' dir='ltr'><strong>auctor</strong></span> <span class='ocrx_word' id='word_1_610' title='bbox 2537 4191 2736 4245; x_wconf 87' lang='lat' dir='ltr'><strong>etenim</strong></span> <span class='ocrx_word' id='word_1_611' title='bbox 2767 4192 2903 4260; x_wconf 88' lang='lat' dir='ltr'><strong>ejus,</strong></span> <span class='ocrx_word' id='word_1_612' title='bbox 2935 4191 3019 4245; x_wconf 91' lang='lat' dir='ltr'><strong>cui</strong></span> <span class='ocrx_word' id='word_1_613' title='bbox 3052 4191 3234 4245; x_wconf 89' lang='lat' dir='ltr'><strong>itidem</strong></span> <span class='ocrx_word' id='word_1_614' title='bbox 3268 4188 3527 4246; x_wconf 85' lang='lat' dir='ltr'><strong>Damasus</strong></span> 
     </span>
    </p>
   </div>
   <div class='ocr_carea' id='block_1_89' title="bbox 1924 4280 3526 4352">
    <p class='ocr_par' dir='ltr' id='par_1_89' title="bbox 1924 4280 3526 4352">
     <span class='ocr_line' id='line_1_89' title="bbox 1924 4280 3526 4352; baseline 0.002 -16"><span class='ocrx_word' id='word_1_615' title='bbox 1924 4280 2193 4352; x_wconf 85' lang='lat' dir='ltr'><strong>Hispanus</strong></span> <span class='ocrx_word' id='word_1_616' title='bbox 2223 4282 2390 4350; x_wconf 90' lang='lat' dir='ltr'><strong>audit,</strong></span> <span class='ocrx_word' id='word_1_617' title='bbox 2422 4290 2547 4338; x_wconf 72' lang='grc' dir='ltr'>ιοιιε</span> <span class='ocrx_word' id='word_1_618' title='bbox 2573 4283 2924 4352; x_wconf 80' lang='lat' dir='ltr'><strong>quadraginta</strong></span> <span class='ocrx_word' id='word_1_619' title='bbox 2954 4283 3109 4339; x_wconf 88' lang='lat' dir='ltr'><strong>annis</strong></span> <span class='ocrx_word' id='word_1_620' title='bbox 3137 4292 3262 4338; x_wconf 86' lang='lat' dir='ltr'><strong>ante</strong></span> <span class='ocrx_word' id='word_1_621' title='bbox 3293 4283 3526 4339; x_wconf 85' lang='lat' dir='ltr'><strong>Anasta-</strong></span> 
     </span>
    </p>
   </div>
   <div class='ocr_carea' id='block_1_90' title="bbox 1924 4372 3527 4448">
    <p class='ocr_par' dir='ltr' id='par_1_90' title="bbox 1924 4372 3527 4448">
     <span class='ocr_line' id='line_1_90' title="bbox 1924 4372 3527 4448; baseline 0.001 -21"><span class='ocrx_word' id='word_1_622' title='bbox 1924 4374 2060 4427; x_wconf 92' lang='lat' dir='ltr'><strong>sium</strong></span> <span class='ocrx_word' id='word_1_623' title='bbox 2085 4374 2236 4428; x_wconf 79' lang='lat' dir='ltr'><strong>vixit.</strong></span> <span class='ocrx_word' id='word_1_624' title='bbox 2270 4372 2635 4444; x_wconf 90' lang='lat' dir='ltr'><strong>Supputemus</strong></span> <span class='ocrx_word' id='word_1_625' title='bbox 2660 4376 2900 4430; x_wconf 86' lang='lat' dir='ltr'><strong>rationes</strong></span> <span class='ocrx_word' id='word_1_626' title='bbox 2929 4375 3115 4448; x_wconf 76' lang='lat' dir='ltr'><strong>probe.</strong></span> <span class='ocrx_word' id='word_1_627' title='bbox 3142 4375 3259 4441; x_wconf 84' lang='lat' dir='ltr'><strong>Quo</strong></span> <span class='ocrx_word' id='word_1_628' title='bbox 3285 4383 3527 4444; x_wconf 86' lang='lat' dir='ltr'><strong>tempore</strong></span> 
     </span>
    </p>
   </div>
   <div class='ocr_carea' id='block_1_91' title="bbox 1925 4463 3527 4534">
    <p class='ocr_par' dir='ltr' id='par_1_91' title="bbox 1925 4463 3527 4534">
     <span class='ocr_line' id='line_1_91' title="bbox 1925 4463 3527 4534; baseline -0.001 -18"><span class='ocrx_word' id='word_1_629' title='bbox 1925 4463 2130 4533; x_wconf 90' lang='lat' dir='ltr'><strong>primus</strong></span> <span class='ocrx_word' id='word_1_630' title='bbox 2161 4464 2399 4518; x_wconf 89' lang='lat' dir='ltr'><strong>omnium</strong></span> <span class='ocrx_word' id='word_1_631' title='bbox 2438 4465 2744 4533; x_wconf 83' lang='lat' dir='ltr'><strong>catalogum</strong></span> <span class='ocrx_word' id='word_1_632' title='bbox 2787 4465 2854 4519; x_wconf 91' lang='lat' dir='ltr'><strong>de</strong></span> <span class='ocrx_word' id='word_1_633' title='bbox 2884 4480 2991 4534; x_wconf 88' lang='lat' dir='ltr'><strong>quo</strong></span> <span class='ocrx_word' id='word_1_634' title='bbox 3022 4463 3227 4531; x_wconf 79' lang='lat' dir='ltr'><strong>agimus</strong></span> <span class='ocrx_word' id='word_1_635' title='bbox 3257 4463 3527 4533; x_wconf 84' lang='lat' dir='ltr'><strong>evulgavit</strong></span> 
     </span>
    </p>
   </div>
   <div class='ocr_carea' id='block_1_92' title="bbox 223 4526 3524 4622">
    <p class='ocr_par' dir='ltr' id='par_1_92' title="bbox 223 4526 3524 4622">
     <span class='ocr_line' id='line_1_92' title="bbox 223 4526 3524 4622; baseline 0.003 -28"><span class='ocrx_word' id='word_1_636' title='bbox 223 4542 426 4610; x_wconf 72' lang='lat' dir='ltr'><strong>futura,</strong></span> <span class='ocrx_word' id='word_1_637' title='bbox 458 4552 552 4597; x_wconf 88' lang='lat' dir='ltr'><strong>aut</strong></span> <span class='ocrx_word' id='word_1_638' title='bbox 579 4543 793 4599; x_wconf 86' lang='lat' dir='ltr'><strong>Damasi</strong></span> <span class='ocrx_word' id='word_1_639' title='bbox 835 4546 1008 4614; x_wconf 86' lang='lat' dir='ltr'><strong>patria</strong></span> <span class='ocrx_word' id='word_1_640' title='bbox 1048 4546 1245 4615; x_wconf 91' lang='lat' dir='ltr'><strong>duplici</strong></span> <span class='ocrx_word' id='word_1_641' title='bbox 1273 4545 1379 4602; x_wconf 89' lang='lat' dir='ltr'><strong>alio</strong></span> <span class='ocrx_word' id='word_1_642' title='bbox 1408 4562 1581 4616; x_wconf 87' lang='lat' dir='ltr'><strong>eoque</strong></span> <span class='ocrx_word' id='word_1_643' title='bbox 1624 4548 1819 4602; x_wconf 91' lang='lat' dir='ltr'><strong>idoneo</strong></span> <span class='ocrx_word' id='word_1_644' title='bbox 1851 4526 1897 4583; x_wconf 78' lang='grc' dir='ltr'><strong>θ</strong></span> <span class='ocrx_word' id='word_1_645' title='bbox 1926 4526 2373 4619; x_wconf 64' lang='lat' dir='ltr'><strong>Seheelstratius,</strong></span> <span class='ocrx_word' id='word_1_646' title='bbox 2406 4555 2471 4607; x_wconf 90' lang='lat' dir='ltr'><strong>ad</strong></span> <span class='ocrx_word' id='word_1_647' title='bbox 2499 4526 2697 4608; x_wconf 71' lang='lat' dir='ltr'><strong>annum</strong></span> <span class='ocrx_word' id='word_1_648' title='bbox 2739 4526 2945 4608; x_wconf 78' lang='lat' dir='ltr'><strong>scilicet</strong></span> <span class='ocrx_word' id='word_1_649' title='bbox 3005 4526 3135 4605; x_wconf 24' lang='lat' dir='ltr'><strong>lli—Di</strong></span> <span class='ocrx_word' id='word_1_650' title='bbox 3187 4551 3326 4622; x_wconf 89' lang='lat' dir='ltr'><strong>(non</strong></span> <span class='ocrx_word' id='word_1_651' title='bbox 3383 4526 3524 4607; x_wconf 69' lang='lat' dir='ltr'><strong>cnim</strong></span> 
     </span>
    </p>
   </div>
   <div class='ocr_carea' id='block_1_93' title="bbox 224 4633 1768 4705">
    <p class='ocr_par' dir='ltr' id='par_1_93' title="bbox 224 4633 1768 4705">
     <span class='ocr_line' id='line_1_93' title="bbox 224 4633 1768 4705; baseline 0.005 -21"><span class='ocrx_word' id='word_1_652' title='bbox 224 4641 367 4686; x_wconf 88' lang='lat' dir='ltr'><strong>teste</strong></span> <span class='ocrx_word' id='word_1_653' title='bbox 386 4633 676 4688; x_wconf 86' lang='lat' dir='ltr'><strong>accedente</strong></span> <span class='ocrx_word' id='word_1_654' title='bbox 700 4649 806 4687; x_wconf 90' lang='lat' dir='ltr'><strong>non</strong></span> <span class='ocrx_word' id='word_1_655' title='bbox 835 4634 967 4688; x_wconf 87' lang='lat' dir='ltr'><strong>satis</strong></span> <span class='ocrx_word' id='word_1_656' title='bbox 989 4635 1164 4689; x_wconf 91' lang='lat' dir='ltr'><strong>adhuc</strong></span> <span class='ocrx_word' id='word_1_657' title='bbox 1183 4636 1464 4705; x_wconf 80' lang='lat' dir='ltr'><strong>explorata</strong></span> <span class='ocrx_word' id='word_1_658' title='bbox 1485 4636 1768 4691; x_wconf 84' lang='lat' dir='ltr'><strong>habenda?</strong></span> 
     </span>
    </p>
   </div>
   <div class='ocr_carea' id='block_1_94' title="bbox 301 4721 1818 4800">
    <p class='ocr_par' dir='ltr' id='par_1_94' title="bbox 301 4721 1818 4800">
     <span class='ocr_line' id='line_1_94' title="bbox 301 4721 1818 4800; baseline 0.005 -25"><span class='ocrx_word' id='word_1_659' title='bbox 301 4721 506 4791; x_wconf 65' lang='lat' dir='ltr'><strong>Neque,</strong></span> <span class='ocrx_word' id='word_1_660' title='bbox 535 4739 565 4778; x_wconf 89' lang='lat' dir='ltr'><strong>e</strong></span> <span class='ocrx_word' id='word_1_661' title='bbox 592 4724 825 4786; x_wconf 84' lang='lat' dir='ltr'><strong>diverse,</strong></span> <span class='ocrx_word' id='word_1_662' title='bbox 848 4740 969 4779; x_wconf 90' lang='lat' dir='ltr'><strong>cum</strong></span> <span class='ocrx_word' id='word_1_663' title='bbox 1001 4727 1068 4781; x_wconf 90' lang='lat' dir='ltr'><strong>de</strong></span> <span class='ocrx_word' id='word_1_664' title='bbox 1088 4727 1257 4796; x_wconf 83' lang='lat' dir='ltr'><strong>gloria</strong></span> <span class='ocrx_word' id='word_1_665' title='bbox 1283 4727 1638 4798; x_wconf 88' lang='lat' dir='ltr'><strong>Ilispanerum</strong></span> <span class='ocrx_word' id='word_1_666' title='bbox 1668 4746 1818 4800; x_wconf 65' lang='lat' dir='ltr'><strong>quae-</strong></span> 
     </span>
    </p>
   </div>
   <div class='ocr_carea' id='block_1_95' title="bbox 225 4814 1823 4889">
    <p class='ocr_par' dir='ltr' id='par_1_95' title="bbox 225 4814 1823 4889">
     <span class='ocr_line' id='line_1_95' title="bbox 225 4814 1823 4889; baseline 0.004 -20"><span class='ocrx_word' id='word_1_667' title='bbox 225 4817 365 4869; x_wconf 87' lang='lat' dir='ltr'><strong>ritur</strong></span> <span class='ocrx_word' id='word_1_668' title='bbox 391 4814 521 4869; x_wconf 89' lang='lat' dir='ltr'><strong>satis</strong></span> <span class='ocrx_word' id='word_1_669' title='bbox 561 4815 726 4868; x_wconf 87' lang='lat' dir='ltr'><strong>multa</strong></span> <span class='ocrx_word' id='word_1_670' title='bbox 755 4826 1079 4871; x_wconf 85' lang='lat' dir='ltr'><strong>succurrunt</strong></span> <span class='ocrx_word' id='word_1_671' title='bbox 1116 4818 1271 4875; x_wconf 79' lang='lat' dir='ltr'><strong>nobis</strong></span> <span class='ocrx_word' id='word_1_672' title='bbox 1299 4821 1545 4889; x_wconf 80' lang='lat' dir='ltr'><strong>exempla</strong></span> <span class='ocrx_word' id='word_1_673' title='bbox 1573 4822 1727 4888; x_wconf 85' lang='lat' dir='ltr'><strong>queis</strong></span> <span class='ocrx_word' id='word_1_674' title='bbox 1757 4824 1823 4876; x_wconf 92' lang='lat' dir='ltr'><strong>ab</strong></span> 
     </span>
    </p>
   </div>
   <div class='ocr_carea' id='block_1_96' title="bbox 224 4903 1825 4980">
    <p class='ocr_par' dir='ltr' id='par_1_96' title="bbox 224 4903 1825 4980">
     <span class='ocr_line' id='line_1_96' title="bbox 224 4903 1825 4980; baseline 0.006 -24"><span class='ocrx_word' id='word_1_675' title='bbox 224 4903 434 4957; x_wconf 73' lang='lat' dir='ltr'><strong>exteris</strong></span> <span class='ocrx_word' id='word_1_676' title='bbox 463 4904 790 4971; x_wconf 87' lang='lat' dir='ltr'><strong>nationibus,</strong></span> <span class='ocrx_word' id='word_1_677' title='bbox 820 4921 915 4961; x_wconf 85' lang='lat' dir='ltr'><strong>seu</strong></span> <span class='ocrx_word' id='word_1_678' title='bbox 945 4904 1077 4959; x_wconf 83' lang='lat' dir='ltr'><strong>falsa</strong></span> <span class='ocrx_word' id='word_1_679' title='bbox 1109 4923 1286 4961; x_wconf 88' lang='lat' dir='ltr'><strong>rerum</strong></span> <span class='ocrx_word' id='word_1_680' title='bbox 1318 4910 1384 4963; x_wconf 88' lang='lat' dir='ltr'><strong>ab</strong></span> <span class='ocrx_word' id='word_1_681' title='bbox 1415 4908 1663 4979; x_wconf 81' lang='lat' dir='ltr'><strong>llispanis</strong></span> <span class='ocrx_word' id='word_1_682' title='bbox 1691 4927 1825 4980; x_wconf 73' lang='lat' dir='ltr'><strong>pne-</strong></span> 
     </span>
    </p>
   </div>
   <div class='ocr_carea' id='block_1_97' title="bbox 225 4998 1826 5073">
    <p class='ocr_par' dir='ltr' id='par_1_97' title="bbox 225 4998 1826 5073">
     <span class='ocr_line' id='line_1_97' title="bbox 225 4998 1826 5073; baseline 0.006 -24"><span class='ocrx_word' id='word_1_683' title='bbox 225 4998 377 5049; x_wconf 87' lang='lat' dir='ltr'><strong>clare</strong></span> <span class='ocrx_word' id='word_1_684' title='bbox 405 5006 677 5065; x_wconf 76' lang='lat' dir='ltr'><strong>geStarum</strong></span> <span class='ocrx_word' id='word_1_685' title='bbox 715 4999 1121 5066; x_wconf 56' lang='lat' dir='ltr'><strong>praedicatione,</strong></span> <span class='ocrx_word' id='word_1_686' title='bbox 1153 5001 1266 5055; x_wconf 85' lang='lat' dir='ltr'><strong>sive</strong></span> <span class='ocrx_word' id='word_1_687' title='bbox 1292 5003 1575 5057; x_wconf 87' lang='lat' dir='ltr'><strong>illustrium</strong></span> <span class='ocrx_word' id='word_1_688' title='bbox 1625 5005 1826 5073; x_wconf 83' lang='lat' dir='ltr'><strong>pietate</strong></span> 
     </span>
    </p>
   </div>
   <div class='ocr_carea' id='block_1_98' title="bbox 226 5087 1827 5165">
    <p class='ocr_par' dir='ltr' id='par_1_98' title="bbox 226 5087 1827 5165">
     <span class='ocr_line' id='line_1_98' title="bbox 226 5087 1827 5165; baseline 0.007 -24"><span class='ocrx_word' id='word_1_689' title='bbox 226 5087 474 5142; x_wconf 82' lang='lat' dir='ltr'><strong>doctrina</strong></span> <span class='ocrx_word' id='word_1_690' title='bbox 498 5095 589 5141; x_wconf 87' lang='lat' dir='ltr'><strong>aut</strong></span> <span class='ocrx_word' id='word_1_691' title='bbox 618 5088 836 5143; x_wconf 84' lang='lat' dir='ltr'><strong>militari</strong></span> <span class='ocrx_word' id='word_1_692' title='bbox 867 5090 1023 5145; x_wconf 87' lang='lat' dir='ltr'><strong>laude</strong></span> <span class='ocrx_word' id='word_1_693' title='bbox 1045 5092 1282 5146; x_wconf 88' lang='lat' dir='ltr'><strong>virorum</strong></span> <span class='ocrx_word' id='word_1_694' title='bbox 1312 5096 1683 5164; x_wconf 18' lang='lat' dir='ltr'><strong>attributiouer,</strong></span> <span class='ocrx_word' id='word_1_695' title='bbox 1705 5114 1827 5165; x_wconf 82' lang='lat' dir='ltr'><strong>gra-</strong></span> 
     </span>
    </p>
   </div>
   <div class='ocr_carea' id='block_1_99' title="bbox 231 5177 1827 5239">
    <p class='ocr_par' dir='ltr' id='par_1_99' title="bbox 231 5177 1827 5239">
     <span class='ocr_line' id='line_1_99' title="bbox 231 5177 1827 5239; baseline 0.007 -11"><span class='ocrx_word' id='word_1_696' title='bbox 231 5177 301 5229; x_wconf 91' lang='lat' dir='ltr'><strong>tis</strong></span> <span class='ocrx_word' id='word_1_697' title='bbox 328 5190 465 5229; x_wconf 61' lang='lat' dir='ltr'><strong>eam.</strong></span> <span class='ocrx_word' id='word_1_698' title='bbox 489 5185 701 5231; x_wconf 91' lang='lat' dir='ltr'><strong>auctam</strong></span> <span class='ocrx_word' id='word_1_699' title='bbox 742 5178 994 5233; x_wconf 87' lang='lat' dir='ltr'><strong>sciamus.</strong></span> <span class='ocrx_word' id='word_1_700' title='bbox 1044 5179 1158 5235; x_wconf 91' lang='lat' dir='ltr'><strong>lloe</strong></span> <span class='ocrx_word' id='word_1_701' title='bbox 1195 5198 1359 5235; x_wconf 89' lang='lat' dir='ltr'><strong>unum</strong></span> <span class='ocrx_word' id='word_1_702' title='bbox 1403 5184 1445 5236; x_wconf 92' lang='lat' dir='ltr'><strong>si</strong></span> <span class='ocrx_word' id='word_1_703' title='bbox 1479 5184 1827 5239; x_wconf 86' lang='lat' dir='ltr'><strong>Terribilinus</strong></span> 
     </span>
    </p>
   </div>
   <div class='ocr_carea' id='block_1_100' title="bbox 232 5267 1827 5345">
    <p class='ocr_par' dir='ltr' id='par_1_100' title="bbox 232 5267 1827 5345">
     <span class='ocr_line' id='line_1_100' title="bbox 232 5267 1827 5345; baseline 0.006 -24"><span class='ocrx_word' id='word_1_704' title='bbox 232 5267 719 5332; x_wconf 84' lang='lat' dir='ltr'><strong>animadvertisset,</strong></span> <span class='ocrx_word' id='word_1_705' title='bbox 749 5272 1048 5327; x_wconf 89' lang='lat' dir='ltr'><strong>cautiorem</strong></span> <span class='ocrx_word' id='word_1_706' title='bbox 1075 5288 1199 5327; x_wconf 87' lang='lat' dir='ltr'><strong>eum</strong></span> <span class='ocrx_word' id='word_1_707' title='bbox 1226 5275 1501 5332; x_wconf 87' lang='lat' dir='ltr'><strong>debuisset</strong></span> <span class='ocrx_word' id='word_1_708' title='bbox 1531 5275 1728 5345; x_wconf 85' lang='lat' dir='ltr'><strong>facere,</strong></span> <span class='ocrx_word' id='word_1_709' title='bbox 1762 5292 1827 5331; x_wconf 91' lang='lat' dir='ltr'><strong>ne</strong></span> 
     </span>
    </p>
   </div>
   <div class='ocr_carea' id='block_1_101' title="bbox 303 5460 1823 5537">
    <p class='ocr_par' dir='ltr' id='par_1_101' title="bbox 303 5460 1823 5537">
     <span class='ocr_line' id='line_1_101' title="bbox 303 5460 1823 5537; baseline 0.006 -23"><span class='ocrx_word' id='word_1_710' title='bbox 303 5460 405 5537; x_wconf 79' lang='grc' dir='ltr'><strong>(ᾳ)</strong></span> <span class='ocrx_word' id='word_1_711' title='bbox 432 5460 592 5537; x_wconf 49' lang='lat' dir='ltr'><strong>Apud</strong></span> <span class='ocrx_word' id='word_1_712' title='bbox 616 5463 986 5537; x_wconf 87' lang='lat' dir='ltr'><strong>Blanchinum,</strong></span> <span class='ocrx_word' id='word_1_713' title='bbox 1011 5466 1062 5520; x_wconf 89' lang='lat' dir='ltr'><strong>in</strong></span> <span class='ocrx_word' id='word_1_714' title='bbox 1087 5467 1288 5537; x_wconf 62' lang='lat' dir='ltr'><strong>praefat.</strong></span> <span class='ocrx_word' id='word_1_715' title='bbox 1315 5468 1334 5522; x_wconf 96' lang='lat' dir='ltr'><strong>l</strong></span> <span class='ocrx_word' id='word_1_716' title='bbox 1384 5470 1510 5524; x_wconf 92' lang='lat' dir='ltr'><strong>temi</strong></span> <span class='ocrx_word' id='word_1_717' title='bbox 1540 5469 1823 5525; x_wconf 82' lang='lat' dir='ltr'><strong>Anastasii.</strong></span> 
     </span>
    </p>
   </div>
   <div class='ocr_carea' id='block_1_102' title="bbox 303 5528 1744 5607">
    <p class='ocr_par' dir='ltr' id='par_1_102' title="bbox 303 5528 1744 5607">
     <span class='ocr_line' id='line_1_102' title="bbox 303 5528 1744 5607; baseline 0.008 -24"><span class='ocrx_word' id='word_1_718' title='bbox 303 5528 644 5607; x_wconf 41' lang='lat' dir='ltr'><strong>{ltili—tom.</strong></span> <span class='ocrx_word' id='word_1_719' title='bbox 676 5534 887 5599; x_wconf 78' lang='lat' dir='ltr'><strong>Anast.,</strong></span> <span class='ocrx_word' id='word_1_720' title='bbox 920 5528 986 5607; x_wconf 15' lang='lat' dir='ltr'><strong>fin</strong></span> <span class='ocrx_word' id='word_1_721' title='bbox 1010 5528 1423 5606; x_wconf 78' lang='lat' dir='ltr'><strong>prolegomenis,</strong></span> <span class='ocrx_word' id='word_1_722' title='bbox 1449 5556 1477 5591; x_wconf 85' lang='lat' dir='ltr'><strong>a</strong></span> <span class='ocrx_word' id='word_1_723' title='bbox 1501 5554 1620 5607; x_wconf 86' lang='lat' dir='ltr'><strong>pag.</strong></span> <span class='ocrx_word' id='word_1_724' title='bbox 1655 5540 1744 5595; x_wconf 73' lang='lat'><strong>83.</strong></span> 
     </span>
    </p>
   </div>
   <div class='ocr_carea' id='block_1_103' title="bbox 304 5598 1697 5680">
    <p class='ocr_par' dir='ltr' id='par_1_103' title="bbox 304 5598 1697 5680">
     <span class='ocr_line' id='line_1_103' title="bbox 304 5598 1697 5680; baseline 0.009 -28"><span class='ocrx_word' id='word_1_725' title='bbox 304 5598 462 5680; x_wconf 46' lang='grc' dir='ltr'>(αλιι)</span> <span class='ocrx_word' id='word_1_726' title='bbox 492 5605 889 5674; x_wconf 80' lang='lat' dir='ltr'><strong>prolegomenis</strong></span> <span class='ocrx_word' id='word_1_727' title='bbox 916 5606 980 5658; x_wconf 80' lang='lat' dir='ltr'><strong>IV</strong></span> <span class='ocrx_word' id='word_1_728' title='bbox 1010 5598 1459 5680; x_wconf 51' lang='lat' dir='ltr'><strong>&#39;temiitnatasii,</strong></span> <span class='ocrx_word' id='word_1_729' title='bbox 1644 5610 1697 5664; x_wconf 78' lang='lat' dir='ltr'><strong>I.</strong></span> 
     </span>
    </p>
   </div>
   <div class='ocr_carea' id='block_1_104' title="bbox 272 5669 1827 5809">
    <p class='ocr_par' dir='ltr' id='par_1_104' title="bbox 272 5669 1827 5809">
     <span class='ocr_line' id='line_1_104' title="bbox 272 5669 1827 5809; baseline 0.005 -83"><span class='ocrx_word' id='word_1_730' title='bbox 272 5669 609 5809; x_wconf 30' lang='lat' dir='ltr'><strong>agiaggusc.</strong></span> <span class='ocrx_word' id='word_1_731' title='bbox 651 5669 706 5729; x_wconf 79' lang='lat' dir='ltr'><strong>et</strong></span> <span class='ocrx_word' id='word_1_732' title='bbox 756 5686 890 5744; x_wconf 84' lang='lat' dir='ltr'><strong>gest.</strong></span> <span class='ocrx_word' id='word_1_733' title='bbox 917 5679 1089 5732; x_wconf 86' lang='lat' dir='ltr'><strong>sancti</strong></span> <span class='ocrx_word' id='word_1_734' title='bbox 1144 5678 1381 5746; x_wconf 70' lang='lat' dir='ltr'><strong>Danaas,</strong></span> <span class='ocrx_word' id='word_1_735' title='bbox 1410 5669 1526 5749; x_wconf 82' lang='lat' dir='ltr'><strong>cap.</strong></span> <span class='ocrx_word' id='word_1_736' title='bbox 1551 5669 1640 5743; x_wconf 55' lang='grc' dir='ltr'><strong>ΕΞ,</strong></span> <span class='ocrx_word' id='word_1_737' title='bbox 1692 5697 1746 5735; x_wconf 89' lang='grc' dir='ltr'>ιι.</span> <span class='ocrx_word' id='word_1_738' title='bbox 1774 5681 1827 5746; x_wconf 69' lang='lat'><strong>2,</strong></span> 
     </span>
    </p>
   </div>
   <div class='ocr_carea' id='block_1_105' title="bbox 233 5754 1826 5891">
    <p class='ocr_par' dir='ltr' id='par_1_105' title="bbox 233 5754 1826 5891">
     <span class='ocr_line' id='line_1_105' title="bbox 272 5754 513 5796; baseline 0.012 -3"><span class='ocrx_word' id='word_1_739' title='bbox 272 5755 298 5793; x_wconf 91' lang='lat' dir='ltr'><strong>a</strong></span> <span class='ocrx_word' id='word_1_740' title='bbox 342 5779 356 5793; x_wconf 94' lang='lat'><strong>.</strong></span> <span class='ocrx_word' id='word_1_741' title='bbox 389 5754 466 5793; x_wconf 50' lang='grc' dir='ltr'><strong>ην</strong></span> <span class='ocrx_word' id='word_1_742' title='bbox 500 5784 513 5796; x_wconf 94' lang='grc'><strong>.</strong></span> 
     </span>
     <span class='ocr_line' id='line_1_106' title="bbox 233 5754 1826 5891; baseline 0.009 -28"><span class='ocrx_word' id='word_1_743' title='bbox 233 5754 268 5807; x_wconf 67' lang='lat' dir='ltr'><strong>p</strong></span> <span class='ocrx_word' id='word_1_744' title='bbox 304 5756 378 5882; x_wconf 56' lang='grc' dir='ltr'><strong>ᾗ»)</strong></span> <span class='ocrx_word' id='word_1_745' title='bbox 411 5754 694 5869; x_wconf 57' lang='grc' dir='ltr'><strong>ιηόὶηάἰοε</strong></span> <span class='ocrx_word' id='word_1_746' title='bbox 745 5831 843 5869; x_wconf 86' lang='lat' dir='ltr'><strong>ms.</strong></span> <span class='ocrx_word' id='word_1_747' title='bbox 874 5818 1214 5875; x_wconf 75' lang='lat' dir='ltr'><strong>bibliothecre</strong></span> <span class='ocrx_word' id='word_1_748' title='bbox 1267 5822 1661 5890; x_wconf 67' lang='lat' dir='ltr'><strong>Casnnatensis,</strong></span> <span class='ocrx_word' id='word_1_749' title='bbox 1718 5836 1826 5891; x_wconf 90' lang='lat' dir='ltr'><strong>quo</strong></span> 
     </span>
    </p>
   </div>
   <div class='ocr_carea' id='block_1_106' title="bbox 518 5913 1134 5980">
    <p class='ocr_par' dir='ltr' id='par_1_106' title="bbox 518 5913 1134 5980">
     <span class='ocr_line' id='line_1_107' title="bbox 518 5913 1134 5980; baseline 0.013 -9"><span class='ocrx_word' id='word_1_750' title='bbox 518 5913 793 5976; x_wconf 71' lang='grc' dir='ltr'>Ριιτιιοι..</span> <span class='ocrx_word' id='word_1_751' title='bbox 848 5918 1044 5976; x_wconf 64' lang='lat' dir='ltr'><strong>LXXI</strong></span> <span class='ocrx_word' id='word_1_752' title='bbox 1067 5918 1134 5980; x_wconf 85' lang='lat' dir='ltr'><strong>V.</strong></span> 
     </span>
    </p>
   </div>
   <div class='ocr_carea' id='block_1_107' title="bbox 1925 4639 3525 4711">
    <p class='ocr_par' dir='ltr' id='par_1_107' title="bbox 1925 4639 3525 4711">
     <span class='ocr_line' id='line_1_108' title="bbox 1925 4639 3525 4711; baseline 0.003 -18"><span class='ocrx_word' id='word_1_753' title='bbox 1925 4639 2094 4693; x_wconf 88' lang='lat' dir='ltr'><strong>multo</strong></span> <span class='ocrx_word' id='word_1_754' title='bbox 2125 4641 2174 4694; x_wconf 90' lang='lat' dir='ltr'><strong>id</strong></span> <span class='ocrx_word' id='word_1_755' title='bbox 2216 4643 2387 4697; x_wconf 88' lang='lat' dir='ltr'><strong>serius</strong></span> <span class='ocrx_word' id='word_1_756' title='bbox 2424 4642 2602 4697; x_wconf 81' lang='lat' dir='ltr'><strong>facere</strong></span> <span class='ocrx_word' id='word_1_757' title='bbox 2641 4643 2835 4711; x_wconf 89' lang='lat' dir='ltr'><strong>potuit,</strong></span> <span class='ocrx_word' id='word_1_758' title='bbox 2870 4657 2990 4697; x_wconf 89' lang='lat' dir='ltr'><strong>cum</strong></span> <span class='ocrx_word' id='word_1_759' title='bbox 3037 4641 3138 4694; x_wconf 88' lang='lat' dir='ltr'><strong>sub</strong></span> <span class='ocrx_word' id='word_1_760' title='bbox 3180 4642 3390 4697; x_wconf 89' lang='lat' dir='ltr'><strong>initium</strong></span> <span class='ocrx_word' id='word_1_761' title='bbox 3440 4658 3525 4697; x_wconf 88' lang='lat' dir='ltr'><strong>se-</strong></span> 
     </span>
    </p>
   </div>
   <div class='ocr_carea' id='block_1_108' title="bbox 1925 4731 3516 4805">
    <p class='ocr_par' dir='ltr' id='par_1_108' title="bbox 1925 4731 3516 4805">
     <span class='ocr_line' id='line_1_109' title="bbox 1925 4731 3516 4805; baseline 0.006 -22"><span class='ocrx_word' id='word_1_762' title='bbox 1925 4731 2139 4798; x_wconf 89' lang='lat' dir='ltr'><strong>quentis</strong></span> <span class='ocrx_word' id='word_1_763' title='bbox 2161 4733 2288 4786; x_wconf 86' lang='lat' dir='ltr'><strong>anni</strong></span> <span class='ocrx_word' id='word_1_764' title='bbox 2308 4733 2420 4785; x_wconf 74' lang='lat' dir='ltr'><strong>tato</strong></span> <span class='ocrx_word' id='word_1_765' title='bbox 2441 4732 2655 4788; x_wconf 10' lang='lat' dir='ltr'><strong>euinctus</strong></span> <span class='ocrx_word' id='word_1_766' title='bbox 2681 4733 2841 4787; x_wconf 82' lang='lat' dir='ltr'><strong>fuisse</strong></span> <span class='ocrx_word' id='word_1_767' title='bbox 2866 4733 3076 4787; x_wconf 89' lang='lat' dir='ltr'><strong>dicatur</strong></span> <span class='ocrx_word' id='word_1_768' title='bbox 3099 4731 3214 4805; x_wconf 82' lang='lat' dir='ltr'><strong>[e]),</strong></span> <span class='ocrx_word' id='word_1_769' title='bbox 3243 4734 3287 4787; x_wconf 89' lang='lat' dir='ltr'><strong>is</strong></span> <span class='ocrx_word' id='word_1_770' title='bbox 3314 4732 3516 4793; x_wconf 75' lang='lat' dir='ltr'><strong>Codex.</strong></span> 
     </span>
    </p>
   </div>
   <div class='ocr_carea' id='block_1_109' title="bbox 1924 4819 3524 4893">
    <p class='ocr_par' dir='ltr' id='par_1_109' title="bbox 1924 4819 3524 4893">
     <span class='ocr_line' id='line_1_110' title="bbox 1924 4819 3524 4893; baseline 0.002 -21"><span class='ocrx_word' id='word_1_771' title='bbox 1924 4819 2042 4888; x_wconf 91' lang='lat' dir='ltr'><strong>ipso</strong></span> <span class='ocrx_word' id='word_1_772' title='bbox 2073 4828 2361 4876; x_wconf 83' lang='lat' dir='ltr'><strong>attestante</strong></span> <span class='ocrx_word' id='word_1_773' title='bbox 2394 4824 2490 4893; x_wconf 64' lang='grc' dir='ltr'><strong>(ί),</strong></span> <span class='ocrx_word' id='word_1_774' title='bbox 2521 4838 2691 4877; x_wconf 89' lang='lat' dir='ltr'><strong>annos</strong></span> <span class='ocrx_word' id='word_1_775' title='bbox 2720 4823 3040 4878; x_wconf 87' lang='lat' dir='ltr'><strong>numerabat</strong></span> <span class='ocrx_word' id='word_1_776' title='bbox 3065 4821 3187 4876; x_wconf 78' lang='lat'><strong>865.</strong></span> <span class='ocrx_word' id='word_1_777' title='bbox 3224 4822 3301 4876; x_wconf 81' lang='lat' dir='ltr'><strong>Ex</strong></span> <span class='ocrx_word' id='word_1_778' title='bbox 3330 4838 3436 4892; x_wconf 88' lang='lat' dir='ltr'><strong>quo</strong></span> <span class='ocrx_word' id='word_1_779' title='bbox 3468 4822 3524 4875; x_wconf 79' lang='lat' dir='ltr'><strong>ﬁt</strong></span> 
     </span>
    </p>
   </div>
   <div class='ocr_carea' id='block_1_110' title="bbox 1927 4900 3526 4983">
    <p class='ocr_par' dir='ltr' id='par_1_110' title="bbox 1927 4900 3526 4983">
     <span class='ocr_line' id='line_1_111' title="bbox 1927 4900 3526 4983; baseline 0.004 -20"><span class='ocrx_word' id='word_1_780' title='bbox 1927 4926 2068 4965; x_wconf 90' lang='lat' dir='ltr'><strong>anne</strong></span> <span class='ocrx_word' id='word_1_781' title='bbox 2098 4911 2309 4965; x_wconf 89' lang='lat' dir='ltr'><strong>demum</strong></span> <span class='ocrx_word' id='word_1_782' title='bbox 2352 4930 2460 4983; x_wconf 90' lang='lat' dir='ltr'><strong>quo</strong></span> <span class='ocrx_word' id='word_1_783' title='bbox 2491 4914 2606 4969; x_wconf 64' lang='lat' dir='ltr'><strong>haec</strong></span> <span class='ocrx_word' id='word_1_784' title='bbox 2635 4900 2923 4969; x_wconf 84' lang='lat' dir='ltr'><strong>seribimus</strong></span> <span class='ocrx_word' id='word_1_785' title='bbox 2952 4915 3148 4969; x_wconf 80' lang='lat' dir='ltr'><strong>Christi</strong></span> <span class='ocrx_word' id='word_1_786' title='bbox 3183 4912 3323 4970; x_wconf 78' lang='grc'><strong>1755</strong></span> <span class='ocrx_word' id='word_1_787' title='bbox 3351 4916 3526 4971; x_wconf 68' lang='lat' dir='ltr'><strong>celatis</strong></span> 
     </span>
    </p>
   </div>
   <div class='ocr_carea' id='block_1_111' title="bbox 1928 4998 3524 5061">
    <p class='ocr_par' dir='ltr' id='par_1_111' title="bbox 1928 4998 3524 5061">
     <span class='ocr_line' id='line_1_112' title="bbox 1928 4998 3524 5061; baseline 0.006 -10"><span class='ocrx_word' id='word_1_788' title='bbox 1928 4998 2043 5052; x_wconf 82' lang='lat' dir='ltr'><strong>fere</strong></span> <span class='ocrx_word' id='word_1_789' title='bbox 2072 4998 2325 5055; x_wconf 87' lang='lat' dir='ltr'><strong>Codicem</strong></span> <span class='ocrx_word' id='word_1_790' title='bbox 2360 5018 2624 5057; x_wconf 88' lang='lat' dir='ltr'><strong>annorum</strong></span> <span class='ocrx_word' id='word_1_791' title='bbox 2652 5019 2966 5059; x_wconf 75' lang='lat' dir='ltr'><strong>nccccxxrx.</strong></span> <span class='ocrx_word' id='word_1_792' title='bbox 3008 5003 3127 5059; x_wconf 66' lang='lat' dir='ltr'><strong>1am</strong></span> <span class='ocrx_word' id='word_1_793' title='bbox 3156 5021 3283 5061; x_wconf 87' lang='lat' dir='ltr'><strong>vero</strong></span> <span class='ocrx_word' id='word_1_794' title='bbox 3311 5007 3352 5061; x_wconf 92' lang='lat' dir='ltr'><strong>si</strong></span> <span class='ocrx_word' id='word_1_795' title='bbox 3384 5007 3524 5061; x_wconf 90' lang='lat' dir='ltr'><strong>hanc</strong></span> 
     </span>
    </p>
   </div>
   <div class='ocr_carea' id='block_1_112' title="bbox 1927 5093 3523 5161">
    <p class='ocr_par' dir='ltr' id='par_1_112' title="bbox 1927 5093 3523 5161">
     <span class='ocr_line' id='line_1_113' title="bbox 1927 5093 3523 5161; baseline 0.004 -15"><span class='ocrx_word' id='word_1_796' title='bbox 1927 5106 2191 5146; x_wconf 88' lang='lat' dir='ltr'><strong>smnmam</strong></span> <span class='ocrx_word' id='word_1_797' title='bbox 2236 5093 2303 5147; x_wconf 86' lang='lat' dir='ltr'><strong>ab</strong></span> <span class='ocrx_word' id='word_1_798' title='bbox 2332 5109 2400 5147; x_wconf 92' lang='lat' dir='ltr'><strong>eo</strong></span> <span class='ocrx_word' id='word_1_799' title='bbox 2428 5094 2516 5161; x_wconf 84' lang='lat' dir='ltr'><strong>qui</strong></span> <span class='ocrx_word' id='word_1_800' title='bbox 2550 5110 2691 5149; x_wconf 90' lang='lat' dir='ltr'><strong>nunc</strong></span> <span class='ocrx_word' id='word_1_801' title='bbox 2720 5096 2953 5150; x_wconf 85' lang='lat' dir='ltr'><strong>volvitur</strong></span> <span class='ocrx_word' id='word_1_802' title='bbox 2981 5111 3123 5151; x_wconf 90' lang='lat' dir='ltr'><strong>anno</strong></span> <span class='ocrx_word' id='word_1_803' title='bbox 3152 5097 3290 5151; x_wconf 80' lang='grc'><strong>1755</strong></span> <span class='ocrx_word' id='word_1_804' title='bbox 3318 5099 3523 5153; x_wconf 86' lang='lat' dir='ltr'><strong>subdu-</strong></span> 
     </span>
    </p>
   </div>
   <div class='ocr_carea' id='block_1_113' title="bbox 1882 5182 3523 5261">
    <p class='ocr_par' dir='ltr' id='par_1_113' title="bbox 1882 5182 3523 5261">
     <span class='ocr_line' id='line_1_114' title="bbox 1882 5182 3523 5261; baseline 0.008 -28"><span class='ocrx_word' id='word_1_805' title='bbox 1882 5246 1886 5250; x_wconf 17' lang='grc' dir='ltr'><strong>Α</strong></span> <span class='ocrx_word' id='word_1_806' title='bbox 1928 5194 2130 5246; x_wconf 86' lang='lat' dir='ltr'><strong>camus,</strong></span> <span class='ocrx_word' id='word_1_807' title='bbox 2179 5182 2370 5250; x_wconf 87' lang='lat' dir='ltr'><strong>reliqui</strong></span> <span class='ocrx_word' id='word_1_808' title='bbox 2426 5183 2555 5238; x_wconf 83' lang='lat' dir='ltr'><strong>ﬁent</strong></span> <span class='ocrx_word' id='word_1_809' title='bbox 2605 5186 2729 5239; x_wconf 89' lang='lat' dir='ltr'><strong>anni</strong></span> <span class='ocrx_word' id='word_1_810' title='bbox 2784 5202 3062 5253; x_wconf 79' lang='lat' dir='ltr'><strong>ncccxxvt,</strong></span> <span class='ocrx_word' id='word_1_811' title='bbox 3103 5190 3437 5261; x_wconf 88' lang='lat' dir='ltr'><strong>totidemque</strong></span> <span class='ocrx_word' id='word_1_812' title='bbox 3492 5208 3523 5245; x_wconf 90' lang='lat' dir='ltr'><strong>a</strong></span> 
     </span>
    </p>
   </div>
   <div class='ocr_carea' id='block_1_114' title="bbox 1928 5267 3525 5354">
    <p class='ocr_par' dir='ltr' id='par_1_114' title="bbox 1928 5267 3525 5354">
     <span class='ocr_line' id='line_1_115' title="bbox 1928 5267 3525 5354; baseline 0.009 -32"><span class='ocrx_word' id='word_1_813' title='bbox 1928 5267 2125 5324; x_wconf 87' lang='lat' dir='ltr'><strong>Christi</strong></span> <span class='ocrx_word' id='word_1_814' title='bbox 2157 5274 2437 5328; x_wconf 84' lang='lat' dir='ltr'><strong>nativitate</strong></span> <span class='ocrx_word' id='word_1_815' title='bbox 2466 5273 2805 5341; x_wconf 78' lang='lat' dir='ltr'><strong>emuxerant,</strong></span> <span class='ocrx_word' id='word_1_816' title='bbox 2836 5294 2955 5333; x_wconf 90' lang='lat' dir='ltr'><strong>cum</strong></span> <span class='ocrx_word' id='word_1_817' title='bbox 2986 5280 3213 5349; x_wconf 89' lang='lat' dir='ltr'><strong>primum</strong></span> <span class='ocrx_word' id='word_1_818' title='bbox 3248 5282 3525 5354; x_wconf 80' lang='lat' dir='ltr'><strong>catalogus</strong></span> 
     </span>
    </p>
   </div>
   <div class='ocr_carea' id='block_1_115' title="bbox 1931 5464 3523 5551">
    <p class='ocr_par' dir='ltr' id='par_1_115' title="bbox 1931 5464 3523 5551">
     <span class='ocr_line' id='line_1_116' title="bbox 1931 5464 3523 5551; baseline 0.008 -30"><span class='ocrx_word' id='word_1_819' title='bbox 1931 5464 2057 5549; x_wconf 41' lang='lat' dir='ltr'><strong>loco.</strong></span> <span class='ocrx_word' id='word_1_820' title='bbox 2093 5468 2459 5551; x_wconf 77' lang='lat' dir='ltr'><strong>Scheelstratii</strong></span> <span class='ocrx_word' id='word_1_821' title='bbox 2502 5488 2664 5551; x_wconf 82' lang='lat' dir='ltr'><strong>opera</strong></span> <span class='ocrx_word' id='word_1_822' title='bbox 2709 5487 3080 5551; x_wconf 81' lang='lat' dir='ltr'><strong>recensentur,</strong></span> <span class='ocrx_word' id='word_1_823' title='bbox 3111 5495 3141 5551; x_wconf 81' lang='lat' dir='ltr'><strong>e</strong></span> <span class='ocrx_word' id='word_1_824' title='bbox 3172 5481 3392 5551; x_wconf 75' lang='lat' dir='ltr'><strong>regione</strong></span> <span class='ocrx_word' id='word_1_825' title='bbox 3423 5498 3523 5533; x_wconf 85' lang='lat' dir='ltr'><strong>no-</strong></span> 
     </span>
    </p>
   </div>
   <div class='ocr_carea' id='block_1_116' title="bbox 1930 5538 3523 5660">
    <p class='ocr_par' dir='ltr' id='par_1_116' title="bbox 1930 5538 3523 5660">
     <span class='ocr_line' id='line_1_117' title="bbox 1930 5538 3523 5660; baseline 0.008 -71"><span class='ocrx_word' id='word_1_826' title='bbox 1930 5538 2089 5660; x_wconf 49' lang='lat' dir='ltr'><strong>lill6lllés</strong></span> <span class='ocrx_word' id='word_1_827' title='bbox 2135 5544 2373 5596; x_wconf 88' lang='lat' dir='ltr'><strong>auctoris</strong></span> <span class='ocrx_word' id='word_1_828' title='bbox 2420 5538 2697 5599; x_wconf 72' lang='lat' dir='ltr'><strong>invenitur</strong></span> <span class='ocrx_word' id='word_1_829' title='bbox 2736 5548 2850 5602; x_wconf 69' lang='lat' dir='ltr'><strong>hmc</strong></span> <span class='ocrx_word' id='word_1_830' title='bbox 2890 5560 3016 5605; x_wconf 88' lang='lat' dir='ltr'><strong>nota</strong></span> <span class='ocrx_word' id='word_1_831' title='bbox 3048 5538 3300 5604; x_wconf 72' lang='grc' dir='ltr'><strong>εὈὺὶὶΓϐ</strong></span> <span class='ocrx_word' id='word_1_832' title='bbox 3329 5552 3523 5620; x_wconf 67' lang='lat' dir='ltr'><strong>Aprilis</strong></span> 
     </span>
    </p>
   </div>
   <div class='ocr_carea' id='block_1_117' title="bbox 2002 5679 3525 5761">
    <p class='ocr_par' dir='ltr' id='par_1_117' title="bbox 2002 5679 3525 5761">
     <span class='ocr_line' id='line_1_118' title="bbox 2002 5679 3525 5761; baseline 0.006 -27"><span class='ocrx_word' id='word_1_833' title='bbox 2002 5681 2078 5749; x_wconf 68' lang='grc' dir='ltr'><strong>(ι’)</strong></span> <span class='ocrx_word' id='word_1_834' title='bbox 2211 5681 2241 5761; x_wconf 82' lang='lat' dir='ltr'><strong>I_</strong></span> <span class='ocrx_word' id='word_1_835' title='bbox 2262 5683 2522 5753; x_wconf 82' lang='lat' dir='ltr'><strong>Antiquit.</strong></span> <span class='ocrx_word' id='word_1_836' title='bbox 2548 5688 2923 5761; x_wconf 72' lang='lat' dir='ltr'><strong>ecclesiasue.,</strong></span> <span class='ocrx_word' id='word_1_837' title='bbox 2953 5691 3006 5745; x_wconf 90' lang='lat' dir='ltr'><strong>in</strong></span> <span class='ocrx_word' id='word_1_838' title='bbox 3038 5691 3268 5761; x_wconf 86' lang='lat' dir='ltr'><strong>append.</strong></span> <span class='ocrx_word' id='word_1_839' title='bbox 3295 5690 3359 5745; x_wconf 91' lang='lat' dir='ltr'><strong>ad</strong></span> <span class='ocrx_word' id='word_1_840' title='bbox 3388 5705 3525 5761; x_wconf 73' lang='lat' dir='ltr'><strong>opus</strong></span> 
     </span>
    </p>
   </div>
   <div class='ocr_carea' id='block_1_118' title="bbox 1931 5749 2991 5830">
    <p class='ocr_par' dir='ltr' id='par_1_118' title="bbox 1931 5749 2991 5830">
     <span class='ocr_line' id='line_1_119' title="bbox 1931 5749 2991 5830; baseline 0.011 -26"><span class='ocrx_word' id='word_1_841' title='bbox 1931 5749 2564 5823; x_wconf 71' lang='lat' dir='ltr'><strong>clironelngicum,num.</strong></span> <span class='ocrx_word' id='word_1_842' title='bbox 2594 5756 2679 5826; x_wconf 68' lang='lat'><strong>22,</strong></span> <span class='ocrx_word' id='word_1_843' title='bbox 2714 5775 2837 5830; x_wconf 85' lang='lat' dir='ltr'><strong>pag.</strong></span> <span class='ocrx_word' id='word_1_844' title='bbox 2867 5749 2991 5816; x_wconf 73' lang='lat' dir='ltr'><strong>till.</strong></span> 
     </span>
    </p>
   </div>
   <div class='ocr_carea' id='block_1_119' title="bbox 3063 5920 3136 5977">
    <p class='ocr_par' dir='ltr' id='par_1_119' title="bbox 3063 5920 3136 5977">
     <span class='ocr_line' id='line_1_120' title="bbox 3063 5920 3136 5977; baseline 0.014 -1"><span class='ocrx_word' id='word_1_845' title='bbox 3063 5920 3136 5977; x_wconf 79' lang='grc'><strong>13</strong></span> 
     </span>
    </p>
   </div>
  </div>
