4014 6368
498 332 605 391 555

1296 328 1620 385 ADDENDA
1665 329 1755 385 AD
1794 326 2118 397 QUOSDAM
2159 323 2683 381 PRtECEDENTES
2721 323 2973 379 TOMUS.

3684 322 3787 383 556

497 447 568 503 de
592 459 701 516 quo
728 440 937 513 agimus
961 446 1215 495 exaratus
1258 437 1375 492 fuit.
1418 438 1576 509 Atqui
1612 438 1930 494 Anastasius
1968 446 2089 508 post
2118 440 2166 498 Α
2194 435 2363 491 cturis
2391 434 2659 500 conferre,
2697 435 2891 489 nedqu
2924 445 3248 505 postponere
3295 435 3512 501 audeat,
3549 434 3789 504 iniquum

495 536 765 593 sublatum
815 547 846 587 e
874 531 1010 586 vivis
1057 529 1337 584 Nicolaum
1382 528 1425 596 Ι,
1469 529 1621 599 cujus
1665 529 1889 585 subinde
1924 529 2086 583 vitam

498 635 757 698 gestaque
784 620 1065 692 scripsisse
1108 619 1313 689 pridem
1365 618 1695 684 dicebamus,
1730 619 1781 674 id
1821 628 1922 686 est,
1968 627 2088 690 post

496 735 697 776 annum
723 716 849 772 867.
883 711 1208 770 l’ontiﬁcalis
1235 712 1354 767 libri
1378 712 1751 773 collectionem
1781 710 2086 777 adornavit,

495 818 556 864 ut
582 806 806 881 proinde
826 804 1055 874 catalogi
1078 810 1355 857 auctorem
1386 810 1528 857 totos
1547 801 1897 872 quadraginta
1919 816 2089 856 annos

497 899 783 955 Anastasio
814 897 1171 967 antiquiorem
1206 894 1367 949 fuisse
1394 908 1616 949 necesse
1640 894 1729 948 sit.

536 987 719 1057 'Quod
755 988 821 1043 ad
848 986 1141 1043 secundum
1182 984 1499 1055 pontiﬁcum
1546 983 1849 1055 catalogum
1878 991 2087 1054 spectat

494 1082 544 1137 id
572 1095 734 1135 unum
773 1077 1094 1133 Terribilino
1126 1076 1410 1137 assentiar,
1444 1075 1649 1130 nullum
1694 1075 1851 1130 nobis
1900 1085 2087 1129 aucto-

492 1186 607 1225 rem
656 1182 937 1241 superesse
982 1167 1071 1237 qui
1115 1174 1241 1220 ante
1279 1181 1403 1220 eum
1448 1166 1752 1236 catalogum
1801 1164 2087 1219 Damasum

493 1261 786 1331 Hispanum
825 1257 1055 1325 dixerit,
1095 1256 1285 1313 saltem
1326 1271 1357 1310 a
1395 1271 1485 1311 me
1521 1256 1782 1310 hactenus
1822 1255 2085 1325 ignorari;

491 1368 676 1407 verum
715 1352 759 1405 si
786 1365 850 1405 ea
880 1348 1166 1404 recolimus
1194 1362 1312 1417 quae
1337 1347 1404 1401 de
1431 1346 1580 1402 Actis
1609 1346 1795 1401 Romae
1824 1346 2087 1416 supersti-

491 1442 631 1496 tibus
657 1440 756 1495 sub
784 1439 993 1494 initium
1037 1437 1220 1493 saeculi
1251 1452 1326 1504 vt,
1355 1451 1462 1506 quo
1506 1445 1750 1507 tempore
1786 1436 2087 1505 catalogum

489 1536 638 1590 illum
665 1542 948 1590 exaratum
983 1530 1144 1586 fuisse
1172 1538 1405 1595 constat,
1434 1530 1610 1599 deque
1657 1530 1868 1600 scriptis
1897 1537 1953 1583 et
1991 1543 2087 1597 ge-

490 1628 591 1682 stis
620 1624 961 1696 pontificum,
990 1621 1217 1692 aliisque
1246 1620 1629 1676 ecclesiasticis
1645 1620 2007 1675 montimentis
2037 1619 2088 1675 id

488 1716 751 1786 temporis
802 1714 976 1769 Ubl\iS
1024 1712 1392 1784 prostantibus
1439 1711 1565 1766 alibi
1615 1711 1757 1767 dicta
1802 1722 1947 1774 sunt,
1981 1726 2087 1767 non

2189 524 2433 596 profecto
2464 526 2635 595 ipsum
2669 541 2846 579 rerum
2880 526 3261 579 :cstimatorem
3305 522 3422 580 fore
3451 539 3679 581 necesse
3706 526 3792 583 sit.

2264 617 2461 673 Verum
2503 618 2675 686 inquit
2728 626 2905 671 tamen
2935 616 3306 672 Terribiliuus.
3355 616 3526 673 Nemo
3554 626 3793 673 veterum

2192 710 2517 781 scriptorum
2546 718 2673 765 ante
2702 709 2993 764 secundum
3023 710 3323 777 catalogum
3368 708 3661 763 Damasum
3703 708 3795 764 Hi-

2191 814 2418 870 Spanum
2442 802 2595 857 dixit.
2619 800 2895 869 Tanquam
2926 799 2992 854 ad
3017 816 3130 855 rem
3152 799 3457 855 attinuisset
3478 801 3792 871 quidquam.

2191 892 2358 948 Nemo
2404 906 2594 948 eorum
2649 890 2861 945 Damasi
2905 891 3070 944 vitam
3130 905 3197 944 ex
3243 889 3486 960 professo
3536 892 3787 945 attexuit.

2190 981 2550 1053 Hieronymus
2579 989 2726 1036 certe
2758 989 2900 1035 totus
2932 988 3013 1036 est
3043 980 3096 1035 iu
3124 980 3241 1049 ejus
3268 982 3483 1050 scriptis
3513 996 3796 1037 recensen-

2190 1072 2292 1129 dis.
2319 1070 2568 1142 Optatus,
2594 1069 2839 1136 Ruﬁnus,
2864 1069 3227 1138 Marcellinus,
3251 1070 3612 1141 Symmachus
3634 1080 3692 1126 et
3708 1072 3795 1128 alii

2191 1170 2258 1223 de
2293 1166 2460 1235 ipsius
2500 1164 2841 1235 potissimum
2888 1165 3053 1233 gestis
3096 1165 3616 1233 tractavere,'idque
3641 1181 3797 1220 occa-

2191 1260 2344 1314 sione
2386 1257 2584 1311 Liberii
2629 1256 2970 1327 pontiﬁcatus
3012 1256 3065 1310 in
3104 1272 3209 1325 qua
3241 1273 3399 1312 scena
3442 1259 3648 1327 primas
3677 1269 3796 1327 post

2190 1365 2315 1405 eum
2342 1356 2531 1404 contra
2561 1346 2788 1402 Arianos
2819 1347 3105 1401 Damasum
3137 1340 3379 1402 nostrum
3410 1358 3596 1419 partes
3626 1352 3798 1418 egisse

2192 1449 2390 1497 norunt
2435 1454 2642 1496 omnes.
2692 1438 2905 1494 Scimus
2952 1448 3212 1509 praeterea
3242 1450 3458 1496 veteres
3504 1442 3797 1512 scriptores

2192 1532 2488 1603 praesertim
2522 1531 2944 1597 ecclesiasticos,
2972 1532 3115 1599 quod
3146 1533 3210 1586 ad
3242 1542 3556 1589 sanctorum
3598 1536 3797 1604 patrias

2191 1625 2400 1687 attinet,
2434 1624 2720 1679 verborum
2751 1623 3092 1694 parcissimos
3120 1622 3304 1689 fuisse,
3336 1640 3443 1693 qua
3471 1625 3540 1680 de
3571 1642 3633 1681 re
3662 1627 3795 1682 infc-

2190 1713 2303 1769 rius
2333 1714 2487 1768 nobis
2514 1727 2691 1768 sermo
2723 1722 2981 1770 recurret.
3017 1712 3195 1781 Quare
3224 1715 3354 1769 nihil
3385 1716 3581 1770 horum
3610 1734 3787 1787 neque

485 1809 665 1862 minus
688 1821 873 1861 verum
902 1812 1033 1874 puto
1062 1802 1281 1859 secundi
1308 1802 1620 1872 pontiﬁcum
1651 1802 1883 1871 catalogi
1912 1810 2091 1858 aucto-
2127 1817 2173 1877 Β
2202 1802 2458 1857 instituta:
2518 1802 2585 1858 ab
2638 1802 2768 1873 ipsis
2823 1802 3201 1874 disputationis
3257 1806 3516 1861 intererat
3564 1806 3796 1864 Colchus

485 1916 622 1963 rem,
657 1896 870 1952 nonnisi
900 1895 1079 1966 aliquo
1109 1909 1283 1963 eoque
1312 1895 1625 1963 archetypo,
1650 1893 1793 1964 quod
1822 1893 1921 1949 sibi
1950 1910 2082 1964 pne-

486 1989 712 2053 lucerct,
736 1987 1061 2043 documento
1086 1984 1152 2039 de
1181 1984 1391 2038 Damasi
1421 1985 1597 2054 patria
1628 1984 1868 2041 locutum
1899 1984 2086 2054 fuisse,

485 2096 793 2153 quanquam
846 2078 974 2133 illud
1022 2087 1237 2132 exserto
1289 2092 1432 2131 nunc
1476 2074 1644 2146 digito
1688 2076 1927 2132 indicare
1976 2092 2084 2131 non

486 2175 643 2230 facile
670 2174 758 2227 sit.
808 2171 1011 2227 Saltem
1052 2185 1159 2224 non
1190 2167 1261 2234 id,
1294 2169 1509 2233 amabo,
1540 2168 1769 2238 aequius,
1803 2184 1909 2223 non
1950 2183 2087 2238 pra:-

486 2267 731 2326 stabilius
794 2264 987 2332 fuerit,
1038 2277 1199 2332 quam
1255 2261 1515 2331 suspicari
1572 2260 1796 2316 secundi
1852 2260 2085 2332 catalogi

487 2369 764 2413 auctorem
796 2355 1009 2410 Damasi
1039 2355 1266 2425 patriam
1294 2368 1324 2408 e
1354 2352 1573 2424 preprio
1600 2352 1700 2407 sibi
1727 2353 1953 2408 cerebro
1977 2366 2086 2407 non

485 2464 643 2505 secus
670 2463 734 2502 ac
771 2445 980 2517 Jupiter
1007 2444 1302 2500 Minervam
1337 2441 1701 2507 conﬁnxisse?

558 2539 779 2605 Verum,
802 2546 859 2592 ut
878 2538 981 2591 alia
1002 2536 1199 2596 desint,
1229 2549 1297 2589 an
1328 2549 1438 2589 non
1464 2549 1569 2591 una
1597 2532 1821 2590 secundi
1852 2531 2085 2602 catalogi

486 2631 782 2700 antiquitas
806 2628 1016 2684 abunde
1038 2626 1088 2682 ei
1114 2625 1365 2682 sufﬁcere
1388 2625 1655 2681 censenda
1677 2634 1761 2680 est
1784 2632 1844 2680 ut
1866 2625 2084 2696 propria

486 2728 697 2785 constet
726 2720 860 2785 title;
893 2733 991 2773 nec
1020 2726 1144 2790 post
1169 2732 1241 2771 xtt
1269 2716 1485 2772 tandem
1513 2716 1831 2771 saaculorum
1875 2715 2085 2786 lapsum

488 2811 661 2867 alieno
690 2809 790 2880 ipsi
818 2807 887 2865 ad
916 2823 1068 2864 suam
1114 2807 1370 2862 tuendam
1409 2807 1789 2863 auctoritatem
1821 2821 2086 2877 sponsore

489 2918 626 2975 opus
652 2903 768 2959 sit?
807 2900 915 2957 Aut
943 2917 1040 2958 cur
1067 2916 1177 2957 non
1213 2899 1434 2957 secundi
1460 2900 1687 2972 catalogi
1719 2900 2085 2956 testimonium

489 2995 559 3050 de
587 2993 801 3049 Damasi
830 2992 1005 3064 patria
1024 3006 1055 3047 a
1075 2991 1378 3063 synchrono
1408 2999 1628 3047 auctore
1654 2988 1957 3062 profectum
1985 3005 2087 3047 tes-

486 3083 833 3139 timabimus?
861 3082 991 3153 Ejus
1017 3090 1166 3139 certe
1194 3082 1444 3154 scriptor,
1474 3082 1520 3138 si
1545 3097 1651 3139 non
1672 3082 1945 3138 viventem
1970 3083 2085 3153 ipse

490 3176 796 3243 Damasum,
843 3174 1125 3246 perplures
1162 3182 1344 3230 tamen
1397 3187 1693 3244 agnoscere
1742 3187 1975 3242 cumque
2017 3173 2082 3230 iis
2109 3198 2157 3261 ο

486 3264 693 3322 versari
720 3264 971 3321 facillime
1000 3264 1193 3335 potuit,
1218 3263 1332 3334 qui,
1363 3262 1490 3318 dum
1516 3263 1569 3319 in
1582 3263 1719 3320 vivis
1746 3270 1930 3332 ageret
1956 3277 2084 3319 san-

493 3370 615 3418 ctus
644 3360 907 3432 pontifex,
962 3340 1112 3415 eum.
1135 3359 1330 3431 saepius
1365 3358 1582 3425 intueri,
1611 3358 1808 3429 smpius
1859 3357 2082 3427 alloqui,

487 3452 813 3524 publiceque
844 3458 900 3505 et
947 3447 1197 3521 privatim
1237 3447 1427 3504 colere
1468 3447 1787 3513 valuerunt;
1825 3454 1987 3515 atque
2013 3460 2083 3501 ex

488 3545 575 3599 his
603 3557 723 3613 qua:
747 3541 813 3596 ad
843 3540 1057 3596 Damasi
1084 3539 1312 3610 patriam
1355 3545 1614 3609 gestaque
1652 3545 1901 3608 spectant
1929 3534 2086 3592 fami-

486 3635 626 3702 liari,
656 3643 714 3691 ut
743 3634 818 3700 fit,
842 3648 1096 3689 sermone
1124 3631 1378 3687 mutuari.
1406 3631 1638 3687 Rursum
1667 3632 1755 3687 hic
1783 3632 1939 3688 nobis
1964 3647 2085 3703 sup-

483 3727 763 3798 putatione
790 3732 874 3781 est
900 3740 1056 3794 Opus.
1105 3723 1153 3779 A
1181 3722 1395 3778 Damasi
1436 3731 1611 3779 morte
1636 3737 1756 3792 quae
1800 3722 1854 3778 in
1884 3738 2081 3778 annum

487 3816 675 3872 incidit
724 3815 926 3871 Christi
950 3812 1057 3869 584
1104 3814 1172 3869 ad
1224 3812 1416 3869 Felicis
1455 3812 1523 3868 IV
1548 3811 1941 3885 pontiﬁcatum,
1972 3827 2080 3883 quo

483 3916 733 3977 tempore
760 3906 1027 3962 secundus
1054 3904 1331 3975 catalogus
1369 3904 1602 3977 scriptus
1629 3903 1749 3971 fuit,
1778 3919 1943 3971 chtt,
1974 3919 2082 3960 non

488 3998 718 4065 amplius
768 3994 1093 4051 emuxerunt
1141 3996 1302 4063 anni;
1334 3997 1379 4052 si
1426 4012 1558 4052 vero
1605 3996 1765 4065 hujus
1811 3995 2082 4065 pontiﬁcis

486 4085 665 4139 exitus
695 4085 817 4157 (qui
865 4085 931 4139 ad
979 4099 1178 4140 annum
1226 4086 1442 4141 demum
1488 4087 1676 4142 salutis
1705 4085 1827 4153 550,
1859 4086 2082 4142 Octobri

485 4190 695 4240 mense,
747 4189 778 4228 a
826 4173 1171 4243 cltronologis
1218 4175 1484 4245 refertur)
1515 4176 1735 4231 omnino
1760 4177 2084 4247 spectandus

483 4267 574 4332 sit,
608 4277 822 4320 centum
865 4279 1133 4321 summum
1161 4265 1515 4335 quadraginta
1544 4274 1601 4321 et
1626 4281 1722 4321 sex
1751 4267 1879 4321 anni
1910 4267 2080 4323 inter-

488 4371 724 4412 cessere.
743 4353 861 4410 Jam
893 4370 1022 4410 vero
1050 4355 1394 4411 interstitium
1423 4356 1566 4412 istud
1594 4357 1733 4412 bime
1762 4372 1945 4427 eaeque
1975 4373 2083 4413 non

487 4449 769 4503 hominum
800 4445 1298 4515 longevissimorum
1333 4454 1521 4503 aetates
1550 4447 1706 4505 facile
1736 4448 1958 4520 implere
1985 4464 2083 4519 po-

477 4547 725 4608 .tuerunt,
751 4547 811 4595 ut
836 4540 1004 4610 priori
1034 4547 1245 4610 tempus
1273 4539 1340 4596 ad
1367 4540 1704 4612 pubertatem
1734 4556 1902 4612 usque
1929 4542 2080 4597 attri-
2109 4580 2161 4640 Β

474 4633 734 4699 ιδυειωιιε,
775 4647 885 4702 quo
925 4632 1213 4690 Damasum
1260 4633 1453 4704 saepius
1493 4634 1697 4702 videre,
1736 4649 1965 4706 qumque
2011 4635 2080 4693 de

480 4724 601 4794 ipso
638 4725 691 4779 in
732 4739 830 4779 ore
870 4725 1111 4780 omnium
1151 4726 1459 4781 ferebantur
1486 4726 1555 4781 ab
1583 4726 1702 4782 aliis
1729 4727 1995 4797 accipere.
2026 4734 2083 4783 et

482 4814 653 4882 ﬁdeli,
677 4816 852 4887 qualis
875 4831 1164 4888 puerorum
1193 4826 1295 4883 est,
1318 4819 1575 4874 memoria
1603 4819 1871 4886 retinere;
1900 4829 2083 4892 poste-

484 4905 623 4961 riori
651 4920 781 4961 vero
823 4905 1063 4962 nondum
1105 4906 1279 4963 adhuc
1305 4908 1651 4979 octogenario
1689 4916 1747 4963 ut
1776 4910 2079 4982 catalogum

491 4998 563 5055 de
610 5012 719 5068 quo
766 4999 971 5069 agimus
1013 5000 1356 5057 conscribere
1400 5000 1640 5072 potuerit
1667 4999 1764 5071 (α).
1797 5000 1923 5057 lec
1963 5017 2086 5059 meo

495 5087 712 5157 quidem
737 5086 941 5157 judicio
970 5104 1139 5158 usque
1163 5089 1299 5146 adeo
1328 5089 1381 5145 in
1410 5087 1631 5161 proclivi
1661 5091 1832 5160 posita
1861 5100 2004 5159 sunt,
2028 5102 2087 5149 ut

448 5210 451 5211 ν
486 5176 535 5232 si
564 5175 686 5247 quis
700 5189 775 5232 tea
804 5190 927 5232 cum
953 5175 1283 5234 Tillemontii
1311 5186 1405 5234 aut
1437 5178 1861 5236 adversariorum
1903 5182 2088 5252 conje-

564 5308 862 5382 (a)_Pl_ato,
904 5310 1226 5381 Simonides,
1271 5311 1611 5370 Stesichorus
1659 5311 1858 5382 aliique
1905 5313 2087 5382 plures

484 5378 670 5451 (apud
721 5380 985 5446 Tu'liunt,
1030 5384 1100 5437 de
1144 5378 1398 5450 Senect.)
1446 5378 1805 5451 octogenariis
1852 5378 2087 5450 majores

488 5450 704 5520 egregia
726 5464 892 5519 opera
914 5451 1150 5524 edidere,
1173 5468 1349 5524 neque
1369 5467 1466 5524 eos
1487 5454 1539 5507 in
1562 5450 1751 5507 studiis
1770 5454 1882 5524 suis
1902 5452 2087 5510 obmu-

488 5527 701 5575 tescere
720 5530 970 5578 senectus
990 5521 1133 5576 fecit.
1165 5521 1275 5578 Sed
1297 5523 1425 5591 quid
1448 5523 1514 5577 ad
1539 5532 1719 5577 vetera
1741 5523 2080 5579 ethnicorum

479 5592 730 5660 exempla
758 5591 1117 5659 confugimus.
1147 5608 1269 5647 cum
1306 5594 1468 5647 hodie
1496 5594 1863 5649 sanctissimus
1903 5595 2080 5650 domi-

480 5674 584 5718 nus
614 5669 799 5716 noster
830 5660 1147 5717 Benedictus
1179 5662 1282 5717 PP.
1309 5662 1421 5716 XIV
1454 5664 1506 5717 in
1538 5662 1779 5719 omnium
1810 5665 1927 5719 luce
1954 5680 2080 5718 vcr-

480 5741 659 5798 setur;
689 5732 799 5785 imo
838 5732 953 5800 ipse
993 5733 1063 5786 sit
1097 5733 1186 5786 lnx
1221 5748 1379 5801 supra
1410 5732 1657 5787 Ecclesic
1698 5736 2076 5789 candelabrum

483 5802 677 5873 posita,
710 5802 904 5857 nedum
949 5817 1213 5870 supremae
1255 5803 1304 5855 in
1337 5805 1494 5856 terris
1524 5801 1817 5870 Maiestatis
1848 5807 2073 5873 fulgore,

489 5872 557 5925 ei
599 5872 1145 5929 luculentissimoru'u
1188 5873 1517 5941 scriptorum
1560 5873 1740 5936 radiis,
1784 5875 1865 5928 vel
1914 5872 1962 5927 in
2007 5889 2069 5929 cu

2187 1890 2376 1947 fuisset
2416 1906 2483 1946 an
2515 1892 2766 1963 Assyrius
2794 1892 3071 1957 Damasus,
3107 1894 3306 1951 Thebis
3335 1898 3513 1967 potius
3544 1914 3613 1953 an
3646 1899 3796 1969 Argis

2189 1984 2504 2041 innutritus.
2531 1983 2637 2040 Sed
2658 1985 2823 2059 cedp;
2846 2001 2974 2041 num
2991 1995 3235 2043 veterum
3258 1989 3584 2059 scriptorum
3608 1992 3796 2062 aliquis

2187 2074 2480 2130 Damasum
2509 2086 2797 2147 propterea
2829 2077 3132 2133 Romanum
3162 2080 3338 2136 dixit?
3366 2081 3537 2146 Nunc,
3571 2084 3792 2154 inquiet,

2188 2181 2297 2222 non
2346 2176 2464 2222 erat
2510 2167 2595 2223 his
2642 2167 2816 2223 locus.
2845 2168 3028 2240 Atqui,
3058 2186 3316 2241 reponant
3365 2187 3487 2242 ego,
3520 2190 3701 2244 neque
3742 2188 3795 2229 ut

2189 2255 2361 2326 ipsum
2410 2256 2661 2327 Hispanis
2691 2258 3078 2327 attribuerent;
3110 2269 3169 2316 ut
3210 2263 3437 2337 proinde
3465 2275 3711 2320 veterum
3742 2267 3789 2322 in

2186 2349 2288 2407 hac
2311 2358 2463 2421 parte
2486 2351 2757 2408 silentium
2787 2354 3061 2427 ἀμφίϐολον
3089 2353 3250 2425 plane
3276 2356 3369 2426 sit,
3399 2371 3579 2428 neque
3606 2359 3658 2413 in
3690 2376 3785 2416 nos

2187 2443 2358 2512 magis
2383 2457 2545 2513 quam
2576 2444 2631 2499 in
2660 2444 3003 2502 adversarios
3029 2446 3211 2516 urgeri
3239 2449 3433 2519 possit.

2255 2534 2368 2592 Nec
2396 2534 2773 2593 Terribilinum
2800 2538 2966 2609 (quod
2993 2537 3113 2609 ejus
3143 2554 3278 2609 pace
3304 2540 3573 2612 dixerim)
3601 2553 3732 2600 satis
3757 2560 3785 2598 a

2187 2629 2431 2701 partibus
2459 2630 2689 2687 liberum
2728 2632 2959 2700 aestimo,
2988 2633 3079 2703 qui
3109 2633 3177 2689 de
3205 2635 3523 2690 nostratium
3564 2637 3789 2707 scripto-

2186 2733 2304 2773 rum
2351 2719 2682 2789 argumentis
2723 2736 2822 2791 pro
2846 2720 3061 2778 Damasi
3090 2723 3264 2794 patria
3292 2726 3619 2780 sententiam
3651 2726 3788 2781 ferre

2186 2806 2376 2878 possit.
2420 2806 2503 2862 Ad
2540 2808 2807 2879 arquiores
2839 2825 3105 2880 provoco.
3145 2812 3254 2868 Sed
3297 2812 3500 2868 fuerint
3536 2829 3605 2869 ea
3639 2831 3789 2883 sane,

2186 2900 2440 2971 quoniam
2481 2900 2554 2955 ita
2582 2900 2906 2959 Terribilino
2932 2903 3106 2960 visum
3142 2902 3264 2972 fuit,
3297 2904 3460 2975 paulo
3498 2922 3663 2978 quam
3705 2923 3788 2965 res

2185 2990 2423 3061 postulat
2442 2988 2769 3059 inﬁrmiora;
2791 3006 2861 3046 an
2887 3001 3175 3063 propterea
3204 2994 3293 3049 ubi
3321 2979 3790 3064 sesquimillenarii

2184 3077 2311 3133 facti
2337 3078 2563 3149 quzestio
2592 3087 2695 3145 est,
2727 3089 2785 3135 ut
2814 3080 3061 3151 probatio
3084 3082 3320 3148 deﬁciat,
3345 3082 3435 3152 jus
3464 3084 3616 3140 illico
3643 3086 3787 3141 defe-

2186 3169 2326 3227 cisse
2353 3172 2562 3228 censeri
2591 3172 2790 3229 debet?
2815 3172 3039 3231 Meliora
3067 3190 3166 3246 pro
3192 3190 3254 3233 se
3281 3176 3641 3234 Terribilinus
3662 3180 3788 3235 atie-

2184 3268 2290 3328 ret,
2319 3261 2544 3318 scilicet.
2574 3263 2682 3319 Sed
2708 3262 2976 3336 Hispanos
3004 3266 3320 3337 scriptores,
3346 3278 3547 3340 praeter
3573 3270 3786 3325 insitum

2186 3353 2333 3421 genti
2356 3352 2773 3411 domesticarum
2800 3370 2981 3412 rerum
3009 3348 3338 3429 neglectum,
3362 3360 3588 3430 privatis
3611 3363 3789 3431 potius

2187 3442 2241 3497 in
2268 3443 2371 3499 hac
2395 3457 2457 3500 re
2480 3444 2672 3501 studiis
2696 3460 2856 3516 quam
2883 3446 3114 3518 publica:
3135 3448 3215 3504 rei
3244 3447 3558 3505 inserviisse
3584 3449 3785 3520 pridem

2186 3533 2441 3592 diximus.
2470 3535 2658 3608 Itaque
2677 3538 2803 3595 dum
2819 3538 3013 3610 singuli
3033 3544 3350 3611 popularem
3372 3556 3528 3597 suum
3552 3542 3790 3612 pressim

2189 3641 2256 3681 ea
2286 3643 2423 3685 voce
2461 3638 2718 3701 usurpata
2749 3629 3039 3687 Damasum
3078 3632 3305 3701 faciunt,
3331 3634 3401 3689 de
3437 3650 3649 3689 summa
3689 3636 3787 3698 rei.

2189 3715 2242 3771 id
2264 3725 2348 3773 est
2369 3716 2437 3773 de
2466 3719 2658 3775 eodem
2682 3717 2952 3791 Hispaniae
2978 3724 3277 3793 generatim
3306 3725 3623 3791 asserendo,
3642 3727 3787 3796 quod

2186 3814 2339 3862 extra
2386 3811 2809 3866 controversiam
2858 3812 2911 3867 id
2958 3814 3194 3883 positum
3239 3824 3514 3885 putarent,
3565 3832 3678 3873 non
3729 3825 3785 3872 ut

2187 3899 2472 3967 oportebat
2498 3902 2713 3958 solliciti
2742 3903 2977 3960 universi
3001 3904 3174 3961 fuere.

2261 3988 2476 4046 Privata
2500 4003 2680 4049 autem
2709 3994 2948 4063 ipsorum
2979 3998 3315 4053 concertatio
3346 3998 3414 4055 de
3436 3999 3576 4056 urbe
3604 4000 3658 4055 in
3684 4015 3786 4070 qua

2187 4080 2394 4136 natales
2430 4081 2670 4139 hauserit
2709 4083 2989 4150 Damasus,
3022 4086 3167 4155 quod
3211 4098 3546 4158 postremum
3595 4090 3649 4143 in
3693 4106 3790 4144 nos

2187 4167 2541 4227 Terribilinus
2583 4184 2758 4243 urget,
2784 4175 2910 4230 dum
2951 4175 3042 4230 alii
3085 4176 3382 4242 Matritu'u,
3414 4180 3505 4234 alii
3538 4179 3787 4234 Vimara-

2188 4276 2316 4315 num
2354 4271 2450 4316 aut
2474 4261 2843 4333 lgeditaniam,
2874 4266 2965 4321 alii
2994 4267 3212 4322 demum
3253 4268 3622 4325 Tarraconem
3670 4286 3785 4326 eam

2185 4350 2350 4409 fuisse
2377 4362 2569 4424 putant
2597 4355 2817 4426 (addere
2845 4358 3065 4428 insuper
3090 4358 3443 4416 Terribilinus
3472 4370 3659 4431 posset
3687 4360 3787 4418 0c-

2186 4442 2592 4502 ciduastGades
2622 4447 2697 4519 (θ)
2728 4447 3133 4520 Saguntumque
3183 4450 3289 4507 fide
3336 4451 3594 4524 inclytam
3621 4455 3695 4523 (ε)
3723 4453 3785 4507 ad

2187 4536 2565 4593 duodecimum
2602 4554 2633 4594 a
2664 4539 2909 4595 Valentia
2953 4552 3139 4597 nostra
3183 4542 3439 4613 lapidem,
3480 4543 3785 4599 Moneiedro

2191 4642 2331 4684 nunc
2373 4627 2635 4698 indigenis
2664 4632 3033 4700 appellatam);
3063 4632 3295 4702 privata,
3320 4634 3568 4702 inquam,
3599 4634 3788 4704 Hispa-

2189 4735 2381 4774 norum
2428 4720 2529 4776 ltac
2569 4720 2638 4777 de
2673 4736 2733 4777 re
2757 4724 3095 4779 concertatio
3138 4740 3239 4779 nec
3281 4726 3505 4795 publicae
3549 4743 3786 4796 unquam

2188 4809 2427 4880 ipsorum
2469 4802 2647 4866 causae
2693 4813 2935 4881 oﬂicere,
2966 4831 3143 4885 neque
3177 4817 3288 4873 ullo
3315 4817 3477 4873 modo
3506 4818 3787 4876 Terribili-

2188 4918 2317 4958 uum
2360 4902 2551 4973 juvare
2575 4915 2772 4976 potest.
2807 4907 2891 4963 An
2920 4922 3069 4977 ergo,
3099 4910 3244 4979 quod
3269 4910 3336 4966 de
3364 4909 3589 4967 Homeri
3618 4915 3788 4984 patria

2187 5001 2395 5064 septem
2443 4996 2570 5051 olim
2617 4998 3055 5054 celebratissima:
3099 5001 3258 5057 urbes
3295 5008 3443 5058 tanta
3482 5005 3787 5061 animorum

2187 5086 2537 5143 contentione
2562 5087 2973 5158 disputaverint,
3008 5092 3111 5146 erit
3152 5099 3437 5162 propterea
3467 5094 3563 5163 qui
3593 5093 3790 5151 Giucis

2188 5189 2310 5232 eum
2334 5176 2766 5247 adjudicandum,
2789 5192 2882 5236 aut
2908 5180 3129 5238 Grmcia:
3153 5183 3414 5241 universa:
3439 5183 3507 5241 de
3526 5200 3603 5241 eo
3626 5201 3788 5256 argu-

2186 5318 2345 5384 mtate
2369 5310 2556 5384 lucens
2583 5314 2832 5369 omnibus
2860 5316 2950 5384 qui
2980 5315 3033 5370 in
3060 5316 3222 5372 domo
3250 5318 3413 5373 sunt?

2258 5380 2333 5452 (ὁ)
2357 5380 2486 5459 _\_lid‘.
2515 5380 2714 5459 Ioseph
2753 5380 3241 5459 Mari—aLSuarezius
3281 5386 3787 5459 Gallusepiscnpus

2187 5451 2333 5524 olim;
2357 5451 2731 5524 vasionensis,
2777 5470 2866 5524 ap.
2896 5454 3066 5511 Nicol.
3105 5457 3393 5513 Antonium
3416 5499 3433 5524 ,
3483 5451 3579 5514 lib.
3609 5476 3648 5514 ιι
3690 5451 3783 5513 ’Βία

2185 5520 2654 5597 bliothLHispange
2684 5520 2907 5597 veteris,
2928 5542 3057 5597 cap.
3082 5527 3133 5579 6.

2248 5594 2328 5674 .(c)
2364 5592 2724 5674 Bernardinus
2837 5595 2899 5648 R.
2926 5592 3309 5674 E;;car_clinalis_
3334 5596 3694 5674 Caryaialjus,
3728 5598 3781 5651 in

2185 5663 2429 5716 oratione
2455 5663 2520 5717 ad
2552 5665 2911 5720 Alexandrum
2954 5664 3055 5720 PP.
3084 5665 3170 5732 Vl,
3226 5668 3403 5721 habita
3434 5668 3506 5721 25
3543 5668 3782 5724 Novem-

2184 5733 2444 5805 bris__attni
2480 5732 2631 5805 H92.
2683 5737 2831 5791 [fnde
2858 5745 2911 5789 et
2935 5734 3142 5805 Caspar
3166 5736 3487 5799 Scholanus,
3520 5739 3575 5794 in
3604 5738 3782 5794 Histo-

2184 5805 2261 5856 ria
2290 5803 2587 5926 V'alentit‘ial,
2631 5808 2772 5875 apud
2814 5803 3062 5864 eumdem
3102 5806 3271 5863 Nicol.
3298 5810 3618 5873 Antonium,
3661 5811 3783 5864 loco

2185 5889 2246 5926 nr
2288 5889 2425 5926 xune
2454 5890 2499 5926 ct
2529 5890 2555 5926 n
2584 5891 2634 5926 ο.

2185 5889 2246 5944 [π
2288 5889 2425 5927 ΧΙΙΙΙ(³
2454 5889 2634 5928 ειιιιιο.
