4014 6368
510 320 613 377 56')

1289 320 1606 374 ADDENDA
1651 319 1739 373 AD
1779 319 2102 387 QUOSDAM
2147 321 2662 383 ΡΠᾹΞΟΕΟΕΝῘΕΒ
2704 325 2952 383 'I'OMOS.

3701 333 3794 389 560

509 438 667 509 Atqui
698 434 877 491 Siricii
922 444 974 491 et
1002 433 1301 489 Innocentii
1337 432 1577 502 epistolae
1622 432 1794 487 solido
1826 434 2103 488 minimum
2138 443 2182 502 Α
2211 436 2432 492 inferius
2480 438 2746 510 dicemus)
2786 441 3185 498 evidentissime
3224 443 3513 501 deducitur
3554 447 3673 517 (lt);
3731 450 3795 505 ibi

508 531 709 588 sacculo
757 537 974 584 aetatem
1022 528 1090 582 de
1118 542 1225 597 qua
1273 526 1557 595 quaesitum
1606 527 1866 595 oportuit,
1914 542 2108 597 nempe

510 640 636 683 cum
684 637 819 693 puer
867 629 984 676 erat
1035 619 1244 673 Damasi
1295 633 1508 688 parens,
1569 619 1905 675 recentiores
1961 629 2103 675 sunt.

510 716 801 784 Exigamus
855 728 967 767 rem
1020 712 1084 765 ad
1140 710 1427 764 calculum.
1478 709 1736 763 Damasus
1788 710 1855 763 ad
1908 727 2105 764 anntun

510 805 713 859 Christi
744 801 847 857 ’504
889 807 1043 857 natus
1070 802 1267 855 dicitur
1293 817 1305 863 ;
1338 814 1505 869 quare
1536 802 1703 869 patris
1730 800 1850 869 ejus
1877 802 2105 870 pueritia

510 903 565 957 in
610 916 717 971 qua
745 900 1040 954 lectoratns
1078 894 1299 964 gradum
1352 894 1649 949 obtinuisse
1690 895 1983 949 adversarii
2015 912 2107 949 vo-

508 994 647 1058 lunt,
691 990 758 1045 ab
807 1003 948 1043 anno
998 984 1125 1047 285,
1176 994 1269 1039 aut
1321 1000 1428 1038 non
1482 985 1652 1039 multo
1699 995 1838 1055 post,
1898 987 2107 1054 integro

507 1082 715 1136 scilicet
763 1086 887 1132 ante
926 1077 1178 1130 Siricium
1228 1074 1430 1127 smculo
1469 1073 1709 1143 incipere
1757 1077 1978 1128 omnino
2015 1076 2107 1129 tle-

507 1173 643 1227 buit.
696 1168 834 1234 Quid
885 1176 1061 1221 autent
1111 1166 1180 1220 de
1240 1165 1555 1220 Innocentio
1617 1164 1878 1229 dicemus,
1945 1182 2104 1236 quem

510 1263 732 1315 ineunte
783 1257 998 1311 demum
1046 1255 1241 1308 Sicculo
1272 1270 1303 1307 v
1334 1252 1401 1307 ad
1442 1252 1813 1322 pontificatum
1858 1268 2105 1309 evectum

510 1354 674 1407 fuisse
720 1350 978 1405 constat?
1028 1347 1136 1401 Nec
1183 1346 1355 1416 magis
1395 1345 1501 1400 huc
1549 1342 1802 1415 spectant’
1839 1345 2100 1403 Thomas-

510 1447 613 1500 slni
662 1444 739 1514 (α)
787 1451 841 1498 et
890 1441 1166 1496 Bonarotii
1204 1440 1277 1513 (la)
1327 1440 1573 1509 exempla
1608 1440 1776 1494 multo
1825 1456 1985 1510 quam
2022 1442 2105 1495 vel

496 1538 732 1594 ‘Siricius
776 1546 939 1605 atque
994 1534 1336 1589 Innocentius
1382 1534 1706 1600 recentiora,
1759 1550 1825 1588 ac
1880 1535 2105 1606 proinde

468 1629 738 1700 tempori
786 1642 895 1697 quo
946 1640 1079 1695 puer
1102 1633 1238 1692 ,crat
1267 1625 1479 1683 Damasi
1532 1641 1730 1694 parens
1780 1641 1888 1680 non
1947 1624 2103 1681 facile

508 1717 989 1777 accommodanda.
1017 1717 1126 1772 Sed
1154 1732 1186 1771 e
1210 1716 1526 1772 diverticulo
1558 1719 1609 1771 in
1640 1718 1780 1771 viam
1814 1717 1906 1788 (c).

2215 528 2358 582 enim
2386 544 2506 583 cum
2532 532 2901 599 provectiores
2923 532 3204 602 baptizari,
3233 550 3297 590 ac
3320 544 3568 607 tempore
3589 538 3792 595 demunt

2215 620 2559 687 procedente,
2583 621 2625 674 si
2657 622 2848 689 dignos
2876 638 2994 678 sese
3017 624 3384 692 exhibuerint,
3422 629 3489 682 ad
3517 636 3794 700 episcopa-

2214 717 2323 762 tum
2371 713 2652 779 pervenire
2711 728 2869 780 posse
2913 714 3161 767 dicantur
3200 732 3211 767 :
3253 733 3595 786 consequens
3642 718 3699 774 fit
3740 732 3794 775 ut

2213 801 2438 869 prarvios
2465 806 2682 870 quoque
2714 803 2995 858 inferiores
3038 806 3256 872 gradus,
3283 816 3444 877 atque
3474 810 3612 865 adeo
3638 810 3794 866 lecto-

2211 901 2386 947 ratum
2416 894 2661 950 obtinere
2688 896 2908 951 omnino
2939 898 3260 966 potuissent.

2285 982 2340 1036 In
2372 984 2557 1052 Specie
2586 994 2785 1050 autem,
2815 988 2956 1053 quod
2986 990 3156 1051 aiunt,
3184 989 3249 1042 de
3276 990 3541 1047 lectoratu
3569 996 3797 1064 pressior

2211 1083 2295 1129 est
2361 1085 2522 1146 atque
2572 1078 2946 1145 apertis‘simus
3011 1080 3062 1132 itt
3117 1096 3229 1135 rem
3290 1093 3531 1139 nostram
3594 1087 3796 1141 concilii

2209 1168 2543 1223 Sardietnsis
2575 1169 2722 1224 locus
2771 1170 2831 1240 (i)
2859 1188 2871 1233 ;
2906 1187 3090 1225 verum
3122 1188 3244 1227 cum
3284 1174 3494 1243 inbgro
3523 1186 3647 1247 post
3673 1187 3798 1231 tem-

2212 1273 2339 1325 pora
2362 1258 2427 1311 de
2455 1259 2646 1326 quibus
2680 1259 2998 1327 inquirimus
3031 1262 3295 1327 vicennio,
3331 1266 3395 1319 ad
3425 1282 3626 1320 annum
3658 1269 3794 1322 scili-

2207 1358 2295 1403 cet
2330 1347 2433 1400 5-i7
2473 1341 2711 1403 habitum
2753 1349 2916 1405 fuis:e
2958 1361 3192 1419 constet,
3238 1354 3355 1422 e'jus
3407 1366 3695 1426 propterea
3726 1369 3797 1411 te-

2207 1439 2520 1494 sﬁmoninm
2553 1440 2800 1494 consulto
2834 1443 3293 1510 prmtcrtnittimus
3338 1446 3648 1515 petimique
3688 1449 3799 1515 jure

2207 1528 2558 1583 decretaliunt
2605 1528 2780 1584 Siricii
2824 1531 2917 1601 (j),
2963 1531 3260 1587 Innocentii
3290 1535 3365 1603 (is)
3398 1545 3455 1589 et
3499 1536 3702 1592 Zosimi
3738 1541 3796 1606 (Ι)

2207 1620 2580 1689 epi:tolarum,
2606 1620 2798 1688 quibus
2825 1621 2937 1675 lucc
2962 1621 3149 1676 eadem
3174 1623 3241 1677 de
3265 1624 3527 1680 Iectoratu
3557 1627 3799 1681 doctrina

2208 1709 2560 1765 disertissime
2613 1710 2863 1765 traditur.
2918 1710 3089 1765 Unum
3144 1721 3324 1768 tamen
3371 1718 3797 1785 pneterettuduni

578 1815 721 1869 Ante
786 1810 1035 1866 Silvestri
1107 1817 1353 1878 tempora
1408 1807 1639 1865 fueritne
1692 1809 1745 1865 in
1801 1810 1981 1879 aliquo
2035 1824 2103 1864 ex
2137 1808 2185 1871 Β
2215 1820 2323 1859 non
2374 1813 2647 1875 putamus,
2678 1803 2823 1874 quod
2865 1804 2931 1858 de
2960 1804 3209 1860 Cclerino
3250 1817 3303 1861 ct
3355 1809 3575 1863 Aurelio
3604 1809 3799 1864 Cb:isti

471 1904 754 1961 ‘conciliis
812 1910 906 1956 aut
963 1899 1259 1955 canonibus
1320 1900 1702 1956 ecclesiasticis
1759 1910 1907 1956 certa
1969 1910 2099 1956 atas

507 1993 828 2064 praestituta,
859 2007 963 2061 qua
998 1990 1289 2046 lectoribus
1318 1990 1371 2045 id
1409 2007 1605 2047 munus
1635 1993 1901 2047 committi
1931 1993 2098 2048 debe-

504 2094 607 2150 ret,
643 2085 984 2154 exploratnm
1014 2099 1120 2138 non
1164 2091 1263 2138 est.
1299 2082 1585 2154 Utcunque
1628 2095 1809 2139 tamen
1836 2085 1888 2139 id
1910 2082 2096 2149 fuerit,

503 2179 637 2233 illud
691 2186 946 2242 constat,
1014 2177 1381 2247 provectiores
1443 2193 1565 2233 cum
1608 2193 1828 2249 quoque
1874 2178 2097 2246 gradum

503 2272 749 2327 obtinere
788 2272 1046 2341 potuisse,
1106 2269 1264 2339 idque
1287 2268 1398 2339 jam
1431 2270 1497 2325 ab
1529 2271 1657 2340 ipsis
1691 2269 1947 2327 Ecclesiae
1986 2272 2098 2340 pri-

502 2365 744 2420 mordiis.
813 2363 973 2419 Certe
1029 2364 1080 2418 in
1129 2363 1212 2418 IlIS
1261 2379 1395 2432 quos
1446 2364 1811 2434 apostolorum
1862 2381 2100 2422 canones

502 2464 723 2526 vocant,
752 2456 844 2527 qui
872 2472 939 2511 ex
968 2457 1079 2510 vita
1123 2456 1309 2526 gentili
1338 2457 1403 2510 ad
1450 2456 1746 2512 Ecclesiam
1774 2460 2100 2514 accesserint

502 2556 559 2602 et
606 2546 863 2616 baptizati
912 2546 1113 2601 fuerint
1161 2562 1268 2601 non
1300 2547 1655 2617 prohibentur
1681 2550 1735 2604 in
1764 2549 1967 2605 clerum
2000 2549 2097 2603 ad-

504 2641 646 2695 mitti
678 2640 777 2712 (d),
818 2654 917 2695 ceu
967 2640 1018 2694 in
1049 2655 1236 2695 eorum
1264 2655 1529 2695 canonum
1578 2639 1648 2694 79
1678 2640 1895 2695 disertis
1921 2642 2099 2697 verbis

504 2730 717 2802 legitur.
749 2728 875 2785 Scio
897 2728 1147 2798 equidem
1177 2729 1557 2784 nonnullorum
1593 2730 1971 2787 auctoritatem
2005 2732 2094 2803 (e),

503 2824 612 2878 into
643 2830 700 2879 et
733 2821 930 2878 Gelasii
980 2837 1130 2892 papae
1160 2821 1431 2877 decretum
1470 2823 1539 2893 (ί)
1570 2823 1930 2891 intercedere,
1958 2839 2098 2894 quo-

464 2915 679 2971 'minus
727 2922 842 2969 tuto
890 2913 975 2968 his
1021 2913 1315 2970 eanonibus
1363 2914 1763 2980 assentiamur;
1818 2931 2005 2970 verum
2055 2916 2099 2971 is

498 3020 658 3075 quem
689 3004 1028 3068 adduximus,
1057 3004 1199 3074 quod
1222 3003 1332 3074 jam
1365 3005 1569 3074 pridem
1595 3004 1663 3060 ab
1707 3003 1941 3075 Origene
1967 3023 2099 3062 con-

500 3104 583 3149 tra
608 3092 824 3150 Celsum
850 3095 926 3166 (g)
952 3094 1216 3163 allegatus
1244 3094 1420 3161 fuerit,
1449 3096 1668 3151 minime
1696 3096 1943 3153 falsitatis
1966 3099 2096 3153 vitio

502 3185 751 3240 laborare
779 3184 1080 3239 censendus
1106 3193 1205 3239 est.
1236 3185 1293 3239 Id
1323 3186 1494 3255 ipsum
1522 3202 1588 3241 ex
1612 3187 1855 3244 secundo
1880 3190 2095 3246 concilii

498 3273 700 3331 Nicmni
727 3290 935 3329 canone
965 3275 1129 3344 (quod
1175 3277 1461 3331 concilium
1489 3278 1681 3333 eodem
1711 3279 1825 3348 ipso
1855 3289 2097 3350 tempore

490 3366 832 3421 celebratum
865 3364 963 3420 fuit
1004 3380 1112 3436 quo
1143 3365 1355 3420 Damasi
1385 3383 1581 3437 parcns
1628 3367 1855 3424 Romam
1887 3372 2096 3428 venisse

570 3499 648 3571 (ll)
671 3498 848 3554 Afl‘ert
873 3500 1090 3569 quidem
1120 3500 1510 3557 Tliomassinus
1540 3503 1786 3570 exempla
1808 3504 2091 3561 duodecim

490 3585 790 3642 puerorum
831 3574 921 3639 qui
947 3588 1069 3628 cum
1100 3572 1333 3642 lectores
1360 3582 1543 3627 essent
1589 3573 1911 3642 Carthagine
1940 3576 2093 3630 Chri-

498 3651 638 3695 stum
665 3641 716 3695 iu
750 3643 1128 3704 persecutione
1160 3641 1447 3697 Vaudalica
1489 3645 1720 3697 confessi
1771 3641 1913 3699 sunt.
1959 3645 2089 3701 Item

498 3711 777 3784 ltlpipliaujj
806 3711 1123 3784 Ticinensis,
1166 3711 1392 3767 Joannis
1438 3710 1835 3776 Cabilonensis,
1866 3715 2093 3784 Chryso-

495 3780 678 3845 stonti,
731 3780 1000 3852 Eutliymii
1047 3793 1104 3838 et
1141 3784 1368 3838 aliorum
1423 3797 1545 3851 qua:
1594 3784 1750 3850 longe
1788 3780 2088 3842 recentiora

496 3862 640 3906 sunt.
676 3853 749 3906 De
776 3851 953 3923 Felice
973 3852 1410 3923 autemiNolauo,
1463 3868 1622 3920 quem
1654 3856 1833 3923 primis
1857 3855 1911 3908 in
1941 3859 2089 3912 anuis

489 3923 737 3976 lectorem
771 3921 872 3977 Deo
901 3926 1132 3978 seruiisse
1160 3922 1417 3977 Paulinus
1446 3925 1538 3988 ait,
1571 3921 1670 3978 nec
1700 3924 1820 3993 quis
1849 3924 1893 3979 is
1941 3925 2089 3981 Felix

500 3993 639 4073 inter
666 3992 804 4074 alios
828 3996 1174 4061 cognomines
1189 3994 1377 4074 fuerit,
1407 4009 1581 4074 neque
1608 3992 1737 4074 ictas
1776 4011 1877 4074 qua
1913 3996 2091 4074 floruit

497 4063 630 4117 satis
682 4062 960 4131 explorata
1012 4072 1133 4129 est,
1173 4065 1240 4117 de
1296 4079 1403 4132 quo
1458 4062 1719 4117 videndus
1776 4065 2089 4123 Ituiuartius

500 4132 640 4195 (Act.
670 4142 853 4199 mart.,
883 4132 1027 4205 Edit.
1068 4134 1285 4198 Veram,
1311 4150 1432 4205 pag.
1467 4132 1639 4205 2H3).
1670 4136 1848 4189 l’otuit
1871 4152 2088 4205 quoque

499 4207 692 4273 primos
741 4220 904 4259 annos
959 4203 1212 4259 Paulinus
1270 4203 1394 4258 non
1439 4203 1504 4257 ad
1557 4203 1747 4259 Felicis
1802 4203 2084 4274 pueritiam

483 4274 590 4330 sed
632 4274 698 4329 ad
748 4274 1039 4341 iuvenilem
1089 4276 1463 4342 integramque
1512 4282 1727 4327 aetatem
1776 4275 2025 4331 retulisse
2067 4297 2080 4330 :

500 4356 621 4399 nam
636 4360 858 4400 comma
880 4363 911 4398 a
946 4362 1102 4409 puero
1129 4344 1350 4398 instituit
1380 4344 1568 4397 seruire
1595 4344 1700 4399 Deo
1734 4348 2085 4414 przeeedentis

497 4416 704 4484 periodi
730 4431 855 4484 pars
880 4424 981 4471 est.
1014 4416 1135 4471 Vid.
1171 4414 1469 4479 Paulinum,
1501 4430 1588 4484 ap.
1621 4416 1799 4469 euind.
1832 4415 2079 4471 Ruinart.

499 4484 656 4608 (Paﬁq.
689 4485 839 4557 2I8).

568 4560 584 4612 ι
628 4556 832 4626 )Mrssi

676 4541 851 4611 Meséii
882 4555 1092 4612 Romuli
1116 4556 1332 4611 lectoris
1361 4555 1533 4625 pueri,
1568 4556 1708 4624 quod
1737 4571 1897 4609 unum
1932 4573 1958 4609 a
1989 4558 2084 4611 Bo-
2118 4541 2164 4601 D

496 4628 710 4699 narotio
740 4626 960 4681 allertur
986 4627 1313 4699 exemplum,
1342 4627 1613 4699 recentius
1659 4641 1797 4691 esse,
1831 4636 2088 4699 cmnsty-

493 4695 578 4769 lus
625 4698 1024 4769 epigrammatis
1056 4739 1070 4763 ,
1119 4704 1229 4751 tum
1283 4695 1422 4751 forte
1476 4696 1743 4769 adjectum
1795 4695 2088 4769 e__regiotie

494 4766 737 4833 ejusdeni
762 4768 958 4823 Christi
989 4781 1389 4834 moungramma
1414 4768 1541 4819 satis
1565 4767 1783 4820 indicat.
1819 4766 2089 4823 Videmlus

457 4850 462 4855 '
496 4844 672 4907 tamen
698 4839 783 4892 hic
811 4847 1003 4892 auctor
1032 4835 1323 4903 (Observat.
1357 4836 1425 4887 ad
1448 4839 1637 4907 fragm.
1671 4839 1786 4889 eitr.
1826 4836 2083 4904 Floreut.,

496 4904 640 4960 Edit.
668 4907 804 4961 1716
825 4925 839 4974 ;
864 4926 984 4978 pag.
1011 4908 1159 4975 υἷι).

569 4977 639 5058 (c)
688 4976 1006 5058 V‘ide_‘i_nfra
1058 4981 1301 5056 primam.
1344 4986 1591 5058 notarum
1644 4976 1767 5030 huic
1788 4976 2084 5058 "disserta-

496 5044 629 5101 tioni
661 5045 759 5101 sub
785 5044 1140 5104 addendorum
1160 5049 1377 5101 nomine
1399 5049 1752 5101 adnexarutn.
1788 5045 1939 5100 Eutr.

568 5118 648 5187 td)
683 5116 865 5173 (Eum
896 5120 987 5188 qui
1014 5136 1082 5174 es
1112 5119 1219 5173 vita
1251 5118 1434 5183 gentili
1465 5126 1751 5172 accessem
1779 5118 1871 5185 (ad
1918 5117 2089 5171 Eccle-

495 5186 993 5260 siampscilicctfet
1032 5189 1335 5258 baptizatus
1387 5188 1568 5251 fuerit,
1618 5188 1703 5260 vel
1750 5203 1817 5240 ex
1847 5188 2086 5260 improba

464 5288 465 5293 η
494 5257 706 5327 vivendi
743 5257 971 5323 ratione,
1001 5257 1219 5313 nonest
1246 5273 1458 5327 aequum
1502 5257 1745 5325 pro'iuus
1774 5259 2086 5327 episcopum

497 5325 609 5400 fieri
646 5347 664 5380 ι
695 5328 895 5400 (Oarion
927 5330 1155 5397 Apostol.
1188 5329 1277 5395 79,
1312 5325 1441 5382 tam.
1478 5327 1502 5380 Ι
1545 5328 1676 5381 Coll.
1723 5327 1908 5391 Labb.,
1943 5326 2082 5381 Edit.

508 5396 744 5470 νέηαι]
758 5399 861 5452 7ὲ8
886 5396 1003 5470 pag.
1038 5399 1150 5469 42).

566 5470 637 5540 (e)
668 5468 769 5540 Ap.
804 5467 909 5524 eui.
955 5467 1118 5525 card.
1158 5468 1457 5533 Aguirriutu
1485 5467 1652 5539 (Tom.
1692 5467 1741 5530 l,
1781 5467 2084 5533 Coucilior.,

494 5541 698 5595 dissert.
720 5540 773 5594 5.
797 5556 1013 5593 excursu
1037 5542 1092 5601 ἓ,
1112 5541 1167 5603 '5,
1198 5540 1273 5608 4).

567 5611 634 5683 tf)
685 5611 1105 5734 [gitpocryphis
1134 5609 1423 5679 Sirripturis
1457 5610 1553 5680 (In
1586 5611 1801 5663 concilio
1833 5611 2083 5671 (latitatio,

591 5699 681 5734 an.
842 5720 854 5733 .

497 5684 565 5733 ad
591 5681 681 5735 un.
707 5681 854 5735 494).

954 5760 1143 5806 contra
1189 5749 1426 5823 Celsum,
1455 5750 1572 5803 ‘Iilt.
1635 5768 1710 5815 Ill,
1756 5767 1843 5818 ap.
1897 5751 2083 5823 Severi.

495 5820 662 5879 iniiiut
720 5820 806 5896 (In
831 5832 937 5878 not.
970 5823 1038 5875 ml
1060 5838 1307 5877 (auorum
1330 5820 1397 5873 79
1420 5823 1721 5891 upostolou,
1750 5831 1868 5875 tom.
1906 5821 1951 5886 I,
1977 5821 2088 5873 Col-

2206 1896 2611 1953 confessoribus
2654 1896 2878 1964 loquens
2917 1895 3217 1968 Cyprianus
3266 1899 3439 1953 innuit
3467 1902 3589 1970 (in),
3619 1900 3797 1955 Eccle-

2200 1990 2336 2044 siam
2384 1989 2590 2044 scilicet
2631 1988 2938 2044 Africanam
2981 2006 3076 2044 eos
3122 1992 3188 2043 ad
3240 1992 3536 2047 lectoratus
3581 1994 3796 2061 gradum

2206 2093 2481 2134 assumere
2530 2078 2785 2144 solitam,
2844 2078 2937 2148 qui
2980 2080 3090 2149 jam
3149 2084 3505 2153 confessorum
3574 2086 3798 2152 gloriam

2203 2169 2381 2241 adepti
2409 2169 2640 2239 fuerant,
2668 2171 2717 2225 id
2746 2180 2849 2239 est,
2876 2173 2966 2239 qui
2996 2176 3236 2245 martyrii
3271 2176 3581 2230 tirocinium
3607 2193 3797 2247 posue-

2202 2270 2361 2327 rant;
2397 2261 2496 2315 hos
2526 2269 2706 2315 autem
2735 2262 2955 2330 integra:
2981 2264 3161 2333 potius
3185 2280 3344 2333 quam
3370 2267 3596 2320 infirma:
3620 2269 3794 2322 aetatis

2207 2352 2371 2409 fuisse
2398 2354 2862 2409 verosimillimutn
2892 2364 2993 2410 est.
3025 2356 3136 2411 Iino
3163 2372 3305 2421 cum,
3352 2367 3549 2425 praeter
3572 2359 3797 2414 ιειιοτειο

2203 2455 2286 2501 tus
2351 2463 2417 2502 eo
2488 2456 2737 2518 tempore
2784 2449 2928 2504 inter
2977 2451 3218 2504 minores
3266 2452 3485 2506 ordines
3534 2452 3796 2508 excellen-

2202 2539 2331 2593 tiam
2360 2538 2462 2611 (η),
2492 2541 2659 2595 multa
2709 2541 3000 2597 lectoribus
3042 2543 3413 2598 incumberent
3439 2561 3560 2614 quze
3583 2556 3794 2600 aetatem

2204 2630 2470 2700 integram
2498 2632 2819 2703 virilemque
2842 2635 3203 2689 constantiam
3234 2636 3613 2690 desiderabant
3640 2638 3793 2706 (ultra

2202 2722 2489 2780 lectionem
2535 2727 2735 2781 etenim
2786 2726 3208 2798 Scripturarum,
3253 2745 3372 2799 qua:
3420 2733 3639 2801 prOpria
3688 2743 3795 2787 erat

2202 2816 2440 2871 muneris
2464 2832 2651 2872 eorum
2678 2816 2885 2873 functio
2915 2860 2930 2886 ,
2963 2835 3241 2875 sacrorum
3269 2821 3529 2877 Codicum
3557 2824 3794 2877 custolia

2201 2906 2635 2977 frequentissime
2684 2910 2813 2979 ipsis
2867 2911 3346 2978 committebatur,
3405 2922 3463 2966 ut
3511 2928 3581 2967 es
3633 2915 3791 2968 variis

2203 2996 2467 3054 Actorum
2495 3008 2791 3071 martyrum
2820 3001 2953 3056 locis
2984 3004 3060 3073 (ο)
3091 3003 3379 3074 colligitur)
3406 3005 3515 3070 vix,
3546 3006 3796 3060 credibile

2204 3099 2287 3145 est
2318 3106 2373 3145 ιιι
2406 3091 2598 3146 saltem
2651 3100 2906 3158 exeunte,
2954 3103 3116 3162 atque
3144 3094 3361 3149 ineunte
3400 3113 3450 3150 tv
3477 3096 3671 3153 salutis
3700 3114 3795 3152 sa:-

2200 3181 2343 3246 culo,
2397 3196 2506 3250 quo
2558 3181 2736 3237 rabies
2782 3192 3192 3252 persccutorum
3241 3187 3293 3239 in
3342 3200 3535 3243 saeros
3576 3186 3797 3244 Codices

2199 3272 2570 3329 crudelissime
2613 3273 2873 3342 deszeviit,
2924 3292 3127 3346 pueros
3151 3278 3217 3332 ad
3248 3279 3544 3335 lectoratus
3570 3282 3791 3350 gradum

2198 3375 2505 3437 assumptos
2532 3365 2718 3424 fuisse.

2195 3504 2313 3557 lect.
2350 3502 2676 3570 Labbazanw,
2704 3506 2802 3558 col.
2828 3505 2941 3573 62).

2268 3574 2401 3648 (Ii);
2430 3574 2701 3648 Quoniam
2727 3576 2895 3648 multa
2928 3576 3010 3630 vel
3041 3578 3392 3643 necessitate,
3432 3579 3517 3632 vel
3559 3582 3793 3648 urgenti-

2192 3644 2294 3698 bus
2324 3645 2526 3712 alioqui
2561 3646 2865 3699 ltominibus
2896 3655 3094 3715 printer
3147 3663 3411 3702 cauouetn
3467 3644 3796 3704 ecclesiasti-

2193 3729 2315 3769 cum
2345 3715 2479 3768 facta
2509 3723 2655 3779 sunt,
2685 3725 2741 3767 ut
2761 3715 2994 3789 Iwmiues
3018 3718 3180 3786 quisa:
3200 3720 3303 3771 vita
3332 3720 3513 3786 gentili
3544 3721 3616 3770 ad
3636 3723 3793 3789 ﬁdem

2192 3799 2356 3852 nuper
2385 3794 2727 3849 accesserunt,
2760 3796 2809 3838 et
2834 3788 3018 3854 exiguo
3062 3797 3285 3854 tempore
3327 3788 3707 3851 catechumeui,
3740 3792 3792 3843 id

2193 3864 2285 3936 est,
2315 3854 2527 3936 initiati,
2560 3856 2722 3936 fuere,
2769 3858 2952 3936 statim.
2992 3857 3061 3936 ad
3100 3858 3360 3936 latuerunt
3387 3859 3670 3936 spirituale
3709 3862 3794 3913 de-

2193 3924 2404 3984 ducant,
2432 3935 2492 3996 _et
2529 3924 2683 3979 simul
2712 3942 2773 3978 ac
2813 3926 3059 3991 baptizati
3090 3928 3282 3995 fuerint
3329 3927 3397 3978 ad
3422 3924 3795 3996 'episwpatum

2190 3995 2267 4047 rel
2304 3994 2705 4065 presbyteratum
2743 3996 3041 4063 prove/mut,
3081 3994 3216 4049 recte
3260 3994 3666 4051 liabere'visum
3696 4012 3791 4065 est,

2189 4074 2245 4135 u_t
2297 4064 2532 4135 deinceps
2577 4067 2707 4119 nihil
2728 4068 2860 4135 itala
2916 4067 3030 4135 ﬁat.
3065 4085 3084 4118 ι
3119 4066 3275 4120 Conc.
3309 4065 3543 4132 Nicam,
3584 4085 3712 4124 can.
3738 4064 3790 4134 2,

2192 4133 2327 4189 Coll.
2361 4133 2524 4206 Labb.
2551 4144 2675 4189 tom.
2710 4134 2797 4200 Il;
2829 4133 2929 4191 col.
2959 4136 3072 4206 49).

2263 4207 2323 4275 (i)
2357 4224 2387 4277 ii
2426 4204 2580 4277 Osius
2626 4206 2914 4277 episcopus
2960 4204 3159 4264 diXit...
3210 4213 3272 4261 ut
3316 4206 3362 4260 si
3389 4207 3512 4277 quis
3542 4224 3608 4262 ex
3652 4208 3790 4275 foro,

2189 4275 2302 4347 sive
2339 4275 2507 4339 dives,
2535 4276 2648 4330 sive
2675 4275 3028 4347 scholasticus
3056 4318 3070 4341 ,
3114 4275 3557 4347 episcopus‘lieri
3600 4278 3793 4345 dignus

2190 4346 2475 4408 habeatur,
2516 4361 2622 4399 non
2671 4346 2816 4414 prius
2844 4348 3203 4401 constituatur
3253 4346 3412 4415 quam
3458 4349 3693 4409 lectoris,
3738 4358 3793 4400 et

2188 4416 2422 4478 diaconi,
2446 4423 2501 4469 et
2524 4416 2823 4486 presbyteri
2852 4417 3202 4486 ministerium
3228 4417 3497 4486 peregerit
3524 4435 3543 4467 ι
3603 4416 3789 4486 (Cant.

2192 4484 2541 4555 Sardiceus.,'
2564 4484 2701 4538 cau.’
2723 4486 2804 4549 I0,
2853 4485 2984 4540 Coll.
3031 4486 3196 4540 Labb.
3226 4495 3352 4540 tom.
3386 4484 3470 4552 II,
3506 4484 3790 4555 σοιζόυο).

2262 4557 2327 4629 (j)
2358 4556 2436 4629 Ad
2468 4553 2774 4629 ρὶιιιθτίιιιιιΔ
2794 4555 3208 4629 Tarraconens.,
3244 4574 3296 4610 n.
3324 4555 3408 4609 IO.

2257 4625 2329 4695 (ις)
2363 4627 2439 4679 Ad
2468 4625 2700 4695 Felicem
2734 4625 2952 4693 Nurum,
2987 4643 3038 4679 η.
3072 4628 3125 4688 4,
3152 4626 3206 4680 5.

2289 4698 2327 4765 l)
2358 4696 2435 4766 Ad
2461 4694 2782 4766 llesyehium
2821 4696 3142 4766 $alonitan.,
3171 4712 3224 4749 ιι.
3251 4696 3305 4749 5.

2289 4698 2327 4765 l)
2358 4697 2435 4748 Ad
2461 4697 2782 4766 Ilesyehium
2821 4697 3142 4763 Salonitan.,
3171 4712 3224 4749 ιι.
3251 4697 3305 4749 5.

2264 4697 2359 4834 im)
2396 4765 2510 4835 Lib.
2541 4782 2596 4828 ti,
2623 4767 2780 4835 epist.
2814 4765 2877 4829 5;
2911 4766 3000 4818 lib.
3036 4782 3115 4833 tu,
3146 4766 3305 4834 epist.
3337 4764 3426 4829 22,
3468 4766 3610 4833 apud
3643 4766 3789 4821 Tho-

2191 4836 2411 4957 massin.
2444 4834 2684 4906 (Portet,
2718 4836 2805 4889 lib.
2842 4852 2897 4904 tt,
2922 4852 2969 4891 c.
3018 4837 3105 4900 50,
3139 4853 3189 4888 ιι.
3226 4836 3258 4889 6
3296 4839 3429 4906 seq.)
3459 4836 3594 4892 Vide
3623 4838 3789 4892 etiam

2194 4923 2245 4957 ιι.
2284 4926 2287 4929 ·
2319 4927 2366 4957 -_..

2194 4923 2245 4957 II.
2284 4923 2300 4957 'I
2319 4923 2366 4958 ἒξ..

2265 4976 2342 5046 (u)
2378 4976 2448 5030 De
2495 4975 2809 5031 Imctoratus
2840 4976 2980 5029 inter
3011 4974 3247 5029 minores
3278 4975 3494 5046 ordines
3525 4986 3792 5046 praestan-

2192 5047 2414 5167 :IEI,‘VI1I.
2444 5046 2785 5101 Tltomassin.
2821 5045 2910 5117 (Ρ.
2942 5064 2976 5105 ι,
3008 5046 3095 5099 lib.
3139 5063 3193 5110 tt,
3227 5063 3342 5115 cap.
3394 5045 3482 5108 50,
3516 5045 3665 5101 num.
3699 5048 3787 5112 ll,

2245 5138 2257 5165 ι
2315 5157 2327 5167 .
2418 5128 2423 5133 ’

2245 5118 2423 5185 ἱ).’

2262 5184 2336 5257 (ο)
2366 5186 2421 5240 Iu
2464 5186 2597 5239 actis
2637 5186 2805 5240 sancti
2850 5184 3041 5239 Felicis
3086 5187 3323 5254 ep'scopi
3374 5186 3611 5240 Africani
3659 5188 3795 5256 legi-

2191 5253 2278 5327 tur
2310 5253 2325 5309 έ
2357 5258 2546 5326 Aprum
2577 5273 2692 5310 vero
2720 5258 3066 5325 presbyterum
3090 5253 3158 5308 ad
3188 5273 3241 5327 sc
3271 5253 3431 5327 jussit
3471 5253 3795 5323 perductet

2192 5326 2383 5395 Cyrum
2410 5327 2707 5388 ekl’italcm
2739 5327 2973 5393 lectores,
3001 5326 3797 5397 quibus.lftignilimiuscurutor

2191 5398 2323 5449 dixit
2354 5414 2372 5452 :
2405 5397 2583 5451 Libros
2618 5398 2841 5467 Dei/iras
2865 5395 3099 5451 habetis?
3144 5395 3438 5466 Apartliail
3469 5412 3485 5449 :
3518 5395 3792 5456 [labantis

2191 5468 2313 5537 (Ap.
2351 5467 2617 5532 Ruiuart.,
2656 5469 2769 5519 Act.
2804 5478 2958 5519 mart.
2992 5470 3146 5531 siuc.,
3182 5467 3321 5520 Iidit.
3382 5467 3495 5519 Ver.
3522 5484 3573 5519 ιι.
3628 5468 3794 5529 1751,

2190 5554 2310 5608 pag.
2350 5537 2499 5605 διδ).
2530 5537 2659 5591 Item
2684 5537 2734 5589 in
2766 5539 2910 5591 Actis
2936 5538 3207 5593 Saturnini
3243 5537 3415 5591 Dativi
3452 5544 3506 5591 ct
3530 5539 3793 5597 aliorum,

2191 5608 2451 5679 Anulinus
2505 5619 2763 5679 tyrannus
2814 5608 3083 5676 juniort-m
3126 5609 3475 5679 Sitnruinum
3522 5608 3791 5662 lecture-tn

2191 5678 2585 5750 itainterrogitt
2634 5696 2645 5729 :
2699 5678 2799 5750 Dic
2850 5696 2917 5731 au
2988 5681 3187 5750 aliquas
3237 5678 3539 5750 Scripturas
3593 5679 3794 5731 habeas

2192 5748 2478 5815 (lluiuart..
2515 5767 2634 5818 pag.
2678 5749 2848 5815 558)?
2902 5750 3030 5803 Ac'a
3077 5748 3482 5818 proetinsularia
3534 5763 3793 5816 perseeu-

2194 5820 2352 5873 tionis
2394 5818 2471 5871 Af.
2490 5817 2654 5873 iciuizt:
2677 5821 2776 5873 sub
2826 5819 3060 5873 Munatio
3110 5819 3283 5875 Felice
3317 5838 3328 5871 :
3365 5817 3519 5871 Felix
3577 5829 3794 5872 curator
