4014 6368
232 269 356 370 πί

1065 283 1068 286 ’
1145 309 1587 368 οιεδειιτΑτιυ
1632 313 1720 366 ne
1761 311 2040 370 DAMASO
2081 313 2167 368 ET
2209 313 2625 370 Lscnexm.

313 424 430 482 Hac
473 439 575 494 ego
620 425 686 480 de
735 438 893 480 causa
945 436 1066 479 eum
1108 439 1171 477 ex
1214 431 1525 478 sanctorum
1567 420 1826 479 Codicum
1861 433 1905 488 Α
1935 425 2080 480 bium
2120 425 2190 480 sit
2223 439 2410 482 eorum
2454 426 2843 494 testimonium,
2874 428 3088 497 probis
3125 436 3332 484 tantum
3366 431 3458 500 qui
3499 446 3529 486 a

231 517 489 574 custodia
541 523 618 570 tot
649 515 888 586 pericula
939 515 1230 569 lectoribus
1272 513 1554 567 imminere
1587 513 1839 568 animad-

230 618 533 674 verterent,
583 619 639 662 ut
678 609 870 662 merito
903 608 946 661 is
976 607 1107 661 ordo
1136 601 1548 675 quidam'quasi
1595 606 1838 677 martyrii

185 751 190 754 .
233 703 555 772 procinctus
589 701 880 755 haberetur
927 701 1029 771 (α),
1079 705 1339 769 prmterca
1374 700 1660 754 cumhinc
1708 700 1841 756 doc-

238 793 441 848 trinam
483 793 551 846 de
603 790 900 845 lectoribus
953 777 1133 860 [iueris
1183 791 1328 844 nullo
1379 791 1552 844 veteri
1584 789 1708 859 jure
1748 799 1842 846 aut

237 884 529 956 explorato
559 883 811 951 exemplo
841 882 936 936 niti
981 881 1280 954 (Celei-inus
1319 896 1556 949 namque
1585 888 1639 936 et
1666 881 1843 936 Aure-

236 980 348 1035 lius
377 979 482 1044 buc
514 994 619 1032 non
663 977 937 1047 pertinent
965 975 1085 1047 [53),
1121 975 1414 1044 saepissime
1441 983 1623 1029 autent
1668 989 1842 1046 oppu-

237 1069 396 1138 gnari
452 1071 523 1138 (c)
572 1069 963 1133 obscrvassem,
1015 1067 1138 1121 inde
1190 1082 1314 1120 vero
1370 1066 1721 1120 auctoritates
1779 1075 1837 1121 et

237 1161 492 1229 exempla
522 1175 619 1230 pro
647 1173 936 1228 puerorum
969 1157 1233 1213 iccturatu
1263 1157 1330 1211 ab
1357 1156 1666 1212 auctoribus
1695 1171 1837 1227 quos

237 1265 408 1323 supra
433 1251 717 1306 retulimus
742 1251 973 1320 allegata
1002 1248 1068 1303 ad
1113 1247 1425 1313 Theodosii,
1461 1248 1693 1314 Arcadii,
1723 1247 1832 1303 llo-

239 1343 384 1398 norii
416 1351 470 1397 et
498 1341 800 1412 posteriora
833 1352 1102 1410 tempora,
1142 1341 1338 1410 quibus
1368 1339 1608 1396 Ecclesia
1652 1348 1845 1411 optata

238 1450 382 1506 pace
409 1443 464 1490 et
493 1435 606 1510 otio
656 1432 954 1494 fruebatur,
988 1432 1266 1487 referenda
1293 1445 1412 1488 esse
1455 1431 1845 1501 deprehendis-

238 1543 384 1592 sem,
415 1544 488 1582 ex.
505 1529 716 1592 borum,
744 1527 984 1595 inquam,
1004 1525 1267 1586 omnium,
1293 1528 1434 1580 Inter
1455 1539 1513 1579 se
1533 1523 1844 1591 collatione,

240 1619 522 1691 praecipue
554 1633 682 1672 vero
710 1633 775 1672 ex
827 1618 1104 1670 immutata
1132 1615 1232 1670 sub
1260 1615 1621 1671 Constantino
1651 1615 1847 1686 Magno

239 1723 430 1764 rerum
461 1708 614 1774 facie,
647 1723 756 1761 tum
785 1715 1006 1761 temere'
1023 1704 1143 1760 elici
1166 1719 1324 1775 posse
1353 1703 1680 1771 arbitrabar,
1715 1715 1848 1762 tunc

1941 518 2122 588 pueris
2152 517 2540 575 Ecclesiasticm
2585 519 2788 575 militia:
2828 535 3025 575 nomen
3066 520 3270 576 dedere
3312 528 3527 590 tempo-

1942 627 2058 666 rum
2097 613 2380 668 interstitia
2429 614 2773 668 constituisse
2801 613 3070 671 credenda
3113 621 3278 682 sunt;
3315 613 3530 684 longior

1943 702 2142 756 etenim
2215 704 2266 758 in
2328 713 2558 772 utroque
2621 721 2885 760 annorum
2950 715 3154 762 tractus
3215 705 3528 761 decernitur

1943 811 2106 865 quam
2159 805 2220 851 ut
2273 811 2394 851 eum
2435 806 2594 853 aetate
2646 797 3014 868 provectiores
3051 785 3352 870 prmstolari
3396 813 3524 869 pos-

1943 887 2069 959 sint.

2015 979 2292 1046 Merenda,
2352 989 2410 1034 ut
2450 980 2713 1046 vidimus,
2759 981 3084 1036 novennium
3109 1020 3141 1048 ,,
3171 971 3365 1038 Saltem
3406 997 3533 1054 sep-

1947 1073 2208 1134 tennium,
2241 1073 2549 1127 constitutis
2591 1071 2648 1128 in
2695 1072 3014 1140 minoribus,
3053 1081 3216 1144 atque
3253 1074 3391 1131 adeo
3433 1075 3536 1129 Da-

1948 1161 2080 1214 masi
2124 1162 2356 1230 parenti,
2401 1164 2621 1242 ou‘tnino
2668 1163 3086 1232 exspectandum
3129 1161 3294 1220 fuisse
3337 1165 3430 1234 ait,
3475 1175 3536 1220 ut

1948 1267 2014 1307 ex
2055 1267 2242 1307 eorum
2291 1243 2592 1322 temporum
2640 1255 2917 1324 disciplina
2966 1255 3033 1309 ad
3079 1256 3300 1312 altiores
3338 1257 3537 1326 gradus

1950 1343 2171 1414 provehi
2204 1354 2384 1413 posset
2417 1345 2501 1414 (l).
2533 1344 2730 1399 Verum
2761 1346 2812 1400 id
2841 1363 2938 1402 nec
2960 1333 3226 1410 refellere,
3257 1363 3432 1418 neque
3457 1357 3538 1403 ta-

1950 1453 2073 1494 men
2097 1455 2193 1509 pro
2219 1446 2370 1494 certo
2396 1435 2667 1492 affirmare
2690 1455 2993 1508 possumus,
3015 1439 3189 1495 donec
3215 1439 3409 1495 idonea
3434 1457 3535 1496 no-

1950 1526 2033 1582 bis
2091 1527 2387 1584 alTerantur
2442 1527 2769 1582 testimonia.
2826 1527 3174 1584 Rccentiores
3215 1537 3364 1584 certe
3406 1528 3538 1584 Siri-

1952 1620 2042 1686 cii,
2091 1618 2388 1674 Innocentii
2447 1633 2510 1674 ac
2557 1617 2792 1684 Zosimi,
2837 1619 3117 1688 epistolas,
3162 1617 3229 1673 ad
3269 1633 3403 1688 quas
3440 1633 3540 1674 nos

1953 1709 2203 1764 Merenda
2235 1709 2288 1764 in
2332 1708 2491 1779 hujus
2540 1709 2802 1764 doctrinm
2839 1705 3304 1764 conﬁrmationem
3349 1723 3542 1763 manu~

240 1803 482 1871 primum
533 1808 660 1870 post
707 1813 893 1868 pacem
937 1797 1190 1853 Ecclesia:
1235 1797 1496 1854 redditam
1541 1798 1726 1870 pueris
1768 1799 1836 1854 ad
1869 1799 1913 1860 Β
1940 1802 2106 1869 ducit,
2152 1801 2305 1868 nihil,
2340 1810 2401 1856 ut
2440 1800 2602 1856 modo
2641 1799 2970 1880 dicebamus,
3013 1815 3299 1873 commune
3339 1798 3542 1854 habent

237 1892 574 1948 lectoratum
617 1889 822 1944 aditum
873 1890 1111 1959 patuisse
1138 1932 1153 1955 ,
1196 1903 1458 1960 novzeque
1504 1889 1665 1960 hujus
1694 1891 1838 1946 ordi-

237 1986 483 2041 nationis
541 1984 746 2040 semina
800 1997 828 2035 a
879 1981 1142 2037 Silvestro
1195 1981 1250 2036 in
1285 1981 1531 2038 conciliis
1580 1981 1841 2037 Romanis

239 2074 389 2144 jacta
421 2075 520 2144 (d),
561 2073 737 2129 Siricii
765 2073 836 2142 (c)
869 2081 1058 2143 postea
1087 2080 1141 2127 et
1166 2071 1466 2126 Innocentii
1497 2073 1565 2143 (ι’)
1594 2073 1840 2143 epistolis

242 2165 486 2229 exculta,
525 2172 581 2219 et
629 2163 887 2218 latissime
935 2163 990 2216 in
1033 2160 1273 2217 Ecclesia
1318 2171 1617 2232 propagata
1655 2161 1839 2217 fuirse.

242 2257 385 2312 Cum
442 2256 585 2311 enim
638 2255 816 2310 nullus
875 2254 976 2310 sub
1036 2251 1393 2307 Constantino
1443 2252 1840 2322 persecutionis

243 2355 428 2402 metus
479 2345 793 2414 ingrueret,
846 2359 952 2398 non
1002 2351 1068 2398 ea
1112 2343 1224 2411 jam
1269 2343 1324 2397 in
1370 2341 1666 2398 lectoribus
1717 2355 1839 2412 quae

241 2439 459 2508 pridem
504 2435 808 2491 constantia
841 2432 1288 2499 desiderabatur;
1331 2438 1389 2487 et
1433 2432 1567 2488 alias
1615 2432 1836 2503 puerilis

241 2537 380 2584 mtas
425 2526 480 2581 in
510 2526 576 2580 iis
621 2525 714 2595 qui
759 2523 1014 2580 Ecclesiae
1058 2522 1365 2578 ascribendi
1411 2531 1567 2578 erant
1610 2523 1844 2578 tutandae

244 2619 494 2690 ipsorum
538 2616 862 2672 innocentia:
890 2624 1052 2684 atque
1079 2614 1420 2670 addisccndis
1464 2613 1844 2670 ecclesiasticis

245 2712 446 2768 ritibus
465 2710 816 2780 opportunior
841 2709 1062 2764 omnino
1085 2707 1390 2763 existimata
1421 2705 1541 2760 fuit.
1569 2703 1720 2761 lianc
1745 2720 1846 2775 ego

249 2809 436 2856 tamen
462 2803 528 2855 de
559 2800 820 2855 lectorum
850 2808 1010 2855 mtate
1037 2799 1340 2854 doctrinam
1363 2813 1459 2853 seu
1491 2797 1670 2868 potius
1707 2813 1850 2854 con-

243 2895 540 2965 jecturam,
570 2895 647 2964 (g)
680 2892 830 2962 quod
855 2892 947 2948 vix
977 2891 1146 2948 sciam
1189 2906 1257 2946 an
1289 2893 1356 2945 ab
1387 2891 1494 2946 alio
1524 2890 1719 2944 tradita
1757 2900 1850 2946 aut

250 2985 628 3040 animadversa
678 2985 885 3053 pridem
917 2974 1103 3052 fuerit,
1135 2984 1431 3054 disciplinac
1473 2983 1848 3040 ecclesiastici:

245 3078 599 3150 peritioribus
627 3076 1041 3134 examinandam
1070 3093 1319 3149 propono
1351 3076 1453 3150 (ἡ).

321 3195 480 3263 Quod
513 3194 578 3250 ad
617 3193 888 3251 minorum
932 3195 1180 3250 ordinum
1221 3193 1507 3249 interstitia
1535 3199 1762 3263 spectat,
1796 3191 1847 3246 id

245 3299 336 3344 est
363 3297 608 3358 tempora
634 3288 829 3358 quibus
855 3287 1127 3342 constituti
1155 3286 1210 3342 in
1245 3285 1542 3341 minoribus
1573 3301 1670 3356 pro
1701 3286 1846 3354 ipso-

245 3395 369 3434 rum
420 3379 681 3434 exercitio
725 3378 963 3447 majores
1004 3378 1204 3446 gradus
1264 3377 1501 3447 opperiri
1553 3377 1846 3445 deberent,

246 3486 429 3540 neque
457 3487 519 3527 ea
549 3487 644 3542 pro
673 3471 756 3526 his
778 3472 868 3540 qui
896 3479 1024 3524 natu
1049 3469 1371 3539 grandiores
1394 3468 1649 3524 Ecclesia:
1678 3469 1846 3525 ascri-

246 3560 519 3616 bebantur
545 3565 697 3618 eerto
724 3561 944 3618 deﬁnita
982 3560 1366 3632 comperimus.
1395 3559 1537 3616 Sane
1561 3561 1848 3618 concilium

246 3655 570 3710 Sardicense
604 3656 669 3726 (si
705 3655 823 3724 ejus
863 3655 1018 3710 nobis
1044 3655 1352 3710 testimonio
1383 3653 1461 3708 uti
1509 3667 1606 3723 per
1633 3651 1846 3708 Meren-

245 3746 376 3801 dam
407 3745 554 3816 licet)
597 3747 658 3815 (i)
690 3763 783 3817 pro
825 3762 1125 3818 unoquoque
1161 3747 1327 3816 gradu
1356 3762 1459 3800 non
1489 3745 1686 3799 minimi
1719 3756 1848 3798 tent-

245 3839 394 3912 pvoris
460 3838 832 3910 longitudinem
878 3839 1106 3903 statuit;
1175 3853 1351 3907 neque
1418 3847 1598 3893 tamen
1661 3837 1849 3892 deﬁnit

245 3936 454 3996 quanta
477 3929 692 3986 demum
719 3946 779 3985 ea
803 3915 978 3984 futura
994 3931 1082 3984 sit.
1110 3929 1408 3984 Romanum
1433 3947 1467 3984 ιι
1489 3929 1557 4000 (j)
1582 3939 1637 3986 et
1661 3946 1716 3985 ιιι
1744 3934 1846 4001 (ts),

247 4021 355 4075 sub
408 4019 702 4088 Silvestro,
753 4037 872 4092 qua:
931 4022 1092 4076 modo
1135 4015 1500 4089 laudavimus,
1547 4025 1697 4077 utin
1751 4024 1850 4079 du-

250 4181 384 4249 γάρ.
439 4179 724 4236 Marcuclio
777 4191 824 4235 et
871 4181 1084 4236 Silvano
1125 4181 1298 4234 dixit:
1329 4177 1502 4244 Quare
1544 4196 1700 4234 unum
1747 4191 1849 4235 tan-

254 4251 783 4323 tummodollodicem
821 4253 1076 4323 dedistis?
1107 4250 1344 4323 Proferte
1367 4299 1369 4302 ι
1394 4251 1693 4323 Scripmrus
1723 4270 1849 4323 quas

251 4320 473 4375 habetis.
507 4321 822 4376 Marcuclius
861 4332 909 4374 et
956 4321 1220 4376 Ca'ulinus
1269 4322 1510 4376 dixerunt
1542 4337 1559 4372 :
1591 4320 1848 4376 Plus-non

251 4390 644 4464 [iubemusquia
695 4392 1033 4446 subdiacones
1059 4409 1254 4464 sumus,
1286 4393 1384 4464 sed
1421 4393 1634 4464 lectores
1666 4392 1849 4446 habent

248 4460 757 4532 Codices(Barou.,
816 4464 883 4516 ad
933 4480 1058 4516 anu.
1106 4461 1228 4528 505,
1277 4461 1423 4517 Edit.
1460 4461 1650 4518 Lucen.
1687 4464 1848 4529 1758,

291 4549 376 4602 ag.
411 4533 559 4597 541).
593 4532 722 4587 Ιιιιιιι
749 4533 882 4586 Acta
913 4533 1125 4588 concilii
1148 4533 1446 4588 Cirtbeusis
1474 4535 1573 4587 sub
1596 4532 1844 4588 Secundo

303 4602 594 4677 igisitanojz
629 4602 785 4677 {falis
819 4602 984 4677 Paulo
1011 4604 1404 4677 episcopodixi‘t
1429 4620 1445 4656 :
1475 4603 1664 4677 Profer
1694 4603 1842 4677 Scri-

248 4681 431 4742 pturas
461 4674 603 4744 legis.
635 4673 833 4726 Paulus
864 4675 1128 4744 episcopus
1160 4673 1294 4744 dixit
1320 4690 1336 4726 :
1367 4673 1668 4744 Scripturas
1695 4675 1843 4728 lecto-

249 4756 334 4814 res
381 4742 568 4797 habent
598 4745 932 4814 (Augustae.
984 4742 1179 4797 Contra
1206 4743 1453 4814 Crescon.
1491 4743 1843 4809 Donatistam,

249 4809 344 4868 lib.
368 4828 443 4884 tu.
477 4809 737 4884 cnp.29t:
767 4813 834 4866 Et
864 4813 986 4884 alibi
1018 4830 1104 4880 ap.
1147 4813 1300 4868 alios.

325 4883 404 4954 (a)
428 4883 549 4956 Yid.
579 4885 643 4956 de
683 4884 782 4938 hac
827 4899 886 4939 re
935 4883 1273 4938 Thomassin.
1309 4885 1413 4956 (P.
1442 4900 1478 4952 ι,
1509 4883 1599 4938 lib.
1631 4900 1690 4951 tl,
1725 4901 1839 4954 cap.

246 4953 338 5016 so,
371 4953 461 5007 sub
492 4954 656 5023 iuit).

325 5025 402 5096 (ὁ)
425 5026 678 5096 Aurelius
717 5033 771 5080 et
800 5023 1100 5088 Galerium,
1142 5025 1211 5079 ob
1241 5025 1446 5080 νῖνὶιεηι
1478 5025 1532 5096 in
1564 5027 1844 5080 ιῃιεηιεηείε

250 5095 635 5160 constantiam,
673 5096 990 5149 lectoratum
1039 5097 1314 5166 praemium
1355 5095 1708 5150 confessionis
1733 5112 1843 5151 stuc

247 5166 475 5236 juvenes
505 5167 824 5236 retulerunt.

325 5236 397 5306 (ε)
429 5236 604 5306 Cyrus
632 5244 686 5290 et
715 5234 928 5306 Vitatis,
967 5236 1020 5289 in
1063 5235 1208 5292 Actis
1260 5237 1428 5292 sancti
1483 5235 1699 5294 Felicis:
1743 5237 1844 5292 Sa-

249 5305 518 5377 turninus,
549 5305 737 5360 Junior
765 5305 1074 5377 obﬁPatrcm
1101 5310 1476 5376 cognominem
1510 5311 1840 5377 εινρττειειὲιιε,

250 5377 304 5430 in
330 5375 478 5432 Actis
505 5387 812 5431 sanctorum
837 5376 1106 5432 Saturnini
1135 5375 1189 5432 et
1217 5377 1417 5442 Dativi;
1475 5375 1646 5432 Pollio
1693 5378 1844 5430 deni-

251 5462 358 5514 que
401 5448 453 5500 in
493 5448 1006 5518 Actiswsanctorum
1058 5448 1312 5517 Pollion.,
1358 5460 1463 5504 etc.
1493 5449 1681 5518 (Apud
1717 5449 1840 5501 liui-

253 5525 415 5582 nart.,
446 5535 567 5588 pag.
597 5517 747 5586 ⁸559),
795 5525 850 5572 et
901 5517 990 5571 alii
1032 5520 1285 5586 lectores,
1330 5520 1483 5588 pueri
1529 5537 1633 5572 non
1666 5517 1840 5583 erant,

253 5595 326 5661 ut_
353 5602 433 5661 ex
487 5604 673 5643 eorum
707 5588 981 5661 responsis
1006 5598 1153 5661 etcx
1193 5589 1342 5645 Actis
1374 5591 1842 5661 proconsularibus

254 5656 517 5713 Africana:
545 5659 934 5727 persecutionis
971 5660 1262 5728 colligitur.

329 5729 416 5802 (d)_
441 5729 690 5802 Secundo
713 5729 917 5802 scilicet
949 5730 1083 5802 (Act.
1115 5730 1166 5793 2,
1203 5749 1318 5800 mp.
1353 5731 1434 5802 ll)
1459 5740 1504 5786 et
1535 5732 1712 5801 tertio,
1741 5733 1838 5787 sub

255 5794 469 5856 Rubric.
504 5799 583 5854 De
611 5794 966 5870 prutﬁcicndis
992 5801 1040 5854 iu
1075 5803 1244 5856 ωηιξη.

1943 1909 2064 1950 cum
2106 1909 2290 1950 eorum
2339 1901 2643 1970 temporum
2700 1891 2982 1962 disciplina
3031 1892 3098 1947 de
3140 1891 3334 1964 quibus
3383 1907 3538 1962 qua:-

1941 1983 2101 2039 situm
2127 1983 2387 2052 oportuit.

2012 2098 2212 2154 Verum
2259 2113 2360 2154 nec
2398 2098 2441 2152 si
2465 2097 2805 2168 septennium
2855 2111 2955 2166 pro
2994 2097 3261 2156 minorum
3293 2095 3540 2151 ordinum

1869 2249 1872 2252 ,
1943 2191 2242 2247 interstitiis
2285 2191 2524 2261 parentis
2568 2190 2784 2246 Damasi
2819 2196 3004 2254 ietate,
3028 2190 3096 2244 ab
3129 2187 3365 2244 Ecclesia
3405 2204 3540 2258 pra:-

1943 2283 2191 2338 stitutum
2220 2280 2384 2340 fuisse
2411 2281 2682 2338 Merenda:
2706 2281 2872 2350 gratis
2900 2280 3344 2344 concesserimus,
3368 2281 3540 2350 impc-

1942 2375 2104 2431 ditior
2134 2377 2290 2432 nobis
2326 2376 2410 2431 via
2440 2374 2670 2430 subinde
2700 2374 2878 2440 fuerit,
2908 2382 2968 2429 ut
3003 2373 3255 2438 suoiloco
3278 2373 3537 2428 dicemus.

1943 2467 2154 2524 interea
2183 2484 2312 2525 vero
2339 2468 2602 2539 suspicari
2645 2468 2724 2522 las
2767 2474 2854 2522 est
2907 2467 3196 2536 plurimum
3241 2465 3292 2520 in
3341 2465 3444 2520 bac
3481 2480 3541 2520 re

1942 2560 2077 2630 juris
2099 2561 2367 2630 episcopis
2400 2560 2720 2630 permissum
2751 2558 2932 2621 fuisse,
2978 2564 3037 2611 ut
3071 2556 3232 2626 justis
3259 2555 3326 2611 de
3363 2555 3542 2610 causis

1947 2653 2318 2722 inexspectato
2347 2649 2616 2722 septennii
2646 2650 2820 2720 lapsu,
2863 2662 3241 2718 quemcunque
3286 2645 3544 2702 Ecclesiae

1947 2745 2261 2800 ministeriis
2290 2751 2656 2813 opportunum
2681 2743 2800 2798 fore
2823 2739 3192 2810 providerent,
3225 2737 3290 2790 ad
3318 2736 3542 2791 altiores

1947 2837 2142 2905 gradus
2172 2835 2405 2890 evehere
2434 2841 2677 2904 possent.
2712 2830 2786 2886 Ea
2812 2846 2941 2886 vero
2972 2829 3233 2898 temporis
3261 2826 3558 2894 indulgen-

1951 2927 2023 2982 tia
2068 2935 2126 2981 ut
2167 2926 2402 2980 maxime
2455 2925 2522 2979 iis
2550 2923 2641 2993 qui
2687 2930 2850 2978 actate
2887 2919 3132 2976 nonnihil
3172 2916 3542 2988 provectiorea

1950 3034 2118 3074 sacra:
2145 3019 2348 3072 militia:
2376 3032 2574 3073 nomen
2621 3015 2894 3070 dedissent
2933 3013 3278 3077 tribueretur,
3312 3009 3538 3080 aequitas

1951 3109 2350 3180 quodammodo
2379 3117 2434 3163 et
2473 3106 2734 3162 naturalis
2776 3106 2918 3160 ratio
2957 3102 3185 3161 suadere
3230 3101 3540 3165 videbatur;

1954 3203 2019 3256 iis
2047 3201 2242 3256 etenim
2274 3215 2380 3254 non
2411 3213 2564 3268 usque
2585 3213 2649 3253 ac
2675 3197 2858 3267 pueris
2886 3197 3033 3266 integ
3064 3210 3154 3248 um
3185 3201 3305 3248 erat
3331 3190 3543 3259 longius

1951 3295 2018 3351 ad
2040 3294 2238 3364 gradus
2265 3295 2503 3364 reliquos
2532 3293 2877 3349 interstitium
2905 3289 3206 3362 praestolari
3237 3287 3359 3360 (in).

2026 3385 2286 3455 Exempla
2309 3383 2468 3453 hujus
2495 3384 2708 3454 generis
2732 3381 3130 3437 ordinationum
3169 3379 3222 3433 in
3263 3387 3546 3433 numerato

1953 3478 2214 3533 habemus
2243 3476 2420 3547 plura,
2471 3475 2524 3530 in
2551 3474 2706 3531 Gallo
2735 3474 2948 3530 scilicet
2991 3481 3046 3528 et
3085 3471 3300 3527 Juliano
3339 3486 3369 3526 c
3400 3470 3544 3540 regia

1951 3567 2290 3624 Constantini
2316 3565 2492 3635 Magni
2518 3565 2686 3635 stirpe
2713 3565 2876 3631 ortis,
2923 3565 2976 3618 in
3003 3562 3253 3618 Nectario
3277 3561 3544 3616 Constan-

1953 3661 2329 3730 tinopolitano,
2359 3659 2668 3723 Ambrosio,
2698 3656 2998 3727 Epiphanio
3025 3655 3325 3719 Ticinensi,
3359 3654 3543 3708 Marti-

1952 3768 2022 3805 no
2051 3749 2380 3812 Turonemi,
2434 3731 2736 3804 Gaudentio
2781 3746 3044 3802 Brixiensi
3089 3753 3144 3800 et
3173 3744 3324 3809 aliis;
3355 3743 3450 3798 sed
3477 3757 3542 3800 ea

1955 3844 2234 3898 nounibilo
2286 3852 2465 3897 tamen
2517 3856 2677 3909 quam
2727 3840 2986 3893 vellemus
3039 3837 3342 3892 recentiora
3393 3845 3541 3890 sunt.

1952 3935 2084 3988 Illud
2113 3933 2372 3989 credibile
2391 3931 2568 3995 fuerit,
2591 3931 2677 4000 jus
2698 3929 3028 3986 concedendi
3050 3944 3119 3985 ex
3141 3944 3300 3984 causa
3323 3937 3539 3999 septen-

1953 4027 2025 4081 nii
2057 4026 2122 4080 de
2151 4041 2258 4095 quo
2287 4025 2494 4094 agimus
2523 4024 2732 4079 veniam
2763 4024 2812 4078 in
2843 4023 2925 4079 bis
2951 4023 3040 4095 qui
3072 4022 3340 4094 grauida-vi
3368 4036 3543 4079 accuso

2026 4183 2094 4254 (ρ)
2127 4181 2293 4254 Epist.
2325 4180 2392 4254 ad
2423 4179 3224 4254 illinet-inmTarraconensem.

2026 4250 2094 4325 (ί)
2127 4251 2302 4325 Epist.
2328 4251 2394 4325 ad
2425 4251 2654 4325 Felicem
2690 4250 2884 4306 Nut‘er.

2028 4321 2102 4395 (ᾖ)
2129 4323 2262 4395 Vide
2291 4322 2425 4395 inira
2457 4323 2745 4395 secundam
2780 4332 3026 4375 notarum
3060 4321 3541 4395 buic__disserlatios

1957 4395 2006 4450 ni
2033 4389 2131 4448 sub
2152 4393 2510 4446 addendorum
2541 4392 2760 4446 nomine
2791 4395 3146 4447 adnexarum.
3181 4389 3336 4445 Enn.

2027 4466 2106 4536 (Ii)
2133 4463 2380 4518 Suboluit
2413 4461 3068 4536 fortassisbaicductrina
3093 4461 3160 4536 el.
3191 4460 3323 4536 l_.u_d.
3360 4461 3538 4516 Mura-

1881 4528 1926 4587 υ
1957 4528 2098 4590 torio
2129 4537 2241 4604 qui,
2269 4535 2318 4587 in
2353 4534 2493 4587 notis
2519 4533 2584 4586 ad
2613 4533 2742 4586 illud
2773 4531 2979 4586 Paulini
3026 4531 3214 4604 Nolani
3244 4532 3311 4585 de
3352 4540 3538 4604 sancto

1951 4607 2128 4660 Felice
2147 4601 2394 4674 'tnartyre
2419 4625 2430 4656 :
2467 4604 2654 4674 Primis
2684 4605 2844 4674 lector
2870 4605 3075 4674 servivit
3098 4602 3400 4674 inaunisl
3410 4601 3536 4655 Not.

1948 4676 2074 4740 “238,
2109 4675 2250 4728 It'dit.
2287 4672 2474 4728 Veron.
2502 4673 2656 4735 1736,
2683 4676 2782 4727 col.
2813 4672 2951 4741 955)
2989 4673 3066 4728 sic
3097 4672 3257 4723 habet
3285 4690 3296 4723 :
3329 4673 3468 4726 Olim
3489 4679 3541 4726 et

1948 4747 2194 4816 Cypriani
2219 4763 2343 4802 ωιεο,
2374 4757 2428 4797 ut
2457 4746 2622 4797 videre
2650 4755 2725 4797 est
2752 4745 2804 4796 in
2836 4743 2977 4816 illius
2997 4741 3340 4816 epistolis53,
3372 4741 3469 4816 3i,
3488 4752 3540 4816 et

1946 4812 2210 4870 nonnullis
2241 4817 2378 4876 aliis,
2404 4816 2528 4868 solis
2557 4824 2809 4883 provecta:
2837 4815 3007 4866 (etatis
3029 4812 3317 4865 hominibus
3344 4814 3541 4868 meritis

1946 4898 1996 4939 et
2027 4887 2264 4941 doctrina
2291 4885 2579 4956 insignibus
2608 4885 2811 4956 lectoris
2838 4900 3025 4956 mutuis
3052 4883 3538 4956 demandabatur...

1946 4959 2012 5010 At
2047 4956 2369 5025 postmodum
2397 4951 2482 5008 'ad’
2515 4954 2644 5007 illud
2663 4954 2888 5008 admissi
2917 4963 3035 5007 sunt
3062 4951 3348 5022 impuberes
3379 4964 3427 5008 et
3453 4955 3535 5008 iu-

1970 5039 2092 5081 αιιιῖι
2120 5045 2156 5081 τ.

1947 5029 2238 5165 (alliam.
2271 5096 2353 5158 l0,
2395 5111 2480 5163 ap.
2519 5094 2668 5150 Labb
2694 5137 2706 5161 ,
2740 5104 2870 5149 tom.
2911 5093 2982 5159 ll,
3013 5094 3116 5148 col.
3155 5093 3280 5149 666.

2019 5169 2083 5240 (j)
2113 5167 2388 5240 Artioue}!
2416 5184 2532 5220 ean
2569 5167 2654 5240 ll,
2684 5182 2769 5240 ap.
2808 5165 2996 5240 L_abb.,
3021 5175 3156 5240 toti).
3185 5165 3226 5231 I,
3249 5165 3535 5240 col11585.

2019 5235 2299 5310 (lt-illul".
2324 5237 2780 5310 Deprarﬁcieudis
2833 5237 2886 5290 in
2933 5235 3183 5301 ordinib.,
3216 5252 3302 5308 ap.
3339 5236 3536 5306 Labb.,

1907 5317 1914 5320 ’
1945 5307 2080 5366 tom.
2108 5307 2179 5364 li.
2221 5309 2326 5363 Col.
2363 5307 2485 5360 M7.

2017 5381 2080 5450 (ι)
2133 5380 2412 5434 Pastremo
2469 5379 2520 5432 in
2575 5378 2841 5432 minorum
2908 5377 3167 5434 Ordinum
3220 5381 3538 5436 exercendis

1943 5451 2132 5504 otticiis
2156 5459 2247 5503 aut
2264 5465 2564 5504 NOVENNIL‘M
2585 5457 2679 5502 aut
2697 5464 3035 5505 SEPTBNNWM
3047 5450 3238 5504 saltem
3266 5451 3538 5504 insumere

1943 5521 2148 5585 debuit,
2181 5536 2288 5592 quo
2313 5521 2497 5592 elapso
2529 5528 2772 5592 tempore
2811 5521 2857 5573 si
2884 5521 3007 5592 quis
3033 5535 3092 5574 se
3121 5521 3375 5592 idoneum
3407 5537 3537 5592 pro-

1940 5592 2182 5652 bawrat,
2215 5591 2278 5643 ad
2310 5591 2528 5645 altiores
2558 5589 2754 5653 gradus
2783 5589 2936 5644 evehi
2971 5600 3177 5657 poterat
3220 5589 3535 5657 (hieran-la,

1942 5663 2031 5716 sub
2055 5663 2166 5714 init.
2201 5659 2508 5728 Opuscnlor.
2544 5660 2605 5715 S.
2641 5660 2881 5726 Damasi,
2914 5676 2968 5714 η.
3003 5661 3079 5728 1).

2013 5735 2106 5798 (ιη)
2142 5731 2255 5784 Vit.
2286 5731 2623 5787 Thomassin.
2677 5733 2818 5794 (l'et.
2871 5743 2918 5789 et
2966 5749 3079 5787 nov.
3115 5732 3257 5785 Disr.
3305 5741 3444 5801 part.
3489 5747 3531 5796 t,

1943 5803 2032 5858 lib.
2069 5818 2122 5869 tt,
2156 5818 2272 5872 cap.
2297 5801 2363 5856 36
2396 5819 2446 5856 ιι.
2482 5803 2534 5868 5,
2561 5813 2608 5855 et
2639 5805 2713 5872 ti).

3427 319 3558 399 sua

3587 1317 3601 1356 ὶο
