4014 6368
460 335 566 397 563

1275 332 1596 389 ΑῡΒΕΝυΑ
1640 332 1731 384 ΑΒ
1767 332 2093 397 QL'USDAM
2131 334 2651 392 I’KA'LCEDENTES
2688 335 2937 392 TOMOS.

3652 347 3757 407 56‘

457 460 674 519 serant,
723 451 916 508 saltem
946 450 1051 508 hoc
1077 449 1336 522 temporis
1359 449 1705 509 iuterstitinm
1747 446 2056 517 mitigandi,
2080 450 2124 505 Α
2155 458 2342 516 autem,
2376 450 2572 520 inquit,
2629 453 2683 507 in
2738 453 2959 523 singulis
3000 452 3247 524 gradibus
3284 454 3610 509 observanda
3638 469 3760 512 sunt

455 544 571 614 jam
591 550 703 598 tum
733 542 1001 613 episcopis
1030 556 1060 596 a
1088 541 1275 611 primis
1304 540 1558 597 Ecclesiae
1586 540 1798 595 smculis
1826 552 2047 610 compe—

459 635 629 690 tiisse.
654 631 801 688 Sane
824 632 876 687 in
899 648 965 687 eo
990 647 1151 702 quem
1181 631 1388 705 pridem
1421 631 1754 686 laudavimus
1782 630 2053 699 apostolo-

459 743 579 782 rum
612 740 822 782 canone
860 725 947 791 79,
980 734 1104 796 post
1131 725 1423 780 stabilitam
1451 725 1756 793 generalem
1788 725 2050 793 regulam,

459 836 524 873 ne
550 819 662 891 quis
687 817 893 874 scilicet
917 832 982 871 ea:
1009 816 1114 871 vita
1140 816 1337 886 gentili,
1363 825 1453 869 aut
1482 831 1544 869 ea:
1584 816 1818 885 improba
1855 815 2052 869 vivendi

459 914 664 967 ratione
707 910 777 965 ad
815 909 1008 964 clerum
1058 908 1304 962 accedens
1351 908 1583 973 protinus
1630 909 1896 978 episcopus
1932 908 2048 977 ﬁat,

459 1004 710 1065 subditur
730 1002 985 1059 continuo
1016 1002 1263 1071 exceptio
1291 1001 1392 1055 nisi
1413 1003 1545 1073 forte
1572 1001 1665 1055 hoc
1695 1001 1866 1055 divina
1886 1001 2055 1070 gratia

464 1091 591 1173 ﬁat,
615 1112 720 1169 qua
748 1096 1000 1153 nonnihil
1012 1094 1147 1164 juris
1175 1109 1237 1151 ea
1268 1095 1319 1149 in
1351 1109 1411 1149 re
1440 1094 1708 1164 episcepis
1737 1092 2053 1153 attributum

450 1182 630 1247 'fuisse
659 1188 918 1259 suspicari
950 1186 1027 1241 l'as
1052 1197 1154 1243 est.
1189 1187 1244 1241 ld
1272 1195 1451 1240 tamen
1482 1185 1570 1238 alii
1590 1183 1854 1252 judicent.

535 1279 776 1334 Vidimus
816 1277 1078 1333 hactenus
1106 1284 1268 1331 actate
1296 1276 1459 1331 etiam
1502 1274 1871 1343 provectiorcs
1910 1272 2056 1328 clero

462 1370 681 1436 ascribi,
699 1377 859 1440 atque
876 1370 1013 1424 adeo
1034 1366 1254 1424 lectoris
1276 1365 1498 1435 gradum
1524 1365 1769 1420 obtinere
1794 1363 2052 1434 potuisse.

463 1461 567 1532 (De
595 1460 679 1515 liis
705 1459 931 1526 intelligi
961 1459 1209 1513 volumus
1236 1457 1327 1527 qui
1360 1471 1465 1511 non
1507 1463 1668 1511 antea
1711 1455 2052 1518 militassent,

463 1550 1023 1617 atltnitlistrassentve,
1054 1549 1254 1618 quique
1286 1562 1393 1601 non
1422 1546 1674 1614 curiales,
1709 1546 2056 1615 paenitentes,

462 1642 683 1711 digami,
706 1655 883 1711 neque
931 1641 1064 1697 alias
1104 1654 1201 1709 per
1229 1654 1467 1695 canones
1500 1638 1744 1708 impediti
1788 1638 2057 1711 fuissent.)

462 1732 721 1805 Superest
752 1741 809 1787 ut
838 1731 1171 1801 inquiramus
1199 1744 1266 1784 an
1298 1730 1352 1783 hi
1393 1729 1574 1783 statim
1603 1744 1632 1784 a
1671 1729 1962 1800 baptismo,
1989 1745 2057 1785 an

2156 550 2403 611 tempora.
2439 542 2499 598 Si
2528 544 2592 597 alt
2622 546 2848 617 infantia
2882 545 3262 601 Ecclesiasticis
3306 549 3608 603 ministeriis
3658 560 3757 605 ηοξ

2154 648 2269 685 men
2293 633 2513 700 dederit,
2544 635 2682 690 inter
2709 636 2923 691 lectores
2950 654 3108 709 usque
3142 638 3212 690 ad
3254 638 3555 710 vigesimum
3582 643 3759 697 aetatis

2155 738 2349 776 annum
2384 726 2689 780 continuata
2720 728 3071 782 observatione
3093 729 3372 798 perduret;
3401 731 3447 783 si
3490 733 3667 801 major
3706 741 3760 787 et

2154 815 2463 884 grandtrvus
2489 819 2784 882 accesserit,
2827 836 2914 873 In
2970 836 3149 874 nam
3194 836 3262 875 or
3293 835 3423 875 rosr
3454 837 3759 879 mensuum

2154 920 2349 961 STATIM
2380 922 2442 961 SE
2475 925 2665 964 Dll‘lN£
2696 926 2914 965 νιιιτιε
2959 927 3256 966 υεειθειιετ
3304 928 3587 967 IANCIPABI
3608 956 3623 979 ,
3654 916 3765 970 sire

2154 997 2287 1051 inter
2315 998 2528 1053 lectores
2558 1002 2660 1053 sire
2704 1001 2839 1055 inter
2880 1003 3165 1055 exorcistus
3204 1003 3551 1073 quinquennio
3581 1014 3759 1058 tenea-

2155 1098 2331 1146 tur....
2369 1090 2485 1145 Hac
2514 1101 2683 1147 autem
2705 1096 2815 1164 lege
2845 1104 3070 1160 servata,
3100 1103 3153 1147 ut
3185 1112 3348 1164 neque
3377 1095 3641 1167 bigamus,
3667 1113 3763 1152 ne-

2157 1197 2252 1249 que
2275 1182 2440 1236 vidua:
2466 1185 2685 1237 maritus
2715 1183 2784 1236 ad
2813 1183 2902 1237 hos
2925 1185 3120 1255 gradus
3157 1186 3321 1253 possit
3356 1186 3584 1240 admitti.
3736 1237 3743 1253 ,
3784 1256 3787 1257 ν

2229 1272 2324 1329 Hic
2349 1275 2574 1343 primum
2602 1277 2831 1331 observo
2878 1277 3126 1331 Siricium
3176 1276 3562 1348 Zosimumque
3616 1274 3819 1334 circa”

2157 1379 2253 1420 eos
2280 1367 2371 1435 qui
2398 1380 2426 1419 a
2455 1368 2633 1436 pueris
2658 1366 2915 1422 Ecclesia:
2934 1382 2993 1422 se
3015 1368 3349 1422 devoverunt
3377 1369 3510 1423 nihil
3538 1369 3762 1439 penitus

2159 1456 2227 1512 de
2256 1458 2538 1514 intervallo
2566 1458 2707 1528 quod
2734 1474 2764 1513 a
2796 1458 3063 1529 baptismo
3115 1458 3184 1512 ad
3235 1458 3549 1514 clericatum
3580 1460 3761 1514 inter-

2160 1547 2354 1603 cedere
2382 1547 2637 1603 Merenda
2678 1550 2867 1610 voluit.
2918 1558 3081 1620 atque
3107 1551 3189 1605 his
3230 1552 3577 1621 pontiﬁcibus
3601 1552 3761 1605 altri.

2161 1636 2296 1704 buit,
2330 1640 2670 1707 meminisse;
2705 1642 2791 1696 ubi
2821 1655 2951 1697 vero
2981 1645 3045 1696 ad
3078 1657 3172 1696 eos
3195 1651 3428 1713 pergunt
3455 1644 3550 1712 qui
3575 1643 3759 1699 adulta

2158 1725 2270 1795 jam
2293 1738 2451 1783 mlate
2472 1729 2619 1785 clero
2646 1732 2839 1787 ascribi
2876 1731 3201 1797 desiderant,
3234 1733 3487 1789 Siricitun
3518 1733 3758 1789 disertis-

464 1825 648 1896 potius
674 1840 741 1880 ex
762 1823 1042 1879 intervallo
1071 1823 1222 1892 quasi
1248 1823 1579 1891 probationis
1608 1838 1735 1889 sum,
1762 1838 1925 1878 sacra:
1953 1823 2053 1878 mi-
2090 1819 2132 1878 Β
2162 1817 2312 1873 simis
2341 1818 2520 1873 verbis
2550 1836 2608 1875 eo
2636 1838 2735 1891 quo
2764 1822 3093 1892 baptizantur
3124 1833 3367 1894 tempore,
3396 1828 3574 1879 statim
3600 1826 3756 1880 lecto.

463 1917 593 1972 litim
624 1918 676 1972 in
706 1915 886 1983 aliquo
915 1914 1084 1982 gradu
1108 1913 1526 1969 ascriberentur.
1558 1912 1809 1968 Merenda
1839 1914 1915 1984 (a)
1941 1919 2066 1984 post

464 2010 725 2079 injectam
754 2006 1144 2072 dillicultatetn,
1167 2015 1226 2061 ut
1256 2006 1470 2061 Damasi
1496 2021 1691 2077 parens
1721 2021 1891 2061 novus
1916 2020 2064 2076 pror-

465 2116 559 2156 sus
576 2102 900 2169 ignotusque
928 2098 1091 2154 homo
1120 2112 1315 2153 nomen
1344 2096 1602 2154 Ecclesiae
1617 2097 1856 2153 dedisset
1879 2098 2063 2154 statim

466 2207 531 2247 ac
562 2192 789 2246 Romam
827 2190 1006 2256 venit,
1065 2189 1413 2260 notariusque
1444 2205 1475 2244 c
1514 2188 1743 2258 vestigio
1798 2199 1852 2243 et
1893 2188 2064 2245 lector

468 2284 704 2339 basilicae
726 2284 897 2339 sancti
927 2282 1199 2338 Laurentii
1226 2291 1443 2338 creatus
1465 2282 1674 2351 fuisset,
1701 2282 1820 2352 ejus
1839 2281 2063 2339 difﬁcul-

469 2376 597 2433 tatis
622 2391 811 2431 causas
840 2391 1137 2445 exponens,
1168 2376 1401 2431 alienum
1442 2375 1494 2429 id
1523 2390 1642 2430 esse
1667 2376 1743 2430 ait
1770 2376 1840 2431 ab
1873 2392 2060 2431 eorum

470 2475 777 2537 temporum
800 2466 1077 2536 disciplina
1101 2484 1112 2518 :
1132 2464 1273 2519 Nam
1298 2468 1463 2535 primo
1489 2467 1761 2535 baptizari,
1794 2483 1856 2519 ac
1876 2466 2062 2521 deinde

473 2557 647 2629 aliquo
675 2557 917 2627 temporis
942 2557 1214 2610 intervallo
1238 2557 1444 2627 probari
1464 2556 1636 2609 debuit
1664 2556 1917 2628 dignusne
1929 2566 2061 2612 esset

473 2649 561 2719 qui
582 2648 718 2703 clero
742 2646 1102 2702 ascriberetur.

544 2738 657 2793 Hoc
678 2737 904 2793 utnobis
928 2737 1423 2807 persuadeattertio
1439 2739 1505 2794 ad
1529 2738 2057 2805 Siricii,lnnocentii,

458 2840 538 2886 ‘ac
588 2829 790 2887 Zosimi
832 2829 1088 2898 epistolas
1131 2840 1401 2900 provocat
1445 2832 1544 2902 (ὁ).
1580 2832 1774 2887 Verum
1815 2849 1922 2887 non
1969 2833 2058 2889 hic

458 2922 574 2991 jam
605 2937 726 2977 cum
757 2936 825 2977 eo
853 2921 920 2977 de
957 2923 1422 2991 paraehronismo,
1451 2923 1545 2977 sed
1575 2925 1642 2977 de
1670 2923 2058 2979 enuntiationis

468 3013 702 3071 veritate
730 3012 1016 3081 agendum,
1048 3027 1171 3067 cum
1202 3015 1540 3083 apertissime
1566 3014 1792 3071 Siricius
1820 3023 1874 3070 ct
1905 3014 2058 3070 Zosi-

467 3117 588 3157 mus
615 3103 679 3157 iis
720 3102 849 3171 ipsis
891 3118 1011 3173 qua:
1033 3119 1063 3156 a
1092 3102 1344 3165 Merenda
1369 3104 1670 3173 allegantur
1696 3104 1848 3168 locis,
1873 3103 2056 3159 forsan

2168 1925 2281 1963 rum
2312 1919 2401 1964 aut
2447 1912 2820 1967 exorcistarum
2849 1930 3063 1969 numero
3112 1916 3386 1971 sociandos
3427 1916 3759 1983 decernere,

2168 1999 2437 2062 Zosimum
2467 2018 2595 2059 vero
2615 2004 2982 2074 quinquennio
3011 2006 3150 2061 inter
3191 2007 3423 2063 lectores
3461 2023 3560 2062 seu
3600 2024 3754 2062 exor-

2164 2093 2325 2148 cistas
2354 2093 2714 2159 retinendum,
2764 2098 2856 2166 qui
2908 2098 3227 2167 grandzevus
3256 2099 3322 2153 ad
3368 2099 3575 2155 clerum
3601 2115 3755 2155 acce-

2165 2184 2301 2240 dens
2349 2187 2525 2240 statim
2582 2204 2613 2240 a
2659 2188 2913 2259 baptismo
2966 2207 3130 2245 sacra:
3175 2209 3228 2245 se
3269 2192 3473 2246 militia:
3510 2194 3757 2247 desideret

2165 2280 2486 2345 mancipari;
2533 2289 2591 2334 ut
2616 2281 2843 2351 proinde
2870 2298 2938 2337 ex
2966 2284 3144 2339 verbis
3174 2282 3372 2339 Zosimi
3398 2285 3668 2353 integrum
3696 2286 3756 2339 sit

2164 2369 2229 2425 iis
2257 2370 2350 2440 qui
2370 2371 2635 2438 grandaevi
2666 2386 2835 2426 sacra:
2865 2372 3067 2427 militia:
3102 2373 3443 2438 addicuntur,
3470 2374 3637 2428 modo
3666 2388 3741 2428 re

2164 2464 2285 2532 lint,
2313 2464 2492 2519 statim
2538 2480 2567 2519 a
2600 2465 2867 2536 baptismo
2912 2465 3209 2521 lectoratus
3258 2475 3351 2520 aut
3398 2466 3755 2521 exorcistatns

2162 2555 2413 2628 gradibus
2436 2557 2628 2612 initiari
2660 2559 2752 2629 (ε).
2779 2556 2912 2625 Quae
2936 2573 3066 2613 sane
3112 2558 3159 2613 si
3198 2558 3320 2628 quis
3347 2574 3473 2613 cum
3494 2556 3751 2612 Merenda

2163 2648 2406 2706 doctrina
2445 2650 2751 2716 contulerit,
2799 2652 2995 2707 nedum
3039 2651 3216 2706 aliena
3246 2659 3338 2705 aut
3364 2666 3555 2722 parum
3586 2651 3749 2706 colue-

2162 2740 2353 2812 rentja,
2386 2740 2481 2796 sed
2510 2740 2823 2811 planissime
2851 2741 3122 2797 contraria
3160 2740 3544 2810 deprehendet.

2234 2829 2409 2887 Unum
2441 2833 2491 2887 ci
2522 2834 2783 2904 reliquum
2816 2842 2897 2888 est
2928 2834 2995 2887 ad
3025 2833 3394 2889 innocentium
3421 2831 3753 2903 confugium.

2160 2926 2248 2997 qui
2283 2927 2332 2979 in
2357 2925 2580 2996 epistola
2607 2926 2672 2981 ad
2695 2926 2924 2982 Felicem
2956 2926 3334 2992 Nucerianutn,
3366 2928 3468 2983 sub
3498 2927 3656 2982 titulo
3686 2926 3749 2981 De

2160 3019 2241 3073 his
2262 3018 2345 3089 qui
2373 3018 2437 3071 de
2466 3018 2613 3071 luitis
2661 3028 2877 3088 possunt
2921 3018 3092 3071 clerici
3122 3018 3255 3087 fieri,
3287 3018 3401 3073 hate
3427 3018 3617 3074 scribit
3743 3037 3747 3040 ’

2159 3107 2307 3163 Laici
2366 3124 2481 3163 vero
2536 3110 2621 3180 qui
2679 3109 2922 3162 habentes
2966 3126 3153 3164 uxores
3198 3110 3445 3179 baptizati
3496 3119 3645 3175 sunt,
3700 3127 3748 3162 at

470 3196 634 3247 etiam
665 3200 717 3247 et
747 3192 1109 3258 Innocentius,
1138 3194 1188 3247 in
1215 3194 1318 3247 alia
1350 3210 1570 3264 prorsus
1599 3195 1778 3250 omnia
1803 3196 2052 3251 abierint.
2083 3199 2128 3261 C
2161 3201 2235 3252 sic
2262 3216 2318 3253 se
2343 3200 2690 3255 instituerunt.
2717 3207 2771 3251 ut
2794 3200 2969 3270 Opinio
2993 3217 3177 3254 eorum
3200 3202 3251 3254 in
3276 3202 3418 3256 nullo
3450 3204 3673 3267 vacillet,
3702 3220 3752 3255 ab

472 3281 724 3338 Sistimus
750 3280 926 3336 Siricii
958 3282 1120 3336 verba
1146 3282 1254 3353 (c):
1282 3282 1581 3356 Quicunque
1603 3286 1775 3354 itaque
1802 3302 1855 3340 se
1877 3285 2060 3341 Eccle-

452 3377 565 3434 ’δίας
584 3377 713 3431 vovit
736 3376 988 3447 obsequiis
1009 3395 1042 3430 ιι
1068 3394 1160 3431 sua
1189 3379 1415 3448 infantia
1439 3388 1561 3433 ante
1588 3378 1871 3450 pubertatis
1894 3396 2059 3437 annos

475 3468 728 3539 baptizari
757 3479 806 3524 et
834 3471 1081 3525 lectorum
1107 3469 1252 3525 debet
1290 3471 1578 3526 ministerio
1616 3472 1827 3527 sociari.
1857 3472 2060 3527 Deinde

451 3562 652 3631 'capite
672 3562 916 3631 sequenti
946 3563 1152 3631 pergit:
1176 3560 1275 3626 Qui
1301 3578 1417 3617 vero
1435 3564 1551 3633 jam
1573 3571 1726 3618 celate
1755 3563 2060 3635 grandcvus

473 3653 703 3707 melioris
730 3654 979 3723 propositi
1008 3654 1393 3711 conversatione
1417 3665 1720 3723 provocatus
1752 3671 1817 3708 ea:
1840 3655 1971 3710 laico
1993 3659 2061 3710 ad

470 3759 677 3797 sacram
706 3744 941 3798 militiam
966 3746 1225 3814 pervenire
1266 3747 1494 3815 festinat,
1519 3761 1781 3801 ncswsmt
1811 3762 1891 3801 sm
1926 3765 2059 3804 rav-

472 3849 614 3888 CTUM
639 3850 745 3889 NON
774 3850 971 3889 ALITER
1001 3850 1313 3901 οητικεῦιτ,
1354 3850 1455 3889 NlSl
1485 3852 1550 3891 ΕΟ
1599 3850 1701 3899 QUO
1731 3851 2060 3893 BAPTIZATUB

474 3943 721 3982 TEIPORE
745 3943 939 3982 STATIM
966 3944 1248 3985 ιεϐτοιιωί
1271 3944 1375 3983 Αυτ
1408 3945 1815 3985 EXORCISTARUI
1844 3945 2061 3984 κυκειιο

472 4033 768 4083 socrnron;
818 4020 861 4072 si
903 4026 1075 4073 tamen
1113 4037 1227 4074 euut
1272 4037 1429 4075 unam
1476 4021 1714 4077 habuisse
1758 4025 1834 4078 vel
1876 4023 2062 4078 habere

477 4107 656 4176 (quod
685 4106 906 4162 verbum
938 4116 1123 4163 notare
1153 4111 1435 4179 oportet),
1470 4121 1518 4164 et
1548 4112 1679 4165 lianc
1706 4114 1951 4183 virginem
1972 4129 2061 4167 ac-

440 4232 443 4233 ν
474 4199 687 4266 cepisse,
724 4206 918 4253 constet
946 4215 1179 4254 uxorem.
1223 4200 1347 4265 Haec
1385 4204 1438 4255 in
1469 4202 1690 4272 prml‘ata
1719 4206 1948 4275 epistola
1977 4207 2061 4261 Si-

474 4292 654 4347 ricius.

547 4383 790 4438 Zosimus
811 4399 941 4439 vero
966 4385 1014 4438 in
1047 4399 1109 4440 ea
1132 4400 1292 4453 quam
1336 4386 1402 4440 ad
1434 4386 1755 4457 licsycbium
1784 4388 2057 4445 Salonita-

474 4490 598 4529 num
622 4477 858 4546 scripsit,
888 4492 994 4531 non
1026 4477 1250 4532 multum
1277 4478 1343 4532 ab
1392 4479 1473 4535 his
1494 4480 1750 4535 abludens
1775 4480 1853 4553 (d)
1883 4500 1895 4535 :
1930 4481 2059 4536 "(re

544 4648 621 4719 (η)
656 4647 770 4719 Sub
800 4649 915 4703 init.
945 4650 1254 4719 opuscular.
1285 4655 1455 4708 sancti
1488 4654 1722 4719 Damasi,
1756 4672 1898 4709 num.
1934 4656 1984 4713 L

545 4718 618 4795 to)
652 4717 858 4795 Laudat
885 4717 1133 4795 hocnloco
1156 4722 1435 4795 Merenda,
1459 4736 1621 4795 atque
1646 4717 1799 4779 all'ett
1828 4745 1922 4795 pro
1956 4728 2056 4780 Im-

474 4789 554 4858 iue
586 4790 844 4864 doctrinm
882 4790 1287 4864 continuatione
1331 4789 1504 4848 Siricii
1533 4789 1838 4864 'episto'am'
1869 4798 1933 4851 ad
1965 4796 2057 4853 Hi-

476 4862 723 4934 meriurn,
759 4862 1037 4934 annuli;
1069 4862 1364 4934 Innocentii
1390 4871 1451 4918 al
1482 4862 1712 4919 Felicem
1740 4866 2054 4934 Nuceriam,

475 4947 594 4998 cap.
628 4930 687 5004 5_.
729 4939 784 5004 et
813 4930 1009 5004 Zosimi
1041 4935 1105 4985 ad
1140 4933 1459 5003 llesydtium
1489 4936 1743 5004 SalnnIt.,
1773 4954 1893 4992 cat».
1927 4938 1979 4991 5.

547 5004 618 5068 (c)
652 5000 815 5071 Epist.
849 5003 913 5053 ad
954 5002 1152 5057 Ilitncr.
1190 5000 1575 5067 Tarraconem,
1606 5008 1705 5060 sub
1730 5000 1898 5061 titulis
1932 5026 1944 5060 :
1978 5008 2056 5062 De

476 5070 807 5145 admittendis
833 5072 899 5124 (ιιι
925 5075 1174 5127 clerumet
1197 5079 1259 5127 tle
1281 5077 1360 5127 his
1380 5080 1460 5145 qui
1479 5078 1740 5145 grant/atri
1762 5078 1832 5130 ad
1853 5096 2057 5132 sacrant

478 5140 715 5213 militum
746 5154 1123 5213 convertuntur,
1174 5162 1293 5213 cap.
1322 5140 1497 5209 9,710:
1524 5146 1787 5205 Numerus
1816 5150 1955 5202 enim
1990 5150 2057 5202 14

479 5210 637 5276 nujus
683 5212 923 5280 epistolis
967 5216 1055 5281 qui
1103 5232 1133 5268 θ
1184 5210 1430 5270 Merenda
1463 5217 1678 5281 vitatur,
1714 5218 1764 5271 in
1813 5218 2057 5275 Etlitione

478 5298 507 5357 c
531 5282 822 5357 uicinorum
844 5282 1137 5357 Aliabbeana
1184 5285 1383 5357 lli-nexa
1427 5287 1591 5353 17,28,
1615 5304 1717 5357 qua
1748 5290 1824 5343 nsi
1850 5306 2065 5357 sumus,

478 5352 958 5425 utepwnitentibus
986 5364 1086 5418 est,
1120 5372 1224 5409 non
1248 5356 1313 5409 de
1340 5352 1737 5425 prontovrtnlis.

554 5420 632 5490 (tl)
664 5421 818 5475 Nunt.
843 5424 896 5486 5,
923 5433 1052 5479 tom.
1083 5425 1145 5479 Ill
1167 5467 1181 5489 ,
1222 5420 1479 5481 col.'ltlltl.
1514 5428 1772 5484 Numerus
1798 5431 1938 5484 enim
1962 5432 1994 5487 5
2024 5450 2052 5486 a

482 5489 728 5545 Meri-nlla
753 5493 995 5547 laudatus
1026 5497 1094 5549 ibi
1124 5498 1298 5551 nullus
1320 5508 1427 5561 cst;
1457 5500 1550 5551 sed
1581 5500 1631 5552 in
1661 5501 1817 5553 tertio
1838 5504 2030 5556 desin't

556 5562 627 5630 (e)
658 5561 735 5615 An
764 5571 819 5615 ct
857 5564 975 5618 sine
1010 5566 1188 5621 ol'ticio
1233 5579 1326 5622 aut
1354 5570 1539 5622 ordino
1585 5570 1832 5626 Ecclesiae
1862 5573 2052 5628 εμενὼί

480 5634 600 5712 quis
618 5642 812 5713 lpivsset
841 5636 1105 5713 prioribus
1127 5640 1364 5713 quinque
1391 5641 1625 5713 sarculis.
1643 5640 1772 5695 Vide
1796 5637 2054 5713 Thomas-

480 5704 626 5784 sint
644 5700 785 5784 Part.
818 5720 853 5769 ι,
887 5705 978 5759 lib.
1010 5723 1065 5771 ιι,
1096 5700 1230 5784 cap,
1257 5700 1346 5784 Si,
1372 5726 1401 5762 a
1429 5726 1575 5764 num.
1599 5710 1675 5778 2),
1715 5712 1806 5784 qui
1834 5714 2052 5769 omnino

486 5772 538 5824 id
590 5774 909 5853 lieri__possc
960 5772 1433 5853 regali-Videam;
1480 5772 1670 5835 tamen
1714 5772 1800 5837 llic
1841 5793 2053 5853 auctor,-

484 5852 624 5920 part.
655 5861 690 5911 ι,
725 5845 810 5900 lib.
842 5863 895 5914 tt,
929 5863 1046 5918 cap.
1080 5850 1166 5919 (i7,
1205 5864 1349 5904 num.
1378 5850 1428 5902 ‘2.

2087 4566 2137 4627 D

2162 3299 2250 3344 aut
2282 3291 2481 3343 clericis
2494 3291 2662 3361 juncti
2691 3291 2814 3355 sint,
2848 3300 2935 3343 aut
2974 3292 3321 3357 monasteriis,
3351 3308 3415 3345 ex
3439 3308 3545 3355 quo
3575 3308 3742 3346 Μυτι-

2163 3397 2285 3435 zu!
2314 3395 2447 3435 svnr
2485 3380 2820 3436 ha'serint....
2850 3398 2954 3436 non
2981 3381 3314 3451 prohibentur
3364 3382 3663 3453 hujusmodi
3693 3400 3751 3435 ao

2162 3472 2432 3525 clericatus
2454 3480 2645 3526 sortem
2668 3474 2881 3527 assumi.
2928 3471 3010 3528 Ex
3056 3473 3139 3529 his
3177 3474 3376 3529 etenim
3406 3474 3537 3529 illud
3565 3476 3750 3530 eontic

2161 3563 2393 3629 videtur,
2425 3563 2497 3616 ita
2526 3562 2740 3617 demum
2783 3563 2949 3618 laicos
2970 3563 3062 3634 qui
3102 3578 3300 3619 uxores
3328 3564 3637 3628 habuerint,
3668 3574 3753 3617 aut

2160 3652 2380 3717 habent,
2426 3654 2505 3709 l‘as
2532 3668 2651 3708 esse
2702 3654 2755 3709 in
2775 3655 2976 3710 clerum
3025 3655 3253 3721 admitti,
3287 3655 3331 3710 si
3376 3664 3500 3725 post
3548 3654 3753 3725 lapsura

2162 3744 2422 3813 temporis
2467 3759 2531 3798 ex
2583 3760 2692 3813 quo
2741 3746 2994 3816 baptizati
3023 3744 3170 3803 fuere
3200 3747 3399 3817 probos
3434 3761 3558 3803 sese
3585 3746 3750 3802 conti-

2161 3846 2459 3906 nentesque
2481 3838 2842 3893 exbibuerint.

2234 3930 2428 3984 Verum
2457 3947 2579 3985 cum
2610 3931 2968 4000 prmallegata)
2995 3946 3024 3985 a
3056 3930 3210 3986 nobis
3264 3930 3442 3986 Siricii
3472 3939 3529 3986 et
3559 3930 3750 3985 Zosimi

2159 4022 2461 4078 decretales
2478 4025 2828 4080 disertissime
2850 4023 3013 4078 etiam
3043 4022 3113 4078 de
3153 4023 3301 4079 laicis
3322 4033 3460 4088 actu,
3494 4030 3557 4076 ut
3583 4023 3753 4086 aiunt,

2161 4130 2359 4171 uxores
2408 4116 2728 4172 habentibus
2779 4116 3066 4185 loquantur
3120 4116 3407 4186 (consulto
3472 4118 3749 4187 utriusque

2159 4205 2429 4273 pontiﬁcis
2452 4207 2615 4261 verba
2643 4221 2675 4261 e
2713 4205 2931 4273 regione
2953 4206 3359 4276 collocavimus)
3409 4206 3517 4278 (q);
3551 4222 3749 4275 eosque

2160 4295 2380 4351 Siricius
2421 4296 2602 4350 statim
2650 4312 2679 4350 a
2722 4296 2989 4367 baptismo
3036 4295 3182 4350 clero
3237 4297 3587 4351 ascribendos
3635 4312 3745 4353 esse

2156 4390 2374 4458 jubeat;
2407 4390 2657 4444 Zosimus
2680 4406 2833 4457 vero,
2858 4391 2903 4445 si
2934 4390 3120 4457 velint,
3150 4390 3202 4445 id
3230 4393 3282 4445 in
3310 4407 3498 4446 eorum
3526 4392 3752 4445 arbitrio

2160 4490 2215 4535 et
2258 4489 2524 4550 potestate
2565 4481 2830 4551 relinquat
2858 4481 2933 4551 (lt)
2963 4499 2986 4550 ;⁵
3036 4491 3294 4552 prmterea
3336 4499 3456 4537 cum
3506 4483 3746 4552 digamos

2235 4660 2309 4727 (ι’)
2341 4658 2471 4717 Cao.
2492 4658 2549 4725 4,
2578 4666 2708 4711 tom.
2744 4657 2984 4721 lll,Co‘l.
3019 4656 3207 4727 Labb.,
3234 4656 3337 4711 col.
3370 4654 3460 4727 2|.

2234 4730 2313 4799 (g)
2339 4730 2587 4793 Sirit-ius,
2616 4729 2733 4782 loco
2759 4730 2922 4783 citato
2949 4746 2961 4779 :
2987 4746 3006 4779 ι
3044 4726 3120 4781 Eo
3150 4742 3257 4799 quo
3286 4726 3593 4793 baptizatur
3616 4735 3745 4781 tem-

2162 4797 2297 4867 pore
2319 4801 2498 4854 statim
2540 4801 2802 4853 lectorum
2845 4807 2939 4851 aut
2967 4797 3353 4851 exorcistarum
3397 4812 3621 4852 numero
3662 4813 3744 4852 so-

2161 4873 2351 4934 cietur,
2386 4871 2428 4923 si
2489 4882 2666 4923 tamen
2715 4885 2834 4922 eum
2866 4885 3023 4921 unam
3061 4868 3301 4921 habuisse
3338 4869 3413 4920 vel
3461 4867 3669 4931 habere,
3693 4876 3747 4921 et

2161 4942 2298 4996 hanc
2320 4941 2576 5010 virginem
2604 4941 2903 5008 acet-pisse.
2934 4946 3145 4993 c--nstet
3172 4953 3418 5010 uxorem.
3449 4955 3466 4987 ι
3502 4934 3745 5010 lusimus

2159 5028 2376 5081 quoque
2407 5007 2425 5062 Ξ
2460 5030 2477 5061 t
2518 5012 2641 5062 l’ost
2670 5007 2990 5081 baptismum
3021 5010 3202 5063 Statim
3229 5023 3287 5081 se
3314 5007 3507 5061 divina:
3547 5008 3748 5061 militia:

2159 5078 2430 5136 desideret
2480 5080 2838 5147 mancipari...
2875 5078 2975 5132 hac
3009 5087 3186 5132 tamen
3232 5078 3351 5146 lege
3400 5087 3635 5138 servata.
3692 5091 3744 5130 ut

2160 5170 2317 5223 neque
2341 5153 2590 5221 bignmns,
2622 5167 2780 5220 neque
2799 5151 3071 5223 paenitens,
3085 5166 3259 5223 neque
3292 5148 3455 5223 vidua?
3476 5150 3694 5202 maritus
3721 5168 3738 5199 ι

2159 5218 2354 5283 δύἰωε
2386 5218 2577 5289 gradus
2606 5218 2777 5290 pttfsit
2799 5220 3026 5274 admitti.
3057 5218 3152 5273 Ubi
3184 5219 3501 5290 notandum,
3524 5236 3631 5272 non
3662 5234 3744 5273 re-

2160 5294 2283 5364 pelli
2316 5294 2562 5364 maritum
2604 5289 2721 5359 ejus
2746 5307 2865 5359 qua:
2896 5292 3228 5364 \‘lt‘gtt‘till‘Cla
3269 5289 3386 5341 fuit.

2231 5366 2307 5429 (h)
2342 5363 2467 5415 Eam
2514 5362 2689 5421 Sll'it‘li
2742 5372 2983 5428 tempore
3029 5360 3281 5417 Ecclesia:
3328 5375 3428 5413 usu
3470 5369 3740 5427 receptam

2158 5435 2457 5488 doctrinam
2494 5432 2649 5486 fuisse
2677 5435 2910 5485 ostendit
2940 5430 3345 5494 Tbontassimv,
3385 5446 3437 5500 p.
3468 5446 3515 5495 ι,
3551 5432 3643 5485 Ιὼ.
3674 5448 3736 5493 ιι,

2157 5520 2273 5572 cap.
2304 5504 2390 5565 li-‘l,
2423 5519 2474 5555 n.
2510 5503 2593 5564 ll,
2628 5502 2715 5565 ubi
2757 5512 2810 5554 et
2850 5504 3110 5555 rationem
3161 5503 3333 5555 reitdit
3360 5517 3456 5556 cur
3497 5505 3679 5572 statim
3709 5518 3736 5554 a

2156 5571 2422 5642 bapti-mo
2449 5573 2641 5629 initiari
2670 5572 2946 5634 deberent,
2976 5573 3066 5640 qui
3093 5572 3204 5637 jam
3237 5573 3429 5625 maturi
3456 5572 3525 5623 ad
3552 5571 3736 5626 Eccle-

2154 5646 2287 5698 siam
2320 5643 2665 5705 accedebant,
2717 5644 2921 5699 scilicet
2957 5659 3020 5705 ne
3045 5642 3249 5696 interim
3276 5645 3503 5711 irrepere
3531 5645 3585 5695 in
3626 5643 3735 5695 ani—

2155 5732 2291 5767 munt
2324 5724 2528 5782 possent
2570 5714 2792 5767 ludibria
2816 5712 3141 5768 srrcularium
3169 5729 3473 5782 pomparum
3501 5721 3551 5765 et
3591 5714 3734 5766 calce

2153 5793 2283 5837 stent
2315 5782 2553 5857 baptismi
2600 5784 2944 5840 innocentiam
2977 5784 3153 5857 aliqua
3178 5783 3507 5855 turpitudinis
3533 5782 3739 5851 macula

2153 5865 2525 5910 contaminare.
