4014 6368
254 326 379 387 56⁸5

1113 336 1561 396 DlSSERTATIO
1598 338 1686 395 DE
1724 338 2005 398 DAMASO
2044 341 2132 398 ET
2171 342 2588 401 LAURENTIO.

3444 349 3557 405 566

256 452 500 512 tantum,
533 454 625 500 aut
652 446 721 502 ab
750 448 867 503 aliis
892 449 1222 518 relictarum,
1253 450 1544 520 itidemque
1568 466 1675 506 non
1700 451 1861 520 virgi-
1886 454 1939 514 Δ
1964 452 2047 508 bis
2073 462 2174 510 est.
2208 454 2389 517 Primo
2416 464 2596 511 autem
2623 455 2866 512 omnium
2906 455 3031 513 loco
3067 464 3368 517 statuamus
3409 459 3563 525 Lau—

254 553 397 593 nnm
450 539 695 606 maritos,
750 542 935 597 altaris
988 542 1284 598 ministerio
1330 558 1427 614 per
1475 544 1862 600 ecclesiasticas

255 631 415 700 leges
447 634 751 700 prohibitos
778 650 899 691 esse
928 638 1179 703 sciamus,
1212 638 1433 694 minime
1471 654 1600 694 vero
1629 638 1721 708 qui
1750 638 1860 694 vir-

254 721 423 790 gines
442 723 747 791 duxerunt;
778 728 1005 797 hosque,
1052 735 1305 783 manente
1344 730 1506 783 etiam
1536 728 1860 783 sacramenti

256 812 505 874 vinculo.
535 824 877 884 sequestrato
908 827 1085 874 tamen
1119 819 1217 891 (uti
1243 835 1480 875 canones
1506 820 1677 890 aiunt)
1706 820 1860 876 cubi-

253 904 413 972 culo,
446 905 513 961 ad
572 908 776 964 clerum
809 910 950 965 illico
997 911 1203 965 admitti
1234 926 1412 983 posse,
1437 926 1556 975 ,ceu
1587 929 1653 967 ex
1706 912 1860 966 innu-

254 1001 433 1055 meris
474 1001 591 1067 ejus
642 1004 742 1057 aevi
793 1004 1141 1060 conciliorum
1171 1006 1401 1061 decretis
1424 1005 1497 1077 (α)
1526 1005 1861 1076 apertissime

255 1089 469 1159 liquet;
494 1091 791 1148 Innocentii
821 1094 1023 1150 idcirco
1052 1098 1240 1162 verba,
1262 1097 1413 1164 queis
1443 1095 1694 1151 Merenda
1724 1096 1859 1151 inui-

256 1182 422 1251 titur,
467 1186 751 1241 consilium
803 1196 1009 1241 tantum
1047 1188 1325 1243 continere
1380 1188 1446 1243 de
1501 1188 1860 1258 praestantiori

254 1276 432 1343 liono,
463 1276 685 1333 minime
712 1294 842 1332 vero
885 1279 1155 1334 interstitii
1196 1294 1226 1333 a
1272 1278 1536 1349 baptismo
1563 1279 1857 1335 necessita-

254 1374 371 1420 tem
397 1367 654 1423 inducere
675 1369 942 1424 credenda
972 1377 1122 1431 sunt;
1156 1377 1318 1437 atque
1366 1370 1470 1425 hoc
1515 1378 1674 1441 pacto
1701 1369 1858 1439 bujus

253 1458 535 1527 pontificis
580 1459 880 1515 doctrinam
926 1477 1045 1515 cum
1098 1460 1292 1515 Siricio
1321 1470 1375 1517 et
1419 1461 1633 1516 Zosimo
1670 1462 1857 1517 conci—

254 1550 519 1606 liandam.
552 1551 845 1622 Pergamus
874 1570 985 1608 rem
1016 1553 1366 1609 illustriorem
1394 1553 1639 1609 reddere.

248 1724 255 1731 ,
327 1665 690 1723 Consuluerat
716 1668 1087 1725 Innocentium
1140 1668 1291 1723 Felix
1338 1684 1501 1739 super
1535 1668 1852 1739 quibusdam

253 1758 403 1815 adeo
425 1760 742 1829 exploratis,
763 1770 824 1816 nt
849 1762 900 1816 in
925 1761 1166 1832 epistola:
1194 1741 1545 1817 limine-dicat
1572 1759 1811 1831 pontifex
1837 1780 1848 1813 :

252 1850 552 1921 Stupuisse,
582 1852 883 1922 prudentem
922 1854 1084 1907 virum
1112 1852 1175 1905 de
1208 1852 1285 1905 Iris
1316 1852 1535 1907 voluisse
1561 1850 1848 1913 consulere,

250 1958 371 2010 quae
398 1943 631 1997 omnibus
686 1952 807 1997 sunt
853 1952 994 1997 certa
1044 1944 1247 1997 ratione
1286 1951 1580 2013 comperta;
1613 1958 1776 2013 neque
1802 1942 1851 1997 ei

249 2033 408 2102 quasi
428 2034 712 2105 ignoranti,
746 2034 839 2089 sed
863 2035 1013 2106 quasi
1054 2036 1107 2089 in
1150 2036 1269 2089 aliis
1305 2043 1553 2105 occupato
1575 2044 1664 2087 aut
1692 2033 1849 2090 oblito

250 2127 592 2195 respondere.
618 2126 764 2182 inter
792 2127 896 2182 alia
926 2126 995 2182 de
1034 2127 1184 2183 laicis
1228 2126 1475 2183 absolute
1520 2127 1845 2198 quaesierat:

250 2213 542 2270 Passentne
562 2218 617 2271 in
644 2218 837 2272 clerum
879 2217 1105 2274 admitti.
1136 2217 1337 2274 Deinde
1361 2218 1427 2273 de
1453 2217 1534 2272 his
1569 2219 1726 2274 etiam
1762 2219 1847 2291 qui

251 2321 439 2363 tum
478 2308 723 2363 habentes
765 2308 1011 2378 baptizati
1049 2320 1187 2366 sunt.
1238 2308 1425 2365 Prodit
1448 2324 1509 2366 se
1531 2309 1673 2366 illico
1695 2309 1847 2366 Felix

250 2400 678 2469 superciliosum,
707 2402 1015 2472 ansterique
1054 2401 1253 2474 ingenii
1304 2402 1501 2470 virum,
1546 2416 1723 2473 neque
1744 2402 1845 2458 ad-

250 2488 471 2545 modum
495 2491 789 2560 proclivem
837 2501 897 2547 ut
937 2492 1124 2559 laicos,
1178 2493 1475 2563 praesertim
1504 2500 1762 2549 uxoratos
1791 2493 1846 2549 in

251 2576 454 2634 :lerum
502 2579 786 2650 reciperet.
819 2580 916 2637 Cui
939 2582 1180 2653 pontifex
1208 2582 1277 2638 ad
1306 2584 1538 2653 primum
1560 2584 1843 2653 quaesitum

250 2669 531 2741 respondit
565 2690 577 2723 :
610 2671 729 2727 Non
759 2672 824 2727 de
852 2674 1087 2728 omnibus
1112 2674 1259 2729 (uicis
1279 2677 1613 2729 constitutum
1644 2692 1755 2731 esse
1778 2691 1843 2732 ne

250 2762 392 2816 :lero
440 2764 629 2817 ascribi
677 2767 898 2834 possint,
926 2766 1162 2823 subdens
1209 2783 1318 2823 non
1364 2768 1483 2824 sine
1510 2770 1839 2824 stomacho:

248 2852 429 2925 Neque
471 2858 661 2911 etenim
700 2859 878 2913 clerici
906 2862 1071 2924 nasci,
1124 2868 1174 2914 et
1216 2877 1319 2915 non
1348 2862 1465 2931 ﬁeri
1495 2870 1730 2933 possunt.
1760 2861 1842 2916 Ad

249 2942 539 2999 iecundum
589 2956 807 3003 autem:
840 2946 949 3003 Eos
996 2967 1192 3023 quoque
1225 2953 1311 3023 qui
1360 2967 1549 3008 uxores
1596 2951 1841 3008 habentes

246 3038 491 3107 vaptizati
532 3038 725 3109 fuerint
764 3040 821 3093 in
861 3041 1055 3095 clerum
1106 3042 1263 3112 recipi
1310 3058 1462 3109 posse
1483 3081 1500 3107 ,
1552 3043 1839 3113 prasertim

254 3125 380 3181 haec
419 3127 562 3181 enim
620 3128 889 3197 pontificis
941 3145 1094 3187 mens
1142 3130 1251 3202 est)
1276 3133 1322 3185 si
1367 3146 1432 3185 ea;
1461 3148 1558 3202 quo
1587 3130 1838 3202 baptizati

1963 546 2195 599 rentium
2222 546 2437 602 levitam
2484 554 2541 602 et
2581 555 2873 619 martyrem
2916 547 3324 605 invictissimum
3374 551 3570 631 (cujus-

1961 636 2029 692 de
2063 637 2233 706 patria
2262 639 2314 693 in
2336 639 2571 695 secunda
2617 639 2776 709 huius
2815 640 2995 712 operis
3033 644 3188 712 p'arte
3225 656 3293 698 ex
3322 658 3442 699 asse
3468 645 3561 700 in:

1960 725 2211 781 stituetnr
2255 729 2593 799 sermo)sub
2640 728 2927 785 Valeriano
2971 730 3328 802 imperatore,
3374 732 3557 790 Tusco

1960 822 2016 869 et
2062 815 2225 873 Basso
2274 833 2439 885 coss.,
2491 818 2691 876 Christi
2729 821 2935 877 scilicet
2982 837 3126 877 anno
3175 822 3303 890 958,
3332 826 3549 895 passm]
3593 826 3599 843 ⁵

1963 903 2120 960 fuisse
2158 906 2275 978 (ι),
2333 907 2460 964 licet
2511 910 2644 964 Acta
2690 919 2746 965 et
2784 910 3165 982 Martyrologia
3210 915 3408 982 passim
3434 914 3550 970 ‘De-

1960 993 2028 1049 cii
2075 998 2509 1066 persecutionem
2571 1000 2907 1071 praeferant,
2960 1005 3104 1074 quod
3155 1007 3428 1061 nonnullis
3474 1007 3546 1077 (c)

1962 1084 2179 1154 placere
2216 1087 2395 1143 video.
2452 1088 2665 1146 Utravis
2716 1100 2894 1147 tamen
2942 1092 3131 1147 harum
3160 1094 3344 1164 opinio
3370 1098 3547 1151 verior

1960 1175 2139 1245 fuerit,
2170 1178 2313 1248 quod
2344 1188 2528 1234 nostra
2578 1181 2708 1237 nihil
2740 1183 2943 1239 interea
2977 1183 3165 1252 refert,
3197 1185 3324 1240 iHud
3352 1186 3546 1242 certis-

1958 1268 2151 1324 simum
2183 1279 2287 1338 est,
2318 1271 2363 1325 si
2392 1271 2567 1326 minus
2595 1272 2803 1329 Damasi
2847 1274 3014 1329 nostri
3057 1283 3326 1345 parentes,
3379 1276 3545 1347 ipsius

1959 1361 2028 1416 ab
2056 1370 2282 1432 utraque
2318 1363 2489 1433 stirpe
2533 1365 3037 1424 avos.Laurentium
3083 1367 3287 1437 Optime
3338 1382 3544 1437 cogno-

1958 1471 2111 1511 scere
2136 1471 2234 1527 per
2259 1465 2472 1512 aetatem
2502 1458 2762 1527 potuisse,
2818 1474 3049 1529 cumque
3077 1475 3143 1514 eo
3182 1460 3405 1526 versari,
3436 1461 3543 1515 imo
3604 1532 3607 1537 _

1958 1556 2012 1602 et
2033 1546 2370 1607 familiariter
2396 1549 2495 1617 uti,
2524 1549 2570 1604 si
2617 1549 2803 1618 patriae
2849 1547 3031 1605 forsan
3079 1550 3406 1613 communio.
3452 1564 3543 1606 aut

1957 1654 2113 1695 casus
2137 1640 2280 1711 ipsos
2300 1640 2494 1696 alicubi
2517 1642 2904 1710 coniunxisset.

2027 1731 2237 1787 Vellem
2258 1732 2507 1801 equidem
2537 1732 2726 1791 liceret
2753 1733 2881 1786 mihi
2904 1747 3002 1803 per
3027 1731 3401 1798 Blanchinum,
3431 1733 3543 1789 Me-

1883 1820 1931 1880 B
1958 1814 2202 1891 rendam,
2246 1824 2566 1892 Victorinm,
2594 1825 2877 1892 Acamum,
2907 1832 2962 1881 et
2992 1826 3037 1880 si
3066 1826 3157 1896 qui
3184 1834 3309 1881 sunt
3335 1826 3426 1881 alii
3449 1829 3543 1895 qui

1953 1914 2299 1971 Laurentium
2322 1916 2495 1987 patria
2524 1915 2825 1971 Romanum
2846 1914 3011 1973 fuisse
3026 1926 3291 1986 asserant,
3317 1919 3541 1974 sanctis-

1951 2006 2145 2063 simum
2176 2008 2392 2062 levitam
2433 2006 2705 2077 Hispania:
2732 2015 2929 2063 nostrm
2961 2009 3223 2079 tantisper
3249 2009 3539 2077 ascribere,

1951 2095 2077 2151 dum
2107 2096 2268 2165 quale
2293 2104 2666 2167 quantumque
2694 2104 2821 2153 tunc
2846 2097 3169 2153 nostratium
3200 2111 3326 2167 erga
3365 2098 3540 2169 ipsum

1949 2187 2207 2254 studium,
2254 2187 2535 2257 qualisque
2588 2188 2769 2259 tepido
2831 2188 3008 2245 adhuc
3060 2189 3246 2261 inclyti
3289 2191 3542 2261 martyris

1949 2293 2145 2335 cruore
2190 2278 2510 2349 populorum
2549 2279 2722 2350 pietas
2750 2279 2931 2347 fuerit,
2971 2295 3039 2335 ex
3083 2280 3273 2351 patria:
3321 2296 3540 2353 quoque

1949 2370 2333 2426 communione
2362 2369 2618 2439 coniicio.
2652 2370 2848 2429 Verum
2879 2370 2969 2427 ubi
2992 2371 3133 2428 hanc
3160 2372 3372 2427 veniam
3399 2386 3542 2444 aegre

1948 2464 2017 2520 ab
2070 2464 2200 2535 ipsis
2246 2465 2640 2536 impetrandam
2690 2481 2814 2523 esse
2862 2465 3272 2533 animadverto,
3324 2467 3541 2524 insitam

1947 2554 2251 2626 Hispaniae
2304 2557 2449 2626 genti
2488 2557 2833 2626 religionem,
2886 2559 3227 2614 oblirmatam
3280 2559 3539 2616 adversus

1946 2655 2190 2704 extrema
2241 2662 2468 2717 quaeque
2519 2647 2916 2715 constantiam,
2958 2658 3254 2720 martyrum
3306 2649 3539 2719 denique

1945 2746 2003 2794 et
2044 2736 2414 2794 confessorum
2461 2736 2663 2794 Christi
2700 2738 2814 2808 jam
2847 2746 2960 2793 tum
3004 2739 3058 2793 in
3087 2754 3152 2794 ea
3181 2738 3402 2809 regione
3440 2754 3535 2796 co-

1944 2828 2107 2899 piam,
2156 2827 2316 2898 hujus
2368 2830 2571 2884 interea
2618 2829 2945 2899 conjecturae
2973 2831 3181 2899 praedes
3205 2831 3359 2885 sisto.
3391 2829 3537 2887 Sane

1944 2918 2119 2976 levitte
2146 2918 2464 2975 sanctissimi
2492 2919 2810 2975 memoriam
2863 2935 3127 2991 nusquam
3174 2920 3416 2999 locorum
3449 2923 3533 2979 in-

1943 3015 2247 3086 corruptius
2275 3030 2378 3071 nec
2402 3014 2726 3071 luculentius
2754 3030 2916 3085 quam
2968 3015 3022 3071 in
3065 3014 3320 3085 Hispania
3347 3024 3535 3072 nostra
3569 3086 3575 3092 μ

1941 3114 2315 3162 conservatam
2360 3103 2543 3170 fuisse,
2590 3112 2862 3173 superstes
2903 3103 3079 3159 adhuc
3103 3103 3534 3172 elegantissimus

257 3227 379 3283 unt,
408 3218 483 3272 ita
508 3236 564 3273 se
584 3189 937 3285 instituerunt,
965 3231 1022 3275 ut
1050 3223 1105 3276 in
1126 3189 1268 3277 nullo
1298 3189 1500 3277 vacillet
1527 3189 1698 3280 carent
1721 3225 1837 3295 opi-
1865 3189 1913 3253 ϐ
1944 3196 2217 3295 Ρηξδθηιίί
2261 3196 2511 3295 ῙΨΠΨΠεδ
2567 3209 2745 3295 Pal“?
2775 3193 2933 3295 {onge
2959 3195 3027 3249 ab
3054 3194 3157 3250 illis
3199 3194 3532 3295 MWPQFibuS

246 3309 326 3363 tio
353 3325 371 3374 ;
400 3309 553 3379 quasi
583 3309 810 3379 diceret,
863 3326 971 3367 non
1010 3312 1397 3383 prohibendos,
1427 3313 1513 3368 vel
1534 3312 1767 3369 maxime
1794 3313 1840 3369 si

247 3399 390 3454 .ales
436 3394 575 3455 sint.
604 3400 734 3458 llaec
775 3412 956 3458 autem
1006 3403 1289 3460 consilium
1333 3404 1514 3475 potius
1562 3405 1840 3461 continere

248 3504 400 3559 [nam
466 3490 850 3547 necessitatem
906 3492 1161 3549 inducere
1208 3493 1384 3563 palam
1433 3500 1533 3549 est.
1579 3492 1680 3549 Vel
1728 3492 1838 3549 dici

248 3579 554 3650 .impliciter
590 3589 771 3651 potest
815 3581 1010 3639 Felicis
1068 3583 1522 3639 consultationem
1550 3584 1837 3654 particula-

258 3685 352 3724 em
381 3669 544 3725 fuisse
584 3669 654 3725 de
704 3671 1023 3741 quibusdam
1052 3673 1291 3729 uxoratis
1310 3712 1327 3739 ,
1357 3675 1449 3745 qui
1477 3673 1658 3746 aliquo
1687 3684 1837 3745 post-

248 3778 400 3831 guam
426 3764 679 3834 haptizati
728 3764 939 3820 fuerant
962 3774 1204 3836 tempore
1237 3767 1616 3838 tunc'primum
1641 3766 1709 3822 ad
1736 3766 1838 3823 Ec-

248 3854 458 3909 :lesiam
502 3856 739 3912 animum
784 3857 1117 3927 adjecerunt,
1172 3866 1234 3913 ut
1261 3858 1487 3929 proinde
1512 3859 1834 3929 rescriptum

251 3946 388 4013 llud,
420 3947 641 4003 minime
668 3965 798 4006 vero
827 3951 1215 4016 constitutum,
1268 3951 1384 4006 sive
1428 3950 1515 4005 lex
1567 3951 1837 4020 generalis

248 4037 503 4092 :redenda
534 4039 622 4093 sit.
659 4038 875 4095 Utrovis
922 4048 1104 4095 autem
1154 4039 1318 4096 modo
1346 4054 1435 4096 res
1460 4039 1677 4104 habeat,
1705 4038 1835 4095 illud

248 4140 473 4197 :onstat,
504 4147 603 4187 nec
625 4133 669 4188 si
692 4132 893 4198 Siricii,
922 4132 1241 4198 Innocentii,
1269 4146 1333 4187 ac
1360 4130 1560 4187 Zosimi
1590 4143 1833 4202 tempora

252 4237 361 4275 'llm
384 4230 542 4277 (etate
563 4223 803 4293 parentis
823 4222 1035 4278 Damasi
1057 4230 1436 4293 congruerent,
1469 4238 1606 4293 opus
1624 4223 1673 4279 ei
1694 4223 1830 4290 fore,

245 4323 333 4368 aut
360 4316 563 4387 u5piam
604 4314 790 4385 fuisse,
830 4325 890 4370 ut
944 4330 1011 4370 ex
1049 4314 1331 4370 intervallo
1360 4331 1391 4369 a
1434 4315 1701 4385 baptismo
1753 4314 1833 4369 di-

244 4424 446 4481 gnusne
468 4420 611 4465 esset
635 4409 1138 4481 probaretur,quod
1168 4417 1347 4464 tamen
1378 4406 1644 4463 Merendae
1675 4406 1827 4473 falsa,

244 4510 305 4554 ιιι
330 4499 583 4568 arbitror,
615 4501 969 4573 persuasione
989 4500 1163 4555 visum
1186 4499 1306 4555 fuit.
1329 4498 1436 4556 Sed
1480 4497 1550 4555 de
1589 4497 1671 4553 his
1709 4498 1830 4569 plus

244 4593 394 4648 satis.
586 4578 587 4581 “

312 4707 468 4761 Νυηο
496 4706 567 4763 ab
604 4704 862 4762 Ecclesia:
887 4704 1168 4776 disciplina
1196 4703 1263 4759 ad
1290 4704 1567 4771 historica,
1616 4704 1725 4760 imo
1773 4705 1841 4759 ad

243 4796 602 4867 conjecturas,
650 4796 765 4852 sive
811 4798 884 4858 εἰς
948 4798 1013 4852 τὰ
1049 4798 1283 4863 meme,
1318 4794 1705 4851 transeundum
1744 4810 1837 4851 no-

316 4976 394 5051 (re)
452 4975 570 5031 Vid.
627 4976 696 5051 cl.
742 4981 1060 5051 nostratem
1113 4970 1273 5025 Ferd.
1324 4966 1661 5051 higndo‘zium
1721 4968 1841 5051 {De

243 5038 447 5102 Co‘nlir.
498 5047 693 5102 concil.
742 5044 1013 5111 Eliberit_.,
1044 5057 1254 5111 ,cauou.
1336 5038 1842 5111 35._etbprzecipue

244 5125 519 5171 vetustum
561 5115 775 5171 concilii
823 5108 1389 5169 NicmniVaticannm
1430 5108 1707 5178 Codicem,
1738 5108 1834 5178 ap.

219 5187 527 5261 λυοηευιη
553 5187 812 5261 Pisam.
835 5184 1014 5261 (“bro
1148 5182 1379 5261 ςιςκθςιεε
1428 5177 1838 5261 deferet???)

244 5259 313 5310 ah
338 5256 528 5311 eodem
570 5249 854 5311 lllendozio
887 5255 1111 5309 relatum
1142 5254 1160 5323 (
1189 5251 1350 5323 Ibid.,
1382 5249 1483 5323 col.
1538 5249 1696 5323 1231i,
1729 5250 1834 5323 litt.

244 5326 331 5402 D)
364 5326 436 5381 ibi
468 5346 480 5379 :
516 5327 823 5402 Statuerunt
864 5324 1085 5402 igitur_(
1118 5318 1332 5402 concilii
1380 5319 1579 5402 Nicaeni
1625 5318 1836 5402 Patres)

246 5390 322 5450 de'
338 5413 396 5451 eo
422 5397 558 5463 quod
576 5413 679 5450 non
710 5390 908 5466 oportet
934 5390 1145 5449 clericos
1177 5393 1314 5466 sacri
1344 5390 1569 5459 ordinis,
1596 5393 1702 5445 sive
1729 5392 1839 5459 epi-

248 5483 450 5534 scopos,
474 5468 577 5520 sive
606 5464 1009 5537 hypodiaconos,
1040 5466 1142 5519 sive
1168 5464 1393 5531 aliquem
1417 5477 1481 5515 ea:
1510 5478 1658 5515 sacro
1688 5468 1837 5513 cata.

247 5538 387 5607 loga,
428 5548 664 5592 DOBMIRB
703 5552 810 5592 εωι
841 5550 1098 5593 υςοιιιυυε
1124 5550 1254 5598 QUAS
1282 5547 1457 5587 ADllUC
1498 5547 1635 5587 LAICI
1664 5546 1836 5586 DUXE-

247 5618 800 5760 ἰλῗῦἰξιξῗῖῑοιιαηςι
836 5677 929 5748 (ad
958 5676 1092 5731 diem
1119 5674 1185 5755 l0_
1209 5675 1424 5755 Attqttsl.
1451 5671 1480 5797 ξ
1506 5670 1719 5739 4,ηηηι.
1745 5670 1835 5740 se)

250 5756 304 5797 et
334 5747 611 5797 Blanchin.
643 5753 920 5797 Semel-em
953 5750 969 5797 l
999 5746 1065 5797 In
1121 5745 1243 5797 Vita
1273 5731 1411 5797 Sum
1487 5740 1537 5797 Ι.
1588 5753 1712 5796 tam.
1747 5738 1833 5797 ΙΙ.

250 5731 920 5871 ριβιςὶἓὲἱέιξίιιζὲέώοτὲιη
953 5750 971 5820 (
998 5746 1065 5802 In
1121 5745 1243 5801 Vita
1273 5731 1412 5799 ἑξετιί
1451 5731 1559 5799 lt.’
1588 5753 1712 5796 tom.
1747 5731 1833 5808 u’,

253 5834 366 5871 nua.
535 5858 548 5871 .

285 5834 366 5873 aa.
398 5834 548 5873 ΖΖΟ).

252 5829 366 5887 pag.
398 5819 548 5889 225).
1645 5882 1654 5892 ⁸

321 5891 392 5954 (ε)
422 5888 523 5959 Ap.
556 5889 753 5947 Baron.
785 5890 806 5962 (
834 5890 899 5945 In
943 5896 1050 5946 not.
1079 5884 1403 5959 Hartyrolog
1433 5924 1447 5952 ,
1480 5882 1548 5937 ad
1601 5881 1735 5936 diem
1771 5880 1835 5937 l0

1939 3292 2195 3361 scriptus,
2225 3289 2465 3355 evincit;
2493 3288 2580 3344 cui
2610 3287 2836 3358 proinde
2860 3294 3066 3341 tantum
3086 3286 3424 3343 auctoritatis
3442 3296 3529 3340 at—

1940 3382 2199 3438 tributum
2229 3380 2350 3450 fuit,
2392 3388 2454 3436 ut
2480 3380 2534 3435 in
2559 3378 2827 3449 frequenti
2873 3378 3211 3434 sincerarum
3258 3376 3533 3433 Laurentii

1939 3473 2198 3530 Actorum
2226 3469 2529 3542 naufragio,
2572 3485 2711 3526 unus
2738 3468 2899 3525 hodie
2927 3468 3083 3524 nobis
3110 3482 3299 3524 eorum
3347 3467 3529 3524 locum

1936 3564 2220 3635 vicemque
2247 3561 2326 3635 (ά)
2357 3561 2595 3633 expleat.

2008 3678 2069 3734 In
2096 3692 2160 3735 ea
2189 3677 2351 3748 igitur
2378 3674 2654 3731 Laurentii
2704 3672 2937 3729 nominis
2974 3686 3072 3742 per
3099 3671 3413 3742 Hispaniam
3442 3685 3531 3727 ce-

1937 3771 2207 3835 lebritate,
2254 3767 2594 3839 paradoxum
2623 3780 2732 3820 non
2778 3764 2939 3819 luerit
2984 3762 3197 3817 Damasi
3238 3762 3407 3817 nostri
3436 3776 3531 3831 pa-

1936 3873 2118 3923 rentes
2145 3863 2235 3933 pio
2291 3862 2346 3916 in
2385 3858 2781 3914 sanctissimum
2831 3855 3048 3911 levitam
3093 3852 3272 3908 studio
3309 3852 3524 3915 ductos,

1937 3959 2120 4014 forsan
2159 3955 2323 4011 etiam
2362 3952 2475 4008 voti
2513 3950 2775 4020 religione
2821 3946 3126 4011 obstrictos,
3178 3955 3273 3999 aut
3317 3943 3422 3999 alia
3458 3944 3528 3999 de

1938 4063 2133 4112 causa,
2180 4059 2341 4116 quam
2380 4042 2620 4098 divinare
2680 4038 2835 4094 facile
2882 4052 2990 4092 non
3036 4044 3150 4101 est,
3196 4034 3531 4106 impuberem

1938 4142 2223 4215 (tingamus
2262 4132 2684 4204 duodecennem)
2735 4132 2920 4198 tilium,
2969 4130 3035 4185 ad
3079 4128 3295 4200 pietatis
3347 4126 3525 4184 ofﬁcia

1934 4241 2129 4305 suopte
2151 4231 2364 4300 ingenio
2384 4227 2780 4300 paratissimum
2802 4226 2918 4295 ejus
2938 4223 3100 4278 cultui
3130 4222 3431 4288 dedicasse,
3464 4229 3521 4274 ut

1938 4327 2123 4383 Romae
2165 4325 2233 4380 ad
2281 4337 2436 4379 sacra
2460 4320 2665 4376 scilicet
2703 4318 2867 4388 ipsius
2895 4317 3099 4386 lipsana
3127 4313 3423 4367 ministerio
3451 4312 3532 4366 al-

1936 4419 2069 4476 taris
2116 4416 2433 4478 inserviens,
2481 4413 2737 4479 claroque
2780 4404 3165 4475 mancipaudus
3194 4402 3528 4458 ecclesiasti-

1934 4526 2061 4568 cum
2109 4508 2342 4565 stadium
2389 4502 2676 4559 inchoaret
2722 4498 3144 4564 conﬁceretqne.
3202 4491 3389 4546 Nullus
3418 4491 3531 4560 jam

1865 4579 1914 4641 θ
1942 4614 2054 4659 tum
2082 4602 2181 4659 sub
2204 4596 2560 4655 Constantino
2586 4591 3024 4665 persecutionum
3053 4593 3256 4646 metus;
3284 4583 3528 4638 Ecclesia

1943 4697 2174 4753 triennio
2205 4701 2332 4748 ante
2358 4706 2548 4762 pacem
2578 4688 2771 4757 adepta
2801 4698 2994 4739 novam
3027 4680 3216 4735 faciem
3250 4679 3528 4745 induerat;

1944 4798 2059 4848 tuta
2119 4787 2354 4857 denique
2414 4790 2571 4840 erant
2634 4777 3030 4850 tranquillaque
3098 4771 3301 4828 omnia.
3358 4768 3531 4827 Porro

2012 5041 2092 5111 (tl)
2126 5041 2447 5091 Theodoric.
2485 5041 2725 5083 ﬂumart.
2774 5041 2933 5089 mna
2983 5041 3202 5085 martyr.
3244 5041 3465 5097 sincera,
3498 5041 3532 5069 «ι

1940 5129 2063 5184 ρας.
2102 5106 2224 5184 4.6.2.
2268 5084 3533 5184 εάεεηιίενριι-,ετῖευιελτι]ξρὲξξι,ξιεὲίιῑρξ.1ιξν
3600 5114 3606 5121 η

1940 5162 2062 5237 nidi;
2103 5162 2326 5251 (An'not.
2376 5170 2478 5225 105
2523 5162 2858 5251 ἱρΊέξὺςιιιιηι-
2894 5162 3201 5251 Qrationlum
3253 5162 3527 5251 (inti-emas:

1945 5228 2358 5310 liithsﬁothici,
2386 5260 2507 5312 pug.
2536 5238 2664 5315 285)
2695 5238 2808 5315 hate
2844 5235 3006 5288 habet
3034 5228 3531 5315 _:JQuamlo_quidem

2331 5297 2480 5384 vulgo,
2505 5297 2959 5391 circumferuntur,
2999 5303 3180 5391 vitiata
3210 5297 3349 5383 sunt,
3383 5297 3525 5391 Lua:

1940 5375 2092 5447 rentii
2130 5375 2384 5459 passionis
2415 5375 2655 5436 notitiam
2699 5375 2912 5459 aliunde
2952 5383 3179 5459 repetere
3220 5375 3526 5459 visunthest.

1941 5462 2025 5517 Ea:
2050 5446 2221 5516 multis
2252 5464 2421 5510 autem
2448 5460 2740 5506 sanctorum
2776 5446 2989 5520 Patrum
3018 5455 3067 5497 et
3094 5452 3192 5520 vet.
3214 5446 3530 5520 scriptormit

1940 5511 2196 5602 Epignmi
2225 5542 2338 5602 qua:
2363 5528 2425 5579 de
2452 5524 2563 5594 ejus
2610 5517 2905 5602 ρεαιὶεεεὶηιξ³
2936 5514 3181 5602 inprimis
3207 5511 3445 5602 laudibus
3480 5517 3531 5562 et

1940 5584 2178 5674 passione
2205 5584 2398 5674 scripta
2430 5584 2912 5674 sunttjtqntnum
2947 5584 3065 5674 libri
3103 5587 3223 5666 περὶ
3252 5584 3528 5674 Eripiam-3:;

1939 5646 2397 5730 SEJ'EiE'étiibiiis,
2421 5646 2938 5739 Aureliil’rudentii,
2963 5646 3263 5739 selegimus.
3276 5646 3446 5739 gift!“

1941 5726 2045 5799 tata
2066 5726 2236 5795 rerum
2257 5726 2514 5809 gestarum
2534 5734 2692 5789 series
2718 5731 2857 5787 clare
2888 5740 2937 5789 et
2958 5726 3181 5782 dilucide
3212 5726 3530 5776 continenter

1939 5821 2245 5886 experiatur.

2126 5031 2447 5091 Theodoric.
2482 5028 2725 5083 Ruinart.
2774 5024 2933 5089 (Arta
2983 5026 3202 5091 martyr.
3244 5017 3467 5091 sincera3
3498 5031 3532 5069 α
