4014 6368
470 383 573 438 557

1273 377 1590 433 ΑΟἮΞΝΟᾹ
1633 377 1719 430 Al)
1760 376 2080 444 QCOSDMI
2130 374 2647 431 PILECEDENTES
2688 374 2934 429 TOMUS.

3649 377 3753 434 568

469 497 724 567 llispania
748 495 971 566 pariebat
1013 492 1287 553 Romanis,
1338 507 1510 561 eoque
1554 490 1920 558 proconsules,
1954 489 2053 542 im-
2085 494 2124 550 Α
2157 489 2324 545 cuivis
2352 491 2638 559 conjicere.
2673 489 2747 544 Ea
2778 506 2907 544 vero
2939 499 2998 543 ut
3045 489 3143 559 ipsi
3174 490 3260 544 vcl
3283 489 3350 545 de
3394 491 3611 560 integro
3649 492 3761 548 llo-

469 597 769 661 peratores,
822 588 1081 655 legiones,
1138 586 1493 651 militarisque
1547 583 1597 635 in
1650 581 1765 635 dies
1806 581 2051 650 praesidia

472 681 841 741 mittebantur,
874 677 1102 745 indeque
1126 674 1363 737 reducta,
1393 688 1457 726 ne
1480 688 1572 740 per
1593 672 1759 724 otium
1781 680 2055 739 torpesce-

470 783 555 829 ret
583 774 759 839 miles,
788 771 1010 826 Romam
1043 770 1270 837 denique
1295 767 1551 822 confectis
1580 765 1858 834 stipendiis
1889 763 2052 817 remi-

470 865 714 936 grabant.
751 862 919 917 Erant
968 862 1058 931 qui
1115 860 1408 914 honoribus
1458 858 1693 911 defuncti
1743 858 1807 910 al
1838 857 2056 926 propria

470 956 727 1015 redirent.
760 964 953 1024 praeter
983 968 1075 1008 eos
1114 968 1248 1019 quos
1292 949 1595 1004 divitiarum
1644 965 1793 1002 arnor
1824 948 1873 1001 in
1922 964 2055 1016 opu-

472 1043 827 1103 lentissimam
852 1043 1124 1111 regionem
1154 1041 1435 1109 impulerat
1464 1058 1476 1104 ;
1506 1049 1562 1093 ut
1584 1039 1881 1109 proindein
1908 1047 2054 1092 tanta

471 1138 615 1192 ultro
643 1138 887 1204 citroque
927 1133 1341 1189 commeantium
1376 1131 1671 1200 frequentia
1706 1131 1956 1184 credibile
1986 1132 2056 1186 sit

471 1226 849 1283 inveniendum
873 1224 985 1279 fore
1010 1240 1075 1283 ex
1099 1224 1309 1289 amicis,
1362 1223 1499 1277 forte
1527 1224 1686 1276 etiam
1719 1238 1783 1276 ex
1809 1238 2056 1278 necessa-

469 1322 584 1386 riis,
614 1320 697 1374 cui
726 1319 934 1379 Damasi
966 1326 1218 1388 parentes
1246 1326 1361 1370 tuto
1391 1327 1551 1385 atque
1577 1317 1801 1370 honeste
1830 1331 2053 1386 puerum

469 1413 695 1468 Bonnam
726 1411 1109 1480 asportandum
1134 1418 1187 1463 et
1215 1409 1266 1461 in
1300 1407 1656 1461 Laurentiana
1700 1408 1914 1462 basilica
1944 1408 2049 1462 col-

470 1504 751 1559 locandum
783 1501 1193 1557 concrederent.

538 1613 591 1667 ld
630 1613 759 1667 mihi
808 1623 958 1667 tanto
1012 1614 1368 1679 verosimilius
1424 1612 1649 1677 videtur,
1704 1623 1905 1681 quanto
1946 1628 2053 1667 non

466 1705 624 1773 longe
674 1704 741 1757 ab
786 1702 850 1757 iis
895 1703 1245 1771 temporibus,
1287 1702 1509 1771 ipsaque
1557 1701 1799 1755 fortassis
1839 1700 2052 1755 Damasi

465 1801 641 1858 actate,
670 1794 956 1850 illustrium
989 1810 1083 1863 per
1110 1792 1417 1863 Hispaniam
1457 1795 1695 1847 virorum
1725 1793 1919 1847 liberos
1947 1792 2053 1847 cla-

466 1885 676 1940 rissimo
699 1885 898 1939 Christi
929 1886 1149 1955 martyri
1180 1886 1417 1939 votivum
1448 1900 1639 1938 munus
1666 1884 1840 1937 offerri
1870 1882 2058 1937 solitos
2089 1861 2132 1920 Β

467 1976 650 2039 fuisse,
686 1977 802 2045 ipse
840 1992 938 2030 nos
970 1976 1279 2039 l’rudentii,
1316 1992 1477 2045 quem
1506 1976 1665 2029 modo
1703 1974 2051 2037 laudavimus,

467 2070 702 2137 hymnus
727 2068 940 2123 abunde
961 2067 1139 2123 docet.
1166 2067 1453 2135 Postquam
1483 2068 1680 2121 etenim
1712 2074 1871 2135 poeta
1903 2080 2057 2121 sacer

467 2159 739 2211 Laurentii
773 2159 1074 2227 passionem
1105 2159 1495 2226 elegantissime
1524 2157 1825 2228 descripsit,
1852 2156 2053 2211 indica-

469 2258 621 2302 turus
641 2258 898 2317 quantum
926 2263 990 2303 ex
1014 2264 1076 2303 ea
1105 2250 1286 2316 gloria:
1312 2249 1644 2311 Christianis,
1673 2248 1898 2303 ethnicis
1926 2262 2054 2302 vero

468 2339 753 2395 dedecoris
779 2340 1114 2405 accessisset,
1148 2341 1359 2395 deserta
1390 2355 1609 2411 prorsus
1630 2340 1801 2408 inquit
1830 2339 2054 2393 deorum

470 2430 701 2498 templa;
731 2438 843 2484 tum
875 2430 1135 2498 flamines,
1170 2432 1419 2496 vestales,
1456 2446 1684 2499 augures
1712 2439 1766 2483 et
1799 2431 2054 2499 quidquid

470 2521 523 2579 in
556 2520 684 2575 urbe
713 2521 1293 2591 superstitiosissimum
1334 2530 1480 2586 erat,
1520 2529 1833 2574 sanctorum
1862 2519 2055 2574 exinde

470 2622 808 2681 martyrum,
864 2611 1139 2681 ipsiusque
1189 2610 1505 2677 Laurentii,
1559 2610 1742 2665 limina
1821 2610 2053 2663 invisere

468 2711 629 2770 atque
667 2704 969 2758 exosculari
1020 2704 1238 2758 minime
1272 2702 1620 2779 dedignatos;
1666 2718 1767 2757 nec
1802 2710 2053 2772 parentes

468 2793 742 2861 sanguinis
791 2794 871 2848 sui
919 2792 1187 2862 parciores
1238 2792 1424 2857 fuisse,
1476 2806 1585 2860 quo
1633 2792 1807 2848 minus
1857 2794 2053 2849 liberos

468 2883 787 2939 sanctissimi
816 2884 1066 2953 martyris
1110 2882 1371 2952 obsequio
1419 2881 1728 2939 dcdicarent
1761 2898 2048 2941 consecra-

469 2982 716 3044 rentque.
743 2974 996 3033 Sistimus
1012 2974 1283 3037 Prudentii
1314 2973 1489 3028 locum
1516 2972 1625 3046 (u):

901 3109 1130 3156 Videmus
1154 3109 1366 3158 illustres
1388 3110 1555 3157 domos

903 3170 1039 3217 Sexti
1068 3183 1124 3217 ex
1154 3181 1363 3230 utroque
1391 3171 1577 3221 nobiles

900 3230 992 3278 Olli
1013 3244 1093 3278 rre
1117 3232 1238 3283 vctis
1262 3235 1464 3290 pignora

902 3292 1021 3340 Char
1043 3295 1294 3341 ssirnorum
1317 3293 1541 3342 liberum.

473 3416 556 3476 Ex
579 3419 743 3471 verbo
773 3425 949 3474 autem
977 3418 1201 3479 videmus
1220 3462 1233 3485 ,
1266 3428 1314 3473 et
1347 3418 1490 3487 quod
1520 3417 1653 3472 alias
1696 3418 1951 3489 hymnum
1990 3419 2059 3475 de

472 3520 579 3573 quo
600 3504 870 3574 loquimur
890 3505 942 3559 in
966 3504 1216 3574 llispania
1241 3507 1598 3576 compositum
1631 3505 1791 3562 fuisse
1820 3515 2056 3577 constet,

474 3597 655 3668 quidni
686 3606 911 3654 tractum
944 3600 1100 3652 istum
1132 3599 1198 3652 ab
1218 3607 1441 3655 auctore
1465 3602 1531 3654 ad
1568 3600 1849 3655 Damasum
1876 3603 2057 3673 (quem

474 3690 674 3747 recenti
710 3688 926 3745 Patrum
959 3690 1215 3753 memoria
1249 3690 1539 3747 Laurentio
1574 3708 1603 3746 a
1631 3708 1797 3761 puero
1824 3693 2058 3749 dicatum

475 3781 639 3844 fuisse
666 3780 803 3843 forte
839 3781 1101 3853 noverat)
1135 3782 1358 3837 relatum
1386 3782 1752 3852 suspicemur?

543 3894 879 3953 Constitutus
910 3896 1089 3965 itaque
1118 3896 1170 3950 in
1218 3894 1574 3954 Laurentiana
1604 3896 1820 3952 basilica
1862 3896 2058 3951 Dama-

476 4002 593 4050 sus,
624 3987 677 4041 id
718 3988 1043 4056 quod'factu
1083 3988 1390 4044 facillimum
1421 3988 1553 4055 fuit,
1587 3990 1767 4060 ibique
1808 3992 1988 4045 statim
2028 4006 2058 4044 a

475 4074 741 4143 baptismo
783 4077 919 4144 (nisi
966 4077 1035 4131 ob
1080 4079 1281 4131 viarum
1312 4078 1620 4137 discrimina
1662 4064 1712 4144 in
1762 4082 1968 4149 patria,
2004 4091 2061 4133 ut

476 4165 654 4234 patuit
679 4166 773 4238 μη,
807 4168 1107 4237 baptizatus
1130 4169 1333 4237 pridem
1363 4169 1569 4240 fuisset)
1599 4171 1859 4225 lectorum
1891 4170 2057 4225 colle-

477 4256 564 4323 gio
611 4257 896 4326 ascriptus,
948 4257 1217 4326 egregium
1270 4258 1396 4312 illud
1443 4260 1657 4327 pietatis
1698 4260 2060 4330 doctrinmque

477 4347 749 4415 specimen
791 4349 1057 4418 vesticeps
1096 4348 1337 4417 praebere
1384 4351 1576 4418 potuit,
1622 4366 1729 4419 quo
1773 4351 1882 4418 jam
1924 4360 2056 4417 tum,

478 4447 615 4493 teste
639 4438 943 4507 Eginhardo
974 4442 1073 4509 (ε),
1091 4441 1142 4494 in
1171 4454 1419 4509 magnum
1446 4457 1623 4495 rerum
1647 4446 1858 4497 culmen
1885 4458 2061 4497 assur-

478 4550 605 4603 gere
631 4524 934 4590 videbatur.
975 4536 1052 4589 lbi
1072 4536 1233 4590 etiam
1256 4544 1565 4589 sanctorum
1597 4545 1888 4607 martyrum
1915 4536 2059 4591 Petri

478 4633 534 4678 et
581 4624 871 4679 Marcellini
920 4625 1053 4687 Acta
1109 4626 1339 4696 posteris
1387 4627 1795 4681 transmittenda
1850 4643 1917 4682 ex
1965 4644 2060 4682 ore
2094 4610 2143 4669 D

478 4714 745 4773 Dor0tbei
778 4717 1140 4785 persecutoris
1184 4717 1456 4785 excipere,
1512 4733 1574 4771 ac
1623 4718 1834 4771 demum
1870 4728 2071 4774 cretera

478 4821 597 4875 qua:
634 4805 897 4861 Merendae
926 4822 1114 4877 parum
1140 4807 1439 4876 probabilia
1473 4807 1582 4861 visa
1610 4817 1734 4861 sunt
1763 4809 1981 4877 CXSt‘tltti
2001 4826 2063 4862 ac

480 4905 735 4966 praestare
763 4898 1214 4952 commodissime.

450 5013 463 5053 ι
553 5006 819 5076 Tempore
866 5019 1045 5063 autem
1078 5010 1422 5079 procedente.
1469 5026 1589 5064 cum
1627 5012 1810 5066 senilis
1860 5013 1911 5083 in
1952 5012 2064 5067 dies

482 5098 746 5152 emineret
768 5100 818 5152 in
845 5100 1053 5169 ephebo
1083 5102 1386 5170 prudentia,
1416 5102 1639 5170 ejusque
1669 5103 1970 5159 sanctitatis
1997 5122 2064 5158 ac

481 5188 739 5241 doctrina:
770 5187 909 5242 fama
954 5190 1124 5259 longe.
1159 5191 1370 5259 lateque
1401 5203 1703 5259 vagaretur,
1753 5208 1912 5261 quam
1956 5209 2063 5247 non

484 5277 633 5331 tarda
663 5277 714 5331 in
743 5278 1051 5348 Hispaniam
1078 5292 1334 5348 nostram,
1365 5283 1430 5336 ad
1460 5284 1648 5339 anxios
1677 5285 1882 5339 scilicet
1911 5284 2063 5340 hian-

483 5376 673 5437 tesque
698 5368 764 5422 de
788 5367 896 5424 filio
928 5380 1179 5441 parentes
1206 5382 1585 5441 permanatura
1612 5382 1775 5438 esset,
1803 5373 1956 5429 facile
1983 5384 2067 5435 est,

452 5455 458 5477 ς
489 5455 504 5466 ς

558 5544 633 5612 (rt)
662 5543 872 5615 llymuo
903 5545 938 5615 2
962 5545 1026 5600 de
1047 5546 1205 5601 beato
1238 5547 1417 5613 Laur.,
1447 5549 1653 5607 stroph.
1689 5548 1808 5603 15L

557 5625 631 5683 th)
656 5614 862 5669 Geticil.
888 5614 1231 5690 _lf3_|iberitan.,
1272 5635 1391 5672 can.
1426 5620 1521 5683 338,
1560 5621 1777 5689 Peregre
1808 5621 2059 5690 "etrigan-

488 5698 578 5745 tes.
607 5694 821 5753 ctc.,,et
850 5687 984 5739 aliis.

559 5759 629 5829 (ι’)
660 5758 777 5829 Aet.
813 5765 1118 5812 sanctorum
1152 5756 1291 5811 Petri
1322 5767 1375 5829 cl
1419 5757 1709 5812 Marctllini
1736 5759 1817 5810 «εῑμ
1847 5760 1881 5811 ‘2
1917 5760 2055 5814 Junii

488 5827 631 5891 (tum.
679 5827 714 5887 Ι,
748 5829 914 5896 ejusrl.
948 5830 1159 5889 "tensis,
1186 5846 1269 5894 ap.
1318 5828 1582 5894 Ιέωίίτιηιιη
1614 5848 1728 5896 pug.
1767 5830 1888 5893 ΠΗ,
1932 5831 2053 5891 175;

490 5899 623 5976 apud
679 5897 999 5965 Merccdmn,
1056 5896 1245 5967 Opusc.
1308 5898 1446 5951 Crat.
1501 5901 1559 5953 ὅ.
1608 5901 1782 5963 l)nm.,
1852 5917 1965 5968 mp.
2020 5916 2030 5951 ι

2042 5943 2054 5967 Ι

2158 597 2321 646 mam,
2356 582 2617 635 invisendi
2666 579 2757 634 filii
2788 581 2982 647 gratia,
3015 581 3336 648 cogitarent,
3369 580 3482 635 sive
3515 581 3623 635 illis
3649 582 3761 638 tale

2151 671 2267 740 jam
2317 672 2443 724 olim
2476 672 2808 741 propositum
2850 672 3058 736 fuisset,
3088 671 3327 740 ejusdem
3358 672 3670 727 maturandi
3699 688 3763 730 ac

2156 762 2462 834 perfnicndi
2509 779 2670 816 causa
2699 764 2917 818 subesse
2956 764 3163 832 potuit;
3201 778 3422 832 prorsus
3466 772 3527 818 ut
3557 763 3765 819 Roma-

2158 872 2283 908 num
2332 864 2613 924 parentum
2643 855 2953 923 sororisque
2984 853 3195 907 Damasi
3239 870 3306 908 ex
3337 855 3594 925 flispania
3628 857 3756 922 iter,

2156 953 2414 1013 quantum
2442 960 2505 998 ex
2536 943 2693 1013 hujus
2722 952 2912 1009 aetate,
2942 953 3241 1013 temporum
3283 947 3499 1000 ratione
3529 947 3761 1017 aliisque

2158 1035 2371 1090 demum
2398 1036 2723 1104 conjecturis
2751 1037 2965 1105 assequi
2987 1038 3282 1106 potuimus,
3312 1038 3533 1093 circiter
3560 1055 3763 1093 annum

2158 1126 2362 1181 Christi
2397 1126 2500 1181 595
2532 1128 2826 1192 adultiore,
2857 1137 2911 1182 et
2943 1129 3219 1183 minimum
3249 1131 3477 1187 vicenne
3505 1131 3763 1201 Damaso,

2156 1218 2497 1274 referendum
2522 1219 2744 1273 omnino
2772 1219 2863 1274 sit.

2227 1329 2478 1385 Fueritne
2520 1339 2697 1383 autem
2746 1329 2960 1385 Damasi
3015 1331 3329 1399 parentibus
3371 1332 3483 1400 jam
3541 1339 3656 1385 tum
3709 1332 3764 1385 in

2159 1420 2300 1475 Urbe
2330 1422 2577 1475 manendi
2608 1436 2780 1489 eoque
2810 1420 3048 1477 fortunas
3078 1439 3202 1477 suas
3230 1421 3590 1477 transferendi
3626 1439 3763 1478 con-

2156 1512 2370 1578 silium,
2411 1528 2479 1566 an
2521 1512 2611 1565 filii
2642 1521 2849 1568 tantum
2889 1511 2956 1566 ad
2994 1522 3205 1582 tempus
3253 1513 3519 1568 invisendi
3550 1528 3763 1583 suoque

2157 1604 2374 1658 demum
2406 1604 2528 1657 loco
2584 1604 2650 1658 ad
2691 1605 2906 1674 propria
2942 1606 3222 1671 redeundi,
3275 1621 3379 1661 non
3424 1604 3583 1661 facile
3627 1606 3766 1660 divi-

2159 1710 2287 1749 nare
2312 1704 2413 1750 est.
2465 1694 2597 1749 Illud
2639 1697 2858 1766 propius
2901 1712 3029 1751 vero
3054 1697 3395 1764 crediderim,
3444 1698 3600 1752 initio
3632 1699 3763 1754 nihil

2159 1787 2267 1842 tale
2295 1787 2620 1855 cogitantes,
2656 1802 2755 1842 nec
2804 1789 2905 1842 nisi
2936 1788 3006 1842 de
3054 1789 3197 1853 fiiio,
3230 1790 3323 1858 qui
3369 1797 3633 1859 paternus
3674 1798 3760 1843 est

2164 1891 2336 1942 amor,
2379 1878 2661 1946 sollicitos,
2710 1878 2815 1933 alia
2862 1878 3236 1946 posthabuisse
3275 1880 3505 1945 omnia;
3546 1893 3613 1933 ex
3653 1892 3762 1947 quo

2165 1982 2343 2025 autem
2369 1970 2481 2025 voti
2519 1976 2629 2038 jam
2658 1977 2969 2039 compotes,
3025 1961 3238 2025 Damasi
3286 1970 3485 2024 famam
3549 1971 3763 2025 eximiis

2164 2061 2404 2130 ejusdem
2434 2060 2651 2116 dotibus
2681 2061 2925 2130 superari
2952 2102 2966 2124 ,
2997 2061 3240 2130 periculo
3284 2062 3453 2127 facta,
3484 2062 3759 2127 didicere;

2164 2151 2395 2206 maxime
2426 2165 2554 2206 vero
2598 2151 2687 2205 ubi
2717 2153 3070 2220 prmstitutum
3098 2152 3290 2207 reditui
3322 2162 3535 2223 tempus
3578 2154 3758 2207 immi-

2163 2259 2293 2299 nere
2327 2243 2590 2313 occtnpit,
2637 2250 2765 2297 tunc
2796 2243 3027 2312 primum
3052 2242 3174 2309 ﬁlii,
3204 2258 3234 2297 a
3272 2260 3379 2312 quo
3403 2258 3547 2312 agre
3577 2243 3757 2297 divelli

2163 2335 2522 2405 patiebantur,
2546 2334 2875 2389 desiderium
2922 2334 3102 2389 itineri
3130 2349 3289 2403 quam
3322 2335 3636 2403 longissime
3662 2350 3758 2404 pro

2160 2427 2398 2494 latando,
2430 2443 2556 2482 mox
2577 2427 2827 2481 manen-li
2859 2427 2911 2480 in
2941 2427 3071 2481 urbe
3100 2429 3379 2498 proposito
3403 2442 3625 2482 causam
3665 2434 3757 2480 aut

2160 2522 2350 2577 saltem
2379 2521 2718 2596 occasionem
2750 2520 3061 2587 prmbuisse.

2231 2630 2339 2684 Seu
2367 2630 2526 2699 igitur
2564 2630 2846 2685 consilium
2888 2630 3030 2684 istud
3066 2631 3176 2699 jam
3206 2646 3386 2686 animo
3414 2632 3673 2700 conjuges
3703 2632 3754 2684 in

2160 2723 2413 2793 Hispania
2456 2725 2858 2794 praecepissent,
2889 2725 3002 2780 sive
3029 2725 3081 2779 id
3120 2727 3332 2781 demum
3373 2727 3441 2781 ab
3485 2728 3614 2797 ipsis
3658 2727 3749 2781 filii

2158 2818 2475 2871 extorsisset
2503 2816 2703 2883 pietas,
2733 2816 2863 2871 illud
2894 2833 3107 2886 quoque
3136 2818 3444 2873 verosimile
3474 2828 3584 2883 est,
3608 2819 3683 2887 jar
3703 2829 3754 2873 ta

2158 2907 2324 2963 semel
2354 2908 2420 2963 de
2464 2909 2517 2963 in
2549 2907 2691 2964 Urbe
2721 2912 2987 2966 manendo
3011 2913 3148 2979 alea,
3183 2928 3383 2967 novum
3416 2912 3611 2967 eximie
3642 2913 3754 2966 An-

2160 2998 2307 3053 tonio
2337 2998 2403 3054 de
2442 2999 2669 3054 ineunda
2700 3001 2932 3056 clericali
2960 3002 3146 3057 militia
3177 3004 3513 3073 propositum
3541 3019 3755 3059 succre-

2156 3090 2319 3159 visse,
2346 3105 2519 3161 eoque
2546 3092 2701 3147 uxori
2733 3093 2999 3161 patefacto
3026 3094 3266 3163 initoque
3293 3095 3432 3147 inter
3470 3104 3756 3162 utrumque

2157 3184 2433 3238 servanda:
2461 3185 2720 3239 castitatis
2750 3186 3025 3255 proposito
3057 3186 3143 3255 (id
3173 3188 3369 3241 etenim
3401 3202 3470 3241 ex
3499 3186 3754 3241 Ecclesia:

2160 3273 2365 3349 Latina:
2400 3275 2709 3345 pnescripto
2733 3276 3089 3331 necessarium
3119 3278 3337 3331 omnino
3366 3277 3464 3329 fuit
3492 3275 3622 3347 [ἀέλ
3653 3276 3754 3329 hac

2160 3365 2260 3427 sibi
2290 3366 2582 3420 Antonium
2620 3366 2831 3421 ratione
2879 3366 3082 3421 aditum
3115 3368 3180 3421 ad
3212 3365 3509 3423 Ecclesiam
3549 3382 3754 3436 praepa-

2160 3472 2327 3512 rasse.
2359 3456 2655 3513 Damasum
2675 3468 2934 3527 praeterea
2963 3458 3017 3513 in
3046 3473 3165 3513 eam
3194 3474 3309 3513 rem
3332 3502 3345 3523 ,
3380 3474 3479 3513 ceu
3510 3459 3752 3512 omnium

2160 3563 2279 3618 qua:
2327 3565 2550 3618 usquam
2592 3550 2667 3603 illi
2696 3549 2944 3604 accidere
2973 3556 3190 3619 possent
3226 3550 3608 3619 gratissimam,
3642 3557 3754 3602 stu-

2160 3644 2310 3698 diose
2364 3644 2689 3698 allaborasse
2728 3642 2901 3697 donec
2941 3652 3222 3711 parentum
3273 3652 3395 3696 vota
3431 3641 3752 3710 perficeret;

2161 3736 2382 3805 ejusque
2406 3733 2620 3789 tandem
2637 3750 2800 3803 Opera
2823 3732 3072 3788 elfectum
3097 3742 3155 3785 ut
3185 3733 3418 3787 Antonio
3445 3733 3558 3801 (qui
3585 3733 3756 3801 perin-

2162 3825 2231 3879 de
2254 3840 2315 3881 ac
2336 3825 2591 3881 Damasus
2612 3826 2664 3889 in
2683 3824 2933 3893 llispania
2957 3824 3214 3894 baptizari
3240 3825 3435 3894 potuit)
3462 3824 3755 3878 lectoratus

2163 3930 2288 3969 mox
2336 3916 2502 3982 gradu
2542 3916 2848 3971 dccorando
2902 3914 3205 3984 exceptoris
3255 3915 3465 3969 interea
3515 3914 3753 3969 officium

2162 4007 2607 4065 committeretur.

2236 4096 2289 4153 ld
2332 4113 2399 4153 nc
2426 4100 2512 4153 cui
2549 4097 2763 4155 difficile
2806 4111 2899 4155 aut
2930 4117 3114 4171 parum
3167 4100 3445 4169 probabile
3486 4098 3751 4163 videatur,

2164 4190 2375 4251 Damasi
2431 4191 2659 4259 primum
2711 4193 3001 4246 auctoritas
3056 4202 3218 4260 atque
3252 4191 3608 4257 existimatio,
3642 4200 3749 4244 tum

2163 4280 2380 4334 Antonii
2422 4282 2586 4349 patris
2617 4281 2874 4334 industria
2926 4290 2979 4335 et
3011 4283 3266 4351 probitas,
3302 4279 3559 4336 Ecclesiae
3608 4281 3752 4334 deni-

2163 4389 2269 4443 que
2310 4374 2375 4435 iis
2425 4374 2751 4443 temporibus
2795 4382 2967 4428 status
3014 4373 3321 4443 utilitasque
3363 4374 3749 4428 consideranda

2163 4473 2306 4521 sunt.
2358 4465 2434 4520 De
2480 4466 2707 4523 Damaso
2736 4466 3012 4536 esplorata
3055 4482 3139 4521 res
3175 4477 3289 4531 est;
3328 4482 3447 4521 cum
3479 4468 3679 4520 etenim
3709 4468 3753 4520 is

2168 4555 2234 4609 ad
2280 4571 2476 4609 annum
2507 4556 2705 4610 Christi
2746 4555 2851 4609 525
2902 4562 3029 4627 (quo
3056 4558 3271 4611 demum
3315 4564 3562 4625 tempore
3604 4567 3749 4624 gesta

2168 4648 2280 4702 haec
2308 4648 2471 4703 fuisse
2510 4647 2801 4718 putamus),
2843 4649 2894 4702 in
2925 4650 3039 4717 ipso
3076 4648 3310 4717 juventa:
3351 4647 3505 4714 flore,
3537 4647 3751 4716 pictatis

2168 4737 2533 4807 doctrinmque
2560 4739 2719 4793 laude
2745 4755 2903 4808 supra
2931 4747 3142 4792 aatatem
3173 4739 3480 4793 cumulatus
3508 4738 3746 4792 omnium

2168 4831 2219 4884 in
2261 4845 2319 4887 se
2358 4846 2452 4885 ora
2495 4840 2657 4901 atque
2705 4832 2878 4886 studia
2928 4832 3302 4897 convertisset,
3356 4832 3616 4886 credibile
3670 4840 3748 4885 est

2165 4938 2315 4992 aequa
2355 4938 2559 4993 proque
2606 4931 2759 4993 patre
2801 4923 3092 4992 postulanti
3138 4923 3340 4977 clerum
3385 4923 3747 4992 populumque

2166 5012 2465 5068 Romanum
2496 5015 2714 5068 minime
2760 5014 3075 5081 obstituros,
3124 5014 3232 5067 imo
3262 5013 3460 5067 bellum
3501 5028 3663 5068 omne
3696 5014 3743 5066 in

2164 5105 2280 5174 ejus
2308 5122 2456 5175 spem
2478 5106 2661 5174 gratia:
2689 5105 3038 5165 libentissime
3067 5105 3390 5160 militaturos
3422 5104 3606 5159 fuisse.

2234 5198 2469 5251 Antonio
2520 5204 2777 5265 praeterea
2804 5197 2894 5250 vix
2923 5204 3054 5261 tum,
3087 5205 3147 5250 ut
3190 5204 3459 5265 putamus,
3485 5196 3743 5265 quinqua-

2164 5288 2383 5356 genario
2412 5289 2579 5341 multa
2608 5302 2823 5355 quoque
2871 5286 3092 5343 infuisse
3138 5287 3404 5343 credenda
3434 5296 3560 5342 sunt
3587 5305 3599 5353 ;
3630 5301 3743 5356 quae

2165 5380 2483 5441 industrium
2533 5376 2809 5448 fidumque
2864 5380 3187 5441 ministrum,
3249 5379 3472 5447 ejusque
3524 5393 3741 5448 cperam

2163 5576 2299 5612 nam.
2337 5558 2411 5623 1‘).

2240 5632 2315 5698 td)
2347 5630 2511 5682 Cone.
2545 5628 2855 5682 liiiberitan.
2905 5630 3057 5698 (ϐίω.
3085 5629 3183 5685 55)
3216 5637 3265 5680 et
3299 5644 3396 5696 pro
3424 5628 3540 5695 ejus
3566 5629 3741 5698 conci-

2164 5700 2217 5753 lii
2250 5694 2656 5752 conlirnmtimie
2688 5701 2755 5752 cl.
2795 5694 3005 5752 nostras
3040 5699 3195 5754 lferd.
3230 5694 3539 5769 Mentiomns
3570 5697 3734 5769 (Iam.

2163 5770 2185 5822 l‘
2209 5770 2417 5822 Cellccl.
2444 5771 2704 5821 rourih‘or.
2751 5768 2911 5821 Lubh.
2938 5810 2950 5828 ,
2994 5770 3170 5825 i'euct.
3198 5812 3211 5837 ,
3237 5769 3335 5822 col.
3375 5766 3533 5836 1251)
3554 5766 3736 5833 ,ἼῚιο-

2163 5840 2375 5893 mas~in
2414 5839 2498 5907 (Ι).
2534 5856 2567 5901 ι,
2597 5838 2682 5892 lib.
2723 5855 2790 5903 xi,
2825 5857 2870 5893 ι’.
2899 5839 3012 5907 (il).
