4014 6368
245 400 357 458 569

1141 392 1588 448 DISSERTATIO
1629 394 1716 448 os
1758 394 2034 450 DAMASO
2077 394 2163 448 sr
2201 351 2620 449 Laotisurto.

3429 397 3536 455 570

245 510 492 567 Ecclesia:
513 508 848 564 utilissimam
871 507 984 562 fore
1011 507 1449 577 pnenutrtiareut.
1482 505 1665 575 Neque
1692 508 1832 561 enim
1867 515 1907 570 Α
1939 523 2057 563 cum
2111 508 2310 578 alioqui
2355 507 2661 562 facillimum
2712 505 2808 577 ipsi
2851 507 3058 573 fuisset,
3101 500 3247 563 salva
3304 525 3534 581 poeseos

242 602 570 658 rusticanum
623 614 779 663 eum,
853 613 948 653 seu
1005 599 1073 654 de
1141 598 1298 668 plebe
1353 598 1585 666 aliquem
1643 599 1830 653 existi-

241 709 391 749 mare
420 693 500 747 fas
535 699 644 756 est;
691 698 784 744 aut
817 705 926 744 non
968 690 1249 757 insigniter
1278 689 1425 758 pium
1473 689 1828 758 probumque,

240 789 332 841 cui
357 797 466 840 tam
496 787 606 841 alte
634 785 886 841 insederit
935 787 1102 839 filium
1130 787 1196 841 ab
1224 784 1479 856 Hesperia
1511 785 1694 838 ultima
1721 785 1831 840 llo-

241 891 386 930 mam
425 876 701 944 religionis
735 891 900 931 causa
940 869 1186 931 mittendi
1219 876 1474 929 studium.
1523 875 1665 928 Raro
1716 875 1832 928 hzec

243 974 470 1034 tangunt
497 967 746 1033 vulgares
776 967 1000 1020 animas.
1031 966 1348 1020 Prudentius
1368 981 1581 1036 quoque
1601 967 1829 1019 illustres

240 1059 424 1112 domos
455 1057 741 1112 Laurentio
767 1044 974 1113 liberos
998 1073 1126 1112 suos
1151 1059 1263 1112 voti
1284 1072 1444 1113 causa
1468 1057 1718 1112 dedicare
1747 1074 1836 1113 so-

238 1149 364 1205 litas
412 1149 578 1206 fuisse
614 1159 1022 1205 commemorat.
1053 1149 1343 1217 Verumgsi
1391 1149 1557 1204 fortes
1606 1148 1836 1204 fortibus

238 1251 520 1314 creantur,
560 1256 736 1311 neque
779 1241 1024 1296 imbelles
1059 1249 1421 1311 progenerant
1464 1241 1699 1311 aquilam
1749 1256 1837 1294 co-

237 1331 466 1399 lumbm,
513 1341 574 1385 ut
622 1333 748 1386 olim
795 1332 1024 1388 canebat
1070 1330 1329 1400 profanus
1380 1329 1456 1400 (η)
1505 1339 1677 1396 vates,
1727 1347 1834 1385 non

239 1421 483 1474 ultimam
507 1421 724 1475 Antonii
745 1422 912 1491 patris
934 1421 1460 1478 commendationem
1489 1419 1653 1475 fuisse
1677 1430 1832 1489 puto,

235 1513 384 1581 quod
413 1514 513 1583 ipsi
549 1513 668 1568 talis
697 1522 1002 1582 tantusque,
1026 1513 1200 1583 qualis
1225 1528 1290 1567 ea
1314 1513 1425 1580 jam
1451 1521 1611 1566 relate
1643 1513 1835 1566 Dama-

236 1621 331 1659 sus
353 1615 489 1670 erat,
521 1605 659 1660 filius
676 1605 976 1675 obtigisset.
1009 1605 1247 1661 Ecclesia
1275 1605 1504 1675 denique
1531 1619 1836 1674 quanquam

237 1711 306 1749 eo
332 1705 571 1766 tempore
596 1697 880 1766 tranquilla
907 1712 1042 1766 pace
1063 1705 1228 1766 atque
1246 1697 1359 1750 otio
1387 1695 1676 1756 frueretur,
1702 1711 1842 1750 non-

239 1788 368 1840 dum
403 1795 582 1841 tamen
609 1788 905 1842 recentium
937 1787 1036 1842 sub
1061 1785 1385 1840 Maximiano
1407 1792 1461 1840 et
1488 1785 1692 1840 Licinio
1714 1784 1833 1838 vul-

1939 599 2076 670 lege,
2105 602 2179 656 sic
2205 600 2440 655 exordiri
2482 617 2497 653 :

2091 692 2192 740 llac
2215 705 2391 741 ueros
2417 699 2574 750 pater,
2602 705 2868 760 BXL‘EI’TQR,
2899 690 3070 752 levita,
3097 691 3342 741 sacerdos.

2005 790 2122 846 Jam
2154 809 2280 847 vero
2321 807 2607 861 processus
2646 794 2744 845 iste
2770 793 2838 846 ab
2868 798 3223 861 exceptoratu
3255 791 3320 844 ad
3365 791 3534 846 lecto-

1936 891 2134 945 ratum,
2160 899 2264 936 non
2298 884 2368 937 ita
2393 883 2662 953 frequens,
2689 882 2909 936 mirifice
2930 882 3216 936 confirmat
3240 882 3530 936 Antonium

1937 989 2043 1027 non
2072 989 2100 1026 a
2142 990 2327 1042 puero,
2362 974 2454 1026 sed
2482 975 2873 1043 provectiorem
2893 973 2958 1028 ad
2988 974 3188 1027 clerum
3214 974 3528 1029 accessisse.

1935 1060 1974 1114 Ii
2005 1063 2204 1115 etenim
2235 1063 2345 1130 qui,
2381 1062 2583 1116 reddita
2619 1062 2871 1117 Ecclesia:
2900 1077 3055 1130 pace,
3078 1077 3108 1115 a
3133 1063 3310 1132 pueris
3341 1062 3531 1116 divina:

1937 1155 2139 1208 militia:
2163 1153 2582 1214 ascribebantnr,
2621 1154 2800 1207 statim
2831 1167 2860 1206 a
2891 1152 3158 1221 baptismo
3191 1153 3242 1206 in
3267 1153 3530 1206 lectorum

1937 1243 2222 1310 collegium
2256 1250 2381 1295 ante
2415 1241 2716 1310 pubertatis
2745 1255 2917 1294 annos
2949 1240 3124 1312 relati,
3160 1249 3286 1294 tunc
3313 1240 3529 1294 demum

1937 1335 2242 1403 exceptoris
2289 1331 2522 1387 oflicium
2569 1333 3013 1402 assequebantur,
3063 1332 3108 1385 si
3163 1346 3366 1400 gnavos
3412 1345 3533 1386 sese

1939 1435 2100 1493 atque
2129 1423 2422 1478 industrios
2455 1423 2520 1475 ad
2553 1422 2602 1475 id
2632 1423 2867 1474 nmneris
2907 1421 3294 1476 cxhibnisscut.
3323 1419 3533 1475 Illustre

1940 1517 1992 1569 in
2038 1516 2175 1569 hanc
2208 1529 2319 1568 rem
2361 1512 2640 1581 Epiphanii
2671 1511 2970 1564 Ticinensis
2999 1509 3303 1578 exemplum
3334 1524 3532 1577 suppe-

1939 1605 2072 1660 ditat
2101 1605 2256 1658 nobis
2291 1603 2561 1656 Eunodins
2593 1603 2685 1671 (r),
2719 1601 2808 1668 qui
2845 1608 3125 1669 postquam
3171 1613 3294 1653 eum
3325 1597 3532 1652 caelesti

1942 1698 2144 1751 militia:
2189 1696 2494 1751 tirocinium
2535 1694 2634 1748 sub
2662 1691 2909 1758 Crispino
2951 1691 3199 1743 sortitum
3231 1689 3393 1742 fuisse
3420 1687 3530 1752 ait,

1943 1789 2266 1858 lectorisque
2292 1785 2470 1841 oflicio
2502 1783 2762 1846 functum,
2789 1781 2964 1852 pergit
2985 1767 3286 1835 :Notarum
3312 1781 3366 1831 iu
3395 1778 3530 1831 scri-

236 1893 430 1932 ncrum
475 1879 755 1934 cicatrices
808 1879 1144 1945 obduxerat;
1203 1893 1425 1948 prorsus
1496 1886 1555 1932 ut
1610 1878 1794 1932 talium
1827 1917 1843 1942 ,
1880 1875 1920 1933 B
1951 1879 2115 1934 bendo
2157 1877 2494 1947 compendia,
2525 1884 2575 1929 et
2615 1876 2812 1945 ﬁguras
2862 1874 3034 1927 varias
3063 1871 3324 1925 verborum
3354 1869 3499 1921 multi
3513 1896 3533 1911 -

237 1985 288 2038 ψ
315 1967 418 2022 alis
447 1967 713 2026 Antonius
735 1977 882 2034 erat,
912 1970 1150 2024 virorum
1174 1968 1436 2038 prznsidiis
1465 1977 1654 2022 contra
1686 1968 1834 2034 belli,

235 2061 280 2112 si
308 2059 526 2126 quando
557 2059 848 2129 ingrueret,
878 2061 1192 2130 procellam,
1216 2075 1447 2130 propere
1476 2060 1686 2114 munire
1717 2073 1836 2115 sese

236 2159 406 2218 atque
433 2161 640 2206 mature
673 2151 954 2221 providere
981 2152 1438 2207 consultissimum
1467 2151 1567 2221 ipsi
1597 2151 1780 2206 fuerit.

312 2261 619 2317 Constituto
659 2261 767 2331 jam
810 2278 936 2318 vero
973 2264 1033 2316 in.
1071 2270 1424 2330 exceptoratu
1475 2261 1686 2316 Damasi
1738 2275 1836 2330 pa-

227 2363 398 2408 rente
441 2353 616 2408 lector
643 2355 870 2409 subinde
913 2354 1054 2420 fieri,
1101 2355 1357 2424 quodque
1403 2354 1672 2422 reliquum
1719 2363 1838 2406 erat

234 2445 592 2501 ecclesia-“lict
630 2446 790 2501 stadii
831 2446 1136 2510 conficere,
1187 2460 1296 2500 non
1343 2444 1566 2514 perinde
1619 2443 1836 2499 difficile

235 2541 634 2598 zeitimaudum.
670 2540 786 2596 Una
825 2543 1026 2596 etenim
1059 2541 1159 2595 viri
1189 2540 1428 2610 probitas
1467 2538 1836 2606 industriaque

233 2635 290 2687 in
333 2641 710 2704 exceptoratus
747 2647 969 2686 munere
1010 2639 1274 2701 spectata,
1303 2638 1360 2683 ut
1408 2629 1512 2683 alia
1542 2629 1837 2683 defuissent

242 2723 446 2785 omnia,
471 2721 694 2779 gradum
722 2722 770 2776 ei
800 2722 865 2776 ad
891 2722 1206 2776 lectoralum
1233 2727 1565 2787 czeterosque
1595 2719 1833 2786 ordines,

239 2815 402 2884 i'lque
455 2814 827 2884 inexspectato
882 2822 1184 2882 temporum
1267 2812 1601 2877 interstitio,
1651 2812 1834 2868 facere

237 2906 676 2961 rrnmodissime
719 2906 912 2976 potuit.
946 2904 1130 2974 Neque
1172 2919 1271 2960 nos
1315 2913 1526 2968 tamen,
1559 2903 1604 2957 si
1631 2919 1832 2973 prmas-

238 3009 443 3056 sertam
474 2999 964 3056 ecclesiasticarum
996 2999 1170 3066 legum
1194 2999 1536 3053 severitatem
1561 2997 1628 3052 ad
1650 3012 1834 3053 amus-

237 3093 343 3150 sim
396 3091 450 3144 in
480 3106 545 3145 eo
594 3091 972 3156 observatam,
1005 3091 1382 3158 integrumque
1429 3089 1482 3142 in
1539 3089 1836 3148 minoribus

238 3184 534 3238 constituto
577 3183 917 3252 septennium
948 3182 1373 3252 exspectandum
1410 3179 1662 3233 Merenda
1702 3195 1834 3234 con-

1939 1973 2166 2024 tudinem
2197 1965 2681 2036 comprehendentes
2710 1965 2844 2017 brevi
2875 1971 3156 2024 assecutus,
3189 1963 3242 2015 in
3271 1959 3531 2028 Excepto-

1938 2081 2051 2117 rum
2077 2078 2286 2116 numero
2312 2059 2575 2112 dedicatus
2601 2058 2802 2110 euiluit.
2819 2055 3004 2124 Neque
3033 2056 3136 2108 hoc
3159 2054 3210 2106 in
3233 2051 3532 2122 Epiphanio

1936 2156 2206 2224 singulare
2252 2152 2689 2216 existimandum,
2747 2150 2842 2206 sed
2899 2164 3103 2204 morem
3137 2146 3392 2201 Ecclesia:
3434 2161 3534 2201 usu

1937 2257 2212 2318 receptum
2247 2247 2428 2315 fuisse,
2462 2254 2519 2299 nt
2567 2244 2763 2299 notarii
2803 2244 2914 2297 sive
2952 2249 3270 2312 exceptores
3300 2237 3531 2308 srepissi-

1935 2356 2023 2394 me
2053 2355 2083 2394 e
2116 2341 2379 2394 lectorum
2410 2337 2638 2406 collegio
2671 2344 3092 2398 assumerentur,
3127 2349 3226 2389 ceu
3256 2347 3356 2388 nos
3393 2331 3532 2384 mul-

1939 2431 2104 2501 tiplici
2132 2431 2381 2501 exemplo
2409 2429 2694 2485 Menardns
2720 2427 2798 2497 (τι)
2826 2428 3006 2482 docet.

2008 2521 2193 2592 Neque
2224 2538 2353 2576 vero
2381 2521 2587 2575 idcirco
2613 2534 2869 2588 negamus
2891 2525 3270 2586 exceptoratus
3295 2513 3530 2570 ofﬁcium

1936 2627 1967 2665 a
1995 2613 2196 2668 smculo
2227 2629 2277 2667 tv
2305 2613 2487 2680 pueris
2517 2609 2946 2678 frequentissime
2971 2607 3319 2661 commissum
3344 2605 3530 2671 fuisse,

1937 2710 2018 2767 ut,
2037 2713 2232 2772 praeter
2253 2701 2557 2772 Epiphauii,
2581 2715 2741 2768 quem
2769 2698 2931 2753 modo
2955 2697 3309 2760 laudavimus,
3332 2696 3533 2761 locum,

1936 2793 2207 2849 Ausonius
2235 2792 2573 2862 apertissime
2609 2790 2766 2844 docet
2790 2789 2861 2858 (e)
2893 2789 3176 2855 inquiens:

2375 2904 2507 2953 Poen
2534 2912 2754 2950 notarum
2781 2909 3050 2960 prmpetnm

2371 2966 2558 3016 Sollers
2581 2965 2803 3012 minister
2827 2964 3021 3023 advola;

1940 3069 2116 3126 Unum
2147 3077 2326 3123 tamen
2357 3068 2462 3123 hoc
2489 3066 2802 3132 asserimus,
2841 3064 2895 3118 in
2925 3063 3009 3119 his
3037 3062 3127 3132 qui
3157 3077 3186 3116 a
3229 3062 3408 3132 pueris
3438 3078 3530 3117 cc-

1940 3163 2256 3219 clesiasticae
2283 3161 2487 3215 militiae
2517 3158 2944 3222 ascribebantur,
2993 3156 3299 3211 nullatenus
3341 3155 3409 3209 ab
3439 3170 3533 3210 ex-

239 3276 496 3338 tenderit,
529 3291 722 3344 magno
753 3284 1040 3345 propterea
1084 3275 1202 3330 nisu
1234 3272 1670 3343 repugnabimus.
1703 3271 1832 3327 Ete-

1947 3256 2176 3326 ceptoris
2207 3252 2387 3308 officio
2431 3253 2500 3307 ad
2544 3251 2863 3306 lectoratnm
2906 3247 3338 3318 progressionem
3381 3246 3530 3309 fieri;

238 3369 352 3423 nim
381 3368 465 3421 vel
505 3369 583 3422 sic
631 3367 930 3431 Antonius,
998 3365 1218 3419 vixdum
1257 3361 1660 3431 sexagenarius,
1696 3361 1836 3416 inte-

235 3473 335 3528 gra
382 3460 583 3514 scilicet
612 3467 792 3538 φίλιε,
838 3456 1066 3528 provehi
1108 3456 1173 3510 ad
1205 3455 1637 3527 presbyteratum
1677 3453 1836 3511 facile

235 3549 444 3622 potuit.

315 3663 586 3718 Hactenus
610 3662 990 3718 verosimilium
1018 3663 1214 3718 seriem
1262 3661 1614 3729 attexuimus,
1645 3661 1698 3715 in
1727 3659 1833 3730 qua

239 3765 454 3820 tamen,
487 3756 532 3809 si
576 3755 705 3822 quid
731 3769 832 3822 ego
861 3754 1051 3819 video,
1083 3755 1214 3808 nihil
1252 3763 1336 3808 est
1369 3753 1518 3822 quod
1547 3753 1774 3807 liberant
1805 3767 1836 3805 a

239 3847 478 3914 partium
507 3845 687 3901 studio
713 3846 972 3901 lectorem
1010 3828 1209 3902 morari
1238 3847 1428 3916 possit.
1460 3845 1644 3914 Neque
1679 3860 1836 3900 vero-

240 3936 438 3993 similia
478 3943 684 3990 tantum
727 3937 980 4004 dixerim,
1031 3938 1184 4006 queis
1234 3937 1471 3991 historiae
1524 3935 1722 3990 veritas
1769 3949 1836 3994 ex

241 4037 401 4100 parte
427 4029 614 4082 saltem
645 4029 810 4084 robur
832 4028 1158 4097 adjungere,
1186 4030 1296 4082 imo
1327 4029 1489 4083 etiam
1522 4028 1586 4082 iis
1617 4043 1834 4082 causam

243 4120 458 4174 dedisse
483 4121 746 4175 crelenda
775 4128 876 4176 est.
919 4119 1053 4175 Rem
1082 4121 1243 4187 igitur
1273 4120 1433 4188 paulo
1461 4119 1622 4174 altius
1675 4135 1836 4188 repe-

243 4222 364 4266 tere
397 4213 591 4282 placet.
625 4212 836 4267 Damasi
865 4220 1072 4280 patrem
1103 4211 1169 4264 ab
1189 4217 1543 4280 exceptoratu
1574 4209 1641 4262 ad
1670 4209 1838 4263 lecto-

243 4315 396 4361 ratus
417 4306 658 4360 ordinem
689 4306 1037 4376 processisse,
1069 4306 1171 4374 ipsi
1195 4306 1472 4360 nobiscum
1499 4304 1752 4360 Merenda
1775 4321 1837 4360 ac

242 4398 620 4452 Tillemontius
675 4413 994 4466 agnovere;
1049 4391 1210 4467 idque
1274 4400 1616 4468 apertissimo
1673 4400 1837 4468 ipsius

245 4490 460 4545 Damasi
486 4491 793 4545 testimonio
827 4492 877 4544 in
907 4492 1291 4562 epigrammate
1317 4491 1393 4547 De
1438 4493 1638 4562 templo
1665 4493 1835 4546 sancti

246 4581 548 4645 Laurentii,
595 4581 684 4636 ubi
727 4582 797 4636 de
848 4584 1082 4637 Antonio
1136 4594 1287 4653 patre
1335 4585 1580 4653 loquens,
1613 4585 1836 4654 ejusque
1872 4615 1920 4674 υ

245 4668 445 4736 gradus
473 4685 816 4738 enumerans,
848 4673 922 4725 ait
944 4672 1019 4742 (b)
1055 4691 1066 4724 :

408 4805 508 4916 gae
532 4815 669 4862 pater
695 4820 956 4867 necnon,
982 4821 1176 4866 Lee-ron,
1205 4807 1374 4865 levita,
1401 4808 1626 4856 sacerdos

447 4873 662 4916 reserat.
690 4875 786 4916 etc.

447 4882 525 4916 ret
538 4873 662 4926 erat,
690 4875 786 4917 etc.

252 4992 437 5061 Neque
466 4995 664 5048 etenim
695 5004 753 5048 ut
793 5005 966 5049 metro
1012 4994 1297 5049 inserviret
1329 4993 1586 5047 Damasus
1629 4993 1844 5048 lectoris

252 5081 476 5148 gradum
507 5084 878 5152 exceptoratni
909 5084 1274 5153 postposuisse
1296 5083 1594 5137 credendus
1617 5094 1716 5145 est,
1750 5085 1843 5138 sed

254 5172 434 5252 potius
465 5182 654 5226 utrem
685 5187 792 5242 quo
821 5182 971 5241 gesta
1011 5182 1092 5228 est
1122 5174 1311 5228 ordine
1338 5175 1494 5228 nobis
1525 5187 1840 5244 exponeret,

437 5323 625 5399 Horat.
659 5325 846 5399 (Odor.
880 5327 966 5381 lib.
997 5345 1066 5386 tv,
1098 5327 1148 5393 .i,
1178 5329 1374 5398 strepit.
1409 5329 1482 5399 8).

329 5393 404 5468 (Ir)
426 5397 530 5468 Ap.
566 5393 827 5468 Merend.,
857 5415 978 5468 pag.
1003 5399 1128 5454 2“.

322 5464 394 5540 ('c)
425 5464 697 5540 Enuodius
739 5464 985 5540 (lui-l’i—ta
1018 5469 1295 5540 Epip/mnii
1343 5471 1648 5535 Ticinensis,
1695 5471 1840 5526 Edit.

261 5531 454 5607 Paris.‘
473 5536 629 5598 1611,
665 5531 785 5607 pag.
815 5539 965 5606 560).

331 5608 410 5679 id)
439 5605 656 5679 lunot.
689 5605 753 5661 ad
801 5605 1288 5664 Sacramentarium
1328 5611 1646 5679 Gregorian.
1688 5611 1842 5678 (Not.

262 5673 398 5753 που),
445 5677 512 5753 ibi
541 5694 554 5731 :
608 5677 815 5732 Natat-ii
846 5681 940 5753 hoc
985 5682 1096 5733 loco
1131 5691 1247 5753 sunt
1279 5673 1478 5735 Scriba:
1507 5673 1731 5752 episcopi
1761 5687 1846 5753 qui

271 5753 323 5823 ut
344 5745 630 5823 plurimum
647 5752 1037 5823 assumelraulur
1060 5766 1132 5823 ea;
1150 5749 1416 5823 pectorum
1439 5745 1694 5823 collegio;
1709 5745 1847 5807 Stibo

266 5814 446 5894 diique
475 5819 726 5894 exempla
759 5837 790 5894 _e
839 5819 1013 5894 l’hotii
1058 5820 1386 5894 Bibliotheca
1418 5814 1603 5894 (Num:
1647 5821 1780 5894 9.36;);
1817 5841 1848 5879 ο

269 5885 452 5967 κοιὶιξίι
480 5885 649 5944 sancti
682 5886 1035 5960 Mc’trophaiiii
1066 5900 1119 5946 ct
1150 5890 1286 5948 aliis.
1330 5885 1434 5949 Nec
1462 5893 1707 5950 dissentit
1737 5892 1842 5950 Με-

1937 3358 2100 3417 atque
2129 3346 2263 3402 adeo
2289 3357 2666 3414 quemcunque
2697 3340 2949 3396 Ecclesia:
2978 3339 3278 3392 ministerio
3321 3337 3533 3392 dedica-

1937 3451 2050 3495 tum
2081 3440 2148 3494 ab
2177 3444 2526 3508 cxceptoratu
2567 3434 2853 3504 iuccepisse
2881 3431 3209 3496 constiterit,
3242 3445 3364 3486 eum
3403 3443 3532 3498 pro-

1936 3532 2080 3587 lecto
2107 3540 2266 3584 aelate
2295 3527 2636 3600 grandiorem
2681 3524 2925 3579 abdicata
2956 3521 3196 3577 smcular‘i
3238 3536 3432 3590 pompa
3462 3519 3532 3573 ad

1937 3621 2236 3678 Ecclesiam
2267 3620 2563 3674 transiisse.
2595 3616 2738 3670 Sane
2764 3629 2895 3669 vero
2919 3655 2934 3680 ,
2983 3613 3073 3683 qui
3099 3628 3128 3665 a
3160 3627 3326 3680 puero
3353 3609 3535 3666 Eccle-

1937 3713 2028 3767 sia:
2057 3710 2323 3779 ascriptus
2351 3710 2523 3777 pritno
2551 3705 2868 3775 acceptoris,
2919 3719 3042 3755 mox
3077 3703 3280 3754 lectoris
3310 3701 3532 3769 gradum

1939 3805 2019 3873 (ut
2071 3800 2284 3853 Damasi
2336 3813 2530 3868 parens
2559 3795 2844 3862 Antonius)
2892 3793 3222 3857 obtinuerit,
3264 3793 3531 3846 neminem

1938 3909 2160 3965 prorsus
2207 3893 2258 3946 in
2311 3891 2675 3946 ecclesiastica
2722 3888 2943 3944 historia
2991 3888 3368 3942 inveniendum
3420 3886 3534 3941 fore

1939 3996 2091 4056 poto.

2011 4097 2190 4166 Atque
2225 4095 2324 4150 hac
2353 4108 2454 4163 ego
2485 4093 2694 4149 ratione
2724 4091 3025 4147 Romanum
3058 4091 3306 4157 Damasi,
3335 4103 3532 4159 paren-

1939 4199 2161 4258 tumque
2186 4196 2242 4241 et
2270 4187 2473 4241 sororis
2503 4185 2706 4250 lrenes,
2737 4201 2804 4238 ex
2838 4183 3095 4254 Hispania
3142 4185 3243 4238 iter
3273 4181 3531 4237 inoffensa

1942 4277 2189 4331 Historia:
2217 4277 2338 4337 fi-le,
2372 4276 2598 4329 servatis
2629 4275 2695 4327 ad
2728 4289 2959 4343 unguem
2991 4273 3373 4329 ecclesiasticis
3402 4273 3532 4339 legi-

1940 4368 2042 4423 bus
2066 4407 2082 4434 ,
2126 4367 2234 4420 imo
2264 4367 2406 4421 cnim
2437 4365 2842 4420 verosimillime
2872 4365 3091 4419 confieri
3126 4366 3366 4432 potuisse
3392 4365 3534 4416 arbi-

1943 4459 2142 4512 trabar.
2194 4458 2394 4510 Saltem
2424 4457 2626 4511 nul'um
2659 4457 2784 4509 mihi
2819 4455 3079 4510 hactenus
3107 4454 3384 4523 scopulum
3414 4455 3532 4507 ani-

1943 4549 2278 4602 madvertere
2313 4547 2494 4612 licuit,
2543 4548 2626 4600 cui
2659 4546 2949 4600 devitando
2979 4557 3303 4612 magnopere
3330 4543 3536 4596 allabo—

1949 4641 2170 4695 randum
2199 4641 2286 4692 sit.
2337 4639 2469 4692 Nam
2511 4638 2654 4708 quod
2687 4654 2717 4690 a
2769 4637 2925 4691 nobis
2973 4634 3223 4689 Merenda
3275 4634 3531 4702 inquirit,

1948 4748 2073 4786 num
2101 4731 2303 4785 Scilicet
2335 4731 2385 4782 in
2425 4729 2767 4784 inferioribus
2798 4727 3073 4782 ordinibus
3102 4725 3254 4794 positi
3300 4734 3453 4793 pater
3480 4734 3536 4780 et

1948 4824 2086 4878 filius
2115 4841 2218 4877 uno
2262 4824 2370 4876 fere
2414 4825 2712 4892 eodemque
2744 4832 2985 4889 tempore
3012 4863 3026 4883 ,
3075 4827 3226 4887 atque
3272 4817 3451 4871 eodem
3480 4819 3533 4870 in

1945 4914 2157 4967 ecclesia
2189 4913 2446 4967 inservire
2477 4921 2568 4965 aut
2595 4911 2898 4963 ministrare
2925 4908 3219 4977 potuerint,
3257 4905 3389 4958 tanti
3427 4922 3534 4959 non

1947 5013 2050 5060 est.
2085 5003 2230 5058 Licet
2260 5003 2400 5056 enim
2433 5009 2841 5070 exceptoratum
2886 4999 3052 5068 patris
3083 5013 3204 5052 cum
3246 4996 3336 5050 filii
3369 4997 3532 5051 lecto-

1947 5107 2068 5150 ralu
2099 5106 2342 5166 tempore
2379 5105 2433 5150 et
2481 5097 2599 5151 loco
2627 5095 3015 5162 cmuiungamus
3036 5136 3050 5161 ,
3101 5093 3230 5148 nihil
3264 5093 3529 5162 prohibet.

1948 5185 2337 5256 Exceptoratus
2365 5187 2564 5240 etenim
2604 5185 2836 5239 officium
2859 5192 2940 5238 est
2963 5186 3052 5254 (fl,
3084 5200 3188 5238 non
3220 5184 3414 5252 gradus
3437 5199 3534 5239 seu

1952 5342 2114 5395 renda
2140 5342 2230 5411 qui
2257 5340 2342 5398 tlu
2367 5353 2542 5395 (ιηηοι.
2575 5344 2644 5395 ad
2663 5341 2754 5395 Cat
2772 5359 2837 5394 m.
2869 5341 3084 5394 Damasi
3113 5359 3237 5410 xxv,
3262 5359 3380 5411 pag.
3405 5341 3532 5411 2-H)

1948 5413 2119 5477 inquit
2164 5431 2176 5464 :
2230 5412 2380 5464 Vides
2428 5414 2581 5465 etiam
2629 5431 2694 5466 ac
2738 5413 2943 5466 lectoris
2990 5414 3171 5467 ordine
3210 5413 3278 5466 ᾰά
3319 5415 3536 5482 ofﬁcium

1948 5484 2233 5550 exceptoris
2264 5482 2480 5550 gradum
2501 5485 2678 5536 statui.

2023 5554 2094 5621 fe)
2137 5552 2460 5618 Epigramm.
2497 5553 2619 5606 137.

2021 5622 2088 5692 (Γ)
2131 5621 2291 5673 Eram
2319 5623 2532 5685 quidem
2575 5626 2635 5676 iis
2675 5626 3005 5693 temporibus
3049 5639 3323 5678 sacrorum
3357 5630 3535 5675 custo-

1950 5691 2064 5753 des,
2097 5693 2440 5758 interpretes,
2462 5691 2799 5756 defensores,
2830 5697 3154 5752 laborantes,
3181 5694 3268 5754 qui
3299 5703 3533 5753 inortito-

1953 5778 2068 5814 rum
2097 5776 2323 5828 corpora
2377 5764 2669 5826 curabant,
2714 5767 3005 5825 «ni-onmni,
3052 5775 3107 5816 et
3153 5764 3240 5815 aii
3284 5759 3533 5814 Ecclesia:

1952 5831 2208 5903 officiales
2253 5831 2368 5884 sine
2407 5834 2745 5903 ordinatione
2787 5837 2981 5903 aliqua.
3029 5833 3102 5886 De
3135 5848 3251 5903 quo
3276 5831 3534 5885 \‘Llcnilus

1953 5901 2337 5958 Thomassimts
2371 5902 2460 5970 (I’.
2490 5920 2524 5972 ι,
2555 5904 2638 5958 (ξύ.
2679 5921 2732 5971 it,
2767 5900 2888 5974 ιγψξ
2917 5904 3001 5968 δι,
3036 5922 3065 5956 η
3121 5902 3170 5966 2,
3207 5900 3278 5968 ῖὲ),
