4014 6368
452 352 548 409 571

1240 351 1561 408 ADDENDA
1601 353 1693 407 AD
1731 352 2057 422 QUOSDAM
2102 352 2620 409 PIUECEDENTES
2660 353 2886 411 TOMOS

3638 354 3749 411 572

452 462 849 523 ecclesiasticus
874 462 1008 519 ordo
1034 480 1049 529 ;
1091 476 1268 534 neque
1295 464 1611 520 attributum
1638 463 1898 522 Ecclesia:
1923 479 2041 519 mu-

2151 485 2402 557 Hispania
2440 487 2635 543 itinere
2673 488 2973 544 doctrinam
3010 491 3223 560 penitus
3261 493 3570 549 concidere.
3601 494 3742 552 Cum

453 571 567 617 nus,
599 552 695 609 sed
722 553 928 622 regioni
958 552 1138 623 potius
1164 561 1258 607 aut
1288 551 1448 609 Urbis
1470 555 1663 610 tractui
1692 571 1855 626 quam
1880 556 2041 625 vulgo

454 647 765 717 parochiam
793 646 1022 702 dicimus
1053 645 1163 717 (a);
1195 654 1256 701 ut
1281 646 1507 716 proinde
1534 646 1617 705 fas
1643 649 1803 703 fuerit
1828 647 2043 703 Damasi

454 744 768 793 lectoratum
815 752 937 793 cum
982 738 1334 807 excepturatu
1398 738 1618 794 Antonii
1675 755 2039 811 componere,

456 829 575 900 quin
606 836 889 899 propterea
918 828 970 882 in
1001 828 1393 884 ecclesiasticas
1438 828 1809 885 ordinationes
1840 830 2045 900 impin-

456 929 623 988 satur.

517 1031 576 1088 Si
603 1047 733 1087 vero
763 1031 833 1086 de
865 1040 1018 1101 patre
1044 1042 1098 1087 et
1127 1032 1235 1086 lilio
1264 1033 1424 1087 simul
1467 1034 1520 1088 in
1562 1033 1753 1089 eadem
1782 1034 1998 1089 basilica
2023 1074 2040 1100 ,

457 1138 505 1179 in
536 1122 822 1186 lectoratu,
845 1122 1077 1190 exempli
1100 1124 1291 1190 gratia,
1325 1134 1417 1178 aut
1443 1124 1494 1178 in
1518 1124 1624 1178 alio
1647 1140 1712 1179 ex
1742 1125 2040 1187 minoribus

457 1213 724 1268 ordinibus
748 1212 1075 1277 constitutis,
1118 1213 1395 1283 inquirere
1423 1213 1673 1268 Merenda
1702 1224 1889 1282 pergat
1914 1256 1929 1281 ,
1962 1215 2041 1269 fa-

457 1302 677 1357 .ebimur
706 1317 817 1355 rem
849 1317 955 1355 non
983 1317 1101 1356 esse
1131 1317 1300 1371 usque
1329 1302 1465 1357 adeo
1488 1302 1818 1371 expeditam.
1843 1303 2039 1357 Verum

456 1406 568 1446 eum
600 1390 810 1445 Damasi
844 1400 1049 1459 patrem
1099 1407 1208 1446 non
1243 1408 1272 1444 a
1309 1406 1477 1461 puero
1514 1407 1681 1447 sacrae
1722 1393 1925 1447 militiai
1953 1409 2041 1447 as-

456 1481 672 1551 :riptuui
704 1478 865 1535 fuis-;e
900 1481 1327 1551 praedixerimus,
1361 1481 1638 1536 Romanus
1681 1482 1757 1550 is,
1805 1484 1919 1538 sive
1948 1483 2042 1537 lli-

456 1588 644 1642 spanos
673 1570 863 1634 fuerit,
913 1574 965 1625 iu
1014 1572 1264 1627 eumdem
1308 1587 1373 1627 ac
1412 1588 1512 1627 nos
1539 1576 1822 1642 scopulum
1855 1573 2042 1628 allidat

454 1664 699 1720 tlercnda
747 1679 968 1720 necesse
1012 1674 1113 1719 est.
1164 1664 1451 1730 Quomodo
1491 1664 1634 1718 enim
1676 1673 1830 1735 pater
1877 1664 2040 1733 longo

454 1763 568 1823 post
596 1754 763 1808 lilium
802 1754 1087 1809 intervallo
1125 1753 1378 1810 Ecclesia:
1408 1755 1673 1823 ascriptus
1695 1796 1711 1820 ,
1762 1755 1932 1810 multo
1959 1765 2042 1810 ta-

455 1862 570 1902 .uen
615 1854 743 1901 ante
791 1847 966 1915 ipsum
1009 1846 1291 1917 presbyter
1319 1846 1617 1911 ordinatus,
1656 1847 1703 1900 si
1752 1855 2042 1917 utrumque

454 1938 622 1992 eidem
651 1935 883 1991 basilicae
911 1935 1183 1990 addictum
1218 1936 1465 1991 volumus
1496 1934 1594 2006 (b),
1629 1952 1737 1990 non
1769 1934 1878 1991 lilio
1908 1951 2043 2006 pau-

454 2028 597 2082 atim
636 2028 860 2098 propior
907 2026 1094 2094 fieret,
1139 2043 1372 2099 moxque
1415 2029 1469 2084 in
1512 2028 1705 2084 eodem
1743 2036 1907 2097 atque
1954 2028 2045 2084 ille

455 2121 613 2190 gradu
641 2121 1008 2176 ministraret?
1036 2125 1116 2176 An
1143 2122 1312 2190 magis
1347 2130 1555 2192 patrem
1591 2130 1647 2177 et
1680 2114 1849 2176 filiuni.
1878 2122 1931 2177 in
1959 2137 2045 2177 ea-

455 2211 573 2266 .lem
603 2212 851 2277 ecclesia,
882 2228 1097 2282 unoque
1125 2228 1344 2282 prorsus
1368 2223 1613 2283 tempore
1642 2212 1842 2269 levitas
1879 2212 2045 2269 fuisse

456 2301 723 2358 dicemus?
753 2301 1050 2374 Utrumque
1078 2304 1328 2371 difficile;
1368 2305 1464 2360 sed
1492 2320 1602 2375 quo
1633 2306 1851 2362 tandem
1883 2315 2045 2376 pacto

456 2392 762 2447 alterutrum
794 2409 826 2448 a
857 2393 1108 2450 Merenda
1136 2396 1246 2466 (vel
1274 2395 1318 2451 si
1348 2396 1514 2464 gratis
1544 2398 1593 2452 ei
1618 2397 1906 2452 Damasum
1938 2396 2045 2452 Ro-

455 2498 664 2542 .nanum
694 2484 858 2541 fuisse
883 2488 1330 2557 concesserimus)
1377 2497 1471 2542 aut
1497 2504 1527 2543 a
1558 2489 1732 2554 nobis,
1771 2489 1817 2544 si
1856 2488 2046 2560 Hispa-

455 2591 577 2631 num
607 2591 731 2632 eum
768 2576 1048 2642 volumus,
1090 2577 1247 2631 vitari
1296 2586 1619 2646 servataque
1666 2578 2047 2634 ecclesiasticae

455 2668 739 2739 llsciplinue
776 2668 1067 2724 severitate
1107 2669 1155 2724 is
1183 2670 1322 2724 obex
1352 2669 1591 2725 amoveri
1636 2670 1837 2739 possit,
1884 2669 2047 2740 plane

455 2776 556 2817 non
601 2762 776 2817 video.
808 2760 1070 2831 Superest
1099 2760 1260 2830 igitur
1304 2770 1363 2815 ut
1404 2761 1471 2815 ad
1501 2759 1935 2832 qualemqualem
1964 2776 2047 2817 ec-

455 2852 864 2910 clesiasticarum
898 2854 1073 2922 legum
1099 2867 1164 2908 ea
1210 2852 1265 2908 in
1305 2866 1366 2908 re
1389 2853 1792 2907 conniventiam
1816 2893 1832 2918 ,
1879 2854 2047 2923 quam

453 2944 552 2998 ιορί
610 2944 979 3015 temporisque
1027 2944 1268 2999 rationes
1313 2950 1477 3013 atque
1534 2942 1790 3000 Ecclesia:
1845 2946 2049 3002 utilitas

454 3036 710 3104 exigeret,
739 3036 1021 3091 nobiscum
1052 3034 1352 3105 confugiat.

518 3149 703 3220 Neque
728 3150 860 3206 Acta
887 3151 1058 3205 beata:
1085 3151 1270 3206 lrenes
1296 3166 1567 3221 germanae
1595 3151 1810 3207 Damasi
1838 3153 2042 3209 sororis

455 3259 478 3295 ει
510 3241 879 3297 Bollandianis
904 3242 1150 3297 Patrihus
1188 3243 1349 3298 allata
1380 3243 1472 3316 (c),
1505 3258 1572 3299 ex
1592 3258 1846 3313 quorum,
1880 3244 2042 3299 modo

456 3334 659 3391 sincera
687 3335 813 3401 sint,
846 3334 1137 3391 collatione
1165 3350 1287 3390 cum
1315 3336 1556 3405 ejusdem
1577 3336 1855 3407 epitaphio
1884 3352 1915 3390 a
1936 3336 2044 3390 Da-

456 3441 603 3481 .naso
630 3427 932 3497 composito
975 3428 1232 3481 neminem
1277 3437 1586 3498 negaturum
1632 3444 1745 3482 esse
1794 3427 2046 3482 Merenda

456 3516 655 3584 profert
684 3516 763 3588 (d)
799 3516 1047 3571 Romanis
1086 3516 1267 3570 itidem
1285 3516 1566 3587 virginibus
1597 3517 2047 3570 annumerandam

457 3605 662 3662 lrenen:
683 3610 818 3675 fore,
846 3622 1095 3677 magnum
1123 3606 1279 3662 nobis
1310 3607 1586 3676 negotium
1615 3606 1894 3661 exhibent.
1927 3606 2044 3661 Non

457 3699 702 3769 equidem
734 3699 962 3766 inﬁcior,
992 3700 1036 3755 si
1068 3700 1195 3755 hinc
1222 3700 1403 3756 lrenes
1424 3701 1627 3755 exitum
1659 3699 1724 3755 ad
1755 3714 1952 3753 annum
1979 3698 2049 3752 12

457 3787 796 3857 pontificatus
819 3789 1051 3854 Damasi,
1075 3789 1129 3844 id
1151 3797 1253 3853 est,
1279 3788 1478 3843 Christi
1497 3789 1621 3854 578,
1643 3798 1803 3860 prout
1825 3788 1876 3842 in
1901 3788 2048 3843 Actis

457 3881 699 3945 nabetur,
730 3880 1048 3950 referamus,
1080 3882 1204 3937 inde
1234 3897 1384 3947 vero,
1410 3898 1478 3936 ex
1507 3881 1787 3952 epitaphio
1818 3882 2043 3948 scilicet,

459 3971 673 4025 vixdum
711 3986 832 4026 eam
872 3972 1153 4027 vicennem
1181 3972 1430 4027 denatam
1454 3972 1618 4027 fuisse
1647 3973 1912 4037 elicimus,
1943 3988 2045 4026 no-

460 4070 621 4116 stram
666 4060 734 4117 de
788 4062 967 4117 lrenes
1016 4063 1221 4133 patria,
1250 4063 1428 4133 deque
1476 4064 1718 4118 Romano
1766 4063 1931 4132 ipsius
1980 4077 2047 4114 ex

530 4238 608 4308 (a)
636 4235 892 4309 Merenda
921 4235 1136 4309 (Annot.
1162 4238 1216 4291 in
1243 4239 1545 4309 epigramm.
1574 4235 1684 4309 llac
1707 4236 1887 4302 Pater,
1912 4247 2044 4303 etc.,

460 4305 549 4371 55,
587 4305 709 4379 pag.
747 4305 875 4382 241)
902 4305 1249 4382 {Quanquam
1272 4305 1459 4382 igitur
1498 4307 1859 4382 (a_it)ﬂDamasi
1882 4312 2045 4382 nostri

459 4389 601 4445 pater
652 4381 908 4445 ascriptus
956 4380 1111 4448 fuerit
1154 4378 1336 4433 sancti
1370 4378 1641 4432 Laurentii
1680 4379 1826 4432 titulo
1852 4418 1867 4443 ,
1914 4379 2047 4432 nihil

459 4448 624 4503 obstat
649 4450 917 4519 quominus
942 4451 1175 4502 notarius
1201 4460 1248 4503 et
1277 4459 1521 4519 exceptor
1545 4465 1655 4502 esse
1700 4451 1920 4515 potuerit
1950 4466 2045 4516 pro

458 4521 674 4641 zeptima
698 4521 907 4591 regione
932 4520 1279 4575 ecclesiastica
1317 4521 1399 4574 cui
1429 4520 1644 4575 basilica
1673 4519 1767 4573 illa
1809 4535 2046 4573 accense-

489 4600 624 4641 atur.

489 4600 624 4643 atur.

528 4649 605 4729 (ὑ)
637 4662 927 4717 Antonium
959 4663 1011 4717 in
1041 4660 1265 4715 basilica
1295 4661 1467 4715 sancti
1497 4660 1775 4715 Laurentii
1818 4661 1887 4712 ad
1910 4660 2048 4713 thea-

460 4739 593 4803 trum
618 4731 850 4803 Pompeii
879 4729 1211 4786 ministrasse
1236 4732 1448 4803 Damasi
1476 4732 1791 4803 testimonio
1803 4740 2044 4803 constat;

459 4802 525 4854 de
552 4799 782 4857 Damasi)
811 4819 919 4857 non
949 4804 1100 4862 item,
1132 4817 1255 4856 cum
1278 4802 1461 4870 plures
1482 4809 1664 4856 essent
1691 4802 1744 4855 in
1776 4799 1918 4870 urbe
1935 4800 2047 4868 jam

459 4885 488 4927 a
520 4873 705 4939 primis
734 4875 941 4929 saeculis
970 4872 1261 4927 Laurentio
1284 4869 1432 4926 mnes
1458 4872 1747 4939 inscriptae.
1793 4869 2047 4925 Omnium

458 4941 805 4997 celeberrima
830 4953 994 5012 atque
1022 4944 1394 5012 antiquissima
1432 4943 1483 4996 in
1514 4942 1654 5012 Agro
1692 4941 1897 4996 Verona
1926 4941 2045 5005 fuit,

455 5027 566 5080 quo
597 5013 717 5067 loco
738 5030 903 5069 sacrm
935 5014 1098 5083 ipsius
1126 5014 1332 5067 exuvias
1357 5012 1584 5083 adhanc
1605 5012 1743 5066 dicm
1773 5028 2047 5067 asservan-

459 5093 565 5149 tur,
598 5082 871 5151 alteraque
901 5082 983 5138 est
1014 5100 1079 5137 ex
1108 5100 1177 5138 vu
1204 5084 1369 5139 sacris
1403 5082 1556 5137 Urbis
1584 5084 1826 5137 ecclesiis
1850 5083 2045 5151 vulgo:

456 5153 573 5225 San
601 5151 832 5208 Lorenzo
857 5156 991 5225 {uari
1019 5154 1150 5208 delle
1178 5153 1353 5207 Mura.
1378 5152 1515 5220 Quid
1543 5162 1722 5208 autem
1744 5156 1789 5208 si
1811 5151 2049 5225 dicamus

459 5225 530 5275 ob
562 5224 834 5294 Laurentii
858 5223 1133 5294 reliquias
1162 5226 1287 5280 huic
1328 5226 1573 5280 ecclesiae
1617 5225 1912 5294 ascriptum
1952 5223 2050 5279 Da-

458 5308 666 5349 masum
698 5293 901 5349 fusse?

470 5434 508 5488 γ
531 5364 719 5505 (ε))Λ(1
749 5366 890 5420 diem
910 5364 971 5418 2|
1010 5363 1267 5421 Februar.
1300 5366 1473 5437 (Tom.
1500 5364 1619 5432 III,
1645 5382 1767 5435 paq.
1791 5365 1917 5433 245,
1945 5364 2045 5420 Erl.

513 5452 595 5489 en.
634 5476 649 5492 .

513 5452 649 5492 εη.).

531 5507 611 5575 (d)
644 5506 672 5577 ς
703 5504 756 5575 2,
787 5506 854 5561 de
878 5507 1091 5561 Damasi
1117 5507 1421 5572 carminib.,
1465 5522 1588 5577 pag.
1621 5505 1743 5560 Md.
1774 5508 1842 5561 At
1864 5509 1908 5562 si
1935 5524 2051 5573 qua:

461 5579 600 5632 Actis
642 5576 746 5633 illis
775 5577 979 5648 (lrenes
1016 5576 1245 5645 scilicet)
1288 5577 1416 5647 fides
1456 5576 1633 5633 haberi
1660 5587 1852 5648 potest,
1902 5594 2049 5635 nemo

461 5650 757 5716 negaverit,
785 5646 920 5715 'quin
952 5646 1107 5702 lrene
1139 5646 1389 5702 Romanis
1422 5646 1702 5722 virginibus
1731 5651 2051 5704 accensenda

462 5722 544 5773 sit.

524 5812 593 5873 (ε)
616 5809 691 5861 Te
713 5809 955 5862 (instans
979 5826 1127 5867 sonos
1152 5813 1303 5862 nostri
1328 5825 1458 5862 nunc
1482 5813 1625 5862 testis
1647 5813 1841 5864 amoris.

1151 5876 1391 5940 (Damas.,
1412 5875 1458 5924 in
1485 5875 1732 5938 epitaphio
1756 5873 1970 5942 lrenes.)

2146 581 2293 637 enim
2334 598 2401 637 ex
2440 592 2675 653 utroque
2715 600 3053 656 consequens
3101 586 3193 641 fiat
3232 586 3422 643 lrenen
3469 604 3617 648 anno
3645 593 3743 650 de-

2146 688 2290 727 mum
2321 673 2425 729 358
2452 685 2547 730 aut
2572 678 2843 745 sequenti,
2877 678 2930 732 in
2962 678 3136 732 lucem
3167 679 3366 735 editam
3398 678 3598 751 fuisse,
3630 700 3743 755 quo

2146 775 2304 836 pacto
2331 768 2398 822 ad
2427 784 2625 824 annum
2653 768 2779 839 523,
2826 771 3052 826 Romam
3084 774 3286 839 venire,
3335 785 3430 831 aut
3468 793 3615 834 anno
3637 780 3744 835 578

2148 857 2388 912 nondum
2417 860 2660 916 vicennis
2707 878 2740 916 e
2785 862 2921 917 vivis
2949 864 3213 919 excedere
3254 869 3471 936 potuit,
3521 884 3644 925 cum
3672 885 3744 925 eo

2147 955 2390 1016 tempore
2420 957 2627 1004 tantum
2671 967 2779 1007 non
2820 953 3173 1022 sexagenaria
3203 954 3382 1013 futura
3430 962 3617 1015 esset?
3664 962 3745 1017 De

2147 1038 2252 1094 hoc
2282 1049 2461 1096 tamen
2492 1058 2591 1097 nos
2617 1042 2768 1098 alias.

2216 1156 2429 1213 Interea
2458 1174 2586 1214 vero
2616 1175 2721 1215 non
2748 1160 2926 1216 minus
2956 1165 3294 1220 adversarios
3326 1175 3543 1237 torquet
3572 1170 3741 1226 Acto-

2146 1263 2263 1301 rum
2292 1262 2413 1302 cum
2445 1250 2702 1320 epitaphii
2733 1253 3000 1307 sententia
3034 1253 3102 1308 de
3127 1264 3285 1311 rotate
3328 1255 3513 1313 lrenes
3553 1261 3743 1315 conci-

2144 1340 2314 1393 liatio.
2366 1339 2421 1394 Si
2462 1341 2603 1395 enim
2651 1343 2933 1411 utriusque
2984 1345 3348 1401 testimonium
3394 1365 3581 1403 verum
3623 1365 3745 1405 esse

2142 1431 2351 1491 volunt,
2381 1446 2491 1500 quo
2522 1440 2764 1502 tempore
2791 1436 2934 1490 nasci
2957 1435 3113 1491 lrene
3141 1440 3334 1507 potuit,
3366 1440 3418 1493 id
3459 1449 3569 1506 est,
3597 1457 3746 1496 anno

2144 1518 2270 1586 558,
2302 1519 2418 1589 ejus
2446 1537 2510 1575 ac
2539 1521 2754 1578 Damasi
2798 1535 3078 1595 parentes,
3109 1529 3191 1582 sin
3223 1532 3401 1585 minus
3426 1546 3458 1585 e
3488 1532 3626 1586 vivis
3653 1548 3745 1587 su-

2144 1612 2294 1679 blati,
2319 1612 2464 1681 quod
2493 1615 2853 1672 verosimilius
2873 1618 3125 1683 arbitror,
3144 1620 3336 1675 saltem
3367 1622 3418 1675 id
3433 1622 3545 1689 jam
3566 1626 3747 1680 aetatis

2144 1702 2371 1759 fuissent
2390 1721 2495 1774 qua
2524 1706 2705 1763 liberis
2725 1722 2946 1777 operam
2974 1708 3103 1764 dare
3131 1711 3447 1781 prolemque
3465 1715 3747 1783 suscipere

2071 1824 2118 1886 Β
2149 1798 2369 1852 minime
2410 1806 2650 1868 possent.
2696 1800 2801 1854 Sed
2838 1810 2977 1856 esto.
3021 1801 3102 1856 An
3154 1818 3260 1857 non
3288 1804 3368 1858 eis
3414 1805 3747 1861 obstiturum

2146 1899 2289 1947 esset
2318 1892 2584 1951 castitatis
2604 1894 2938 1963 propositum
2957 1937 2973 1961 ,
3006 1895 3149 1957 quod
3176 1911 3243 1951 ex
3275 1912 3369 1951 usu
3410 1896 3620 1953 Latina:
3648 1898 3746 1955 Ec-

2147 1985 2325 2040 clesia:
2356 1987 2719 2041 necessarium
2752 1987 2851 2041 fuit
2879 1997 2938 2043 ut
2967 1996 3121 2059 pater
3158 1990 3304 2046 clero
3334 1993 3700 2048 ascriberctur
3720 1996 3749 2050 '1‘

2147 2075 2251 2130 Aut
2270 2078 2543 2145 quomodo
2568 2077 2825 2133 Damasus
2845 2096 3145 2149 germanam
3172 2098 3403 2137 sororem
3432 2085 3565 2139 totis
3584 2086 3747 2154 quin-

2144 2166 2398 2235 quaginta
2447 2175 2677 2237 quatuor
2731 2168 2918 2234 annis,
2970 2170 3115 2240 quod
3166 2181 3345 2227 tamen
3394 2188 3462 2229 ex
3511 2183 3747 2247 utroque

2145 2255 2448 2320 conficitur,
2479 2256 2882 2325 praecessisset?
2910 2257 3171 2316 Consulto
3196 2260 3371 2331 adjeci
3398 2280 3743 2334 germanam,

2146 2347 2321 2416 qualis
2369 2363 2400 2402 a
2458 2349 2687 2404 Damaso
2737 2350 2891 2405 lrene
2937 2361 3164 2408 vocatur
3217 2353 3327 2426 (e),
3380 2371 3450 2411 ne
3495 2357 3622 2426 quis
3650 2373 3747 2415 eos

2147 2440 2559 2510 consanguineos
2603 2448 2809 2497 tantum
2835 2482 2850 2506 ,
2900 2450 2961 2497 ut
3007 2446 3301 2501 canonista:
3327 2446 3475 2517 loqui
3509 2460 3737 2516 amant,

2149 2546 2255 2586 non
2298 2533 2424 2588 item
2453 2538 2684 2591 uterinos
2712 2537 2940 2605 fratres,
2990 2539 3337 2611 solutumque
3375 2542 3479 2598 hac
3525 2545 3746 2601 ratione

2147 2621 2484 2680 difficultatis
2515 2626 2711 2682 nodum
2743 2636 2914 2697 putet.
2946 2629 3192 2699 Demum,
3225 2634 3269 2687 si
3296 2633 3513 2689 Damasi
3545 2652 3746 2706 parens

2149 2713 2341 2783 aliam,
2392 2718 2574 2786 priore
2613 2734 2783 2774 uxore
2809 2720 3097 2789 defuncta,
3145 2723 3585 2794 subinduxisset,
3638 2744 3747 2799 quo

2148 2814 2310 2875 pacto
2338 2806 2581 2877 digamus
2612 2810 2682 2881 (ι’)
2712 2811 2778 2866 ad
2808 2813 3013 2868 clerum
3044 2815 3305 2873 accedere
3346 2825 3441 2873 aut
3462 2820 3747 2891 presbyter

2149 2911 2388 2967 unquam
2416 2899 2651 2955 ordinari
2682 2904 2992 2972 potuisset?

2219 3008 2435 3081 Optime
2475 3012 2589 3069 haec
2616 3015 2803 3071 eadem
2833 3027 3114 3089 perspecta
3158 3021 3414 3077 Merenda
3442 3064 3457 3090 ,
3511 3034 3572 3080 et
3617 3031 3746 3081 ante

2150 3120 2274 3160 eum
2305 3104 2679 3165 Tillemontius
2717 3110 2984 3177 habuere;
3034 3128 3265 3184 cumque
3306 3116 3626 3172 alterutram
3676 3134 3745 3174 ex

2069 3193 2118 3259 C
2150 3204 2253 3260 illis
2278 3207 2740 3265 cnuntiationibus
2769 3214 3078 3267 necessario
3107 3214 3297 3270 falsam
3329 3231 3451 3272 esse
3492 3219 3745 3287 agnovis-

2149 3308 2291 3366 sent,
2322 3298 2577 3354 adversus
2605 3300 2736 3356 Acta
2758 3306 3207 3372 pronuntiarunt;
3240 3308 3389 3377 prior
3415 3309 3507 3363 ille
3527 3311 3745 3379 quidem

2151 3390 2464 3446 levissimam
2489 3392 2695 3447 illorum
2717 3396 2876 3465 [idem
2902 3397 2957 3451 in
2987 3407 3258 3470 utramque
3286 3410 3487 3471 partem
3515 3417 3640 3457 esse
3664 3402 3745 3456 af-

2152 3482 2372 3539 ﬁrmans
2399 3486 2513 3556 (g);
2561 3488 2829 3556 posterior
2857 3504 3003 3554 veru,
3052 3500 3252 3560 quanta
3282 3508 3344 3549 ea
3390 3504 3557 3562 sunt,
3604 3497 3747 3552 inter

2152 3574 2310 3629 anilia
2342 3585 2646 3632 commenta
2677 3579 2915 3634 referens
2948 3581 3047 3653 (li).
3100 3581 3301 3638 Horum
3330 3601 3432 3641 nos
3461 3586 3670 3643 interea
3699 3591 3743 3645 si

2152 3666 2406 3737 placitum
2458 3668 2610 3737 sequi
2655 3669 2938 3735 volumus,
2989 3673 3240 3741 expedita
3289 3678 3576 3745 responsio
3620 3688 3742 3744 est;

2149 3775 2336 3815 verum
2365 3776 2485 3815 cum
2516 3763 2567 3816 in
2611 3762 2791 3828 Actis‘,
2836 3764 2880 3817 si
2910 3765 3305 3833 prmjudicatam
3351 3768 3590 3838 ipsorum
3623 3786 3743 3825 cum

2150 3851 2426 3920 epitaphio
2455 3853 2843 3908 dissensionem
2875 3854 3080 3921 demas,
3111 3856 3242 3911 nihil
3274 3872 3380 3911 non
3408 3859 3519 3927 jam
3552 3867 3607 3913 et
3638 3861 3740 3914 sibi

2150 3952 2435 4011 constans,
2482 3953 2685 4000 etcum
2734 3946 2850 4002 aliis
2896 3961 3014 4016 qua:
3043 3949 3298 4005 historica
3352 3950 3453 4007 ll-Je
3502 3953 3741 4014 nituntur

2150 4045 2354 4113 optime
2399 4046 2676 4101 coha+rcns
2716 4048 3018 4119 reperiatur
3049 4051 3149 4122 (i),
3200 4063 3463 4121 praeterea
3508 4070 3629 4109 cum
3682 4072 3743 4111 ea

2223 4226 2288 4295 (Π
2324 4222 2529 4278 Nollem
2557 4224 2623 4279 de
2648 4224 2875 4295 digamia
2901 4225 3214 4291 infidelium,
3248 4236 3341 4281 aut
3364 4228 3431 4282 de
3452 4228 3595 4283 binis
3622 4245 3739 4286 suc-

2150 4296 2356 4350 cessive
2374 4298 2571 4367 nuptiis
2592 4312 2621 4349 a
2646 4296 2857 4350 Damasi
2881 4305 3033 4364 patre
3053 4307 3178 4352 ante
3197 4307 3255 4353 et
3276 4308 3397 4367 post
3420 4300 3744 4367 baptismum

2148 4366 2464 4433 contractis,
2482 4367 2624 4421 hunc
2650 4366 2824 4421 locum
2850 4367 2916 4420 ab
2933 4367 3199 4436 aliquibus
3214 4366 3402 4435 acCipi.
3427 4366 3743 4435 Qtiannuaiu

2149 4437 2347 4508 ctenim
2375 4436 2521 4505 ipsis,
2554 4445 2614 4491 ut
2644 4446 2795 4507 puto,
2828 4437 3038 4508 Damasi
3058 4440 3404 4508 temporibus
3428 4441 3661 4507 qumstio
3681 4442 3742 4494 de

2150 4507 2255 4560 hoc
2301 4516 2621 4578 argumento
2662 4507 2997 4578 emersisset;
3049 4506 3381 4578 fuissentque
3419 4506 3615 4577 quibus
3656 4528 3740 4563 nu-

2075 4567 2129 4629 Ι)
2155 4567 2389 4645 ptiarqu
2418 4579 2470 4631 in
2503 4576 2815 4632 inﬁdelitate
2840 4567 3209 4648 multiplicitas
3247 4567 3450 4633 nullani
3481 4581 3740 4648 irregula-

2150 4648 2365 4702 ritatem
2399 4648 2653 4703 inducere
2682 4648 2986 4713 videretur,
3028 4650 3081 4703 in
3115 4664 3219 4716 qua
3249 4652 3518 4704 sententia
3552 4649 3740 4705 llicru-

2151 4734 2343 4789 nymus
2365 4717 2461 4771 fuit
2478 4718 2670 4789 (Epist.
2697 4718 2765 4789 ad
2779 4716 3086 4787 Oceanum).
3108 4718 3328 4773 Siricius
3352 4729 3529 4773 tamen
3548 4736 3667 4773 eam
3688 4723 3737 4774 Ii.

2151 4788 2514 4860 tentdiremit,
2538 4790 2675 4842 idem
2693 4788 2761 4842 de
2782 4789 2981 4860 nuptiis
3003 4791 3253 4843 omnibus
3268 4797 3531 4849 statuens.
3548 4790 3723 4860 (Epist

2150 4859 2217 4912 ad
2246 4858 2455 4929 "inter.
2475 4859 2716 4926 Tarrac.,
2735 4875 2848 4929 cap.
2868 4859 2951 4918 lt),
2978 4860 3066 4928 ll)
3088 4870 3142 4913 et
3161 4860 3359 4913 clarius
3381 4870 3501 4929 post
3525 4858 3649 4915 eum
3672 4861 3735 4916 In

2150 4928 2462 5002 nocentiusl
2478 4928 2755 5002 (Epistad
2777 4929 3074 5002 l’ictricium
3091 4928 3427 5002 Ilo_tlzontag.,
3448 4949 3563 5001 cup.
3584 4931 3636 4989 6.
3654 4950 3722 5001 ap

2150 4998 2449 5067 Labbamm,
2473 4997 2597 5053 tam.
2626 4997 2743 5065 III,
2766 4999 2896 5053 Coll.
2924 5016 3095 5066 conc.,
3129 4999 3270 5054 Edit.
3307 4997 3638 5067 l'énct.,col.
3669 4997 3722 5067 9)

2224 5092 2316 5163 (g)
2334 5090 2585 5163 Merenda
2619 5090 2721 5161 (De
2748 5090 2969 5145 Damasi
2999 5092 3243 5163 carmin.,
3298 5091 3326 5163 ς
3360 5091 3446 5154 Η,
3480 5109 3625 5163 nam.
3658 5091 3724 5142 13

2149 5159 2445 5232 pag—(Hi).
2479 5162 2586 5219 Sed
2621 5159 2865 5216 Actorum
2893 5163 3101 5215 illorum
3134 5159 3336 5231 (lrcnrs
3358 5204 3372 5225 ,
3404 5162 3662 5230 scilicet),
3692 5178 3724 5212 n

2151 5249 2324 5286 verum
2348 5235 2534 5303 fatear,
2567 5233 2824 5287 Ierissima
2862 5247 3073 5303 prorsus
3100 5244 3273 5285 utram
3306 5234 3360 5286 in
3391 5242 3594 5302 partem
3622 5233 3730 5284 veli.-

2151 5308 2436 5358 auctoritas
2462 5313 2557 5358 est.

2224 5396 2301 5465 (Ir)
2341 5396 2649 5451 Tillemont.
2696 5394 2875 5465 (Tom.
2914 5392 3076 5460 νιιι,
3120 5412 3242 5464 pag.
3275 5394 3400 5461 7T5,
3451 5395 3504 5446 in
3548 5392 3702 5452 Net.)

2150 5464 2299 5521 Ainsi
2327 5477 2454 5520 cette
2497 5468 2634 5533 piéce
2664 5467 2816 5531 (Acta
2862 5464 3043 5519 lrenes
3084 5466 3192 5519 inte
3216 5466 3351 5533 ligit)
3399 5474 3519 5532 pent
3562 5480 3727 5516 mcon

2150 5540 2256 5592 étre
2286 5538 2411 5591 mise
2439 5546 2580 5591 entre
2610 5538 2759 5589 cellas
2785 5536 2871 5605 qui
2896 5535 3111 5606 rendent
3137 5535 3191 5588 la
3220 5536 3292 5606 [oi
3316 5536 3404 5589 des
3440 5534 3726 5605 Espagnoti

2154 5610 2257 5680 fort
2284 5616 2517 5677 suspecta
2537 5623 2600 5661 en
2630 5606 2842 5660 matiére
2870 5605 3156 5659 d'histoire.

2225 5704 2287 5774 (i)
2322 5702 2620 5774 Exaggerat
2648 5701 2872 5771 quidem
2903 5699 3277 5774 Tillemontius
3320 5701 3581 5774 Actorum
3615 5698 3719 5769 styl

2152 5771 2476 5829 barbariem.
2491 5773 2606 5827 Non
2627 5782 2802 5827 tamen
2820 5783 2940 5826 sunt
2955 5772 3093 5826 adeo
3104 5780 3325 5840 utputat
3348 5771 3616 5829 informia:
3642 5784 3723 5823 net

2153 5846 2199 5903 si
2219 5853 2420 5913 essent,
2446 5846 2681 5917 ipsorum
2697 5852 2986 5918 propterea
3009 5841 3142 5901 ﬁdes
3169 5842 3378 5899 infirma
3398 5842 3711 5898 redderetur
