4014 6368
295 371 404 428 573

1201 364 1649 423 DISSEIKTATIO
1692 366 1780 422 DE
1824 368 2104 426 DAMASO
2139 369 2230 425 ΕΤ
2266 370 2682 429 LAURENTIO.

3477 383 3583 441 574

293 481 503 538 clariss.
538 488 751 538 nostras
778 479 1015 536 Thomas
1057 477 1125 534 de
1156 476 1386 535 Herrera
1423 470 1849 547 Augustinianus’
1867 520 1885 545 ,
1918 490 1962 545 Α
1990 479 2043 534 in
2072 481 2393 550 virginitatis
2440 486 2721 555 proposito
2768 500 3125 560 permanens,
3165 500 3331 564 atque
3381 496 3586 556 indies

292 572 382 628 cui
412 572 465 626 in
496 586 555 627 re
585 570 710 626 facti
743 571 899 627 [idem
926 571 1186 641 derogare
1216 569 1364 625 nefas
1391 578 1565 636 esset,
1597 585 1660 626 ex
1694 586 1887 642 perve-

293 673 445 719 tusto
489 664 828 736 Hispaniensi
869 663 1255 735 Martyrologio
1279 664 1486 719 eruisse
1517 671 1745 718 testetur
1772 663 1883 734 (α),

289 759 397 812 alia
446 759 595 828 prius
643 759 825 813 omnia
863 756 1094 825 experiri
1126 757 1386 826 oportuit,
1434 770 1595 825 quam
1625 756 1882 812 Actorum

288 850 491 903 veritas
515 850 566 904 iu
592 849 901 905 universum
929 848 1320 904 traduceretur.
1349 849 1524 917 Atque
1545 862 1645 917 ego
1665 849 1883 918 quidem

288 940 531 1011 ipsorum
580 958 838 1008 causam,
897 942 1088 997 saltem
1141 941 1321 1010 qualia
1373 940 1644 1013 Tamayus
1701 950 1885 996 noster

285 1034 560 1103 evulgavit
589 1033 700 1106 (ὁ),
751 1033 899 1089 nullo
927 1042 1088 1104 pacto
1133 1032 1387 1087 tuendam
1432 1034 1484 1086 in
1526 1048 1612 1088 me
1642 1033 1879 1102 recipio;

285 1128 398 1182 imo
430 1143 496 1183 ex
523 1128 687 1198 hujus
716 1129 973 1194 auctoris,
1006 1128 1333 1198 emteroquin
1359 1127 1690 1191 doctissimi,
1733 1127 1879 1195 inge-

284 1222 399 1285 nio,
430 1232 592 1292 atque
621 1239 688 1277 ex
718 1223 1018 1291 argumenti
1064 1221 1494 1292 importunitate,
1524 1222 1880 1276 vehementer

280 1313 531 1381 suspicor
580 1312 794 1367 Damasi
853 1313 1081 1383 patriam
1132 1325 1412 1381 genusque
1467 1311 1568 1365 sub
1622 1310 1878 1364 Actorum

280 1404 495 1459 initium
520 1404 841 1474 interpolata
871 1418 1011 1458 esse.
1045 1402 1121 1457 De
1143 1403 1244 1457 hoc
1276 1411 1453 1457 tamen
1485 1402 1572 1455 alii
1613 1400 1872 1470 judicent.

355 1515 489 1569 [llud
520 1514 651 1569 mihi
680 1524 834 1569 extra
863 1514 1290 1569 controversiam
1313 1514 1527 1568 videtur
1555 1514 1811 1583 positum,
1830 1514 1875 1568 si

276 1606 450 1661 semel
496 1606 831 1661 admittimus
878 1604 1063 1660 lrenes
1108 1605 1443 1674 epitaphium
1494 1621 1601 1659 non
1647 1606 1715 1661 ab
1767 1606 1875 1661 alio

273 1712 442 1765 quam
464 1696 532 1750 ab
557 1698 817 1751 Actorum
847 1696 1111 1766 scriptore
1140 1696 1241 1749 sub
1271 1694 1509 1763 ipsorum
1541 1692 1700 1749 linem
1731 1695 1876 1749 addis

275 1798 393 1843 tum
429 1790 628 1855 fuisse,
682 1789 842 1859 longe
894 1804 1016 1844 eum
1062 1788 1275 1844 diverso
1324 1803 1389 1842 ac
1434 1788 1592 1857 vulgo
1636 1788 1874 1843 creditur

1986 569 2275 639 proficiens
2300 574 2605 643 inducatur,
2634 592 2756 632 cum
2802 578 3067 638 Damasus
3105 588 3446 646 renuntiatus
3478 594 3579 648 luit

1984 662 2226 731 pontifex
2253 706 2268 730 ,
2298 681 2404 735 qua
2433 669 2647 723 ratione
2673 669 2968 728 credidisse
2994 675 3171 743 potuit
3200 676 3414 734 illorum
3443 683 3578 737 scri-

1984 763 2107 824 ptor
2129 770 2249 810 eam
2293 758 2528 813 nondum
2557 761 2873 829 vicennem,
2906 778 3050 821 anno
3082 768 3424 835 pontificatus
3468 772 3576 827 Da-

1982 846 2117 899 masi
2145 846 2214 900 l2
2236 848 2376 903 diem
2401 850 2616 914 obiisse,
2650 852 2750 906 nisi
2774 854 2929 908 simul
2951 858 3200 913 crederet
3227 868 3352 915 ante
3372 876 3573 919 annum

1982 945 2233 991 octavum
2282 940 2603 1007 virginitatis
2643 953 2826 997 votum
2869 946 3150 1013 emisisse,
3197 965 3372 1022 eaque
3412 964 3574 1010 mtate

1980 1040 2345 1102 nuncupatum
2376 1034 2475 1103 ipsi
2501 1050 2531 1089 a
2564 1036 2728 1092 fratre
2757 1037 2988 1095 Damaso
3018 1040 3256 1098 libellum
3284 1045 3351 1099 de
3377 1048 3570 1103 eodem

1979 1128 2334 1192 argumento?
2381 1126 2623 1197 Denique
2648 1144 2839 1186 versus
2868 1133 3272 1202 epigrammatis
3312 1138 3472 1204 alter,
3518 1141 3572 1195 in

1980 1232 2087 1286 quo
2117 1216 2375 1273 Damasus
2402 1220 2630 1275 doluisse
2676 1222 2727 1276 in
2757 1225 2961 1279 sororis
2987 1224 3156 1291 obitu,
3191 1229 3409 1297 fatetur,
3441 1247 3571 1285 con-

1979 1310 2141 1362 sortia
2168 1311 2380 1378 perdere
2423 1313 2579 1378 vitw,
2627 1317 2758 1369 satis
2807 1315 3007 1369 indicat
3050 1332 3114 1371 ea
3163 1319 3380 1373 demum
3410 1329 3572 1378 mtate

1976 1397 2166 1455 lrenen
2195 1400 2393 1456 obiisse
2422 1416 2524 1471 qua
2552 1444 2567 1469 ,
2618 1404 2775 1472 pracd.
2799 1404 2995 1461 functis
3022 1408 3301 1477 utriusque
3332 1413 3570 1479 parenti-

1977 1495 2097 1561 bus,
2131 1511 2293 1550 unum
2334 1496 2565 1552 Damaso
2591 1499 2884 1567 repositum
2911 1510 3029 1554 erat
3066 1501 3118 1554 in
3154 1502 3321 1571 ipsius
3344 1519 3573 1560 conver-

1975 1590 2184 1644 satione
2213 1590 2462 1645 solatium
2495 1633 2510 1657 ,
2562 1591 2611 1645 id
2642 1590 2786 1660 quod
2815 1600 3041 1660 utroque
3084 1592 3134 1646 in
3165 1595 3375 1649 senium
3414 1596 3573 1651 incli-

1977 1690 2137 1735 nante
2167 1682 2459 1750 contigisse
2508 1683 2869 1737 verosimilius
2899 1690 2998 1737 est.
3048 1682 3155 1737 Nos
3193 1692 3371 1737 tamen
3395 1727 3410 1749 ,
3453 1688 3570 1756 epi-

1973 1783 2269 1840 grammate
2312 1772 2391 1844 (d)
2446 1784 2607 1842 prout
2666 1773 2719 1827 in
2766 1774 2916 1828 calce
2968 1773 3228 1827 Actorum
3281 1776 3570 1832 exhibetur

271 1898 438 1937 εεηευ
482 1897 693 1937 versum
720 1882 988 1952 quintum,
1029 1896 1137 1949 quo
1182 1880 1365 1935 lrenes
1402 1890 1533 1935 mlas
1562 1879 1866 1946 indicatur,
1905 1862 1945 1920 Β
1972 1862 2271 1932 descripto,
2299 1863 2581 1932 integrum
2614 1862 2684 1917 de
2732 1878 2795 1918 ea
2843 1878 2903 1918 re
2952 1863 3245 1921 ιςοιοτὼηε
3285 1866 3564 1922 arbitrium

269 1973 626 2030 intellexisse.
656 1974 921 2029 Merenda:
946 1973 1164 2044 quidem
1195 1988 1259 2028 ac
1287 1972 1636 2027 Tillemontio
1686 1988 1753 2027 ex
1783 1987 1869 2027 re-

274 2074 442 2135 cepto
462 2105 480 2131 ,
525 2065 601 2120 uti
631 2065 883 2131 arbitror,
913 2063 1258 2136 designanda!
1286 2063 1461 2119 aetatis
1492 2062 1545 2118 in
1586 2063 1869 2132 epitaphiis

269 2172 455 2223 more,
510 2157 641 2211 nihil
687 2157 926 2227 scrupuli
983 2156 1263 2212 subortum
1308 2154 1475 2209 luisse
1519 2153 1736 2209 videtur
1769 2155 1863 2227 (c),

268 2249 403 2318 quin
438 2258 644 2305 tractus
671 2248 746 2303 bis
775 2250 937 2303 denas
968 2249 1156 2303 hiemes
1186 2248 1375 2302 nedum
1401 2246 1737 2317 compleverat
1760 2286 1775 2311 ,
1809 2253 1869 2302 ut

266 2340 325 2395 in
356 2357 424 2397 eo
464 2357 622 2414 quem
672 2342 904 2397 diximus
932 2355 1089 2396 versu
1133 2340 1359 2409 legitur,
1410 2338 1478 2394 ad
1526 2355 1729 2394 annum
1756 2354 1866 2409 quo

265 2433 451 2489 vivere
489 2433 644 2489 lrene
680 2432 840 2488 desiit
888 2429 1202 2487 referendus
1240 2431 1343 2494 sit;
1394 2430 1538 2500 quod
1589 2438 1645 2485 et
1690 2430 1864 2499 ipsum

264 2523 400 2577 mihi
429 2538 550 2579 cum
580 2523 752 2594 primo
782 2538 905 2578 eum
935 2536 1149 2577 versum
1176 2521 1411 2591 legerem
1457 2520 1726 2576 accidisse
1755 2536 1863 2576 non

266 2614 534 2682 diﬂiteor;
584 2630 772 2670 verum
804 2614 891 2669 ubi
921 2612 1246 2669 sententiam
1294 2612 1425 2666 satis
1463 2626 1561 2681 per
1605 2626 1665 2667 se
1692 2611 1864 2666 ambi-

265 2719 445 2773 guam,
475 2714 550 2770 et,
581 2705 626 2759 si
651 2705 704 2759 in
733 2718 800 2760 eo
827 2718 989 2760 sensu
1015 2702 1336 2772 accipiatar,
1368 2717 1477 2757 non
1517 2716 1624 2757 uno
1654 2702 1707 2756 iu
1739 2702 1862 2758 loco

264 2797 414 2853 Actis
444 2813 564 2868 qua:
591 2799 754 2855 modo
777 2805 1162 2869 praecesserant
1198 2810 1231 2851 e
1276 2795 1497 2864 regione
1534 2796 1860 2851 contrariam

264 2887 612 2961 deprehendo
632 2929 648 2956 ,
689 2888 847 2945 facile
876 2886 1184 2959 persuaderi
1216 2901 1407 2957 passus
1448 2901 1569 2942 sum
1598 2886 1861 2942 Actorum

263 2982 581 3050 scriptorem
612 2996 730 3038 eam
760 2981 1041 3053 periodum
1070 2995 1178 3036 non
1207 2978 1275 3033 ad
1318 2979 1492 3033 attatis
1520 2994 1719 3033 annum
1749 2993 1859 3047 quo

262 3072 416 3129 [rene
434 3074 685 3142 decessit,
714 3074 813 3131 sed
835 3090 941 3145 quo
972 3089 1068 3145 per
1088 3074 1411 3145 virginitatis
1435 3083 1619 3129 votum
1643 3073 1859 3130 Christo

260 3182 320 3223 se
347 3167 544 3224 dicavit
571 3169 822 3225 retulisse
849 3186 863 3237 ;
894 3170 1047 3239 quasi
1076 3166 1381 3238 signiﬁcare
1410 3168 1567 3223 nobis
1594 3166 1856 3223 voluisset

259 3258 519 3316 Damasus
546 3261 737 3316 [renen
768 3261 820 3317 in
866 3261 985 3333 ipso
1008 3261 1242 3332 juventa:
1269 3259 1406 3317 ﬂore
1448 3259 1710 3330 virginem
1740 3259 1854 3314 Deo

257 3360 629 3407 consecratam
657 3353 845 3409 luisse.

330 3464 474 3521 Sane
499 3480 623 3522 cum
652 3468 697 3524 is
720 3468 871 3524 locus
899 3468 1334 3538 antiquariorum
1367 3466 1502 3522 vitio
1534 3476 1850 3545 corruptus,

257 3562 314 3609 et
359 3559 627 3614 sententia
657 3559 1041 3630 implexissima
1086 3561 1197 3625 sit,
1227 3574 1325 3614 cur
1350 3559 1530 3629 potius
1574 3557 1642 3613 de
1671 3556 1855 3612 lrenes

257 3654 433 3700 morte
459 3662 619 3716 quam
642 3649 709 3703 de
736 3650 935 3706 emisso
963 3664 1061 3720 per
1087 3650 1256 3720 ipsam
1281 3660 1411 3705 voto
1441 3649 1615 3719 accipi
1637 3636 1863 3716 debeat,

257 3750 479 3804 prorsus
504 3753 610 3793 non
640 3739 833 3806 video;
863 3754 987 3796 cum
1016 3756 1047 3796 e
1074 3742 1351 3796 contrario
1382 3742 1549 3795 multa
1578 3757 1677 3796 nos
1700 3742 1855 3796 indu-

257 3835 385 3880 cant
401 3836 459 3881 ut
478 3844 600 3883 eum
625 3830 677 3884 iu
700 3832 1001 3900 posteriore
1023 3816 1187 3887 sensu
1218 3832 1284 3887 ab
1307 3830 1567 3888 Actorum
1590 3834 1857 3904 scriptore

257 3927 570 3987 usurpatum
602 3929 868 3990 putemus.
901 3922 1021 3989 Quo
1050 3924 1193 3978 enim
1224 3924 1314 3978 ille
1343 3932 1525 3994 pacto,
1570 3924 1614 3978 si
1656 3928 1721 3977 ad
1755 3924 1854 3977 im-

257 4015 524 4062 maturam
568 4008 751 4065 Irenes
798 4021 1026 4066 mortem
1061 4015 1331 4081 respexit,
1377 4014 1711 4083 epitaphium
1743 4028 1853 4081 quo

256 4095 511 4153 Actorum
560 4102 758 4156 veritas
810 4104 1150 4173 apertissime
1208 4114 1656 4174 oppugnaretur,
1712 4104 1855 4159 illico

257 4200 381 4261 post
407 4192 536 4248 Acta
566 4195 925 4253 subdidisset?
969 4196 1233 4253 Praeterea
1272 4213 1392 4253 cum
1426 4197 1480 4252 in
1526 4196 1675 4252 Actis
1702 4195 1856 4251 lrene

330 4392 405 4463 (ιι)
416 4392 520 4466 Ap.
535 4391 636 4447 PP.
656 4394 924 4466 Bolland.,
937 4396 1003 4450 ad
1021 4395 1162 4451 diem
1176 4393 1239 4449 2i
1266 4394 1523 4450 Februar.
1547 4391 1756 4466 (TomJ
1764 4392 1788 4446 I
1796 4390 1845 4459 1,

253 4463 1170 4549 maesestea-.u-

328 4534 404 4601 (ὁ)
438 4534 589 4600 Apud
620 4536 769 4590 608d.
803 4534 1074 4604 Bolland.,
1101 4536 1230 4591 ibid.

328 4605 399 4672 (c)
436 4603 584 4661 Loco
612 4607 854 4675 proxime
883 4608 1131 4677 allegato.

327 4696 405 4767 (d)
439 4697 541 4766 Ap.
574 4694 681 4754 PP.
705 4697 950 4754 Bolland.
984 4696 1281 4770 (21Febr.,
1316 4709 1438 4753 tom.
1473 4697 1592 4765 III,
1615 4716 1668 4768 p.
1693 4696 1841 4771 245):

377 4787 484 4852 ﬂoc
504 4791 688 4840 tumulo
710 4798 897 4839 sacrata
921 4790 1029 4840 Deo
1047 4804 1177 4839 nunc
1199 4793 1417 4840 membra
1441 4794 1720 4852 quiescunt.

376 4849 471 4914 llic
491 4864 627 4901 soror
653 4862 730 4904 est
751 4854 941 4903 Damasi
964 4868 977 4901 :
1007 4866 1186 4902 nomen
1208 4856 1246 4901 si
1268 4849 1471 4914 quaeris,
1496 4852 1661 4902 lreue.

379 4911 595 4976 Yoverat
619 4916 726 4965 haec
744 4928 858 4964 sese
883 4915 1072 4964 Christo
1094 4928 1201 4964 cum
1228 4911 1323 4963 vita
1349 4911 1594 4976 maneret,

380 4974 596 5035 Virginis
621 4986 673 5026 ut
695 4978 922 5026 meritum
946 4983 1145 5026 sanctus
1166 4978 1319 5036 pudor
1344 4979 1446 5036 ipse
1473 4974 1719 5036 probaret.

378 5037 460 5089 Bis
485 5053 634 5089 uenas
658 5052 828 5087 uiculis
849 5052 1043 5088 secutis:
1067 5052 1399 5088 conrasvenn
1425 5051 1572 5099 mas,

377 5101 619 5161 Fgregios
641 5115 804 5149 mores
834 5102 943 5150 vitae
970 5108 1290 5163 praeessent
1311 5109 1448 5150 aetas.

383 5164 687 5222 Propositum
710 5167 907 5219 tuentis,
940 5166 1097 5224 pietas
1118 5166 1394 5212 veneranda
1423 5162 1596 5222 inelite

380 5224 658 5284 Magnillcus
679 5224 860 5272 fructus
880 5229 1084 5273 dederat
1108 5226 1393 5274 melioribus
1413 5228 1563 5275 anuis.

376 5288 450 5337 Te
476 5286 685 5348 [Forsan
712 5298 729 5336 :
760 5286 897 5349 lia'c]
922 5300 1155 5349 germana
1181 5300 1337 5348 soror,
1369 5289 1518 5336 nostri
1549 5298 1675 5349 nunc
1700 5284 1844 5333 testis

1605 5362 1782 5395 amoris

376 5412 493 5459 Cum
520 5408 712 5473 fugeret
741 5410 971 5459 mundum
995 5410 1201 5459 dederat
1226 5412 1339 5459 mihi
1362 5412 1538 5473 pignus
1562 5347 1839 5458 litiitigiiism.

379 5478 520 5531 Quen
546 5472 831 5531 (Surorum,
861 5473 1034 5534 Quam]
1055 5474 1146 5521 sibi
1167 5487 1274 5522 cum
1299 5480 1499 5593 rapcrtit
1532 5474 1703 5542 melior
1728 5480 1842 5578 Itum:

1485 5547 1623 5593 regia
1648 5549 1723 5581 mi
1746 5549 1776 5591 ι,

1485 5547 1623 5591 regia
1648 5547 1776 5591 enin,

1498 5550 1505 5558 '
1581 5549 1591 5579 Ι
1648 5549 1673 5579 ('
1714 5549 1754 5578 ‘ll

377 5598 479 5646 Non
503 5612 632 5647 rium
652 5598 931 5657 [Samum
951 5597 1129 5659 timuit]
1151 5604 1355 5646 mortem
1373 5549 1776 5717 Cwiiilsegtizgﬁjlii
1791 5609 1840 5644 ru

1604 5670 1626 5704 ³
1764 5689 1777 5704 ο

1604 5659 1777 5706 adiret.

375 5721 474 5769 SPli
499 5736 635 5771 Dl‘LUI
660 5734 837 5772 νιτεοι
861 5734 1115 5769 CONSORTIA
1139 5735 1222 5768 PER
1233 5735 1357 5768 DBRB
1377 5733 1498 5767 VITE
1521 5730 1534 5765 ἶ

379 5784 514 5832 Nunc
543 5788 773 5834 venit-nte
797 5783 901 5831 Deo
928 5787 1076 5831 nostri
1102 5784 1438 5839 reminiscere.
1464 5784 1599 5843 \‘it‘go

378 5847 434 5912 ljlt
463 5848 720 5921 (Sanam.
742 5884 755 5909 ,
783 5846 864 5908 ω]
892 5859 970 5895 tua
999 5859 1088 5907 per
1108 5845 1362 5895 Dominum
1398 5851 1601 5953 prastet'
1625 5845 1740 5894 mihi
1765 5852 1838 5894 ra-

1444 5921 1569 5953 ,ρυιίι
1608 5921 1776 5953 umen.

1444 5921 1569 5966 ίςυιίι
1590 5921 1776 5959 lumen.

1970 1952 2348 2021 permittimus,
2381 1952 2448 2006 ad
2478 1953 2695 2023 propria
2725 1952 3031 2009 redeuntes.

2044 2065 2217 2121 Unum
2250 2068 2269 2138 (
2293 2067 2435 2139 quod
2472 2068 2657 2124 nescio
2686 2084 2754 2123 an
2790 2084 2820 2123 a
2850 2068 3103 2124 Merenda
3132 2070 3562 2127 animadversum

1967 2156 2059 2227 sit)
2091 2156 2339 2213 Romano
2362 2159 2529 2229 patris
2557 2158 2768 2213 Damasi
2800 2174 2865 2214 ex
2890 2158 3145 2229 lliSpania
3176 2160 3372 2227 itineri,
3400 2170 3567 2232 utque

1967 2264 2137 2304 novus
2165 2250 2327 2305 homo
2355 2250 2409 2304 in
2441 2250 2645 2305 clerum
2676 2265 2707 2304 e
2743 2250 2971 2320 vestigio
2995 2260 3367 2321 cooptaretur,
3400 2267 3565 2322 uego-

1966 2339 2098 2394 tium
2122 2340 2277 2396 nobis
2301 2342 2626 2411 qualequale
2645 2340 2826 2397 facere
2848 2350 3049 2411 potest,
3073 2358 3245 2397 canon
3267 2343 3474 2399 scilicet
3494 2343 3565 2396 24

1964 2430 2276 2487 Eliberilani
2334 2433 2590 2500 concilii,
2621 2448 2731 2502 quo
2760 2434 3068 2503 praccipitur
3099 2432 3168 2504 (ε)
3200 2450 3287 2488 eos
3316 2435 3402 2511 qui
3428 2451 3568 2503 pereo

1963 2541 2057 2595 gre
2081 2524 2328 2595 baptizati
2358 2525 2573 2595 fuerint,
2618 2540 2677 2578 eo
2720 2523 2856 2593 quod
2884 2539 3061 2577 eorum
3105 2524 3315 2577 minime
3356 2525 3565 2593 cognita

1961 2615 2031 2669 sit
2057 2613 2161 2668 rita
2184 2654 2200 2679 ,
2246 2614 2317 2667 ad
2343 2615 2535 2668 clerum
2586 2631 2689 2669 non
2719 2630 2830 2668 esse
2872 2614 3244 2684 promovendos
3272 2616 3327 2668 in
3371 2615 3561 2668 alienis

1960 2708 2258 2778 provinciis.
2300 2707 2447 2764 Idem
2479 2722 2586 2762 non
2617 2708 2788 2761 multo
2815 2716 2937 2777 post
2978 2723 3009 2761 a
3054 2706 3314 2763 Silvestre
3340 2721 3477 2776 papa
3506 2708 3557 2760 in

1960 2801 2191 2856 concilio
2220 2800 2466 2856 Romano
2489 2808 2706 2854 cautum
2736 2799 2899 2855 fuisse
2928 2798 3229 2854 Gratianus
3254 2798 3421 2854 refert
3450 2801 3553 2869 (ως

1959 2901 2122 2962 atque
2147 2893 2331 2948 itidem
2351 2908 2382 2947 a
2401 2891 2812 2959 Carthaginiensi
2835 2908 2906 2957 iv,
2929 2905 3140 2947 canone
3164 2889 3237 2944 2i
3267 2890 3556 2959 repetitum

1960 2985 2207 3039 novimus
2228 2984 2332 3055 (g).
2366 2983 2482 3038 lmo
2511 2984 2580 3038 ob
2610 2982 2918 3051 frequentes
2945 2980 3363 3036 Maniclimorum
3406 2979 3553 3032 frau-

1957 3076 2073 3142 des,
2104 3086 2293 3132 auctor
2321 3076 2441 3130 libri
2473 3074 2802 3130 Pontilicalis
2827 3073 2896 3127 ab
2924 3072 3209 3128 Anastasio
3235 3070 3254 3125 Ι
3285 3071 3554 3126 constitu-

1959 3174 2073 3221 tum
2099 3161 2263 3221 ftiisse
2290 3166 2364 3220 ait
2388 3165 2486 3238 (lt),
2517 3173 2576 3220 ut
2595 3165 2740 3219 nulla
2764 3163 2965 3218 ratione
2995 3164 3379 3218 transmarinus
3401 3164 3555 3217 homo

1959 3260 2012 3312 in
2041 3263 2234 3310 clerum
2263 3256 2641 3323 admitteretur,
2670 3254 2770 3309 nisi
2796 3256 3017 3325 quinque
3054 3254 3409 3324 episwporunt
3443 3253 3553 3305 clri-

1958 3352 2219 3422 rographa
2241 3349 2555 3421 designaret.

2028 3471 2225 3525 Verum
2254 3484 2374 3526 cum
2402 3469 2591 3523 harum
2619 3466 2860 3523 omnium
2883 3464 3330 3521 constitutionum
3352 3476 3552 3534 scopus

1956 3565 2002 3621 is
2031 3572 2208 3630 esset,
2264 3579 2331 3618 ne
2376 3562 2528 3633 cujus
2555 3562 2664 3616 vita
2699 3561 3151 3629 conversatioque
3190 3576 3297 3613 non
3328 3559 3554 3613 fuissent

1956 3659 2267 3728 explorate,
2289 3658 2582 3713 secundum
2613 3654 2762 3710 Pauli
2794 3655 3035 3718 effatum,
3066 3655 3214 3709 clero
3241 3654 3548 3709 ascribere-

1960 3756 2063 3812 tur,
2092 3748 2269 3819 potuit
2295 3747 2580 3802 commode
2612 3746 2821 3799 Damasi
2858 3754 3030 3814 pater,
3074 3752 3167 3797 aut
3203 3740 3551 3796 commenda-

1960 3839 2088 3893 titiis
2117 3836 2493 3908 episcoporum
2526 3836 2719 3891 litteris
2742 3877 2756 3901 ,
2806 3844 2894 3888 aut
2942 3834 3044 3889 lide
3081 3833 3365 3900 dignorum
3400 3830 3549 3887 testi-

1957 3931 2151 3984 moniis
2178 3937 2441 3983 anteacta:
2469 3930 2591 3983 vitm
2638 3928 2978 3982 honestatem
3006 3924 3365 3993 comprobare
3388 3940 3403 3989 ;
3456 3931 3550 3976 aut

1957 4022 2170 4076 demum
2199 4022 2252 4075 in
2281 4029 2635 4091 exceptoratu
2661 4019 2988 4075 constitutus
3016 4018 3067 4071 id
3095 4015 3236 4084 fidei,
3266 4013 3550 4085 probitatis

1956 4114 2339 4183 industriaeque
2362 4113 2636 4183 specimen
2661 4113 2922 4183 praebere,
2953 4110 3096 4181 quod
3127 4109 3226 4179 ipsi
3257 4107 3548 4163 absolutis-

1954 4207 2102 4260 sima:
2125 4205 2457 4276 probationis
2486 4205 2656 4259 instar
2680 4214 2844 4260 esset.
2875 4202 3086 4257 Damast
3113 4199 3182 4255 ad
3215 4201 3325 4254 htcc
3350 4199 3542 4270 pietas,

2021 4408 2077 4463 Si
2128 4406 2338 4463 Damasi
2383 4415 2621 4462 mentem
2648 4404 2891 4459 divinare
2940 4403 3129 4467 liceat,
3180 4397 3543 4452 existimarem

1949 4480 2090 4535 binis
2110 4481 2410 4548 quibusque
2432 4478 2674 4531 versibus
2693 4474 2929 4548 singulas
2957 4475 3008 4548 i_n
3035 4472 3137 4525 hoc
3154 4470 3544 4548 epigrauuuate

2027 4534 2208 4605 riodos
2248 4534 2473 4614 absolvi,
2506 4558 2562 4600 ut
2592 4534 3013 4614 scnsusvprioris
3055 4534 3257 4614 periodi
3289 4539 3359 4592 sit
3392 4555 3415 4614 :_
3441 4534 3544 4614 llic

1995 4566 2020 4604 e

1956 4567 2208 4621 periodos
2248 4567 2473 4614 ausum,
2506 4567 2562 4600 ιιι
2592 4567 2779 4601 δριιδυδ
2820 4567 3013 4613 111⁷101⁷15
3056 4567 3257 4610 purum!
3289 4567 3359 4592 δη
3392 4577 3403 4587 .
3441 4567 3543 4617 μιν

1883 4600 1934 4659 Ῐ)
1959 4621 2227 4703 requiescit
2272 4618 2427 4672 Irene
2471 4617 2687 4703 Damasi
2723 4632 2889 4703 sortita
2931 4611 3192 4703 secunda:

1950 4678 2043 4761 qui
2091 4697 2391 4759 sequuntur
2431 4688 2672 4761 versibus
2712 4704 2726 4738 :
2789 4684 3005 4761 Voverat
3050 4683 3158 4735 Ita’c
3199 4695 3311 4761 sese
3338 4678 3542 4730 Christo

1949 4754 2093 4832 uirgo
2132 4754 2396 4832 perpetua,
2424 4759 2617 4832 pudore
2654 4765 2890 4810 sanctum
2919 4754 3030 4823 ejus
3058 4754 3374 4832 propositum
3402 4764 3541 4801 com-

1986 4821 2463 4895 ro'bantefTertim,
2508 4829 2696 4893 quinto
2736 4833 2791 4878 et
2835 4821 2990 4878 sexto
3020 4821 3262 4899 versibus
3286 4833 3538 4899 compre-

1969 4917 2169 4957 iensm:
2212 4900 2312 4954 Vix
2356 4886 2475 4952 dum
2505 4886 2731 4951 cicennis
2771 4905 2903 4959 erat,
2951 4903 3002 4947 et
3047 4890 3265 4961 egregiis
3309 4886 3536 4941 moribus

1948 4983 2153 5027 a'tatem
2181 4970 2477 5040 superabat.
2512 4969 2726 5041 Quartae
2754 4981 2935 5041 porro,
2961 4963 3192 5041 septimo
3219 4969 3274 5013 et
3295 4968 3489 5041 necavi)
3513 4975 3530 5012 :

1949 5029 2283 5111 Propositum
2328 5050 2376 5093 et
2429 5029 2594 5112 pietas
2637 5029 2863 5112 _virgiuis
2915 5029 3221 5112 tiwgriiﬁcos
3267 5029 3536 5112 ediderant

1948 5099 2145 5184 {rarius
2175 5115 2227 5166 in
2250 5099 2466 5184 juvenili
2497 5099 2943 5184 ejusdcm'tctate;
2976 5099 3052 5158 sic
3079 5099 3401 5184 enimverba
3425 5099 3536 5180 illa,

1946 5173 2415 5239 melioribns'annis
2439 5173 2837 5246 iutérpretanda
2859 5190 3075 5230 censeo.
3101 5173 3359 5246 [dantem
3384 5173 3534 5246 miri-

1947 5255 2045 5308 lice
2074 5254 2375 5316 confirmat,
2401 5240 2595 5305 lreueii
2630 5265 2735 5302 non
2766 5248 3045 5300 virennem
3089 5244 3308 5309 abiisse,
3347 5240 3441 5296 sed
3469 5255 3533 5294 ea

1943 5335 2102 5380 nitate
2134 5324 2449 5390 virginitatis
2484 5330 2668 5374 votum
2692 5318 2954 5373 emisisse.
2989 5318 3195 5371 Caetera
3224 5330 3332 5369 non
3364 5326 3535 5380 usque

1944 5397 2080 5451 adeo
2104 5396 2332 5465 implexa
2361 5403 2503 5446 sunt.

2016 5487 2086 5559 (σι)
2116 5488 2214 5559 Ap;
2244 5485 2434 5559 Labb,
2463 5492 2482 5536 t
2521 5499 2594 5559 in».
2624 5481 2665 5559 _l,
2694 5480 2829 5535 Coll.
2858 5479 3076 5559 conci-E,
3102 5475 3357 5559 rol.__995_.
3423 5547 3434 5558 .

2112 5547 2242 5624 (lup.
2278 5547 2497 5629 Nullas,
2518 5553 2753 5629 9§dist._,
2796 5567 2880 5620 ap.
2910 5548 3167 5629 c|._lj‘_erd.
3195 5547 3527 5601 Mendozium

1944 5620 2300 5699 (delati/irin.
2334 5626 2516 5699 coact].
2547 5622 2809 5699 libuerit?
2834 5639 2950 5699 ran.
2975 5620 3087 5699 2i).

2014 5700 2090 5770 ('g)
2121 5688 2221 5767 Ap.
2252 5697 2431 5751 eumd.
2456 5695 2614 5770 lj‘erd.
2648 5693 2985 5749 Mendozium
3012 5688 3098 5744 (de
3126 5688 3375 5758 Conﬁrm.
3405 5705 3529 5743 con-

1941 5765 2282 5834 εἱΙῘΕίέὺήειν,
2314 5784 2427 5831 (ιη).
2704 5836 2716 5839 Α
2781 5834 2793 5839 _
3031 5835 3034 5839 ν

2014 5843 2090 5913 (Ιι)
2131 5840 2186 5913 In
2225 5828 2510 5913 Anastasio
2530 5828 2589 5913 'l_._
2609 5846 2664 5891 et
2704 5834 2861 5913 hujus
2892 5829 3161 5913 pontificis
3201 5828 3427 5913 cpistola
3461 5828 3527 5884 ad

1940 5900 2126 5974 omnes
2148 5911 2448 5968 Germania:
2475 5918 2525 5964 ct
2557 5900 2826 5978 Burgund.
2854 5900 3157 5976 episcopos.
3189 5900 3306 5975 cap.
3338 5900 3390 5956 ‘2.
