4014 6368
456 319 559 376 579

1260 318 1585 375 ADDENDA
1628 319 1719 374 AD
1756 319 2087 388 QUOSDAM
2130 321 2653 385 PRECEDENTES
2692 325 2943 384 TUMOS.

3640 338 3745 399 580

444 435 681 490 omnium
727 433 848 490 loco
894 432 1210 494 retulimus.
1243 442 1373 515 aetas
1410 434 1634 503 diesque
1682 435 2036 505 depositionis
2065 440 2113 497 Α
2141 435 2467 494 Blanchinus
2516 439 2748 495 initiales
2794 441 3003 498 litteras
3049 444 3151 499 sub
3187 444 3593 515 epigrammatis
3641 451 3743 508 ini-

444 526 736 597 Projectaz,
769 527 1080 583 consulatus
1122 528 1249 582 item
1281 514 1618 584 Merobaudis
1660 538 1716 584 ct
1760 529 2035 585 Saturnini

444 618 556 686 (qui
585 616 881 674 secundum
905 616 1171 671 Merendae
1193 617 1630 686 supputationem
1654 618 1732 688 (α)
1764 618 1816 672 in
1838 634 2037 673 annum

443 708 632 764 incidit
684 707 1025 778 pontiﬁcatus
1075 707 1288 762 Damasi
1349 706 1434 776 l7)
1486 709 1843 765 minutissime
1896 710 2038 768 desi-

439 811 690 871 gnentur,
737 802 1057 858 crediderim
1107 804 1223 871 ejus
1268 805 1446 873 potius
1483 820 1645 874 quam
1681 806 1855 876 Vigilii
1905 817 2040 862 tem-

441 911 575 967 pore
631 895 888 951 marmori
938 896 1164 950 incisum
1220 895 1424 962 fuisse;
1472 908 1634 966 atque
1678 899 1814 954 adeo
1863 899 2036 969 ipsum

441 997 743 1058 caeteraque
774 1005 800 1042 a
833 989 988 1043 nobis
1036 989 1262 1043 adducta
1288 1029 1303 1053 ,
1338 1005 1405 1045 ex
1448 992 1842 1061 antiquioribus
1872 1008 1900 1047 a
1934 994 2037 1048 Da-

443 1093 595 1133 maso
626 1079 946 1147 conscriptis
972 1121 986 1142 ,
1018 1088 1182 1148 atque
1227 1081 1423 1136 erectis
1462 1083 1822 1136 monumentis
1849 1084 2038 1137 arche-

440 1179 566 1241 typa
592 1172 744 1226 nobis
772 1187 1071 1241 superesse.
1106 1172 1291 1242 Neque
1329 1175 1469 1228 enim
1491 1174 1748 1230 credibile
1776 1187 1859 1230 est
1887 1192 2037 1231 men-

440 1263 576 1316 sium
631 1261 986 1332 dierumque,
1032 1263 1228 1331 quibus
1269 1262 1512 1332 Projecta
1564 1264 1732 1326 vixit,
1785 1265 2038 1319 minutias

438 1351 615 1423 Vigilii
646 1360 892 1422 tempore
923 1354 976 1407 in
1007 1361 1294 1407 numerato
1343 1353 1622 1408 habendas
1646 1397 1658 1418 ,
1693 1364 1749 1408 ut
1778 1357 1894 1424 ejus
1921 1357 2037 1424 epi-

437 1445 622 1514 taphio
646 1454 753 1497 tam
779 1452 1031 1499 accurate
1054 1444 1461 1499 adnotarentur.
1496 1444 1762 1501 Prteterea
1786 1442 2035 1515 Vigilium

436 1546 734 1607 martyrum
786 1545 991 1590 tantum
1041 1536 1289 1604 sepulcra
1337 1551 1627 1592 renovasse
1682 1554 1749 1593 ex
1804 1539 2036 1594 aztducto

434 1628 603 1697 ipsius
659 1628 1050 1697 epigrammate
1102 1627 1312 1696 liquet;
1370 1628 1456 1681 cui
1511 1630 1675 1684 tuatui
1730 1630 1914 1685 nescio
1967 1646 2035 1684 an

435 1715 679 1787 Projecta
711 1719 797 1771 illa
825 1760 839 1785 ,
880 1718 966 1772 cui
998 1717 1228 1784 elogium
1261 1719 1589 1783 inscribitur,
1628 1720 2031 1776 adnumeranda

2144 532 2275 587 tium
2297 543 2642 590 occurrentes
2666 536 2769 591 hoc
2791 538 2953 591 modo
2976 538 3360 609 interpretatus
3384 551 3466 597 est
3495 562 3507 596 :
3539 543 3743 601 Titulus

2139 623 2192 676 in
2221 621 2412 677 Christi
2441 627 2669 691 nomine,
2711 634 2816 681 etc.
2860 625 3197 685 Posteriores
3222 646 3355 686 vero
3397 633 3641 701 ejusdem
3664 639 3740 692 si—

2139 714 2253 782 glas
2306 733 2321 768 :
2365 715 2523 771 Nona
2576 718 2784 789 regione
2834 720 3128 774 dedicatam
3180 722 3471 792 Septembri
3523 745 3736 797 mense,

2141 805 2367 863 Sanctus
2418 809 2658 879 Paulus,
2708 812 2933 869 Sanctus
2986 814 3194 871 Petrus.
3228 815 3486 873 Merenda
3535 831 3737 889 tamen,

2138 898 2305 964 quiet
2333 899 2449 966 ipse
2470 899 2876 970 inscriptionem
2905 902 3061 958 allert
3091 906 3184 975 (e),
3216 906 3318 960 alia
3342 908 3425 961 via
3458 908 3736 979 incedens,

2139 990 2212 1042 ita
2242 990 2473 1060 explicat
2498 1009 2509 1043 :
2534 1002 2798 1057 noratam,
2827 997 3098 1066 refectam,
3129 999 3357 1052 dicatam
3385 1009 3568 1056 sancto
3599 1021 3740 1059 mr-

2140 1082 2261 1150 lyri,
2279 1096 2397 1149 qua:
2418 1083 2548 1138 mihi
2570 1085 2946 1155 interpretatio
2971 1089 3183 1157 planior
3196 1098 3357 1159 atque
3378 1096 3743 1163 opportunior

2138 1173 2368 1229 videtur.
2397 1173 2453 1229 ld
2485 1185 2663 1231 tamen
2695 1179 2785 1233 alii
2810 1178 3076 1247 judicent.

2209 1264 2473 1321 Cmterum
2500 1268 2643 1336 quod
2691 1270 2852 1339 paulo
2889 1280 3016 1326 ante
3042 1271 3296 1327 Merenda
3342 1289 3441 1329 nos
3482 1275 3739 1333 admonet

2138 1356 2290 1409 venia
2321 1357 2526 1412 scilicet
2555 1373 2660 1412 non
2696 1374 2882 1415 carere
2928 1360 3247 1427 Damasum,
3297 1363 3415 1417 licet
3455 1365 3739 1435 aliquando

2137 1443 2192 1497 in
2216 1447 2457 1499 metricas
2479 1447 2615 1519 leges
2642 1465 2855 1519 peccare
2879 1450 3124 1506 videatur
3142 1453 3236 1523 (ι’),
3263 1455 3462 1511 nollem
3484 1458 3738 1525 equidem

2141 1536 2213 1590 ita
2251 1551 2282 1591 a
2330 1538 2626 1595 lectoribus
2649 1542 2856 1611 accipi,
2903 1544 3056 1612 quasi
3086 1544 3299 1609 menda,
3332 1546 3485 1615 queis
3535 1548 3737 1617 passim

2140 1628 2353 1685 Damasi
2383 1633 2767 1701 epigrammata
2796 1642 3026 1700 scatent,
3067 1635 3121 1690 in
3150 1646 3426 1693 auctorem
3454 1639 3739 1696 referenda

2141 1721 2269 1777 sint.
2302 1722 2705 1779 Delormaverat
2731 1741 2794 1780 ea
2825 1726 3035 1795 pridem
3079 1728 3423 1785 librariorum
3468 1732 3739 1802 imperitia

432 1811 524 1864 sit.
571 1810 890 1880 Scriptionis
935 1809 1165 1878 denique
1209 1822 1411 1877 genus,
1444 1810 1486 1863 si
1532 1810 1661 1880 quid
1700 1825 1801 1878 ego
1838 1810 1996 1866 video
2020 1864 2035 1885 ,
2074 1801 2115 1857 Β
2144 1822 2307 1882 atque
2330 1816 2719 1887 ‘exemplorum
2765 1818 3067 1885 crebritas;
3117 1821 3241 1876 dein
3283 1801 3739 1893 typographornm

438 1901 650 1956 Damasi
678 1911 891 1957 aetatem
917 1918 1021 1957 non
1051 1903 1278 1972 respuit.
1321 1902 1398 1957 De
1426 1902 1511 1957 his
1542 1912 1720 1957 tamen
1751 1903 2038 1958 Lectorum

434 1993 720 2047 arbitrium
754 2001 893 2047 esto.

512 2082 839 2136 Blancliinus
868 2081 1066 2136 Senior
1092 2096 1158 2137 ex
1197 2080 1440 2137 collectis
1475 2082 1604 2136 olim
1643 2097 1673 2136 a
1715 2081 1903 2138 Fulvio
1931 2080 2036 2137 Ur-

431 2188 553 2227 smo
581 2174 853 2227 veteribus
897 2173 1336 2242 inscriptionibus
1358 2210 1375 2239 ,
1405 2172 1564 2226 aliam
1611 2172 1767 2227 nobis
1818 2173 2037 2227 exhibet

433 2263 646 2319 Damasi
660 2282 853 2319 nomen
877 2265 1265 2337 pncferentem,
1284 2267 1335 2321 in
1356 2280 1459 2335 qua
1472 2265 1883 2321 basilicmsancti
1898 2265 2037 2319 Lau-

433 2356 592 2409 rentii
623 2356 674 2409 in
705 2356 936 2410 Damaso
967 2357 1430 2412 consecrationem
1454 2397 1472 2422 ,
1514 2355 1582 2410 ab
1622 2355 1815 2410 eodem
1843 2365 2034 2410 sancto

434 2446 689 2515 pontilice
740 2455 1012 2515 peractam
1059 2446 1352 2512 contineri,
1394 2447 1559 2517 idque
1599 2444 2033 2513 antiquissimum

433 2538 677 2593 fortassis
724 2538 880 2606 hujus
930 2538 1281 2593 ecclesiastici
1336 2538 1471 2594 ritus
1521 2536 1812 2607 genuinum
1865 2535 2034 2591 docu-

432 2637 669 2682 mentum
737 2644 856 2684 esse
924 2626 1176 2683 afﬁrmat.
1250 2624 1383 2684 Eam
1438 2628 1676 2699 primum
1738 2626 2033 2682 Alexandri

430 2718 490 2774 S.
522 2718 588 2773 ll.
619 2714 677 2773 E.
708 2718 994 2774 cardinalis
1038 2719 1281 2775 Farnesii
1334 2718 1654 2774 liberalitate
1700 2718 1771 2774 ab
1814 2718 2033 2774 interitu

430 2811 779 2874 vindicatum,
811 2811 1008 2866 deinde
1048 2810 1378 2867 serenissimi
1420 2809 1693 2867 Francisci
1745 2812 1950 2866 Parma:
1977 2818 2033 2866 et

430 2903 717 2960 Placentie
761 2905 915 2960 ducis
957 2905 1112 2975 jussu
1165 2905 1235 2961 ad
1281 2919 1407 2959 ann.
1465 2904 1605 2958 1718
1641 2920 1766 2960 cum
1813 2906 1933 2961 aliis
1978 2905 2031 2959 in

429 2994 667 3064 ejusdem
716 2996 922 3064 palatio
967 2995 1034 3050 ad
1067 2993 1327 3064 Campum
1372 2993 1546 3050 Flora:
1588 2994 1864 3051 illustriori
1910 2995 2031 3050 loco

429 3086 743 3156 repositam.
787 3086 1111 3141 Blanchinus
1139 3087 1333 3158 saepius
1361 3085 1557 3140 vidisse
1587 3093 1833 3140 testatur.
1864 3084 2030 3139 Nobis

430 3186 649 3245 tamen,
676 3178 870 3247 quibus
907 3178 1020 3246 jam
1061 3178 1271 3249 pridem
1309 3178 1493 3232 animo
1520 3176 1791 3232 insederat
1815 3192 1933 3232 eam
1963 3192 2031 3231 ex
2059 3167 2107 3234 C

433 3258 771 3337 autographo
818 3276 1228 3338 reprzesentare,
1270 3267 1356 3322 vel
1401 3274 1526 3337 post
1566 3266 1914 3337 multiplicem
1945 3266 2031 3321 in-

437 3362 583 3416 timae
618 3361 809 3415 domus
849 3359 1219 3415 excussionem
1270 3368 1454 3416 nostra
1494 3368 1551 3415 et
1584 3359 1883 3414 amicorum
1911 3358 2035 3413 dili-

432 3453 612 3523 gentia
630 3459 902 3522 pcractam
925 3452 1027 3523 (ιι),
1044 3452 1403 3521 lustratasque
1422 3451 1730 3522 singulatim
1755 3449 2029 3505 Fulviame

442 3544 852 3615 discriptionum
898 3554 1141 3600 veterum
1179 3544 1529 3601 Collectionis
1576 3544 1860 3615 reliquias,
1912 3560 2033 3615 qua:

440 3636 638 3692 ibidem
692 3636 745 3690 in
791 3636 1001 3693 scriniis
1049 3645 1391 3693 asservantur
1423 3637 1517 3707 (c),
1568 3652 1676 3692 non
1729 3637 1876 3692 licuit
1915 3653 2035 3692 esse

434 3736 545 3782 tam
573 3728 764 3784 beatis.
806 3728 1112 3799 Exiguitate
1156 3744 1251 3785 sua
1304 3737 1498 3784 tectam
1538 3738 1826 3800 putamus,
1853 3737 2032 3784 crusta

432 3821 600 3889 enim,
630 3830 689 3876 ut
716 3821 1041 3878 Blanchinus
1067 3822 1278 3888 asserit,
1304 3837 1607 3879 marmorea
1639 3822 2034 3893 semipalmaris

430 3918 537 3965 est.
580 3910 709 3965 Eam
755 3927 919 3980 ergo,
960 3913 1176 3983 quando
1224 3914 1364 3967 ultra
1412 3930 1519 3969 non
1566 3913 1745 3977 datur,
1794 3914 2035 3970 sistimus

431 4001 648 4070 qualem
678 4003 723 4059 is
752 4012 941 4059 auctor
967 4006 1208 4061 secunde
1239 4006 1359 4060 loco
1388 4005 1611 4075 protulit
1642 4005 1743 4076 (tl).

759 4129 832 4189 τι.
870 4129 915 4189 l.
956 4092 1038 4191 Si.
1080 4131 1152 4191 N.
1183 4130 1350 4190 EGO
1385 4131 1685 4192 (lAMASl

764 4244 858 4305 vs
905 4209 1067 4303 vuii
1112 4244 1336 4305 noun
1390 4214 1526 4304 aiis
1575 4246 1677 4305 AN

759 4361 805 4422 c
869 4324 1108 4420 (toni?
1173 4326 1621 4421 Cossorum

760 4437 1135 4575 Μικὸ-δ.
1158 4472 1325 4535 M.s.
1358 4473 1563 4536 PA.S.
1589 4475 1680 4535 re

627 4599 920 4663 Martyribus
941 4598 1301 4663 quondamrite
1332 4606 1514 4647 sacrata
1543 4600 1653 4661 piis.

561 4664 695 4724 Quos
717 4658 1015 4712 monstrante
1038 4660 1147 4711 Deo
1170 4658 1404 4709 Damasus
1425 4663 1517 4724 sibi
1538 4658 1656 4723 papa
1693 4662 1919 4723 probatos

623 4728 802 4775 Araxe
822 4726 1009 4773 monuit
1028 4736 1238 4772 canatur:
1256 4726 1367 4780 jure
1393 4723 1504 4771 coli.

566 4786 663 4849 Sel
690 4787 838 4849 periit.
860 4787 1030 4849 titulus
1051 4784 1298 4833 confracm
1323 4798 1563 4849 tltatmurP
1589 4792 1784 4849 sanctus

623 4847 729 4900 Nec
753 4857 917 4896 tamen
939 4848 1016 4896 his
1039 4849 1215 4895 lterum
1244 4857 1385 4905 posse
1414 4847 1570 4895 latere
1597 4848 1701 4894 fuit.

569 4910 737 4961 Diruta
764 4908 967 4970 Vigilius
991 4922 1095 4970 nam
1118 4918 1223 4968 post
1247 4909 1349 4954 haec.
1374 4921 1493 4968 papa
1518 4912 1796 4966 genuset-us

626 4969 857 5020 Hostibus
880 4969 1097 5031 expulsis
1120 4983 1251 5017 oua:
1275 4984 1479 5017 aovm'r
1501 4983 1635 5018 oens.

515 5052 593 5122 la)
622 5051 753 5121 Cap.
783 5050 873 5115 22,
903 5059 1033 5120 pag.”
1061 5048 1182 5104 119.

514 5119 590 5192 (b)
633 5119 857 5192 Egregie
880 5119 1071 5192 nos'ea
1087 5123 1149 5192 in
1178 5137 1237 5175 re
1255 5119 1391 5192 jnvit
1421 5119 1488 5174 cl.
1515 5120 1659 5192 civis,
1685 5129 1847 5189 atque
1872 5121 2035 5177 amici

443 5189 613 5249 noett'i
642 5190 713 5246 D.
744 5189 1000 5244 Jaacltinti
1046 5189 1313 5244 Ibunnezii
1359 5190 1554 5245 Carolo
1604 5190 1905 5259 lliSpauiar.
1952 5194 2035 5244 iu-

444 5263 576 5318 lanti
602 5271 653 5318 et
687 5261 964 5328 utriusque
992 5260 1187 5315 Sicilia:
1213 5261 1321 5328 regi
1353 5263 1404 5315 in
1448 5259 1686 5314 ﬂuuiana
1716 5262 1980 5330 legatione
2006 5277 2037 5316 a

445 5333 671 5389 secretis
715 5330 1019 5398 diligentia;
1067 5331 1217 5398 cujus
1263 5347 1426 5399 opera
1475 5330 1725 5385 ell'vclum
1779 5340 1833 5384 ut
1884 5333 2038 5386 nobis

445 5402 897 5472 amplissimarum
957 5400 1151 5454 aedium
1223 5402 1401 5455 abdita
1463 5416 1816 5470 recessusque
1867 5402 2037 5455 intimi

485 5480 719 5529 alerent.

448 5492 889 5615 Paigieiii'hinuit
908 5556 1000 5615 eas
1022 5540 1175 5615 nobis
1200 5542 1602 5615 ρετιιυιητιρῖιοτ
1616 5539 1893 5615 Α³⁰ξκθη¹ἓ¹¹δ
1913 5541 2039 5596 “Si

447 5611 790 5671 Farticsianm
819 5612 1165 5678 supellectilis
1201 5620 1402 5672 custos,
1446 5612 1657 5665 Guarda
1695 5611 1920 5666 liebbiim
1947 5629 2042 5667 vo-

449 5696 591 5750 cant,
623 5685 714 5755 qui
747 5682 955 5755 Veteris
971 5692 1020 5734 et
1044 5697 1184 5736 nora’
1214 5680 1367 5755 Urbis
1395 5683 1725 5755 admiranda,
1761 5698 1790 5735 x
1823 5684 2042 5748 majoris

454 5750 1022 5811 torium—voluminibus
1050 5754 1438 5823 comprehensa
1480 5753 1790 5824 propediem
1821 5755 2040 5808 evuloa-

460 5836 610 5883 Illqu
638 5834 740 5883 est.

2059 4532 2109 4592 υ

2144 1903 2349 1959 incuria
2396 1914 2479 1959 tot
2527 1907 2658 1975 ipsis
2695 1908 2879 1978 plagas
2905 1909 3108 1977 intulit,
3138 1920 3195 1966 ut
3225 1912 3279 1966 in
3308 1913 3578 1982 aliquibus
3603 1914 3741 1969 locis

2140 1996 2230 2049 vix
2256 1994 2468 2050 Damasi
2496 2006 2732 2053 mentem
2758 2000 3069 2069 conjectura
3097 2004 3312 2071 assequi
3335 2003 3515 2069 liceat,
3543 2004 3596 2058 in
3624 2004 3742 2059 aliis

2141 2100 2269 2139 vero
2292 2101 2361 2141 ne
2383 2086 2623 2142 divinare
2642 2088 2862 2157 quidem
2891 2089 3047 2145 facile
3066 2091 3136 2145 sit
3162 2108 3174 2144 :
3210 2099 3358 2146 tanta
3384 2101 3467 2146 est
3498 2092 3741 2163 ipsorum

2138 2175 2457 2231 obscuritas.
2489 2176 2600 2233 Nec
2636 2179 2940 2234 mirandum
2977 2180 3024 2235 si
3051 2180 3311 2237 Damasus
3355 2180 3599 2238 fovenda:
3638 2199 3741 2253 po-

2139 2266 2264 2332 tius,
2286 2267 2371 2322 vel
2395 2267 2521 2322 dum
2547 2282 2732 2325 versus
2765 2278 3041 2341 pangeret,
3072 2271 3308 2327 tldelium
3337 2271 3550 2342 pietati,
3574 2287 3740 2342 quam

2134 2357 2459 2429 syllabarum
2489 2359 2686 2415 rationi
2735 2360 3013 2429 intentior,
3060 2361 3311 2417 metricas
3357 2362 3553 2417 alicubi
3594 2363 3740 2432 leges

2135 2464 2325 2521 parum
2372 2451 2680 2517 curaverit;
2724 2450 2777 2505 id
2824 2452 2965 2506 enim
3011 2452 3064 2507 in
3100 2452 3371 2507 eommuni
3418 2452 3602 2508 szeculi
3630 2468 3739 2523 quo

2136 2538 2317 2595 lloruit
2368 2536 2488 2596 labe
2537 2541 2802 2597 scientem
2852 2543 3189 2611 neglexisse,
3224 2543 3396 2613 magis
3437 2558 3601 2612 quam
3647 2558 3740 2600 eas

2135 2633 2390 2687 minutias
2441 2631 2721 2701 ignorasse
2758 2632 3014 2688 credibile
3056 2643 3159 2688 est.
3210 2631 3355 2690 Sane
3386 2632 3737 2699 Prudentius,

2137 2722 2349 2779 Damasi
2384 2722 2497 2778 fere
2529 2727 2859 2801 σύγχρονπ,
2891 2724 2979 2779 cui
3018 2738 3179 2779 nemo
3209 2724 3392 2779 eximii
3421 2734 3596 2795 poeta:
3625 2725 3737 2780 lau-

2133 2813 2258 2868 dem
2303 2813 2563 2869 hactenus
2608 2800 2824 2880 invidit,
2865 2814 2997 2869 nihil
3041 2824 3281 2870 moratur
3320 2825 3505 2882 metro,
3537 2824 3597 2872 ut
3624 2816 3739 2886 ipse

2134 2905 2231 2972 ait,
2244 2913 2488 2959 renuente
2504 2904 2780 2961 Saturnini
2804 2919 3000 2961 nomen
3022 2905 3281 2977 sapphico
3299 2907 3476 2962 versui
3499 2906 3739 2963 inserere

2133 2995 2371 3051 subdens
2404 2995 2480 3067 (g)
2516 3014 2528 3049 :

2477 3087 2715 3151 carminis
2738 3085 2880 3151 leges
2902 3100 3041 3151 amor
3060 3100 3324 3139 aureorum

2476 3149 2733 3199 Nominum
2759 3149 2893 3211 parvi
2919 3150 3139 3200 facit.....

2211 3230 2387 3288 Licuit
2428 3231 2535 3287 hoc
2581 3230 2849 3286 interdum
2878 3229 3075 3286 nedum
3106 3229 3371 3300 sequioris
3407 3230 3531 3296 teri,
3560 3231 3657 3287 sed
3686 3239 3738 3287 et

2135 3324 2327 3397 priscis
2351 3324 2477 3391 illis,
2497 3337 2635 3393 quos
2653 3324 2822 3377 celatis
2846 3338 3020 3377 aurea:
3049 3330 3238 3392 poetas
3264 3322 3463 3392 passim
3493 3323 3737 3393 appella-

2138 3430 2281 3483 mus,
2303 3428 2612 3484 quanquam
2639 3413 2693 3467 in
2720 3426 2787 3467 eo
2816 3427 2925 3467 non
2954 3410 3226 3478 laudandi,
3259 3413 3542 3482 multoque
3565 3412 3737 3466 minus

2136 3506 2361 3562 mitandi
2386 3506 2513 3559 sint.
2559 3503 2669 3559 Nec
2711 3505 2826 3559 scio
2855 3518 2923 3564 an
2951 3502 3150 3574 sapius
3179 3503 3369 3559 eadem
3396 3503 3737 3560 oberraverit

2135 3596 2339 3652 chorda
2365 3595 2640 3649 Damasus.
2686 3593 2744 3648 lu
2777 3594 2858 3649 his
2884 3602 3033 3651 certe
3058 3609 3197 3664 quos
3224 3595 3549 3666 archetypos
3578 3610 3643 3649 ex
3672 3609 3735 3649 eo

2136 3704 2323 3743 versus
2354 3688 2662 3755 attulimus,
2703 3688 2749 3741 si
2776 3687 3072 3743 secundum
3102 3701 3171 3742 ex
3197 3686 3421 3755 Agnetis
3464 3687 3733 3757 epigram-

2138 3787 2301 3844 mate,
2331 3778 2649 3848 dempseris,
2684 3777 2865 3846 (quem
2895 3787 3075 3831 tamen
3117 3777 3271 3834 initio
3299 3778 3548 3832 mutilum
3575 3788 3631 3833 et
3658 3793 3737 3834 re-

2136 3877 2324 3924 center
2350 3868 2656 3936 suppletum
2685 3868 2938 3936 diximus)
2981 3867 3113 3922 nihil
3146 3867 3259 3936 jam
3289 3867 3405 3923 fore
3432 3876 3569 3938 puto
3594 3867 3737 3937 quod

2136 3962 2221 4015 vel
2252 3960 2535 4029 Scioppius
2575 3959 2696 4028 jure
2734 3960 3111 4028 reprehendat.
3154 3959 3418 4015 Pmterea
3447 3960 3735 4016 Damasum

2137 4052 2345 4123 elegans
2369 4053 2421 4104 in
2445 4068 2541 4105 ver.
2556 4051 2671 4104 ibus
2693 4051 2977 4123 pangendis
2997 4052 3259 4123 ingenium
3277 4050 3531 4113 habuisse,
3548 4049 3737 4105 Hiero-

2138 4143 2282 4214 nymi
2302 4182 2317 4208 ,
2345 4143 2437 4212 qui
2466 4144 2667 4213 optime
2695 4144 2869 4212 ipsum
2914 4150 3159 4211 noverat,
3186 4144 3492 4198 testimonio
3516 4144 3595 4215 (Ii)
3636 4146 3737 4199 sci-

2139 4249 2286 4299 mus;
2332 4236 2383 4288 in
2406 4232 2562 4288 Actis
2594 4249 2721 4288 vero
2759 4235 3012 4304 politiore
3035 4236 3089 4288 in
3118 4243 3335 4302 utraque
3360 4234 3540 4306 lingua
3568 4236 3735 4289 scien-

2140 4329 2209 4381 tia
2232 4328 2313 4399 (i),
2339 4329 2388 4381 id
2416 4340 2518 4393 est,
2545 4327 2715 4380 Attica
2737 4338 2784 4380 et
2806 4326 3041 4382 Romana
3063 4328 3311 4399 facundia
3332 4328 3602 4397 pra-ditus,
3628 4344 3735 4382 non

2137 4433 2298 4475 secus
2319 4427 2481 4488 atque
2507 4418 2574 4472 ab
2598 4417 2820 4473 Horatio
2844 4418 3104 4473 Mrecenas
3126 4419 3205 4489 (j)
3234 4418 3458 4486 dicitur;
3497 4428 3559 4474 ut
3587 4435 3736 4475 vero-

2210 4597 2287 4667 (d)
2328 4594 2509 4651 Primo
2548 4596 2762 4665 quidem
2802 4598 2946 4654 hunc
2983 4598 3213 4668 lapidem
3254 4598 3585 4653 Blanchinus
3622 4598 3734 4652 edi-

2135 4667 2289 4722 derat
2333 4668 2384 4721 in
2425 4668 2737 4737 przclatione
2776 4669 2906 4723 tomi
2937 4668 2955 4721 l
2986 4667 3254 4723 Anastasii
3299 4669 3731 4733 Bibliothecarii,

2140 4755 2283 4792 num.
2318 4738 2419 4800 35;
2464 4747 2649 4807 postea
2683 4754 2810 4793 vero
2857 4741 3097 4793 nonnihil
3139 4740 3480 4794 immutatum
3528 4740 3735 4794 recudit

2140 4818 2270 4862 tom.
2296 4808 2534 4877 ejusdem
2559 4808 2738 4878 aperis
2760 4807 2847 4873 Ill,
2869 4820 3004 4863 sect.
3029 4807 3118 4876 Pii,
3137 4812 3188 4862 in
3213 4810 3468 4872 Damaso,
3496 4824 3619 4877 pag.
3644 4809 3731 4864 54.

2138 4878 2211 4933 Ex
2240 4894 2346 4943 quo
2377 4879 2499 4933 loco
2528 4879 2775 4948 superius
2804 4878 3111 4947 exemplum
3150 4880 3381 4933 mutuati
3419 4885 3627 4935 sumus.

2212 4950 2280 5035 ge?
2437 4949 2505 5035 d‘e
2534 4948 2747 5035 Darnoas‘i
2777 4949 3020 5035 cperim,
3043 4965 3166 5030 pag.
3199 4948 3324 5029 145.

2211 5017 2279 5090 (ί)
2320 5017 2431 5090 Sub
2463 5019 2620 5073 linem
2651 5020 2677 5089 §
2705 5019 2741 5071 2
2767 5017 2842 5090 de
2864 5017 3424 5090 Damasicartninib"
3451 5032 3577 5090 pag.
3613 5019 3732 5075 144.

2210 5086 2614 5214 ggghln‘hiymno
2655 5086 2729 5144 de
2770 5086 2868 5143 SS.
2898 5104 3005 5144 χιιι
3050 5087 3177 5143 MM.
3208 5086 3734 5159 Catsarau'gustanis.

2140 5171 2348 5217 Sll'uDh.
2395 5171 2484 5212 41.

2213 5179 2576 5303 USHDeqiiiris
2605 5228 2852 5303 illustrib.
2876 5246 2896 5303 7:
2940 5228 3203 5287 Damasus
3224 5272 3240 5295 ,
3285 5230 3461 5301 inquit
3481 5270 3497 5295 ,
3528 5232 3732 5303 elegans

2139 5301 2192 5355 in
2224 5300 2454 5373 uersibus
2473 5301 2841 5373 componendis
2867 5302 3130 5373 ingenium
3160 5302 3356 5355 habuit.

2212 5372 2277 5441 (i)
2318 5370 2453 5427 Acta
2499 5371 2711 5426 Damasi
2756 5386 2824 5441 ex
2867 5370 2967 5426 ms.
3000 5372 3132 5427 Cod.
3177 5372 3731 5427 archiv.‘canonicor.

2141 5440 2310 5497 saneti
2356 5442 2520 5503 Petri,
2553 5457 2583 5496 a
2614 5441 2769 5495 Mart.
2798 5440 3092 5498 Sarazanio
3130 5444 3375 5510 evulgata
3398 5481 3414 5505 ,
3456 5457 3580 5511 pag.
3630 5441 3729 5493 ἃς

2142 5512 2313 5567 Porrd
2344 5511 2578 5566 Liberius
2618 5512 2740 5565 dum
2781 5513 2835 5567 in
2875 5514 3114 5568 exsilium
3158 5514 3427 5566 duceretur
3453 5512 3729 5565 Damasum

2144 5599 2437 5638 ELEGANTIS
2484 5598 2533 5637 IN
2584 5598 2831 5647 uramur:
2887 5600 3074 5639 uacua
3122 5599 3446 5641 saeuum...
3495 5584 3548 5635 in
3606 5580 3727 5636 Urbe

2143 5655 2392 5707 vicarium
2421 5654 2714 5723 dereliquit.

2217 5745 2289 5816 (j)
2321 5744 2533 5809 Horat.,
2557 5744 2650 5800 lih.
2678 5762 2751 5813 ιιι,
2779 5746 2865 5802 od.
2891 5745 2945 5810 8,
2966 5747 3030 5801 ad
3055 5744 3421 5809 Maecenatem,
3443 5745 3648 5814 stroph.
3676 5741 3723 5793 Ξ.

2452 5832 2608 5886 Docte
2626 5849 2881 5888 srrrnoncs
2906 5839 3159 5899 utriusque
3185 5837 3379 5897 lingua‘.
