4014 6368
282 372 382 427 ϋ81

1177 358 1624 417 ΒΙΒΞΕΙΠΑῊΟ
1669 359 1756 413 DE
1800 360 2078 416 DAMASO
2122 361 2209 415 ET
2254 361 2670 417 LAURENTIO.

3454 371 3561 427 58:!

279 484 456 539 simi'e
505 479 661 535 fuerit
706 474 1098 533 sanctissimum
1156 472 1461 542 pontificem
1512 471 1869 538 amoeniores,
1898 476 1946 532 Α
1976 471 2199 526 rationis
2228 474 2483 539 metricae,
2516 474 2693 528 forsan
2734 482 2787 528 et
2827 474 2997 533 Latini
3029 482 3312 547 sermonis,
3347 482 3562 553 ignarus

279 587 468 628 sacras
496 581 695 636 tamen,
728 567 903 622 Musas
928 582 1033 620 non
1063 564 1354 633 vnlgariter
1378 561 1698 617 excoluisse.

352 684 460 741 Sed
503 685 617 739 haec
658 682 819 753 paulo
847 679 1180 749 generaliora
1219 677 1560 732 videbuntur.
1592 674 1723 729 Illud
1748 689 1870 729 meo

281 775 499 844 quidem
542 773 743 843 judicio
780 772 996 827 conficit
1028 769 1217 823 menda
1246 766 1313 823 de
1342 767 1536 836 quibus
1579 767 1785 835 agimus
1816 766 1869 819 in

282 866 531 921 librarios
575 880 639 920 ac
671 865 975 934 typothctas
1004 859 1293 929 rejicicnda
1324 874 1460 923 esse,
1496 857 1639 926 quod
1668 873 1787 913 cum
1818 858 1869 911 in

282 959 666 1027 epigrammate
694 954 760 1009 de
787 953 990 1009 sanctis
1033 951 1196 1005 Proto
1235 959 1289 1004 et
1333 948 1636 1021 Hyacintho
1680 956 1873 1017 quarto

283 1046 408 1101 loco
449 1062 479 1099 a
513 1044 666 1098 nobls
695 1044 945 1107 adducto,
979 1042 1126 1109 prior
1154 1056 1294 1110 pars,
1326 1055 1484 1108 quam
1528 1039 1872 1106 archetypam

280 1135 537 1197 diximus,
567 1134 699 1188 nihil
743 1145 961 1202 prorsus
1009 1131 1428 1198 reprehensione
1451 1128 1667 1198 dignum
1697 1132 1869 1184 conti-

283 1234 439 1293 neat;
469 1227 519 1279 in
542 1225 840 1295 posteriore
860 1239 979 1292 quae
1002 1238 1192 1277 recens
1212 1222 1456 1291 suppleta
1477 1232 1576 1286 est,
1603 1236 1700 1277 nec
1723 1222 1873 1293 plora

281 1303 450 1386 quam
471 1333 598 1373 sena
622 1317 956 1372 hemistichia
986 1315 1238 1385 complet,
1264 1316 1344 1369 bis
1373 1314 1425 1368 in
1453 1316 1702 1369 metricas
1730 1315 1876 1382 leges

282 1388 614 1481 impingitur,
646 1418 707 1464 ut
750 1410 980 1479 primum
1024 1418 1079 1463 et
1123 1416 1373 1476 quartum
1403 1407 1520 1475 ejus
1547 1423 1762 1461 versum
1806 1407 1874 1461 ad

281 1499 478 1568 digitos
506 1507 668 1568 atque
695 1513 879 1553 aurem
908 1496 1231 1566 expendenti
1272 1497 1614 1552 manifestum
1656 1498 1747 1551 fiet
1772 1498 1869 1568 (α).

280 1589 437 1656 Quod
467 1590 510 1645 si
545 1590 872 1660 reliquorum
912 1588 1125 1643 Damasi
1151 1589 1596 1657 epigrammatum
1624 1598 1875 1658 autogra-

280 1680 411 1750 pha,
442 1688 499 1734 ut
526 1680 598 1733 ita
626 1680 902 1744 dicamus,
932 1680 1019 1733 vel
1064 1679 1374 1747 incorrupta
1421 1679 1578 1735 nobis
1622 1683 1872 1751 exempla

280 1775 627 1839 superessent
649 1807 663 1832 ,
712 1768 1044 1823 constantior
1079 1768 1319 1823 fortassis
1365 1776 1528 1838 atque
1565 1770 1877 1840 aequabilior

283 1860 455 1915 sancti
500 1856 771 1929 pontificis
800 1858 1011 1928 poetice
1041 1859 1353 1915 haberetur.

352 1972 464 2027 Hac
504 1973 839 2043 potissimum
871 1972 938 2028 de
965 1988 1125 2029 causa
1152 1973 1276 2028 dum
1312 1974 1424 2030 hmo
1445 1974 1736 2030 scriberem
1768 1993 1877 2032 non

280 2064 450 2119 semel
478 2063 711 2117 animum
737 2063 960 2133 pupugit
990 2063 1245 2131 cogitatio
1269 2062 1478 2118 Damasi
1510 2079 1698 2119 versus
1726 2067 1880 2120 undi-

281 2171 388 2225 que
415 2155 746 2225 conquisitos
776 2156 828 2209 in
857 2171 1022 2210 unum
1054 2155 1360 2224 colligendi,
1393 2164 1447 2210 et
1474 2156 1518 2211 si
1550 2156 1663 2212 fieri
1695 2166 1879 2227 posset

281 2247 508 2317 pristino
550 2247 711 2301 nitori
756 2254 919 2315 atque
971 2245 1263 2314 integritati
1312 2245 1661 2312 restituendi;
1691 2263 1876 2302 verum

282 2336 479 2391 arduus
510 2336 773 2405 aggressis
811 2335 965 2392 labor
991 2351 1088 2390 nec
1128 2336 1407 2392 tractabile
1455 2337 1667 2407 pondus
1704 2337 1876 2394 visum

281 2428 413 2496 fuit,
460 2432 754 2499 prtcsertitn
795 2431 911 2486 sine
958 2430 1206 2500 praesidio
1250 2441 1492 2487 veterum
1543 2432 1801 2487 Codicum
1844 2446 1877 2486 e

279 2535 508 2590 quorum
549 2520 838 2575 collatione
866 2534 1118 2589 germana
1168 2521 1406 2576 auctoris
1450 2522 1626 2576 littera
1655 2522 1874 2578 omnino

280 2612 516 2666 eruenda
563 2619 665 2666 est.
714 2610 925 2665 Interea
969 2619 1169 2675 tamen,
1200 2625 1268 2665 ne
1294 2611 1423 2665 nihil
1470 2612 1643 2679 egisse
1667 2611 1871 2678 videar,

279 2703 554 2773 specimen
598 2710 822 2756 conatus
849 2701 1017 2756 nostri
1046 2700 1238 2756 sistere
1284 2702 1485 2770 placuit
1522 2703 1574 2755 in
1603 2703 1873 2772 epigram-

279 2802 427 2849 mate
470 2794 548 2849 De
590 2794 962 2863 cognomentis
1008 2794 1204 2849 Christi
1257 2794 1597 2861 Servatoris,
1652 2796 1794 2864 quod
1841 2811 1872 2851 a

278 2880 579 2939 Sarazanio
631 2883 916 2940 undecimo
942 2882 1041 2954 (b),
1072 2899 1101 2938 a
1151 2882 1401 2938 Merenda
1445 2892 1600 2939 sexto
1651 2884 1771 2939 loco
1799 2884 1871 2956 (c)

280 2976 522 3043 ponitur.
555 2973 610 3028 In
640 2988 706 3028 eo
735 2972 936 3028 etenim
965 2988 1086 3028 cum
1126 2973 1329 3043 primus
1367 2987 1555 3027 versus
1584 2972 1871 3040 claudicet,

278 3065 540 3136 syllabam
559 3067 660 3136 ipsi
682 3066 859 3121 deesse
879 3065 1025 3135 prior
1045 3064 1133 3120 ille
1161 3065 1393 3135 scriptor
1412 3063 1739 3119 existimavit
1760 3063 1869 3136 (d);

276 3156 413 3211 mihi
439 3172 572 3213 vero
616 3156 887 3228 pyrrichio
934 3156 1144 3225 integro
1190 3155 1538 3223 decurtatus,
1577 3164 1741 3224 atque
1769 3155 1875 3212 hoc

276 3255 440 3319 pacto
464 3247 828 3304 restituendus
853 3247 1085 3311 videtur,
1120 3248 1165 3302 si
1208 3256 1333 3319 post
1374 3249 1601 3318 primam
1635 3250 1755 3321 ejus
1774 3252 1889 3308 vo-'

277 3353 401 3394 cem
431 3355 580 3409 spes,
626 3345 682 3393 et
720 3347 847 3394 ante
873 3346 1188 3410 sequentem
1215 3331 1591 3405 vita,‘tertiam
1624 3344 1763 3398 hanc
1790 3343 1871 3397 via

276 3431 459 3489 eidem
479 3432 812 3498 inseramus;
835 3440 895 3487 ut
915 3448 1021 3488 non
1044 3432 1156 3503 jam
1183 3452 1196 3487 :
1226 3433 1377 3505 Spes,
1406 3437 1531 3503 vita,
1555 3436 1716 3503 salus,
1740 3446 1869 3509 ete.,

276 3521 421 3578 sicut
463 3523 670 3593 pridem
692 3563 709 3590 ,
756 3523 850 3578 sed
876 3542 889 3576 :
917 3523 1071 3595 Spes,
1098 3526 1202 3590 uia,
1247 3528 1383 3592 vita,
1415 3528 1577 3594 salus,
1607 3537 1739 3593 etc.,
1769 3529 1873 3598 legi

277 3614 686 3670 verosimillime
731 3615 945 3670 debeat.
976 3614 1055 3670 lta
1096 3617 1241 3671 enim
1273 3619 1362 3673 liet
1404 3626 1465 3673 ut
1488 3619 1630 3673 aliud
1656 3618 1871 3677 Christo

282 3705 829 3772 congruentissimum
878 3721 1097 3772 nomen,
1122 3709 1231 3763 imo
1257 3709 1325 3764 ab
1354 3710 1471 3780 ipso
1492 3711 1591 3765 sibi
1619 3712 1867 3780 inditum,

277 3793 539 3864 cujusque
560 3794 701 3849 nulla
732 3796 785 3849 in
805 3796 1191 3865 epigrammate
1212 3801 1416 3855 mentio
1444 3802 1651 3870 pridem
1674 3801 1869 3870 fuerat,

277 3884 655 3951 attribuamus,
689 3901 983 3956 versusque
1031 3888 1143 3957 jam
1188 3890 1254 3945 ad
1304 3892 1465 3946 metri
1516 3892 1662 3962 leges
1706 3903 1872 3963 atque

278 3988 467 4028 aurem
515 3976 952 4033 numerosissime
998 3976 1146 4033 ﬂuat.
1188 3979 1381 4035 Allusit
1427 3982 1481 4035 in
1523 3996 1623 4048 eo,
1655 3982 1731 4037 uti
1768 3998 1870 4052 ego

282 4065 539 4143 arbitror,
571 4065 829 4123 Damasus
867 4067 936 4121 ad
982 4068 1113 4124 illud
1139 4070 1363 4126 Joannis
1409 4070 1477 4126 de
1516 4072 1730 4127 Christo
1754 4074 1864 4143 (e):

280 4142 399 4226 Ego
435 4172 549 4211 sum
590 4159 691 4223 via,
733 4166 781 4212 et
826 4159 1042 4224 veritas,
1069 4169 1118 4215 et
1165 4160 1311 4226 vita;
1350 4161 1656 4232 descriptor
1682 4142 1867 4221 autem

357 4348 434 4420 (α)
473 4348 562 4405 Sic
589 4348 790 4405 habent
816 4367 829 4403 :

770 4441 907 4490 latuit
929 4441 1016 4491 sub
1039 4455 1229 4501 aggere
1252 4446 1429 4495 montis

763 4503 993 4566 sequeris
1018 4504 1286 4567 Hyacinthe
1311 4508 1556 4568 probatus.

1971 576 2042 617 ex
2088 562 2277 616 harum
2325 578 2518 618 vocum
2568 566 2651 618 via
2688 574 2743 621 et
2779 569 2902 632 vita,
2937 569 3078 638 quod
3122 571 3190 625 ad
3236 574 3559 643 scripturam

1973 653 2185 719 attinet,
2216 653 2473 709 aﬂinitate
2501 655 2748 715 eamdem
2784 658 2839 713 in
2869 644 3157 729 antiquiori
3189 665 3434 735 exemplo
3462 684 3561 737 p‘?!‘

1973 758 2211 799 errorem
2232 746 2513 816 repetitam
2544 746 2705 804 fuisse
2731 751 3045 820 suspicatus,
3072 752 3296 807 alteram
3326 759 3559 826 susmlit,

1973 841 2030 888 et
2041 849 2250 889 versum
2266 836 2563 892 restituisse
2582 848 2777 907 putans
2791 841 2987 897 misere
3001 843 3338 900 deformavit.
3355 846 3558 904 Sisterc

1975 927 2175 997 placuit
2202 929 2464 999 integrum
2488 933 2816 1004 epigramma
2838 937 2997 1007 quale
3027 954 3125 994 nos
3153 940 3204 995 id
3234 942 3335 1013 legi
3359 943 3558 1000 debere

1975 1017 2345 1075 existimamus
2374 1039 2386 1074 :

2100 1133 2242 1211 §pes,
2270 1151 2365 1197 ru,
2394 1138 2508 1211 rita,
2528 1139 2680 1210 salus,
2710 1143 2849 1204 ratio,
2875 1145 3135 1205 sapientia,
3164 1145 3352 1211 lumen,

2098 1193 2284 1273 gruter,
2311 1193 2465 1273 porta,
2490 1193 2776 1273 {signare},
2797 1193 3005 1266 gemma,
3026 1193 3280 1273 propheta,
3300 1193 3559 1273 sacerdos,

2101 1258 2324 1327 Messias,
2351 1258 2570 1327 sabaotlt,
2595 1258 2746 1320 rabbi,
2764 1258 3004 1324 sponsus,
3024 1258 3280 1327 mediator,

2102 1319 2267 1397 xit-gn,
2292 1321 2535 1397 columna,
2558 1319 2746 1395 manus,
2774 1319 2928 1397 petra,
2958 1319 3100 1397 lilius,
3126 1319 3512 1397 Humi-sumque,

2099 1380 2272 1454 \f‘inea,
2298 1391 2477 1453 pastor,
2502 1380 2623 1446 Ovis,
2649 1380 2756 1454 pas,
2774 1380 2936 1454 radiat,
2964 1380 3099 1452 ritis;
3118 1380 3264 1454 oliva,

2108 1442 2247 1518 Eois,
2274 1442 2870 1518 ji‘:ri_es,'agnus,'vitulus,
2899 1442 2996 1518 leo,
3026 1442 3325 1518 propitiatur,

2104 1504 2337 1567 Verbum,
2364 1504 2529 1569 homo,
2553 1504 2683 1572 rete,
2711 1504 2868 1574 lapis,
2896 1504 3084 1574 domus,
3115 1504 3560 1575 'omnia,'Contsrcs

3331 1580 3485 1631 Jsscs.

2048 1672 2126 1728 Ne
2145 1673 2263 1742 quis
2286 1682 2464 1729 autent
2518 1676 2676 1732 nobis
2704 1676 2772 1732 de
2799 1687 2996 1736 cietero
3026 1680 3363 1739 Damasianac
3397 1687 3527 1757 plira
3545 1720 3563 1731 -

1981 1778 2112 1822 scus
2148 1766 2202 1820 in
2234 1767 2636 1837 epigrammatis
2667 1773 3001 1839 tenuitatem,
3024 1777 3349 1848 elumbeque
3379 1780 3566 1836 dicen-

1904 1833 1953 1893 Β
1984 1856 2040 1911 di
2064 1871 2233 1926 genus
2250 1833 2390 1942 Δ(ιιόιι
2414 1860 2558 1914 enim
2585 1833 3008 1930 dissimulamus)
3048 1833 3288 1936 objiciet,
3427 1833 3567 1942 stylo

1981 1938 2291 2006 sanctorum
2361 1950 2606 2021 Patrum,
2660 1970 2821 2024 quem
2893 1957 3296 2013 ecclesiasticum
3352 1938 3568 2029 vocant,

1980 2052 2256 2114 postremo
2277 2046 2517 2101 omnium
2541 2048 2663 2103 loco
2687 2052 3099 2118 pra-monendus
3142 2062 3248 2119 est,
3303 2066 3569 2124 quantum

1980 2136 2141 2205 prisci
2175 2137 2251 2191 illi
2281 2135 2474 2193 Atticae
2524 2147 2580 2194 et
2626 2138 2884 2194 Romamn
2935 2143 3129 2212 lingua:
3182 2146 3472 2204 dictatores
3500 2150 3567 2204 de

1978 2227 2287 2282 extollendo
2318 2244 2569 2284 sermone
2594 2231 2807 2285 solliciti
2839 2241 3016 2301 erant,
3050 2243 3255 2289 tantum
3284 2237 3566 2292 ecclesias-

1979 2318 2115 2374 ticos
2135 2327 2339 2388 patres,
2397 2329 2456 2375 ut
2510 2320 2742 2376 candida
2791 2324 2914 2395 styli
2960 2325 3307 2395 simplicitate
3362 2329 3566 2398 vulgari

1978 2424 2099 2465 sese
2126 2410 2305 2480 captui
2334 2412 2834 2480 accommodarent,
2883 2415 2934 2467 in
2966 2430 3034 2469 eo
3080 2416 3436 2486 deprimendo
3483 2420 3561 2474 la-

1978 2502 2233 2570 borasse;
2266 2517 2373 2558 non
2401 2504 2547 2558 enim
2577 2504 2902 2573 eloquentia:
2926 2507 3157 2573 Iaudem,
3190 2509 3288 2563 sed
3320 2507 3559 2566 fidelium

1977 2593 2265 2648 utilitatem
2309 2595 2720 2665 aucupabantur
2776 2595 2868 2667 (ί).
2902 2595 3044 2652 Sane
3066 2597 3118 2651 id
3142 2595 3476 2670 Hieronymo
3506 2601 3560 2655 in

1976 2683 2098 2738 Vita
2128 2681 2281 2738 Pauli
2308 2685 2548 2739 eremitre
2599 2693 2821 2754 pr0pter
2873 2687 3227 2755 simpliciores
3282 2689 3560 2755 accidisse,

1975 2774 2217 2845 locuples
2240 2775 2355 2845 ipse
2376 2775 2478 2830 sibi
2508 2776 2560 2830 in
2590 2776 2820 2846 epistola
2850 2776 2917 2832 ad
2946 2777 3172 2833 Paulum
3198 2778 3562 2836 Concordien-

1974 2878 2088 2920 sem
2118 2864 2271 2921 testis
2295 2872 2376 2919 est
2401 2867 2498 2936 (g).
2532 2864 2642 2921 Nec
2670 2866 2862 2920 mirum
2907 2867 2951 2921 si
2977 2866 3257 2932 Damasus,
3314 2871 3406 2937 qui
3459 2884 3559 2926 eo-

1974 2956 2096 3011 dem
2125 2958 2226 3011 hac
2254 2955 2615 3028 Hieronymus
2644 2959 2841 3014 sarculo
2864 2959 3065 3029 ﬂoruit,
3115 2962 3167 3016 id
3224 2964 3553 3034 pmripunm

1975 3047 2029 3101 in
2050 3046 2450 3117 epigrammatis
2478 3049 2748 3119 habuerit,
2779 3059 2838 3104 ut
2859 3054 3045 3107 ecrum
3067 3057 3335 3109 sententia
3366 3057 3557 3111 rudem

1975 3138 2120 3194 illico
2149 3139 2403 3209 populum
2434 3148 2486 3196 et
2534 3141 2621 3195 vel
2676 3157 2865 3212 parum
2919 3151 3183 3200 attentum
3241 3161 3554 3220 occuparet.

1976 3230 2136 3286 Certe
2162 3232 2472 3303 quicunque
2512 3246 2732 3289 carmen
2762 3234 2978 3291 Christo
3027 3235 3300 3293 Servatori
3333 3243 3563 3313 inscrip-

1976 3330 2091 3378 tum
2147 3323 2360 3379 Damasi
2391 3326 2683 3394 genuinum
2715 3325 2882 3382 fetum
2911 3331 3191 3399 agnoverit
3245 3335 3262 3404 (
3290 3333 3340 3387 in
3367 3335 3563 3405 quibus

1974 3414 2226 3471 Merenda
2256 3432 2454 3473 nomen
2484 3419 2771 3489 prolitetur
2799 3436 2956 3476 suum
2985 3421 3121 3495 [h]),
3146 3409 3281 3479 eum
3313 3425 3557 3496 profecto

1974 3510 2155 3565 eximii
2177 3518 2353 3581 poetae
2381 3510 2590 3567 laudem
2615 3512 2846 3569 Damaso
2873 3514 3094 3571 minime
3117 3516 3413 3572 invisurum
3435 3533 3557 3575 esse

1974 3602 2225 3658 arbitror.

2044 3715 2219 3785 Atque
2242 3716 2502 3772 hactenus
2556 3717 2624 3772 de
2656 3717 2906 3783 Damaso,
2955 3719 3131 3788 deque
3171 3722 3554 3790 superstitibus

1973 3807 2140 3877 ipsius
2166 3808 2218 3861 in
2253 3805 2395 3864 Urbe
2424 3811 2809 3865 monumentis.
2845 3811 2998 3866 Nunc
3046 3820 3229 3866 autem
3284 3812 3552 3868 Merenda:

1971 3898 2252 3967 responsio
2282 3898 2348 3951 ad
2379 3899 2529 3953 illum
2560 3915 2627 3954 ex
2657 3900 2898 3968 ejusdem
2947 3902 3094 3957 Actis
3142 3903 3322 3957 locum
3365 3904 3418 3958 in
3442 3920 3553 3975 quo

1972 3995 2188 4042 sanctus
2216 3988 2457 4057 pontifex
2510 3989 2803 4045 beatissimi
2853 3994 3125 4048 Laurentii
3174 4011 3552 4052 COMPATRIOTA

1971 4076 2190 4143 dicitur,
2212 4079 2285 4133 ita
2311 4079 2520 4136 scilicet
2564 4082 2702 4136 hanc
2753 4081 2857 4153 (nt
2903 4084 3031 4139 olim
3087 4085 3398 4141 dicebamus
3443 4086 3555 4160 [i])

1972 4184 2161 4226 vocem
2184 4172 2541 4242 interpretati,
2565 4174 2991 4245 quasiActorum
3009 4178 3242 4248 scriptor
3264 4189 3553 4253 utrumque

1971 4373 2189 4499 ggevem
2213 4391 2332 4447 quae
2354 4385 2703 4447 praecesserat
2722 4378 2981 4448 syllabam
3007 4380 3253 4451 producit
3274 4380 3453 4448 Beleg.
3482 4397 3555 4446 vi,

2100 4516 2187 4566 llle
2213 4516 2339 4566 latus
2361 4521 2557 4570 niveum
2577 4516 2710 4570 molli
2733 4519 2877 4571 fultus
2896 4521 3186 4584 Hyacinthe.

355 4582 597 4673 Qum-pm.
637 4586 802 4673 prim-Ii
834 4586 921 4673 νῖιε
949 4588 1061 4673 εεέἱο
1100 4603 1167 4673 an
1189 4590 1418 4673 medica:
1444 4600 1869 4673 poetarumnna:
1895 4579 1946 4638 Ῑ)
1972 4600 2158 4668 Neque
2187 4602 2326 4673 enim
2358 4604 2427 4657 ob
2457 4621 2736 4671 censuram,
2768 4615 2827 4661 ut
2852 4606 3042 4673 vulgus
3078 4602 3552 4673 grammaticorum

284 4670 386 4709 nus
431 4654 679 4721 opitulari
708 4656 944 4729 valeant.
988 4657 1268 4729 Posterior
1298 4654 1571 4729 utcunque
1617 4662 1868 4716 sustineri

281 4732 497 4797 potest;
529 4735 636 4778 nun
668 4725 885 4793 quidem
916 4727 1117 4797 vulgari
1164 4729 1256 4783 illo
1301 4725 1771 4797 grammaticorum
1803 4732 1870 4784 all

283 4796 619 4870 ἔπτημὶμεριν
646 4811 797 4850 suam
828 4796 1107 4870 confugio,
1135 4796 1440 4870 quod’huc
1470 4817 1575 4853 non
1607 4803 1867 4870 pertinet;

281 4863 809 4939 sedexC'rzccorum
852 4881 949 4920 usu
980 4863 1085 4939 qui
1132 4863 1350 4939 brevem
1381 4863 1638 4939 syllabam
1683 4872 1732 4924 in
1768 4863 1871 4925 line

281 4935 409 4988 dicti
452 4935 541 5007 nis
562 4949 796 5007 consona
836 4935 1175 4991 terminatam
1205 4935 1634 5006 frequentissime
1673 4955 1769 5007 pro
1793 4948 1870 4994 Eu-

283 5013 443 5080 cunt,
485 5004 583 5080 tibi
623 5019 855 5074 sequens
900 5004 1357 5080 vocalisaspero
1394 5016 1609 5062 notatur
1656 5004 1865 5080 spiritu.

283 5075 436 5147 apud
459 5073 907 5147 IEolasnamque
937 5077 981 5130 is
1006 5073 1244 5147 spiritus,
1275 5078 1425 5147 cujus
1448 5080 1617 5131 vicem
1644 5073 1871 5135 sti>tiuet

284 5142 596 5219 Latinorum
631 5142 705 5209 Η,
732 5142 989 5219 consonze
1011 5142 1449 5219 n'aturaminduit
1471 5151 1539 5203 ob
1568 5164 1684 5219 som
1710 5165 1868 5219 θηρα-

282 5214 521 5288 ritatem,
552 5228 581 5267 a
612 5229 715 5283 qua
733 5231 862 5288 non
883 5216 1112 5271 multum
1150 5216 1329 5273 Baetici
1354 5220 1523 5288 nostri
1555 5214 1867 5288 abhorrent,

284 5297 403 5337 eam
454 5283 684 5357 litteram
715 5285 934 5357 densius
975 5288 1293 5357 aspirantes.
1352 5285 1528 5343 Potuit
1575 5288 1734 5354 igitur
1765 5283 1868 5344 Da;

283 5368 496 5429 mosus,
539 5357 583 5408 si
606 5354 1016 5429 hemistichium
1039 5354 1129 5429 ’δᾳ
1174 5372 1284 5425 quo
1331 5364 1534 5426 agimus
1579 5359 1643 5412 ad
1697 5360 1867 5429 ipsum

284 5424 542 5500 pertinet,
570 5423 640 5479 ob
668 5435 980 5500 sequentem
1011 5423 1389 5500 aspirationem
1436 5432 1581 5485 vocis
1629 5423 1727 5500 Ily'
1753 5432 1867 5482 cin-

286 5492 760 5568 thus‘postremam'
781 5496 830 5548 in
857 5492 1359 5568 sequqn'iayllabam
1384 5500 1617 5568 alioquin
1650 5492 1868 5554 brevi-nt

283 5563 602 5635 producere.
656 5563 1077 5635 Exempla'iejus
1124 5563 1201 5621 rei
1252 5568 1391 5634 apud
1436 5563 1725 5625 llo—merum
1764 5570 1869 5625 fre-

285 5634 635 5701 quentissima
662 5642 807 5699 sunt,
837 5644 896 5689 ut
924 5634 1119 5706 Odyss.
1150 5652 1261 5701 xm,
1294 5637 1397 5691 545
1424 5656 1436 5691 :

630 5738 831 5788 _Xio6;stvo;,
856 5737 911 5776 Est
934 5737 968 5775 οἱ
991 5738 1065 5776 υἱὸν
1088 5738 1186 5788 eam
1212 5739 1418 5787 ἐξαλάωσας

629 5786 749 5835 Item
775 5790 950 5849 sapius
972 5802 985 5850 ;
1012 5786 1182 5850 finitas”;
1204 5801 1345 5850 ϋινην,
1372 5802 1465 5840 εις.

360 5866 470 5927 imo
499 5879 551 5927 ct
582 5870 829 5943 Virgilius
871 5874 941 5930 ob
990 5873 1236 5931 eamdem
1265 5889 1454 5931 vocem
1508 5875 1860 5947 Hyacinthus,

1973 4682 2161 4747 putat,
2195 4672 2398 4744 syllaba
2436 4683 2516 4730 tus
2545 4693 2576 4730 a
2606 4687 2762 4747 toeta
2809 4672 3070 4747 producta
3120 4672 3237 4730 fuit.
3290 4672 3395 4727 Sed
3441 4673 3555 4728 lucc

1971 4741 2193 4811 puerilia
2226 4741 2377 4797 sunt.

2028 4810 2102 4881 (ὸ)
2146 4815 2424 4884 Saraz:n.,
2455 4829 2576 4884 pag.
2608 4816 2694 4870 8'5.

2044 4884 2116 4951 (ε)
2158 4883 2426 4947 Merenda,
2459 4883 2581 4953 pag.
2614 4886 2737 4939 224.

2045 4952 2124 5072 pi)
2163 4954 2353 5008 Annal.
2382 4956 2435 5008 in
2466 4952 2683 5043 Damasi
2713 4973 2875 5010 carm.
2908 4973 2983 5023 χι,
3019 4971 3143 5027 pag.
3178 4953 3299 5011 168.

2067 5025 2115 5072 el
2154 5022 2311 5072 Joan.
2346 5041 2450 5072 xw.
2492 5034 2546 5072 ἡ-

2067 5022 2115 5093 e)
2154 5022 2311 5077 Joan.
2345 5041 2451 5091 xw,
2492 5034 2546 5080 6.

2053 5080 2062 5092 \

2045 5113 2110 5184 (fi
2152 5112 2253 5178 Qui
2296 5116 2484 5178 mu'ta,
2529 5130 2701 5187 eaque
2735 5130 2921 5183 aurea,
2952 5115 3020 5170 de
3059 5115 3198 5187 stylo
3237 5110 3549 5187 sanctorum

1972 5180 2210 5256 Patrum,
2246 5199 2409 5252 quem
2436 5180 2836 5239 ecclesiasticum
2885 5180 3127 5256 vocant;
3154 5200 3315 5240 nosse
3334 5185 3544 5256 rupiat,

1974 5252 2115 5319 legat
2161 5254 2336 5320 elogio
2389 5265 2574 5308 nostro
2628 5256 2884 5322 majorem
2938 5255 3275 5311 Dufresuimn
3333 5252 3547 5310 Ducan-

1971 5323 2116 5397 gium
2149 5326 2167 5380 (
2190 5322 2495 5397 Ρνιείςιιηὶη
2524 5324 2758 5381 Clossur.
2806 5327 2942 5382 med.
2973 5336 3022 5382 et
3060 5328 3258 5397 infimo:
3286 5324 3551 5382 Latinita-

1971 5394 2055 5457 tis,
2082 5410 2114 5445 a
2151 5410 2291 5446 num.
2318 5394 2396 5448 '58
2418 5396 2487 5449 60
2507 5399 2549 5466 j.

2040 5484 2117 5559 (9)
2155 5482 2466 5559 Ηξςζοηγηι.
2508 5487 2539 5559 Δ(
2564 5485 2729 5559 Epist.
2790 5489 2860 5542 ad
2903 5488 3061 5545 Paul.
3127 5489 3408 5559 Concord,
3456 5490 3548 5542 sub

1971 5553 2111 5627 Ιὶιιξ)
2142 5553 2470 5627 iﬁlittimus,
2503 5553 2694 5626 inquit,
2724 5561 2929 5614 interim
2972 5571 3018 5614 te
3044 5561 3157 5627 tibi,
3186 5561 3241 5614 id
3268 5571 3344 5613 est
3377 5558 3489 5614 Ptm
3516 5576 3546 5611 ο

1970 5623 2099 5676 seni
2135 5623 2247 5677 Pau
2274 5641 2359 5701 um
2408 5623 2680 5701 seniorem.
2707 5631 2758 5683 in
2798 5648 2900 5701 quo
2945 5623 3155 5700 propter
3204 5631 3548 5699 simpliciores

1970 5710 2191 5764 quosque
2218 5697 2430 5749 multum
2457 5699 2510 5750 in
2533 5697 2822 5767 dejiciendo
2848 5697 3081 5756 sermone
3103 5703 3174 5754 [αι’
3192 5697 3314 5754 arar
3341 5714 3475 5752 mus.

2041 5786 2118 5852 (lt)
2162 5785 2189 5855 §
2222 5786 2257 5838 2
2282 5787 2349 5842 de
2380 5789 2590 5845 Damasi
2612 5792 2916 5859 carmittib.,
2947 5809 3066 5865 pag.
3104 5792 3223 5846 l'5li.

2043 5876 2105 5944 (ἑ)
2144 5875 2274 5947 Cap.
2308 5876 2357 5946 1,
2389 5890 2510 5948 pag.
2537 5878 2591 5932 9.
