4014 6368
509 309 615 364 587i

1310 310 1630 364 ADDliNDA
1672 309 1762 362 AD
1803 309 2129 374 QUOSDAM
2176 309 2699 364 PIL'liCEDliNTES
2742 309 2989 365 TOMOS.

3687 320 3801 373 58k

509 439 576 477 eo
607 422 771 476 verbo
812 421 1112 475 Romanum
1162 420 1487 475 intellexerit
1529 420 1953 489 prodideritque,
1989 420 2095 472 alio
2124 426 2170 484 Α
2203 421 2378 475 rentio
2424 420 2771 476 sollicitiores
2818 422 3018 487 effecti,
3068 424 3281 480 acriore
3330 428 3447 481 nisu
3495 445 3560 485 ac
3603 435 3799 489 studio

507 529 604 568 nos
626 520 873 575 avocant,
924 526 1118 579 nempe
1171 522 1227 563 ut
1257 511 1324 563 de
1355 510 1643 564 asserenda
1672 524 1734 563 ac
1766 507 2088 563 vindicando

506 601 753 673 Hispanis
784 603 981 657 nostris
1008 601 1359 655 invictissime
1390 600 1547 653 levita
1577 608 1631 653 et
1685 608 1923 668 martyre
1952 596 2093 652 Lau-

520 835 1891 860 Μ

2200 527 2392 565 novam
2425 511 2563 566 ultro
2584 513 2762 578 nobis,
2788 529 3014 583 eamque
3043 514 3413 574 diﬂicillimam
3442 524 3797 592 provinciam

2201 601 2577 656 decernamus.

1907 836 3779 873 _____________________________

1230 983 2086 1063 DISSERTATIONIS
2164 984 2413 1062 PARS
2493 986 3088 1064 POSTERIOR.

1806 1162 1890 1214 DE
1926 1164 2157 1216 PATRIA
2191 1164 2558 1215 LAEBENTII.

1005 1404 1230 1461 CAPUT
1275 1403 1564 1459 PRIMUM.

589 1521 895 1576 Exordium.
934 1519 1222 1573 Hesterna:
1251 1530 1297 1571 et
1321 1519 1601 1571 hodiernus
1630 1516 1990 1570 contrauersim

1211 1600 1399 1642 status.

568 1684 644 1740 Eo
677 1685 890 1739 tandem
919 1683 1196 1750 ingeniosa
1245 1689 1548 1749 temporum
1597 1686 1904 1731 nostrorum
1959 1675 2081 1744 gula

495 1778 782 1851 processit,
827 1784 1145 1841 tantumque
1192 1772 1411 1825 lautitia:
1441 1779 1494 1825 et
1533 1768 1772 1838 epularis
1800 1767 2079 1837 disciplina

496 1869 692 1937 palatis
723 1866 953 1919 attulere
989 1862 1206 1927 fastidii,
1243 1871 1299 1915 ut
1322 1860 1526 1914 fatuum
1555 1860 1633 1913 eis
1658 1858 1888 1927 denique
1917 1866 2081 1926 atque

497 1959 802 2012 obsoletum
834 1956 1012 2024 sapiat
1042 1952 1300 2022 quidquid
1332 1969 1437 2005 non
1483 1951 1730 2005 saliarem
1769 1950 1821 2003 in
1862 1950 2081 2002 modum

492 2047 761 2102 condierit
815 2046 1053 2114 Apicius.
1090 2043 1207 2097 Non
1251 2043 1381 2097 satis
1420 2054 1503 2096 est
1554 2040 1822 2110 peloridas
1878 2040 2080 2094 dixisse

492 2144 587 2189 aut
616 2145 817 2201 ortrea,
870 2136 969 2189 nisi
1030 2134 1261 2189 Lucrina
1321 2132 1570 2200 adjicias;
1626 2146 1725 2185 nec
1774 2131 1921 2199 lupo,
1976 2131 2078 2183 nisi

491 2226 772 2281 Tiberinus
797 2235 957 2296 atque
988 2226 1131 2279 inter
1180 2232 1375 2293 p0ntes
1426 2223 1663 2292 jactatus
1716 2221 1898 2286 fuerit,
1947 2236 2079 2274 suus

493 2306 653 2374 hodie
682 2319 954 2373 constabit
977 2319 1170 2381 bonos,
1202 2315 1344 2385 quod
1390 2314 1517 2367 olim
1578 2312 1836 2366 Romanis
1884 2311 2076 2365 vitium

491 2408 850 2478 exprobrabat
882 2406 1132 2461 lloratius
1184 2407 1284 2475 (τι).
1342 2402 1701 2465 ltefertitem,
1750 2409 2076 2471 prostentrte

492 2501 687 2567 ubivis,
738 2516 808 2554 an
861 2498 1147 2570 peregrina
1200 2506 1364 2565 atque
1417 2511 1447 2549 e
1503 2494 1797 2562 longinquo
1850 2492 2074 2547 advecta

497 2592 729 2656 fuerint;
774 2605 982 2646 summo
1034 2590 1148 2643 hinc
1186 2588 1455 2658 planeque
1506 2585 1655 2653 regio
1702 2584 1883 2654 potius
1910 2598 2070 2653 quam

489 2683 694 2751 vulgari
723 2690 941 2751 sumptu
969 2680 1257 2752 voluptatis
1288 2680 1619 2732 irritamenta
1652 2676 2067 2745 comparaveris.

485 2776 545 2832 Si
574 2777 696 2846 quis
725 2784 906 2829 autent
939 2790 1000 2830 ea
1034 2790 1140 2828 non
1164 2774 1307 2827 illico
1336 2770 1709 2832 internoverit,
1739 2768 2071 2823 rusticanum

494 2882 559 2922 ac
589 2866 656 2921 de
680 2867 838 2936 plebe
860 2865 1197 2920 stomachum
1245 2872 1462 2917 vocant.
1510 2861 1717 2915 Interea
1765 2870 1943 2915 tamen
1989 2861 2071 2914 bis

487 2955 758 3026 prmsidiis
788 2955 1168 3011 confirmatam
1210 2951 1571 3007 valetudinem
1621 2949 1818 3003 sensim
1842 2948 1895 3001 iit
1918 2946 2070 3016 pejus

487 3064 685 3116 ruere;
718 3063 925 3118 proque
971 3047 1227 3100 diuturno
1278 3058 1343 3098 ac
1390 3040 1571 3095 vivido
1622 3039 1800 3094 aetatis
1850 3038 2064 3102 robore,

489 3140 715 3195 maciem
743 3139 797 3192 in
824 3138 941 3191 dies
973 3149 1276 3203 novamque
1304 3132 1537 3188 febrium
1581 3132 1863 3186 cohortem
1910 3129 2069 3185 terris

490 3230 750 3285 incubare
778 3228 1068 3282 cernimus.

558 3322 669 3377 Nec
698 3328 945 3389 sumptus
991 3319 1261 3374 laborisve
1292 3317 1505 3387 parcior
1549 3316 1849 3385 sapientum
1893 3321 2067 3369 coetus

488 3422 574 3469 est
599 3421 660 3468 ut
685 3412 978 3466 litterarias
1005 3411 1105 3465 sibi
1138 3411 1301 3478 dapes
1330 3417 1576 3480 apparet,
1608 3422 1701 3461 eas
1729 3421 1859 3461 vero
1887 3404 2066 3458 maxi-

490 3519 579 3560 me
629 3503 782 3572 queis
836 3516 980 3571 aeger
1021 3502 1316 3569 jacensque
1390 3498 1688 3566 vulgarium
1737 3497 2063 3566 scriptorum

486 3593 643 3664 capia
691 3600 878 3661 gustus
930 3591 1151 3659 erigitur
1205 3601 1368 3658 atque
1417 3589 1704 3644 excitatur.
1756 3587 1898 3640 Nihil
1960 3586 2060 3640 aevi

485 3684 654 3738 nostri
682 3683 882 3737 criticis
911 3681 1250 3735 intentatum.
1284 3678 1468 3733 Ubivis
1513 3678 1798 3733 doctorum
1840 3676 2061 3742 scrinia,

480 3764 855 3841 bibliothecas,
884 3782 1069 3827 vetera
1120 3788 1392 3826 sacrarum
1423 3770 1617 3825 aedium
1666 3770 2053 3839 chartophyla-

480 3869 565 3921 cia
594 3877 758 3935 atque
787 3865 1123 3934 imaquzeque
1169 3864 1327 3934 adyta
1376 3863 1708 3931 penitissime
1761 3861 2059 3930 introspici,

484 3960 653 4012 maria
682 3967 962 4025 terrasque
982 3956 1226 4025 improbo
1249 3955 1436 4009 labore
1470 3964 1525 4010 et
1554 3961 1774 4023 sumptu
1825 3953 2060 4008 circnm-

482 4049 723 4112 lustrari,
756 4049 1006 4116 aliudque
1029 4049 1135 4100 alio
1159 4046 1285 4100 ferri
1316 4063 1379 4099 ac
1400 4047 1609 4101 misceri
1640 4045 1821 4100 omnia
1852 4045 2056 4099 videas.

481 4138 599 4193 Non
622 4138 837 4199 blattas,
866 4153 972 4191 non
999 4141 1189 4197 tineas,
1209 4136 1413 4189 aliosve
1445 4136 1492 4188 id
1514 4150 1682 4203 genus
1712 4133 2059 4202 dedignamur

482 4231 686 4293 hostes,
720 4229 1035 4298 quibuscum
1068 4227 1361 4280 Andabatae
1392 4226 1512 4279 novi
1542 4223 1929 4292 conﬂigamus;
1960 4239 2059 4277 nec

481 4322 702 4377 latebris
725 4320 838 4389 jam
862 4319 1275 4374 abditissimisve
1303 4319 1510 4385 angulis
1539 4325 1710 4371 tutum
1763 4331 1822 4371 se
1867 4316 2059 4370 adver-

478 4431 570 4469 sus
599 4415 696 4467 :evi
730 4412 900 4466 nostri
944 4412 1290 4479 sagacitatem
1328 4410 1442 4464 fore
1487 4408 1728 4475 conlidit,
1760 4408 1804 4462 si
1834 4409 1974 4475 quod
2005 4407 2056 4461 in

479 4504 578 4565 eis,
628 4517 851 4558 exesum
882 4502 1005 4557 licet
1030 4517 1092 4556 ac
1136 4501 1528 4563 semilacerum,
1578 4500 1739 4555 etiam
1770 4515 1895 4552 num
1927 4500 2057 4553 latet

479 4593 795 4647 veneranda:
827 4591 1174 4661 Antiquitatis
1204 4598 1631 4644 monumentum.
1685 4587 1895 4643 Interea
1929 4605 2057 4643 vero

479 4694 557 4739 tot
604 4693 845 4739 veterum
898 4681 1156 4737 Codicum
1207 4682 1523 4736 accessione
1571 4694 1685 4734 rem
1739 4680 2058 4735 litterariam

481 4792 587 4830 non
619 4775 869 4839 miriﬁce,
905 4790 1003 4829 nec
1027 4789 1122 4844 pro
1149 4773 1308 4828 modo
1338 4772 1539 4826 laboris
1583 4780 1743 4841 atque
1792 4772 2061 4841 impensa-

477 4884 593 4922 rum
650 4876 883 4932 auctam,
934 4866 1149 4936 pietatis
1198 4871 1375 4918 autem
1420 4862 1653 4916 studium
1696 4860 1875 4915 forsan
1907 4862 2059 4915 refri-

476 4957 653 5026 guisse
680 4957 896 5019 scimus,
924 4971 1143 5024 prorsus
1173 4963 1231 5005 ut
1254 4952 1530 5007 subvereri
1584 4951 1703 5019 quis
1748 4952 1936 5021 possit,
1990 4968 2056 5006 an

477 5064 585 5104 non
626 5064 733 5119 prae.
791 5048 952 5102 nimia
1005 5045 1487 5118 bypercriticorum
1540 5044 1714 5098 :etatis
1744 5053 1939 5099 nostrae
1967 5060 2054 5098 sa-

554 5224 631 5290 (a)
674 5223 790 5277 Lib.
819 5240 873 5285 ιι,
901 5233 1066 5293 satyr.
1092 5223 1144 5285 Ξ,
1175 5222 1233 5275 51
1265 5236 1416 5290 seqq.

548 5288 624 5363 (b)
654 5294 967 5360 Quanquam
990 5288 1466 5364 'hypercriticoriim
1498 5303 1710 5364 nomen
1762 5288 1899 5364 (qua
1921 5304 2054 5364 voce

477 5358 720 5418 consulto
752 5367 1010 5418 hactenus
1041 5358 1117 5417 tisi
1162 5369 1372 5427 smnus)
1412 5360 1539 5413 satis
1585 5358 1781 5412 doceat
1833 5360 2053 5413 minime

476 5434 589 5488 haec
615 5450 679 5487 eo
706 5450 736 5488 a
765 5436 918 5488 nobis
944 5434 1170 5488 consilio
1195 5434 1335 5487 dicta
1358 5445 1497 5491 esse,
1528 5438 1585 5481 ut
1617 5429 1667 5482 in
1692 5429 2047 5493 adversarios,

477 5503 719 5558 doctrina
749 5504 957 5559 scilicet
985 5506 1145 5573 atque
1173 5502 1479 5573 eruditione
1488 5570 1498 5573 Α
1523 5508 1836 5573 priestantes
1883 5499 2045 5562 viros,

479 5573 585 5627 ullo
616 5584 773 5644 pacto
819 5569 1159 5636 referantur;
1211 5574 1276 5626 de
1322 5587 1386 5624 eo
1429 5569 1776 5644 nihilominus
1819 5570 2050 5644 lectores

478 5638 685 5697 rursum
718 5646 1061 5713 apertiusque
1085 5644 1316 5713 monitos
1346 5641 1627 5713 volumus,
1665 5638 1824 5707 idque
1872 5640 2045 5713 palam

477 5708 804 5767 abte-tamur
833 5730 848 5776 ',
894 5708 999 5766 inm
1031 5714 1098 5767 cl.
1144 5711 1509 5771 lilzincltinum,
1542 5710 1629 5775 qui
1662 5717 1719 5759 ut
1747 5724 1872 5761 mox
1903 5708 2047 5760 dice.-

480 5798 614 5845 mus,
647 5799 837 5837 novam
866 5784 932 5835 de
963 5782 1233 5835 Laurentii
1270 5781 1439 5846 patria
1486 5778 1794 5843 opinionem
1843 5778 2046 5845 primus

480 5852 764 5921 evulgavit,
796 5868 899 5904 nun
932 5852 1031 5903 levi
1064 5852 1239 5917 aliquo
1271 5850 1615 5901 fundamento
1644 5855 1700 5900 ut
1730 5847 1797 5901 ab
1827 5847 2042 5915 antiqua

2189 1404 2408 1473 pientia,
2441 1404 2618 1474 prisca
2648 1405 2736 1459 illa
2761 1413 3004 1460 veterum
3054 1402 3437 1473 fraudibusque
3465 1413 3783 1475 opportuna

2186 1495 2505 1562 simplicitas
2525 1496 2820 1565 aliquando
2852 1496 3069 1551 tandem
3095 1497 3388 1565 optabilior
3415 1498 3507 1551 sit.

2258 1582 2458 1638 Verum
2515 1585 3002 1640 commendabilem
3061 1585 3240 1655 inquis
3303 1595 3609 1655 temporum
3675 1601 3782 1639 no-

2185 1680 2420 1727 strorum
2453 1673 2750 1744 solertiam,
2781 1676 3171 1744 honestamque
3208 1675 3467 1731 doctrina:
3493 1687 3661 1745 atque
3687 1678 3781 1729 in-

2186 1763 2510 1833 geniiopum
2540 1766 2843 1820 avaritiam.
2874 1764 3064 1834 Neque
3087 1765 3138 1820 id
3178 1767 3540 1821 abnuentibus
3591 1766 3777 1830 nobis,

2184 1856 2229 1909 si
2253 1863 2431 1909 tamen
2456 1856 2506 1910 ei
2527 1857 2705 1912 studio
2726 1858 2945 1913 modum
2976 1857 3201 1920 ﬂatuas;
3224 1874 3351 1925 nam
3369 1859 3497 1912 vitia
3525 1859 3780 1927 proximo

2186 1947 2436 2000 virtutem
2467 1957 2615 2003 sunt.
2650 1949 2731 2003 An
2756 1963 2885 2018 ergo
2907 1949 3054 2018 quod
3098 1949 3386 2019 utrobique
3428 1958 3525 2003 aut
3572 1964 3774 2003 manus

2181 2038 2428 2108 impigre,
2451 2050 2546 2095 aut
2572 2041 2784 2096 animus
2828 2041 3113 2109 splendide
3162 2050 3557 2117 exerceantur,
3595 2042 3777 2094 mala-

2180 2147 2297 2185 rum
2330 2131 2535 2188 idcirco
2572 2150 2753 2189 rerum
2807 2135 3116 2200 audaciam,
3168 2136 3561 2200 fortitudinem,
3584 2136 3773 2191 aliena

2179 2222 2361 2291 largiri
2422 2224 2798 2280 liberalitatem
2857 2228 3091 2281 dixeris?
3158 2226 3377 2282 Diversa
3433 2228 3547 2284 lucc
3616 2238 3767 2283 sunt.

2176 2314 2360 2385 Neque
2389 2316 2601 2383 ambigo
2642 2315 2802 2384 longe
2831 2317 3145 2376 maximam.
3190 2333 3353 2386 quam
3400 2317 3528 2370 olim
3580 2317 3769 2371 fuerit.

2178 2407 2259 2459 bis
2291 2409 2622 2477 temporibus
2665 2423 2785 2462 esse
2833 2409 3094 2463 doctrina:
3120 2418 3176 2465 et
3204 2410 3465 2463 librorum
3496 2423 3767 2468 messem;

2176 2512 2365 2551 verum
2397 2500 2484 2553 ubi
2515 2515 2579 2555 ea
2609 2500 2661 2553 iit
2700 2501 2897 2554 horrea
2928 2501 3215 2566 Iitteraria,
3261 2501 3314 2554 id
3354 2509 3436 2555 est
3463 2500 3517 2553 in
3557 2497 3770 2553 biblio-

2176 2586 2383 2652 thecas,
2416 2590 2694 2657 purganda
2720 2590 3026 2659 conjicitur,
3053 2591 3251 2646 nedum
3281 2606 3481 2645 avenas
3519 2590 3759 2653 steriles,

2172 2679 2266 2733 sed
2290 2688 2345 2734 et
2375 2681 2559 2734 infelix
2588 2682 2776 2737 lolium
2800 2683 2983 2737 tritico
3006 2683 3342 2738 succrevisse
3368 2683 3759 2752 comperimus,

2171 2770 2299 2823 dum
2329 2773 2651 2848 scriptorum
2699 2774 2990 2843 plerosque
3044 2773 3261 2844 propria
3313 2773 3607 2828 extollendi
3648 2782 3758 2827 stu-

2169 2861 2338 2930 dium,
2370 2864 2649 2933 laudisque
2678 2879 2831 2920 amor
2876 2865 3193 2920 immaturus
3240 2866 3547 2935 saepissime
3575 2874 3767 2926 trans-

2169 2970 2363 3010 versos
2391 2955 2521 3025 agit.

2238 3068 2362 3123 Haec
2384 3085 2482 3123 nos
2516 3078 2696 3125 tamen
2723 3071 2978 3127 adversus
3007 3073 3188 3129 s'cculi
3241 3074 3413 3129 nostri
3462 3072 3759 3144 bypercri-

2095 3173 2142 3239 C
2173 3159 2333 3223 ticos,
2364 3174 2665 3229 eorumque
2690 3162 3154 3229 intemperantiam
3184 3165 3466 3233 praelibare
3494 3164 3756 3234 oportuit,

2177 3252 2331 3321 queis
2360 3251 2605 3320 proinde,
2635 3254 2680 3307 si
2735 3252 2866 3321 quid
2907 3253 3069 3309 dubia
3127 3254 3250 3309 luce
3296 3254 3760 3324 lippientibusque

2165 3342 2338 3396 oculis
2361 3342 2650 3397 subrimari
2678 3344 2993 3413 contigerit,
3051 3345 3126 3408 id,
3176 3345 3333 3413 quasi
3394 3344 3754 3414 per-viderint.

2166 3445 2265 3500 pro
2303 3431 2585 3500 explorato
2610 3433 2965 3499 venditantes,
2991 3433 3280 3503 deceptum
3308 3434 3567 3489 novitatis
3587 3435 3759 3490 illicio

2167 3521 2359 3591 vulgus
2383 3528 2448 3577 ad
2480 3537 2541 3579 se
2565 3523 2802 3587 trahere,
2832 3523 3245 3592 sapientumque
3270 3525 3467 3580 famam
3494 3527 3757 3595 aucupari

2165 3616 2400 3668 student.
2433 3612 2509 3668 Ex
2552 3616 2694 3669 serie
2740 3628 2929 3669 eorum
2973 3628 3096 3682 quae
3151 3615 3380 3671 inferius
3426 3617 3753 3685 disputanda

2165 3715 2288 3760 sunt
2315 3707 2497 3777 palam
2521 3707 2637 3762 fore
2665 3722 2967 3777 speramus,
2999 3723 3108 3762 non
3138 3708 3254 3763 haec
3276 3724 3307 3762 a
3339 3709 3496 3763 nobis
3547 3710 3753 3778 impor-

2164 3804 2315 3861 tune,
2340 3804 2435 3850 aut
2458 3805 2518 3850 ut
2540 3812 2723 3853 aerem
2749 3798 3122 3862 verberemus,
3179 3799 3274 3853 sed
3329 3802 3552 3854 omnino
3607 3816 3642 3855 e
3689 3814 3749 3853 re

2164 3890 2548 3965 disputationis
2600 3898 2799 3944 nostra:
2840 3889 2981 3945 dicta
3022 3904 3180 3956 esse;
3228 3892 3501 3945 neminem
3566 3899 3749 3945 tamen

2162 3985 2359 4040 laedere
2412 3990 2505 4036 aut
2551 3980 2805 4047 sugillare
2853 3988 2936 4034 est
2976 3982 3190 4035 animus
3236 3982 3339 4051 (ὁ).
3381 3981 3555 4045 Nunc,
3602 3981 3749 4051 quod

2164 4077 2343 4141 instat,
2372 4073 2651 4140 antiquum
2682 4085 2747 4125 ac
2794 4079 3073 4126 recentem
3113 4073 3500 4127 controversia:
3546 4080 3749 4128 nostra:

2161 4176 2359 4223 statum
2389 4165 2713 4235 aperiamus.

2238 4279 2462 4333 Manlius
2487 4278 2616 4332 olim
2646 4276 2960 4341 Calvinista,
2992 4276 3176 4330 nescio
3205 4276 3343 4345 quis,
3400 4275 3746 4329 Laurentium

2163 4373 2374 4428 levitam
2423 4380 2478 4425 et
2525 4376 2813 4439 martyrem
2864 4368 3269 4423 invictissimum
3320 4368 3491 4436 patria
3546 4367 3747 4420 Roma-

2164 4482 2289 4520 num
2318 4464 2485 4519 voluit
2517 4479 2530 4527 ;
2574 4462 2624 4516 in
2654 4477 2812 4529 quem
2841 4461 3156 4525 Gretserus,
3206 4460 3335 4530 ipsis
3381 4458 3749 4513 helerodoxo-

2092 4557 2137 4614 D
2165 4574 2281 4612 rum
2310 4554 2645 4625 llospiuiani,
2691 4552 2916 4606 Fabricii
2963 4559 3015 4605 et
3042 4551 3267 4604 aliorum
3299 4549 3536 4618 ejusdem
3582 4557 3744 4603 secta:

2162 4647 2520 4718 popularium,
2552 4642 2890 4708 testimoniis,
2916 4637 3195 4694 Manliana:
3218 4641 3433 4693 tltescos
3455 4637 3741 4691 falsitatem

2162 4739 2445 4792 edocturns
2475 4735 2743 4788 invehitur
2774 4734 2841 4803 (c)
2872 4749 2886 4797 ;
2937 4731 3055 4797 ejus
3088 4739 3266 4783 tamen
3298 4735 3614 4796 argumenta
3636 4743 3741 4781 non

2160 4828 2286 4884 satis
2316 4828 2486 4881 valida
2522 4842 2614 4891 pro
2654 4825 2805 4878 osita:
2836 4824 2909 4876 rei
2939 4820 3289 4877 conficiendae
3318 4820 3432 4873 visa
3460 4826 3590 4873 sunt
3615 4818 3739 4871 Bol-

2162 4918 2419 4972 laudiauis
2455 4913 2717 4976 Patribus,
2749 4930 2775 4965 a
2808 4911 3002 4978 quibus
3047 4911 3096 4963 id
3126 4918 3409 4977 acceptum
3456 4908 3739 4962 retulimus

2161 5007 2259 5077 (d).
2312 5006 2507 5059 Verum
2550 5020 2671 5058 cum
2722 5002 2879 5055 iidem
2913 4999 3098 5056 Patres
3148 5001 3418 5053 rationum
3467 5006 3737 5052 momenta

2157 5187 2210 5234 et
2237 5178 2505 5235 communi
2538 5178 2798 5231 sententia
2829 5176 3148 5237 discederet,
3195 5174 3289 5228 sed
3337 5185 3521 5229 vetere
3568 5188 3736 5242 eaque

2158 5251 2209 5304 in
2260 5252 2494 5318 speciem
2547 5249 2882 5316 apertissima
2932 5246 3252 5299 auctoritate
3308 5247 3493 5318 nixum
3546 5244 3728 5318 fuisse,

2156 5314 2531 5386 agno'scmus;
2585 5314 2709 5372 licet
2752 5334 2833 5375 ea.
2888 5324 2943 5369 ut
2992 5330 3116 5383 puta
3144 5331 3261 5386 Aus,
3315 5316 3421 5386 alio
3450 5329 3623 5386 quam
3668 5314 3729 5386 ad

2155 5382 2423 5443 Laurentii
2455 5390 2679 5455 patriam
2712 5386 2988 5441 retercuda
3021 5388 3109 5439 sit.
3142 5383 3215 5437 De
3246 5401 3355 5452 quo
3385 5384 3605 5437 inferius
3632 5382 3731 5436 erit

2153 5459 2444 5512 disserendi
2478 5457 2645 5510 locus.

2225 5547 2294 5617 (c)
2325 5546 2437 5600 Jac.
2478 5546 2779 5617 Gretserus
2806 5545 2865 5617 S.
2897 5543 2972 5607 1.,
3020 5543 3085 5617 de
3133 5541 3305 5617 Festis
3350 5539 3723 5617 Qli‘ristianorq

2152 5612 2242 5670 lib.
2274 5612 2328 5675 it,
2360 5633 2477 5682 cap.
2510 5615 2563 5673 9.
2599 5616 2687 5667 l'ut.
2721 5615 2823 5666 513
2852 5634 2866 5675 ;
2914 5631 3001 5681 ap.
3052 5612 3319 5678 Bolland.,
3372 5612 3439 5664 10
3482 5612 3746 5679 August.,'

2149 5688 2175 5757 ᾗ
2208 5689 2292 5750 10,
2321 5687 2388 5739 de
2423 5687 2595 5739 Patria
2628 5686 2795 5740 sancti
2825 5684 3111 5748 Laurentii,
3149 5700 3199 5735 ιι.
3238 5682 3356 5734 Nl.

2222 5780 2298 5849 ((1)
2334 5778 2389 5830 1³.
2422 5777 2577 5830 Jtta't.
2618 5778 2819 5843 l’inius,
2849 5777 2967 5832 loco
3000 5774 3237 5845 proxime
3267 5772 3517 5841 allegato.

3974 5102 3975 5173 ι

3970 5422 3971 5507 l
