4014 6368
230 354 339 416 585

1112 353 1557 412 DISSERTATIO
1598 354 1687 409 DF.
1729 352 2033 409 DAMASIO
2072 353 2160 408 ET
2204 350 2618 408 LAURENTIO.

3402 358 3509 413 586

227 473 386 545 queis
439 453 670 526 Manlius
723 469 992 524 nitebatur
1047 477 1102 522 ut
1154 467 1500 522 Laurentium
1556 458 1817 522 Romanis
1844 467 1893 525 Α
1920 479 2188 519 NASCENDO
2218 478 2369 526 crvrs,
2403 479 2551 516 sacer
2577 462 2830 525 minister,
2862 470 2909 516 et
2938 461 3167 516 dicatum
3186 465 3383 519 nomini
3416 472 3505 521 tuo

232 566 553 631 ascriberet,
586 579 614 618 a
644 562 715 617 cl.
745 561 1035 617 Francisco
1065 562 1313 617 Carrillio
1335 558 1668 615 Cordubensi
1697 558 1823 613 alibi

234 672 473 730 expensa
505 654 603 728 (α),
658 670 764 709 non
796 654 966 707 multo
996 662 1118 723 post
1168 651 1508 707 exactissime
1556 648 1623 703 ad
1670 648 1825 703 truti-

234 764 360 803 nam
392 753 764 811 revocassent,
817 760 1006 814 parum
1038 744 1116 798 eis
1145 744 1305 810 digna
1337 743 1447 795 visa
1476 748 1617 803 sunt,
1673 755 1739 794 ne
1767 746 1828 793 ut

236 847 674 909 proponerentur
721 836 958 905 quidem.
1012 835 1090 888 Ad
1135 834 1323 891 Urbem
1370 832 1663 887 Romanam
1717 832 1826 900 (in-

232 931 427 1001 quiunt
454 927 554 1003 [b])
587 930 720 998 quod
758 929 964 994 attinet,
994 920 1139 998 quasi
1172 929 1225 980 in
1256 944 1314 980 ea
1363 926 1566 980 natales
1596 926 1826 979 hauserit

234 1019 571 1085 Laurentius,
626 1020 755 1073 adeo
804 1020 944 1072 omni
991 1017 1370 1087 probabilitatis
1421 1019 1587 1087 specie
1632 1018 1827 1070 ridetur

233 1112 443 1166 destitui
474 1111 648 1181 opinio
674 1127 787 1179 qua:
816 1110 911 1163 ItOC
939 1112 1140 1174 asserit,
1188 1118 1241 1162 ut
1272 1126 1335 1163 ne
1362 1110 1439 1164 vel
1468 1111 1683 1181 proponi
1708 1108 1825 1180 qui-

235 1202 376 1266 dem,
405 1201 591 1255 nedum
620 1200 840 1270 refutari
870 1207 1149 1253 mereatur.

308 1315 427 1370 Non
460 1315 627 1386 pluris
653 1315 832 1369 fecere
877 1314 1208 1383 biograpliize
1254 1320 1567 1367 sanctorum
1597 1312 1828 1368 dictato-

234 1422 327 1463 res
355 1416 672 1474 argumenta
703 1406 897 1474 quibus
928 1404 1157 1458 Romani
1197 1405 1470 1459 Laurentii
1515 1405 1720 1459 natales
1748 1405 1829 1459 in-

234 1498 522 1563 nituntur;
578 1497 741 1565 idque
782 1496 972 1550 salutis
1017 1511 1158 1549 anno
1212 1494 1353 1549 1753
1382 1537 1397 1562 ,
1452 1510 1563 1563 quo
1610 1496 1829 1548 demum

232 1588 563 1644 sanctissimi
616 1588 868 1658 martyris
920 1586 1099 1640 Vitam
1156 1587 1402 1654 Actaque
1454 1586 1698 1653 digerere
1756 1586 1825 1639 cl.

229 1676 430 1734 Joanni
461 1676 615 1733 Piuio
645 1678 891 1745 contigit.
923 1675 1030 1731 Sed
1056 1691 1177 1745 quae
1206 1692 1294 1731 res
1323 1677 1586 1730 humanas
1614 1691 1713 1745 pro
1745 1676 1829 1729 lu-

229 1770 418 1825 hidine
448 1768 616 1839 magis
644 1783 805 1837 quam
853 1783 921 1821 ex
965 1782 1098 1821 vero
1146 1767 1387 1821 celebrat
1435 1774 1528 1820 aut
1576 1766 1832 1820 obscurat

1927 568 2110 604 munus
2140 560 2214 605 est
2245 553 2529 621 preprium.

2000 644 2125 698 ilice
2154 644 2243 699 ubi
2277 645 2505 714 primum
2543 642 2869 699 Blancliinus
2918 660 2948 698 a
2999 644 3182 700 limine
3228 645 3506 711 salutavit,

1926 734 2211 789 verborum
2240 734 2443 804 specie
2490 734 2670 804 decipi
2720 733 2874 790 facile
2904 752 3111 805 passus,
3160 736 3510 794 Laurentium

1930 826 2102 896 patria
2134 826 2434 883 Romanum
2462 844 2492 882 e
2520 827 2745 897 vestigio
2775 828 3023 893 credidit,
3058 838 3404 900 veteremque
3455 841 3513 888 et

1929 917 2377 987 receptissimam,
2421 918 2811 990 quccllispanis
2860 919 3023 987 favet,
3072 924 3391 977 sententiam
3444 924 3512 977 ab

1930 1008 2263 1064 eruditorum
2296 1011 2488 1065 animis
2532 1010 2856 1066 eradendam
2906 1013 3135 1067 censuit.
3187 1012 3304 1080 Quo
3336 1015 3514 1072 minus

1930 1106 2107 1152 autem
2158 1114 2272 1153 rem
2331 1108 2556 1155 eatenus
2602 1101 2934 1171 inexpertam
2991 1104 3291 1171 sapientum
3338 1121 3515 1161 scenae

1933 1196 2055 1242 tunc
2082 1190 2468 1253 committeret.
2502 1192 2776 1257 graviores
2806 1193 2921 1246 alia:
2950 1193 3003 1246 in
3033 1210 3167 1264 quas
3200 1195 3338 1251 ultro
3392 1213 3513 1253 sese

1930 1281 2237 1349 ceiijeccrat
2267 1298 2407 1336 cura:
2436 1283 2487 1336 in
2515 1299 2675 1337 causa
2706 1283 2874 1340 fuere.
2910 1286 3011 1341 Vix
3058 1289 3200 1343 enim
3243 1290 3387 1345 edito
3416 1291 3518 1347 Sa-

1931 1373 2312 1437 cramentario,
2366 1372 2625 1428 Leoniani
2674 1393 2870 1432 nomen
2923 1396 3143 1448 prorsus
3190 1383 3513 1450 inauditum,

1933 1464 2225 1536 titulusque
2278 1465 2459 1521 Codici
2516 1468 2784 1537 pisclixus,
2840 1486 2949 1539 quo
2998 1492 3029 1527 Α
3078 1490 3280 1531 ssxcro
3330 1476 3517 1534 Leone

1932 1570 2240 1612 censemus
2268 1558 2585 1625 dicebatur,
2636 1561 2710 1616 rei
2763 1562 3017 1630 liturgicae
3069 1584 3133 1621 ac
3179 1569 3517 1628 bibliotheca!

1933 1648 2309 1703 ecclesiastica:
2339 1650 2685 1720 peritioribus
2725 1652 2991 1721 innotu't,
3042 1674 3161 1711 cum
3195 1660 3518 1717 Blsncbiuus

1933 1739 2146 1794 violata:
2174 1742 2389 1797 critices
2417 1759 2542 1799 reus
2566 1746 2633 1798 ab
2664 1746 2789 1815 ipsis
2820 1747 3014 1815 dictus,
3068 1752 3174 1806 imo
3205 1754 3516 1822 injuriarum

229 1874 377 1927 sors,
404 1867 464 1913 ut
490 1830 1003 1927 pgem'loquumur,
1034 1872 1096 1912 ea
1120 1855 1369 1927 profecto
1401 1858 1455 1912 in
1486 1857 1588 1911 hac
1611 1872 1829 1926 quoque
1862 1831 1906 1891 Β
1935 1830 2375 1927 prstulatusluit,
2403 1834 2553 1902 quasi
2585 1835 2720 1890 falso
2764 1836 3253 1897 Sacramentarium
3285 1848 3518 1901 sanctis-

231 1950 602 2021 disputatione
630 1950 810 2004 ludum
858 1949 1180 2004 insolentem
1213 1949 1265 2003 lu
1282 1950 1401 2004 lere
1428 1950 1541 2004 visa
1573 1959 1674 2005 est.
1728 1949 1828 2005 Vix

231 2041 381 2096 enim
410 2040 684 2094 biennium
714 2037 1017 2105 efﬂuxerat,
1069 2055 1189 2094 cum
1231 2055 1298 2094 ex
1334 2040 1549 2096 detecto
1600 2041 1830 2095 Verona:

230 2130 376 2185 circa
402 2144 465 2183 ea
494 2138 738 2198 tempora
787 2129 1217 2184 Sacramentario
1266 2129 1553 2185 missarum
1605 2129 1825 2195 Codice,

228 2220 289 2275 in
317 2235 426 2289 quo
455 2221 791 2275 eruditorum
814 2220 1075 2285 nonnulli,
1106 2220 1303 2275 summi
1330 2221 1547 2291 quidem
1567 2221 1687 2285 viri,
1718 2235 1827 2275 non

232 2320 442 2377 tamen,
490 2320 549 2364 ut
571 2311 825 2375 arbitror,
867 2311 998 2365 satis
1024 2311 1309 2380 explorato
1337 2310 1596 2367 Codicum
1619 2311 1830 2379 liturgi-

228 2420 421 2461 corum
452 2403 685 2472 ingenio,
738 2418 915 2472 neque
946 2403 1202 2459 Ecclesiae
1233 2404 1287 2458 in
1317 2404 1559 2473 ipsorum
1604 2404 1824 2460 ordina-

230 2494 382 2548 tione
412 2494 711 2564 proposito,
747 2492 1024 2548 Laurentii
1055 2495 1285 2563 patriam
1314 2494 1667 2550 disertissime
1694 2510 1826 2550 cou-

230 2583 394 2639 tineri
424 2583 669 2638 arbitrati
698 2590 847 2649 sunt,
894 2591 1043 2638 tanta
1072 2600 1253 2639 rerum
1300 2587 1652 2642 commutatio
1694 2601 1827 2642 con-

231 2683 421 2729 secuta
454 2681 559 2742 est,
599 2682 657 2728 ut
683 2674 727 2727 si
754 2674 874 2744 quis
898 2673 1008 2742 jam
1037 2674 1164 2729 alibi
1190 2690 1351 2744 quam
1380 2676 1434 2730 in
1468 2675 1610 2731 Urbe
1640 2686 1826 2731 natum

233 2763 534 2819 contendat
563 2772 856 2834 martyrem
899 2764 1329 2834 invictissimum,
1376 2764 1610 2821 ditticilis
1639 2766 1825 2837 plane-

228 2869 340 2923 que
369 2854 667 2925 desperatae
709 2870 884 2910 causa:
933 2857 1294 2925 patrocinium
1339 2858 1645 2928 suscepisse
1689 2874 1822 2915 cen-

227 2943 434 3000 sendus
458 2945 549 3000 sit.
581 2945 865 3015 Exponam
896 2962 1008 3001 rem
1038 2962 1147 3017 quo
1174 2961 1325 3018 gesta
1354 2959 1439 3004 est
1470 2948 1679 3005 ordine.

303 3060 596 3116 Inclinante
622 3061 807 3116 salutis
850 3076 992 3117 anno
1023 3061 1180 3128 1755,
1233 3062 1303 3118 cl.
1334 3062 1534 3134 Ioseph
1577 3065 1825 3122 Blanchia

229 3172 357 3221 nus,
386 3157 821 3225 congregationis
858 3154 1093 3213 Oratorii
1126 3157 1353 3213 Romani
1383 3160 1683 3231 presbyter,
1716 3159 1821 3215 Ve-

229 3248 482 3302 ronensis
511 3247 639 3302 olim
665 3248 957 3303 canonieus
979 3289 995 3314 ,
1043 3248 1170 3303 dum
1200 3249 1539 3305 absolvenda:
1564 3252 1822 3307 vaticana:

230 3336 504 3392 Anastasii
534 3336 939 3393 Bibliothecarii
968 3338 1201 3394 Editioni
1259 3342 1445 3410 (quam
1494 3344 1825 3413 prmstantis-

231 3428 427 3484 simam
458 3443 591 3485 sane
618 3429 1009 3486 illustrissimus
1046 3430 1362 3487 Franciscus
1409 3432 1527 3501 ejus
1577 3442 1820 3503 patruus,

232 3535 346 3590 quo
373 3528 618 3590 tempore
639 3530 818 3576 morte
868 3522 1199 3592 interceptus
1244 3523 1365 3590 fuit,
1413 3523 1664 3579 infectam
1693 3526 1822 3580 reli-

228 3617 447 3679 querat)
495 3611 755 3679 novisque
806 3612 1204 3668 accessionibus
1256 3613 1649 3683 locupletandce
1680 3622 1823 3669 totus

234 3700 515 3755 incumbit.
595 3699 786 3767 Quarti
837 3700 954 3769 ejus
1005 3703 1186 3771 operis
1239 3703 1368 3758 tomi
1425 3703 1823 3773 prolegomenis

234 3790 397 3862 (Pag.
450 3791 637 3862 12.57)
681 3793 905 3848 inseruit
952 3802 1222 3862 repertum
1270 3793 1337 3849 ab
1364 3794 1482 3864 ipso
1510 3810 1622 3849 non
1653 3795 1823 3850 multo

234 3882 444 3951 pridem
474 3883 526 3937 in
557 3882 885 3939 Bibliotheca
911 3885 1229 3953 amplissimi
1257 3885 1477 3953 capituli
1502 3884 1824 3940 Veronensis

234 3971 509 4038 Ecclesiae,
535 3973 1060 4039 Sacramentarium,
1116 3976 1167 4030 id
1198 3985 1300 4040 est,
1349 3976 1630 4030 missarum
1658 3975 1826 4030 Codi-

232 4079 350 4119 cem
379 4066 823 4132 vetustissimum,
855 4067 964 4131 cui,
1011 4068 1054 4123 si
1082 4067 1250 4122 libere
1277 4067 1642 4138 philosophari
1671 4068 1824 4123 volu-

178 4174 187 4180 ο
232 4171 373 4222 mus,
429 4157 588 4226 paulo
616 4173 776 4227 quam
808 4160 1094 4228 oportebat
1141 4159 1517 4229 properantius
1545 4158 1822 4215 Leoniano

232 4261 432 4301 nomen
464 4246 609 4313 fecit,
662 4248 769 4304 hoc
798 4264 921 4303 eum
953 4248 1108 4303 titulo
1156 4250 1475 4318 simpliciter
1520 4249 1822 4306 inscribens

232 4329 466 4408 (Ibid'J:
500 4337 672 4392 Codex
698 4342 1155 4393 Sacramentorum
1184 4350 1324 4394 vetus
1356 4341 1607 4395 Romana:
1643 4340 1826 4395 Eccle-

233 4428 328 4481 sia:
354 4445 388 4482 Α
417 4443 619 4483 ssncro
670 4428 851 4484 Leone
880 4427 1021 4483 Papa
1050 4428 1070 4481 Ι
1100 4445 1424 4485 consecras.
1475 4429 1532 4483 In
1566 4445 1632 4485 eo
1663 4430 1822 4498 igitur

232 4516 432 4575 Codice
462 4519 550 4573 ubi
575 4520 673 4574 sub
705 4521 911 4575 initium
941 4520 1165 4590 Augusti
1196 4524 1396 4578 mensis
1427 4524 1709 4593 multiplex
1764 4525 1816 4578 in

230 4613 404 4667 natali
431 4615 603 4669 sancti
648 4614 921 4670 Laurentii
970 4616 1220 4687 Martyris
1267 4619 1427 4674 mi-sa
1481 4630 1813 4685 recensetur,

231 4716 298 4756 ea
325 4717 444 4771 qua:
472 4704 659 4759 ordine
689 4706 1008 4761 duodecima
1038 4717 1121 4762 est
1165 4709 1306 4765 hanc
1342 4712 1816 4777 contestationem,

230 4808 330 4849 seu
358 4795 723 4865 praefationem
754 4799 914 4853 habet
958 4799 1117 4872 (Pag.
1164 4801 1255 4869 58,
1285 4804 1383 4857 col.
1420 4804 1471 4874 1)
1500 4823 1511 4856 ;
1570 4802 1817 4866 Quamris

231 4888 371 4940 enim
394 4898 687 4943 sanctorum
716 4898 918 4944 tuorum
946 4903 1268 4964 propagante
1308 4904 1374 4959 te,
1422 4894 1663 4961 Domine,
1710 4906 1816 4951 tota

231 4974 355 5028 orbe
376 4978 519 5030 clara
542 4979 610 5032 sit
634 4979 821 5049 glaria,
865 4980 926 5034 de
955 4981 1090 5034 beati
1125 4992 1293 5036 tamen
1323 4984 1650 5039 solemnitate
1678 4985 1817 5041 LAU-

231 5069 753 5137 nsa'rnpeculiarius
799 5087 907 5141 pra:
930 5075 1161 5141 caneris,
1211 5073 1362 5129 Reus
1407 5076 1615 5130 [αππιαν
1658 5094 1816 5134 curus

307 5259 384 5350 fa.)
419 5259 475 5315 In
505 5277 671 5350 opere
700 5266 785 5320 cui
817 5266 1003 5350 titulus
1038 5268 1365 5350 {Certamen
1392 5273 1690 5329 historicum
1720 5294 1813 5350 pro

230 5333 599 5405 patria_sancti
628 5333 918 5401 Laurentii,
947 5337 1199 5394 Corduba:
1230 5342 1387 5396 1673.
1590 5400 1599 5405 η

232 5467 284 5488 ε*
307 5399 381 5488 (9)
414 5402 473 5488 P;
500 5401 702 5488 Pinius,
743 5399 1055 5488 10ﬁAugust.
1094 5409 1120 5482 δ
1158 5411 1361 5488 11_,”de
1393 5413 1515 5469 loco
1548 5400 1814 5488 Hispanias

230 5470 290 5523 in
315 5470 772 5543 qquLaurentius
800 5470 977 5543 fuerit,
1010 5470 1158 5533 num.
1194 5470 1314 5536 110.

306 5540 652 5627 (Acipensis-lli
680 5545 748 5627 de
775 5546 875 5601 bac
898 5540 973 5627 re
990 5548 1139 5605 fuere
1165 5551 1444 5627 clarissimi
1471 5556 1573 5612 viri
1601 5556 1812 5627 Cajeta-

230 5624 335 5663 nus
363 5609 527 5693 Maria
556 5612 814 5693 Meratus,
864 5618 998 5693 cler.
1040 5633 1155 5688 reg.
1210 5609 1806 5693 Theatiniustacfrvri—t.

230 5680 511 5762 consultor
533 5699 564 5762 ξ.
598 5682 858 5740 Eusebius
870 5680 1248 5762 .Atnortfcan.
1277 5707 1390 5762 reg.
1419 5680 1592 5751 san'cti
1618 5680 1809 5753 suis;

233 5749 371 5833 tori:
398 5749 779 5833 ;.Polinga‘nus
808 5772 822 5819 ;
860 5749 1319 5833 _Lud.AAntonius
1338 5749 1706 5833 VMuratorius,
1725 5749 1732 5752 ﬁ
1751 5749 1811 5825 et

235 5816 300 5871 Β.
333 5816 389 5873 Ρ.
408 5816 634 5891 ,Ιοεθνιὶ
654 5816 979 5893 Augustinus
1003 5825 1187 5883 Orsius
1205 5871 1219 5896 ,
1264 5816 1811 5910 sarriwpwala—tii-xipo:

641 5945 903 6005 Pnnor.
952 5946 1240 6017 LXXIV.

1850 4584 1900 4644 D

1928 1923 2065 1976 sime
2097 1923 2337 1992 pontiﬁci
2372 1927 2697 1981 attribuerit.
2733 1928 2898 1984 Totus
2929 1932 3088 2001 igitur
3130 1936 3181 1989 in
3213 1951 3278 1990 eo
3309 1946 3365 1991 ut
3394 1956 3517 1995 sese

1928 2023 2203 2083 purgaret,
2254 2024 2382 2085 post
2412 2018 2614 2071 varium
2662 2021 3051 2093 multiplexque
3095 2025 3512 2086 Sacramentarii

1929 2118 2175 2171 examen,
2207 2108 2529 2178 crebrasque
2561 2110 2700 2165 ultro
2726 2113 2966 2185 citroque
2995 2119 3420 2178 con-ultationes
3448 2124 3514 2179 ad

1927 2196 2199 2265 sapientes
2225 2214 2321 2268 per
2351 2199 2554 2253 Italiam
2597 2204 2741 2259 viros
2790 2206 3038 2275 (quorum
3094 2226 3350 2280 responsa
3404 2229 3511 2270 non

1927 2288 2175 2357 ambigue
2222 2292 2383 2361 capiti
2432 2309 2530 2347 suo
2577 2295 2962 2365 impendebant
3001 2302 3091 2373 [c:)
3146 2307 3253 2362 alte
3301 2309 3517 2364 imbibi-

1926 2386 2037 2432 tam
2087 2379 2154 2433 de
2204 2379 2446 2437 Romana
2475 2382 2748 2441 Laurentii
2780 2391 2952 2459 patria
2982 2398 3305 2452 sententiam
3345 2402 3517 2455 turbi-

1926 2469 2007 2524 dis
2054 2472 2228 2528 adhuc
2276 2474 2437 2531 rebus
2492 2492 2743 2547 promere
2797 2498 2904 2537 non
2960 2486 3091 2541 satis
3147 2499 3510 2560 opportunum

1927 2562 2098 2621 duxit.

1997 2682 2196 2739 Verum
2224 2686 2312 2742 ubi
2339 2704 2595 2758 processu
2628 2695 2889 2763 temporis
2914 2698 3146 2765 partium
3177 2701 3349 2756 studia
3380 2719 3508 2759 sen-

1926 2773 2048 2843 sim,
2098 2785 2158 2831 ut
2189 2775 2264 2844 fit,
2297 2778 2626 2839 deferbuisse
2654 2786 3031 2843 animadvertit
3075 2791 3157 2844 vir
3200 2794 3513 2862 evulgandtn

1926 2868 2167 2935 opinioni
2196 2884 2357 2939 quam
2389 2874 2569 2929 animo
2609 2888 2936 2948 praeceperat
2967 2880 3376 2953 intentissimas,
3406 2888 3511 2942 im-

1924 2976 2176 3032 puneque
2201 2963 2312 3033 jam
2360 2980 2389 3019 a
2430 2968 2702 3023 nonnullis
2746 2984 2867 3024 eum
2898 2971 3151 3029 Codicem
3181 2975 3510 3034 Leonianum

1927 3052 2055 3117 dici,
2102 3052 2211 3109 imo
2243 3054 2407 3110 etiam
2437 3072 2503 3111 eo
2535 3060 2751 3115 nomine
2784 3076 2812 3114 a
2848 3062 3105 3131 liturgicis
3136 3067 3397 3137 appellari
3429 3072 3512 3141 (ut

1928 3141 2103 3212 ipsum
2133 3144 2335 3199 scilicet
2360 3161 2390 3199 a
2420 3144 2711 3205 Gelasiano
2759 3161 2813 3205 et
2850 3152 3185 3223 Cregoriano
3215 3158 3511 3230 distingue-

1928 3233 2070 3303 rent)
2097 3253 2111 3300 ;
2146 3244 2272 3291 tunc
2300 3236 2516 3293 demum
2549 3256 2701 3295 novae
2731 3242 2834 3307 illi,
2887 3260 3047 3315 quam
3095 3263 3160 3302 ex
3190 3247 3513 3307 Sacramen-

1926 3325 2066 3381 tario
2109 3326 2383 3394 hauserat,
2431 3331 2498 3386 de
2540 3334 2711 3401 patria
2746 3338 3078 3394 sanctissimi
3115 3344 3365 3413 martyris
3389 3347 3511 3415 opi-

1925 3416 2073 3471 nioni
2104 3418 2160 3473 in
2188 3419 2375 3488 vulgus
2411 3423 2716 3479 emittenda:
2748 3434 2957 3496 tempus
2987 3430 3176 3486 adesse
3220 3435 3509 3492 arbitratus

1925 3505 2041 3561 fuit.
2072 3508 2259 3578 Itaque
2287 3528 2408 3567 cum
2439 3530 2582 3570 anno
2613 3516 2744 3572 1741
2773 3522 3094 3577 venerabilis
3120 3523 3176 3578 S.
3208 3525 3269 3579 lt.
3304 3526 3365 3579 E.
3400 3542 3513 3583 car-

1926 3597 2120 3654 dinalis
2148 3600 2370 3672 Josephi
2399 3603 2581 3660 Maria:
2631 3606 2903 3664 Thomasii
2952 3612 3321 3677 liturgicorum
3372 3634 3505 3689 ope-

1925 3707 2044 3746 rum
2073 3692 2459 3751 Collectionem
2492 3698 2829 3769 adornasset,
2878 3704 3020 3758 inter
3050 3706 3294 3773 ejusdem
3326 3711 3506 3778 prole-

1924 3792 2151 3846 gomena
2183 3781 2342 3853 (Pag.
2380 3784 2568 3856 1-136)
2601 3799 2837 3843 veterem
2884 3792 3051 3846 edidit
3099 3793 3352 3851 Codicem
3383 3814 3510 3853 ora-

1929 3872 2131 3927 tionum
2162 3876 2519 3943 antiquissimi
2566 3881 2698 3936 ritus
2727 3881 3209 3955 Gothico-Hispani
3238 3903 3305 3943 ex
3340 3890 3509 3948 Vero-

1927 3963 2109 4017 nensis
2139 3964 2320 4018 itidem
2347 3965 2597 4021 Ecclesiae
2628 3970 2949 4027 bibliotheca
2973 3990 3079 4028 non
3100 3977 3271 4033 multo
3295 3980 3501 4049 pridem

1925 4052 1994 4106 ab
2025 4055 2143 4120 ipso
2174 4063 2409 4121 erutum,
2441 4058 2689 4127 notisque
2713 4060 3053 4129 illustratum,
3084 4081 3354 4140 quemque
3376 4073 3505 4127 olim

1926 4140 1993 4194 ad
2020 4142 2498 4207 Tarraconensem,
2554 4152 2888 4215 cognominis
2934 4154 2985 4207 in
3017 4156 3268 4214 citeriore
3316 4160 3510 4233 Hispa-

1926 4233 2012 4287 nia
2041 4235 2353 4304 provincim,
2383 4235 2679 4294 Ecclesiam
2711 4246 3037 4312 pertinuisse
3061 4249 3138 4317 (d)
3169 4253 3465 4308 contendit.

1995 4350 2051 4404 In
2081 4367 2146 4407 eo
2171 4361 2349 4406 autem
2372 4354 2568 4410 Codice
2593 4357 2659 4411 de
2682 4359 3015 4414 orationibus
3042 4376 3207 4431 agens
3229 4379 3349 4433 qua:
3371 4366 3497 4419 olim

1906 4440 1977 4494 in
2017 4443 2186 4495 sancti
2219 4441 2494 4499 Laurentii
2524 4447 2682 4501 mis~a
2714 4460 2876 4518 atque
2906 4449 3115 4519 officio,
3169 4454 3333 4508 natali
3361 4458 3504 4511 scili-

1925 4540 2012 4586 cet
2050 4532 2290 4601 ejusdem
2317 4536 2403 4589 die
2435 4537 2553 4590 caui
2582 4546 2673 4591 aut
2704 4541 2917 4595 recitari
2945 4554 3354 4609 consueverant,
3389 4549 3508 4617 qui-

1926 4622 2025 4675 bus
2051 4623 2191 4676 inter
2223 4622 2498 4680 Blancbini
2546 4632 2923 4685 annotationes
2955 4648 3016 4685 ea
3048 4636 3337 4702 respondet
3384 4653 3503 4706 qua:

1925 4713 2114 4768 ordine
2144 4713 2246 4767 106
2276 4726 2589 4772 numeratur
2617 4720 2686 4790 (e)
2711 4760 2724 4783 ,
2769 4721 2881 4776 fuse
2906 4724 2971 4777 de
3013 4723 3344 4783 invictissimi
3371 4746 3507 4783 mar-

1925 4804 2055 4873 tyris
2086 4805 2257 4873 patria
2291 4821 2596 4862 sermonem
2626 4810 2875 4876 instituit,
2906 4822 3160 4882 tantaque
3188 4831 3313 4871 eum
3339 4819 3503 4874 animi

1923 4896 2270 4950 contentione
2310 4912 2375 4951 ac
2424 4897 2616 4953 fiducia
2663 4900 2919 4957 Romanis
2968 4906 3195 4971 asserit,
3243 4919 3502 4976 quantam
3591 4946 3601 4983 ι

1916 4982 2039 5051 jure
2067 4985 2118 5038 in
2148 4986 2391 5054 sapiente
2419 4988 2534 5042 viro
2563 4990 2844 5045 demirere.
2880 4992 3062 5062 Itaque
3093 4996 3287 5052 indicta
3318 4999 3385 5054 ab
3414 5000 3504 5056 Hi-

1920 5075 2102 5143 Spanis
2132 5091 2315 5140 causa,
2352 5094 2677 5149 prorsusque
2706 5082 3005 5140 insalutatis
3033 5101 3152 5155 qua:
3180 5104 3280 5158 pro
3309 5105 3497 5148 eorum

1918 5282 2115 5369 stolici,
2145 5284 2271 5369 dum
2298 5288 2412 5369 hinc
2438 5290 2741 5369 scribimus,
2771 5293 3044 5369 magister,
3077 5299 3167 5369 qui
3198 5315 3384 5358 omnes
3412 5302 3497 5358 vel

1918 5353 2078 5435 editis
2100 5355 2579 5435 lucubrationibus,
2611 5363 2697 5416 vel
2728 5353 2778 5418 in
2804 5353 3113 5435 privatis'ad
3142 5353 3496 5429 Blan‘cb‘inut'n

1917 5421 2129 5502 litteris,
2173 5431 2544 5507 consentiente
2565 5421 2751 5507 tamen
2793 5421 3500 5507 iuuisgio,’feminini};

1916 5498 2054 5575 rium
2082 5506 2270 5552 sancto
2300 5498 2464 5575 Leoni
2492 5502 2901 5575 abjudicandum
2948 5498 3224 5575 censuere,
3269 5498 3501 5569 cennos

1915 5568 2078 5650 docet
2105 5582 2287 5650 comes
2317 5568 2669 5650 Acamustln
2700 5574 2972 5650 dissertet:
3012 5568 3222 5650 apolog:
3264 5583 3329 5635 de
3358 5568 3498 5637 anti;

1983 5641 2107 5756 ἕξω
2135 5646 2184 5689 et
2217 5649 2433 5775 )auctare
2480 5641 2890 5702 Sacramentarii
2942 5641 3214 5714 Leoitiani,
3267 5660 3414 5720 parte
3438 5669 3493 5718 tt,

2036 5774 2041 5775 ί
2070 5722 2206 5775 seqq.
2242 5748 2256 5761 .

2070 5722 2206 5776 seqq.
2218 5722 2256 5775 ).

2095 5774 2440 5861 irrumatione
2467 5779 2555 5848 22,
2583 5800 2702 5861 pag.
2730 5785 2856 5854 157,
2889 5790 2940 5843 in
2972 5791 3078 5859 fine
3105 5800 3153 5844 et
3177 5793 3424 5861 sequenti.

1989 5843 2059 5913 te)
2096 5843 2221 5917 Pag.
2251 5847 2374 5917 292,
2410 5851 2459 5905 in
2493 5843 2786 5926 prolegom.

3000 5995 3073 6053 19
