  <div class='ocr_page' id='page_1' title='image "/cluster/home/n/w/nwhite01/storage/ocr_20150623/74/hvd.32044015469372/304.png"; bbox 0 0 4046 6364; ppageno 0'>
   <div class='ocr_carea' id='block_1_1' title="bbox 274 395 381 453">
    <p class='ocr_par' dir='ltr' id='par_1_1' title="bbox 274 395 381 453">
     <span class='ocr_line' id='line_1_1' title="bbox 274 395 381 453; baseline -0.028 -1"><span class='ocrx_word' id='word_1_1' title='bbox 274 395 381 453; x_wconf 72' lang='lat'><strong>583</strong></span> 
     </span>
    </p>
   </div>
   <div class='ocr_carea' id='block_1_2' title="bbox 1167 383 2649 447">
    <p class='ocr_par' dir='ltr' id='par_1_2' title="bbox 1167 383 2649 447">
     <span class='ocr_line' id='line_1_2' title="bbox 1167 383 2649 447; baseline -0.004 -2"><span class='ocrx_word' id='word_1_2' title='bbox 1167 388 1614 447; x_wconf 79' lang='lat' dir='ltr'><strong>DISSERTATIO</strong></span> <span class='ocrx_word' id='word_1_3' title='bbox 1653 388 1744 444; x_wconf 82' lang='lat' dir='ltr'><strong>DE</strong></span> <span class='ocrx_word' id='word_1_4' title='bbox 1786 386 2065 441; x_wconf 65' lang='lat' dir='ltr'><strong>DAMASO</strong></span> <span class='ocrx_word' id='word_1_5' title='bbox 2105 383 2191 440; x_wconf 80' lang='grc' dir='ltr'>ΕΤ</span> <span class='ocrx_word' id='word_1_6' title='bbox 2234 384 2649 441; x_wconf 81' lang='lat' dir='ltr'><strong>LAURENTIO.</strong></span> 
     </span>
    </p>
   </div>
   <div class='ocr_carea' id='block_1_3' title="bbox 3442 388 3549 443">
    <p class='ocr_par' dir='ltr' id='par_1_3' title="bbox 3442 388 3549 443">
     <span class='ocr_line' id='line_1_3' title="bbox 3442 388 3549 443; baseline 0 0"><span class='ocrx_word' id='word_1_7' title='bbox 3442 388 3549 443; x_wconf 65' lang='lat'><strong>5&#39;30</strong></span> 
     </span>
    </p>
   </div>
   <div class='ocr_carea' id='block_1_4' title="bbox 270 492 3546 578">
    <p class='ocr_par' dir='ltr' id='par_1_4' title="bbox 270 492 3546 578">
     <span class='ocr_line' id='line_1_4' title="bbox 270 492 3546 578; baseline -0.004 -12"><span class='ocrx_word' id='word_1_8' title='bbox 270 504 522 578; x_wconf 86' lang='lat' dir='ltr'><strong>contigit)</strong></span> <span class='ocrx_word' id='word_1_9' title='bbox 569 520 688 562; x_wconf 88' lang='lat' dir='ltr'><strong>cum</strong></span> <span class='ocrx_word' id='word_1_10' title='bbox 719 498 815 574; x_wconf 75' lang='lat' dir='ltr'><strong>per</strong></span> <span class='ocrx_word' id='word_1_11' title='bbox 841 518 905 560; x_wconf 88' lang='lat' dir='ltr'><strong>ea</strong></span> <span class='ocrx_word' id='word_1_12' title='bbox 936 511 1178 573; x_wconf 88' lang='lat' dir='ltr'><strong>tempora</strong></span> <span class='ocrx_word' id='word_1_13' title='bbox 1206 500 1648 557; x_wconf 84' lang='lat' dir='ltr'><strong>Dissertationem</strong></span> <span class='ocrx_word' id='word_1_14' title='bbox 1676 499 1853 569; x_wconf 89' lang='lat' dir='ltr'><strong>philo-</strong></span> <span class='ocrx_word' id='word_1_15' title='bbox 1886 499 1934 558; x_wconf 74' lang='grc' dir='ltr'>Α</span> <span class='ocrx_word' id='word_1_16' title='bbox 1958 509 2174 565; x_wconf 73' lang='lat' dir='ltr'><strong>Quoque</strong></span> <span class='ocrx_word' id='word_1_17' title='bbox 2202 494 2435 560; x_wconf 87' lang='lat' dir='ltr'><strong>Sixtum,</strong></span> <span class='ocrx_word' id='word_1_18' title='bbox 2484 495 2771 573; x_wconf 85' lang='lat' dir='ltr'><strong>mediaque</strong></span> <span class='ocrx_word' id='word_1_19' title='bbox 2799 493 2850 548; x_wconf 92' lang='lat' dir='ltr'><strong>in</strong></span> <span class='ocrx_word' id='word_1_20' title='bbox 2877 492 3086 549; x_wconf 78' lang='lat' dir='ltr'><strong>Graecia</strong></span> <span class='ocrx_word' id='word_1_21' title='bbox 3121 503 3305 549; x_wconf 90' lang='lat' dir='ltr'><strong>natum</strong></span> <span class='ocrx_word' id='word_1_22' title='bbox 3338 495 3504 553; x_wconf 82' lang='lat' dir='ltr'><strong>fuisse</strong></span> <span class='ocrx_word' id='word_1_23' title='bbox 3530 517 3546 563; x_wconf 88' lang='lat'><strong>;</strong></span> 
     </span>
    </p>
   </div>
   <div class='ocr_carea' id='block_1_5' title="bbox 270 588 1861 671">
    <p class='ocr_par' dir='ltr' id='par_1_5' title="bbox 270 588 1861 671">
     <span class='ocr_line' id='line_1_5' title="bbox 270 588 1861 671; baseline -0.009 -15"><span class='ocrx_word' id='word_1_24' title='bbox 270 600 505 671; x_wconf 84' lang='lat' dir='ltr'><strong>logicam</strong></span> <span class='ocrx_word' id='word_1_25' title='bbox 525 596 781 653; x_wconf 70' lang='lat' dir='ltr'><strong>edidisset</strong></span> <span class='ocrx_word' id='word_1_26' title='bbox 801 596 900 667; x_wconf 72' lang='grc' dir='ltr'><strong>(α),</strong></span> <span class='ocrx_word' id='word_1_27' title='bbox 931 596 1110 665; x_wconf 91' lang='lat' dir='ltr'><strong>inqua</strong></span> <span class='ocrx_word' id='word_1_28' title='bbox 1140 594 1397 650; x_wconf 85' lang='lat' dir='ltr'><strong>nonnulla</strong></span> <span class='ocrx_word' id='word_1_29' title='bbox 1427 608 1596 648; x_wconf 64' lang='lat' dir='ltr'><strong>sacra:</strong></span> <span class='ocrx_word' id='word_1_30' title='bbox 1618 588 1861 657; x_wconf 89' lang='lat' dir='ltr'><strong>antiqui-</strong></span> 
     </span>
    </p>
   </div>
   <div class='ocr_carea' id='block_1_6' title="bbox 274 680 1864 751">
    <p class='ocr_par' dir='ltr' id='par_1_6' title="bbox 274 680 1864 751">
     <span class='ocr_line' id='line_1_6' title="bbox 274 680 1864 751; baseline -0.009 -4"><span class='ocrx_word' id='word_1_31' title='bbox 274 692 403 747; x_wconf 85' lang='lat' dir='ltr'><strong>tatis</strong></span> <span class='ocrx_word' id='word_1_32' title='bbox 430 697 776 744; x_wconf 88' lang='lat' dir='ltr'><strong>monumenta</strong></span> <span class='ocrx_word' id='word_1_33' title='bbox 813 688 883 743; x_wconf 87' lang='lat' dir='ltr'><strong>ad</strong></span> <span class='ocrx_word' id='word_1_34' title='bbox 916 686 1259 741; x_wconf 75' lang='lat' dir='ltr'><strong>Laurentium</strong></span> <span class='ocrx_word' id='word_1_35' title='bbox 1291 694 1535 739; x_wconf 88' lang='lat' dir='ltr'><strong>nostrum</strong></span> <span class='ocrx_word' id='word_1_36' title='bbox 1563 680 1864 751; x_wconf 66' lang='lat' dir='ltr'><strong>spectantia</strong></span> 
     </span>
    </p>
   </div>
   <div class='ocr_carea' id='block_1_7' title="bbox 275 770 1866 850">
    <p class='ocr_par' dir='ltr' id='par_1_7' title="bbox 275 770 1866 850">
     <span class='ocr_line' id='line_1_7' title="bbox 275 770 1866 850; baseline -0.011 -11"><span class='ocrx_word' id='word_1_37' title='bbox 275 800 385 839; x_wconf 89' lang='lat' dir='ltr'><strong>non</strong></span> <span class='ocrx_word' id='word_1_38' title='bbox 414 781 709 850; x_wconf 86' lang='lat' dir='ltr'><strong>vulgariter</strong></span> <span class='ocrx_word' id='word_1_39' title='bbox 750 778 1104 842; x_wconf 73' lang='lat' dir='ltr'><strong>illustrantur,</strong></span> <span class='ocrx_word' id='word_1_40' title='bbox 1138 776 1205 831; x_wconf 90' lang='lat' dir='ltr'><strong>de</strong></span> <span class='ocrx_word' id='word_1_41' title='bbox 1233 776 1517 846; x_wconf 84' lang='lat' dir='ltr'><strong>posthuma</strong></span> <span class='ocrx_word' id='word_1_42' title='bbox 1543 770 1866 826; x_wconf 82' lang='lat' dir='ltr'><strong>sanctissimi</strong></span> 
     </span>
    </p>
   </div>
   <div class='ocr_carea' id='block_1_8' title="bbox 275 864 1869 948">
    <p class='ocr_par' dir='ltr' id='par_1_8' title="bbox 275 864 1869 948">
     <span class='ocr_line' id='line_1_8' title="bbox 275 864 1869 948; baseline -0.009 -15"><span class='ocrx_word' id='word_1_43' title='bbox 275 877 532 948; x_wconf 80' lang='lat' dir='ltr'><strong>martyris</strong></span> <span class='ocrx_word' id='word_1_44' title='bbox 558 876 612 929; x_wconf 89' lang='lat' dir='ltr'><strong>in</strong></span> <span class='ocrx_word' id='word_1_45' title='bbox 644 874 801 929; x_wconf 89' lang='lat' dir='ltr'><strong>terris</strong></span> <span class='ocrx_word' id='word_1_46' title='bbox 826 874 1018 942; x_wconf 87' lang='lat' dir='ltr'><strong>gloria.</strong></span> <span class='ocrx_word' id='word_1_47' title='bbox 1070 872 1244 941; x_wconf 88' lang='lat' dir='ltr'><strong>deque</strong></span> <span class='ocrx_word' id='word_1_48' title='bbox 1271 870 1442 925; x_wconf 86' lang='lat' dir='ltr'><strong>sacris</strong></span> <span class='ocrx_word' id='word_1_49' title='bbox 1470 867 1674 923; x_wconf 74' lang='lat' dir='ltr'><strong>antibus</strong></span> <span class='ocrx_word' id='word_1_50' title='bbox 1703 864 1869 934; x_wconf 80' lang='lat' dir='ltr'><strong>ipsius</strong></span> 
     </span>
    </p>
   </div>
   <div class='ocr_carea' id='block_1_9' title="bbox 280 956 1863 1031">
    <p class='ocr_par' dir='ltr' id='par_1_9' title="bbox 280 956 1863 1031">
     <span class='ocr_line' id='line_1_9' title="bbox 280 956 1863 1031; baseline -0.009 -9"><span class='ocrx_word' id='word_1_51' title='bbox 280 966 484 1022; x_wconf 79' lang='lat' dir='ltr'><strong>nomini</strong></span> <span class='ocrx_word' id='word_1_52' title='bbox 543 967 597 1021; x_wconf 88' lang='lat' dir='ltr'><strong>in</strong></span> <span class='ocrx_word' id='word_1_53' title='bbox 648 962 792 1018; x_wconf 86' lang='lat' dir='ltr'><strong>Urbe</strong></span> <span class='ocrx_word' id='word_1_54' title='bbox 851 961 1123 1031; x_wconf 85' lang='lat' dir='ltr'><strong>inscriptis</strong></span> <span class='ocrx_word' id='word_1_55' title='bbox 1172 960 1471 1015; x_wconf 80' lang='lat' dir='ltr'><strong>disserendi</strong></span> <span class='ocrx_word' id='word_1_56' title='bbox 1522 956 1863 1012; x_wconf 83' lang='lat' dir='ltr'><strong>occasionem</strong></span> 
     </span>
    </p>
   </div>
   <div class='ocr_carea' id='block_1_10' title="bbox 278 1046 1870 1124">
    <p class='ocr_par' dir='ltr' id='par_1_10' title="bbox 278 1046 1870 1124">
     <span class='ocr_line' id='line_1_10' title="bbox 278 1046 1870 1124; baseline -0.007 -13"><span class='ocrx_word' id='word_1_57' title='bbox 278 1066 494 1118; x_wconf 86' lang='lat' dir='ltr'><strong>nactus,</strong></span> <span class='ocrx_word' id='word_1_58' title='bbox 527 1069 703 1124; x_wconf 89' lang='lat' dir='ltr'><strong>neque</strong></span> <span class='ocrx_word' id='word_1_59' title='bbox 734 1054 1085 1123; x_wconf 85' lang='lat' dir='ltr'><strong>temporalem</strong></span> <span class='ocrx_word' id='word_1_60' title='bbox 1127 1051 1366 1119; x_wconf 53' lang='lat' dir='ltr'><strong>ejusdem</strong></span> <span class='ocrx_word' id='word_1_61' title='bbox 1397 1049 1623 1119; x_wconf 83' lang='lat' dir='ltr'><strong>patriam</strong></span> <span class='ocrx_word' id='word_1_62' title='bbox 1652 1046 1870 1102; x_wconf 87' lang='lat' dir='ltr'><strong>silentio</strong></span> 
     </span>
    </p>
   </div>
   <div class='ocr_carea' id='block_1_11' title="bbox 280 1139 1868 1217">
    <p class='ocr_par' dir='ltr' id='par_1_11' title="bbox 280 1139 1868 1217">
     <span class='ocr_line' id='line_1_11' title="bbox 280 1139 1868 1217; baseline -0.008 -14"><span class='ocrx_word' id='word_1_63' title='bbox 280 1147 717 1217; x_wconf 70' lang='lat' dir='ltr'><strong>praetereundam</strong></span> <span class='ocrx_word' id='word_1_64' title='bbox 742 1144 914 1199; x_wconf 84' lang='lat' dir='ltr'><strong>duxit.</strong></span> <span class='ocrx_word' id='word_1_65' title='bbox 950 1142 1114 1209; x_wconf 82' lang='lat' dir='ltr'><strong>Quasi</strong></span> <span class='ocrx_word' id='word_1_66' title='bbox 1143 1158 1276 1201; x_wconf 84' lang='lat' dir='ltr'><strong>vero</strong></span> <span class='ocrx_word' id='word_1_67' title='bbox 1306 1157 1410 1195; x_wconf 92' lang='lat' dir='ltr'><strong>non</strong></span> <span class='ocrx_word' id='word_1_68' title='bbox 1432 1139 1706 1195; x_wconf 72' lang='lat' dir='ltr'><strong>sufﬁceret</strong></span> <span class='ocrx_word' id='word_1_69' title='bbox 1749 1152 1868 1193; x_wconf 90' lang='lat' dir='ltr'><strong>eam</strong></span> 
     </span>
    </p>
   </div>
   <div class='ocr_carea' id='block_1_12' title="bbox 280 1227 1868 1303">
    <p class='ocr_par' dir='ltr' id='par_1_12' title="bbox 280 1227 1868 1303">
     <span class='ocr_line' id='line_1_12' title="bbox 280 1227 1868 1303; baseline -0.009 -10"><span class='ocrx_word' id='word_1_70' title='bbox 280 1238 505 1293; x_wconf 88' lang='lat' dir='ltr'><strong>omnino</strong></span> <span class='ocrx_word' id='word_1_71' title='bbox 519 1237 742 1291; x_wconf 80' lang='lat' dir='ltr'><strong>Romam</strong></span> <span class='ocrx_word' id='word_1_72' title='bbox 761 1249 1020 1299; x_wconf 82' lang='lat' dir='ltr'><strong>asserere,</strong></span> <span class='ocrx_word' id='word_1_73' title='bbox 1038 1234 1190 1303; x_wconf 80' lang='lat' dir='ltr'><strong>idque</strong></span> <span class='ocrx_word' id='word_1_74' title='bbox 1209 1249 1302 1302; x_wconf 85' lang='lat' dir='ltr'><strong>pro</strong></span> <span class='ocrx_word' id='word_1_75' title='bbox 1328 1241 1466 1285; x_wconf 88' lang='lat' dir='ltr'><strong>certo</strong></span> <span class='ocrx_word' id='word_1_76' title='bbox 1486 1229 1776 1283; x_wconf 89' lang='lat' dir='ltr'><strong>habendum</strong></span> <span class='ocrx_word' id='word_1_77' title='bbox 1794 1227 1868 1297; x_wconf 76' lang='grc' dir='ltr'><strong>(ὁ)</strong></span> 
     </span>
    </p>
   </div>
   <div class='ocr_carea' id='block_1_13' title="bbox 285 1322 1869 1402">
    <p class='ocr_par' dir='ltr' id='par_1_13' title="bbox 285 1322 1869 1402">
     <span class='ocr_line' id='line_1_13' title="bbox 285 1322 1869 1402; baseline -0.008 -16"><span class='ocrx_word' id='word_1_78' title='bbox 285 1331 660 1402; x_wconf 89' lang='lat' dir='ltr'><strong>pronuntiare,</strong></span> <span class='ocrx_word' id='word_1_79' title='bbox 694 1336 843 1382; x_wconf 82' lang='lat' dir='ltr'><strong>taxat</strong></span> <span class='ocrx_word' id='word_1_80' title='bbox 870 1325 1101 1382; x_wconf 81' lang='lat' dir='ltr'><strong>subinde</strong></span> <span class='ocrx_word' id='word_1_81' title='bbox 1125 1326 1408 1381; x_wconf 75' lang='lat' dir='ltr'><strong>contrariae</strong></span> <span class='ocrx_word' id='word_1_82' title='bbox 1452 1322 1869 1392; x_wconf 74' lang='lat' dir='ltr'><strong>receptissima:-</strong></span> 
     </span>
    </p>
   </div>
   <div class='ocr_carea' id='block_1_14' title="bbox 286 1411 1868 1494">
    <p class='ocr_par' dir='ltr' id='par_1_14' title="bbox 286 1411 1868 1494">
     <span class='ocr_line' id='line_1_14' title="bbox 286 1411 1868 1494; baseline -0.009 -15"><span class='ocrx_word' id='word_1_83' title='bbox 286 1437 393 1494; x_wconf 91' lang='lat' dir='ltr'><strong>que</strong></span> <span class='ocrx_word' id='word_1_84' title='bbox 420 1421 701 1477; x_wconf 74' lang='lat' dir='ltr'><strong>sententia:</strong></span> <span class='ocrx_word' id='word_1_85' title='bbox 730 1429 1007 1490; x_wconf 86' lang='lat' dir='ltr'><strong>patronos,</strong></span> <span class='ocrx_word' id='word_1_86' title='bbox 1040 1428 1201 1486; x_wconf 88' lang='lat' dir='ltr'><strong>atque</strong></span> <span class='ocrx_word' id='word_1_87' title='bbox 1228 1416 1364 1471; x_wconf 91' lang='lat' dir='ltr'><strong>adeo</strong></span> <span class='ocrx_word' id='word_1_88' title='bbox 1395 1414 1678 1483; x_wconf 87' lang='lat' dir='ltr'><strong>Hispanos,</strong></span> <span class='ocrx_word' id='word_1_89' title='bbox 1728 1411 1868 1480; x_wconf 88' lang='lat' dir='ltr'><strong>quod</strong></span> 
     </span>
    </p>
   </div>
   <div class='ocr_carea' id='block_1_15' title="bbox 285 1500 1873 1580">
    <p class='ocr_par' dir='ltr' id='par_1_15' title="bbox 285 1500 1873 1580">
     <span class='ocr_line' id='line_1_15' title="bbox 285 1500 1873 1580; baseline -0.009 -11"><span class='ocrx_word' id='word_1_90' title='bbox 285 1529 396 1569; x_wconf 92' lang='lat' dir='ltr'><strong>non</strong></span> <span class='ocrx_word' id='word_1_91' title='bbox 421 1511 543 1580; x_wconf 87' lang='lat' dir='ltr'><strong>jure</strong></span> <span class='ocrx_word' id='word_1_92' title='bbox 562 1510 909 1565; x_wconf 89' lang='lat' dir='ltr'><strong>Laurentium</strong></span> <span class='ocrx_word' id='word_1_93' title='bbox 940 1509 1254 1579; x_wconf 85' lang='lat' dir='ltr'><strong>popularem</strong></span> <span class='ocrx_word' id='word_1_94' title='bbox 1275 1521 1433 1561; x_wconf 92' lang='lat' dir='ltr'><strong>suum</strong></span> <span class='ocrx_word' id='word_1_95' title='bbox 1457 1504 1710 1558; x_wconf 81' lang='lat' dir='ltr'><strong>dixerint.</strong></span> <span class='ocrx_word' id='word_1_96' title='bbox 1744 1500 1873 1565; x_wconf 77' lang='lat' dir='ltr'><strong>Qua:</strong></span> 
     </span>
    </p>
   </div>
   <div class='ocr_carea' id='block_1_16' title="bbox 283 1593 1872 1671">
    <p class='ocr_par' dir='ltr' id='par_1_16' title="bbox 283 1593 1872 1671">
     <span class='ocr_line' id='line_1_16' title="bbox 283 1593 1872 1671; baseline -0.007 -13"><span class='ocrx_word' id='word_1_97' title='bbox 283 1605 447 1669; x_wconf 87' lang='lat' dir='ltr'><strong>enim,</strong></span> <span class='ocrx_word' id='word_1_98' title='bbox 478 1602 669 1671; x_wconf 88' lang='lat' dir='ltr'><strong>inquit,</strong></span> <span class='ocrx_word' id='word_1_99' title='bbox 699 1600 772 1670; x_wconf 76' lang='lat' dir='ltr'><strong>(e)</strong></span> <span class='ocrx_word' id='word_1_100' title='bbox 799 1599 1006 1666; x_wconf 87' lang='lat' dir='ltr'><strong>amabo,</strong></span> <span class='ocrx_word' id='word_1_101' title='bbox 1061 1600 1196 1653; x_wconf 93' lang='lat' dir='ltr'><strong>ratio</strong></span> <span class='ocrx_word' id='word_1_102' title='bbox 1225 1597 1464 1658; x_wconf 87' lang='lat' dir='ltr'><strong>suadeat,</strong></span> <span class='ocrx_word' id='word_1_103' title='bbox 1511 1603 1743 1648; x_wconf 72' lang='lat' dir='ltr'><strong>extorum</strong></span> <span class='ocrx_word' id='word_1_104' title='bbox 1773 1593 1872 1647; x_wconf 83' lang='lat' dir='ltr'><strong>ho-</strong></span> 
     </span>
    </p>
   </div>
   <div class='ocr_carea' id='block_1_17' title="bbox 283 1689 1869 1755">
    <p class='ocr_par' dir='ltr' id='par_1_17' title="bbox 283 1689 1869 1755">
     <span class='ocr_line' id='line_1_17' title="bbox 283 1689 1869 1755; baseline -0.009 -6"><span class='ocrx_word' id='word_1_105' title='bbox 283 1697 478 1749; x_wconf 83' lang='lat' dir='ltr'><strong>minem</strong></span> <span class='ocrx_word' id='word_1_106' title='bbox 522 1707 754 1747; x_wconf 72' lang='lat' dir='ltr'><strong>NATIUNE</strong></span> <span class='ocrx_word' id='word_1_107' title='bbox 805 1689 1118 1755; x_wconf 69' lang='grc' dir='ltr'><strong>Ηιειιλκωι,</strong></span> <span class='ocrx_word' id='word_1_108' title='bbox 1178 1703 1247 1741; x_wconf 82' lang='lat' dir='ltr'><strong>ur</strong></span> <span class='ocrx_word' id='word_1_109' title='bbox 1276 1702 1540 1741; x_wconf 73' lang='lat' dir='ltr'><strong>NONNULLI</strong></span> <span class='ocrx_word' id='word_1_110' title='bbox 1592 1698 1869 1738; x_wconf 64' lang='lat' dir='ltr'><strong>renrensu</strong></span> 
     </span>
    </p>
   </div>
   <div class='ocr_carea' id='block_1_18' title="bbox 287 1779 1874 1855">
    <p class='ocr_par' dir='ltr' id='par_1_18' title="bbox 287 1779 1874 1855">
     <span class='ocr_line' id='line_1_18' title="bbox 287 1779 1874 1855; baseline -0.007 -13"><span class='ocrx_word' id='word_1_111' title='bbox 287 1802 633 1850; x_wconf 68' lang='lat' dir='ltr'><strong>EXISTIIANT,</strong></span> <span class='ocrx_word' id='word_1_112' title='bbox 662 1784 992 1855; x_wconf 82' lang='lat' dir='ltr'><strong>eamdemque</strong></span> <span class='ocrx_word' id='word_1_113' title='bbox 1014 1784 1274 1853; x_wconf 81' lang='lat' dir='ltr'><strong>juvenem,</strong></span> <span class='ocrx_word' id='word_1_114' title='bbox 1306 1783 1478 1835; x_wconf 86' lang='lat' dir='ltr'><strong>statim</strong></span> <span class='ocrx_word' id='word_1_115' title='bbox 1508 1797 1570 1833; x_wconf 91' lang='lat' dir='ltr'><strong>ac</strong></span> <span class='ocrx_word' id='word_1_116' title='bbox 1596 1781 1649 1834; x_wconf 89' lang='lat' dir='ltr'><strong>in</strong></span> <span class='ocrx_word' id='word_1_117' title='bbox 1684 1779 1874 1833; x_wconf 84' lang='lat' dir='ltr'><strong>Urbem</strong></span> 
     </span>
    </p>
   </div>
   <div class='ocr_carea' id='block_1_19' title="bbox 1968 585 3554 657">
    <p class='ocr_par' dir='ltr' id='par_1_19' title="bbox 1968 585 3554 657">
     <span class='ocr_line' id='line_1_19' title="bbox 1968 585 3554 657; baseline 0.002 -16"><span class='ocrx_word' id='word_1_118' title='bbox 1968 601 2094 641; x_wconf 90' lang='lat' dir='ltr'><strong>nam</strong></span> <span class='ocrx_word' id='word_1_119' title='bbox 2122 587 2191 641; x_wconf 92' lang='lat' dir='ltr'><strong>de</strong></span> <span class='ocrx_word' id='word_1_120' title='bbox 2218 601 2441 642; x_wconf 87' lang='lat' dir='ltr'><strong>censura</strong></span> <span class='ocrx_word' id='word_1_121' title='bbox 2463 602 2567 657; x_wconf 87' lang='lat' dir='ltr'><strong>qua</strong></span> <span class='ocrx_word' id='word_1_122' title='bbox 2590 585 2890 641; x_wconf 80' lang='lat' dir='ltr'><strong>communis</strong></span> <span class='ocrx_word' id='word_1_123' title='bbox 2913 585 3399 655; x_wconf 69' lang='lat' dir='ltr'><strong>receptissim-nque</strong></span> <span class='ocrx_word' id='word_1_124' title='bbox 3422 603 3554 643; x_wconf 89' lang='lat' dir='ltr'><strong>sen-</strong></span> 
     </span>
    </p>
   </div>
   <div class='ocr_carea' id='block_1_20' title="bbox 1968 676 3552 748">
    <p class='ocr_par' dir='ltr' id='par_1_20' title="bbox 1968 676 3552 748">
     <span class='ocr_line' id='line_1_20' title="bbox 1968 676 3552 748; baseline 0.003 -18"><span class='ocrx_word' id='word_1_125' title='bbox 1968 676 2150 732; x_wconf 81' lang='lat' dir='ltr'><strong>tentiae</strong></span> <span class='ocrx_word' id='word_1_126' title='bbox 2179 685 2438 748; x_wconf 88' lang='lat' dir='ltr'><strong>patronos</strong></span> <span class='ocrx_word' id='word_1_127' title='bbox 2465 686 2632 742; x_wconf 80' lang='lat' dir='ltr'><strong>taxat,</strong></span> <span class='ocrx_word' id='word_1_128' title='bbox 2681 676 2898 732; x_wconf 89' lang='lat' dir='ltr'><strong>silentio</strong></span> <span class='ocrx_word' id='word_1_129' title='bbox 2936 676 3117 746; x_wconf 85' lang='lat' dir='ltr'><strong>potius</strong></span> <span class='ocrx_word' id='word_1_130' title='bbox 3138 677 3420 747; x_wconf 88' lang='lat' dir='ltr'><strong>utriusque</strong></span> <span class='ocrx_word' id='word_1_131' title='bbox 3444 695 3552 734; x_wconf 86' lang='lat' dir='ltr'><strong>no-</strong></span> 
     </span>
    </p>
   </div>
   <div class='ocr_carea' id='block_1_21' title="bbox 1967 770 3559 837">
    <p class='ocr_par' dir='ltr' id='par_1_21' title="bbox 1967 770 3559 837">
     <span class='ocr_line' id='line_1_21' title="bbox 1967 770 3559 837; baseline 0.003 -13"><span class='ocrx_word' id='word_1_132' title='bbox 1967 779 2139 824; x_wconf 91' lang='lat' dir='ltr'><strong>strum</strong></span> <span class='ocrx_word' id='word_1_133' title='bbox 2186 771 2574 825; x_wconf 83' lang='lat' dir='ltr'><strong>existimationi</strong></span> <span class='ocrx_word' id='word_1_134' title='bbox 2617 770 2938 832; x_wconf 88' lang='lat' dir='ltr'><strong>consulere,</strong></span> <span class='ocrx_word' id='word_1_135' title='bbox 2987 784 3149 837; x_wconf 87' lang='lat' dir='ltr'><strong>quam</strong></span> <span class='ocrx_word' id='word_1_136' title='bbox 3197 770 3401 827; x_wconf 86' lang='lat' dir='ltr'><strong>illatam</strong></span> <span class='ocrx_word' id='word_1_137' title='bbox 3431 812 3447 837; x_wconf 95' lang='lat'><strong>,</strong></span> <span class='ocrx_word' id='word_1_138' title='bbox 3498 782 3559 829; x_wconf 89' lang='lat' dir='ltr'><strong>ut</strong></span> 
     </span>
    </p>
   </div>
   <div class='ocr_carea' id='block_1_22' title="bbox 1970 859 3561 936">
    <p class='ocr_par' dir='ltr' id='par_1_22' title="bbox 1970 859 3561 936">
     <span class='ocr_line' id='line_1_22' title="bbox 1970 859 3561 936; baseline 0.005 -24"><span class='ocrx_word' id='word_1_139' title='bbox 1970 867 2253 928; x_wconf 85' lang='lat' dir='ltr'><strong>putamus,</strong></span> <span class='ocrx_word' id='word_1_140' title='bbox 2306 868 2387 915; x_wconf 91' lang='lat' dir='ltr'><strong>tot</strong></span> <span class='ocrx_word' id='word_1_141' title='bbox 2415 859 2742 916; x_wconf 87' lang='lat' dir='ltr'><strong>doctissimis</strong></span> <span class='ocrx_word' id='word_1_142' title='bbox 2767 860 2894 915; x_wconf 90' lang='lat' dir='ltr'><strong>viris</strong></span> <span class='ocrx_word' id='word_1_143' title='bbox 2939 860 3190 931; x_wconf 88' lang='lat' dir='ltr'><strong>injuriam</strong></span> <span class='ocrx_word' id='word_1_144' title='bbox 3231 864 3419 919; x_wconf 82' lang='lat' dir='ltr'><strong>ulcisci</strong></span> <span class='ocrx_word' id='word_1_145' title='bbox 3446 866 3561 936; x_wconf 88' lang='lat' dir='ltr'><strong>pla-</strong></span> 
     </span>
    </p>
   </div>
   <div class='ocr_carea' id='block_1_23' title="bbox 1971 950 3565 1026">
    <p class='ocr_par' dir='ltr' id='par_1_23' title="bbox 1971 950 3565 1026">
     <span class='ocr_line' id='line_1_23' title="bbox 1971 950 3565 1026; baseline 0.005 -23"><span class='ocrx_word' id='word_1_146' title='bbox 1971 951 2103 1004; x_wconf 89' lang='lat' dir='ltr'><strong>cuit.</strong></span> <span class='ocrx_word' id='word_1_147' title='bbox 2168 950 2339 1006; x_wconf 90' lang='lat' dir='ltr'><strong>Unum</strong></span> <span class='ocrx_word' id='word_1_148' title='bbox 2369 952 2419 1005; x_wconf 92' lang='lat' dir='ltr'><strong>id</strong></span> <span class='ocrx_word' id='word_1_149' title='bbox 2451 961 2628 1007; x_wconf 88' lang='lat' dir='ltr'><strong>tamen</strong></span> <span class='ocrx_word' id='word_1_150' title='bbox 2659 952 2729 1007; x_wconf 90' lang='lat' dir='ltr'><strong>de</strong></span> <span class='ocrx_word' id='word_1_151' title='bbox 2759 952 3027 1022; x_wconf 78' lang='lat' dir='ltr'><strong>Hispania:</strong></span> <span class='ocrx_word' id='word_1_152' title='bbox 3054 953 3299 1009; x_wconf 88' lang='lat' dir='ltr'><strong>laudibus</strong></span> <span class='ocrx_word' id='word_1_153' title='bbox 3328 958 3379 1010; x_wconf 90' lang='lat' dir='ltr'><strong>in</strong></span> <span class='ocrx_word' id='word_1_154' title='bbox 3411 957 3565 1026; x_wconf 76' lang='lat' dir='ltr'><strong>hym-</strong></span> 
     </span>
    </p>
   </div>
   <div class='ocr_carea' id='block_1_24' title="bbox 1972 1043 3559 1117">
    <p class='ocr_par' dir='ltr' id='par_1_24' title="bbox 1972 1043 3559 1117">
     <span class='ocr_line' id='line_1_24' title="bbox 1972 1043 3559 1117; baseline 0.005 -20"><span class='ocrx_word' id='word_1_155' title='bbox 1972 1044 2056 1099; x_wconf 90' lang='lat' dir='ltr'><strong>nis</strong></span> <span class='ocrx_word' id='word_1_156' title='bbox 2106 1043 2379 1099; x_wconf 86' lang='lat' dir='ltr'><strong>Prudentii</strong></span> <span class='ocrx_word' id='word_1_157' title='bbox 2411 1047 2594 1101; x_wconf 89' lang='lat' dir='ltr'><strong>nescio</strong></span> <span class='ocrx_word' id='word_1_158' title='bbox 2635 1062 2744 1117; x_wconf 88' lang='lat' dir='ltr'><strong>quo</strong></span> <span class='ocrx_word' id='word_1_159' title='bbox 2794 1055 2955 1116; x_wconf 90' lang='lat' dir='ltr'><strong>pacto</strong></span> <span class='ocrx_word' id='word_1_160' title='bbox 2982 1046 3225 1103; x_wconf 91' lang='lat' dir='ltr'><strong>Victorio</strong></span> <span class='ocrx_word' id='word_1_161' title='bbox 3271 1050 3559 1116; x_wconf 86' lang='lat' dir='ltr'><strong>exciderit,</strong></span> 
     </span>
    </p>
   </div>
   <div class='ocr_carea' id='block_1_25' title="bbox 1974 1136 3561 1209">
    <p class='ocr_par' dir='ltr' id='par_1_25' title="bbox 1974 1136 3561 1209">
     <span class='ocr_line' id='line_1_25' title="bbox 1974 1136 3561 1209; baseline 0.002 -16"><span class='ocrx_word' id='word_1_162' title='bbox 1974 1154 2098 1193; x_wconf 85' lang='lat' dir='ltr'><strong>cum</strong></span> <span class='ocrx_word' id='word_1_163' title='bbox 2128 1139 2216 1193; x_wconf 89' lang='lat' dir='ltr'><strong>vix</strong></span> <span class='ocrx_word' id='word_1_164' title='bbox 2247 1140 2351 1193; x_wconf 86' lang='lat' dir='ltr'><strong>ulla</strong></span> <span class='ocrx_word' id='word_1_165' title='bbox 2375 1139 2735 1209; x_wconf 83' lang='lat' dir='ltr'><strong>Hispanorum</strong></span> <span class='ocrx_word' id='word_1_166' title='bbox 2766 1140 2906 1209; x_wconf 89' lang='lat' dir='ltr'><strong>apud</strong></span> <span class='ocrx_word' id='word_1_167' title='bbox 2936 1138 3285 1195; x_wconf 83' lang='lat' dir='ltr'><strong>Prudentium</strong></span> <span class='ocrx_word' id='word_1_168' title='bbox 3317 1136 3519 1196; x_wconf 89' lang='lat' dir='ltr'><strong>mentio</strong></span> <span class='ocrx_word' id='word_1_169' title='bbox 3544 1159 3561 1207; x_wconf 90' lang='lat'><strong>;</strong></span> 
     </span>
    </p>
   </div>
   <div class='ocr_carea' id='block_1_26' title="bbox 1975 1230 3563 1300">
    <p class='ocr_par' dir='ltr' id='par_1_26' title="bbox 1975 1230 3563 1300">
     <span class='ocr_line' id='line_1_26' title="bbox 1975 1230 3563 1300; baseline 0.004 -17"><span class='ocrx_word' id='word_1_170' title='bbox 1975 1231 2119 1285; x_wconf 88' lang='lat' dir='ltr'><strong>nulla</strong></span> <span class='ocrx_word' id='word_1_171' title='bbox 2149 1240 2317 1295; x_wconf 85' lang='lat' dir='ltr'><strong>certe,</strong></span> <span class='ocrx_word' id='word_1_172' title='bbox 2350 1247 2419 1286; x_wconf 91' lang='lat' dir='ltr'><strong>ne</strong></span> <span class='ocrx_word' id='word_1_173' title='bbox 2447 1232 2664 1285; x_wconf 89' lang='lat' dir='ltr'><strong>minima</strong></span> <span class='ocrx_word' id='word_1_174' title='bbox 2684 1232 2903 1300; x_wconf 87' lang='lat' dir='ltr'><strong>quidem</strong></span> <span class='ocrx_word' id='word_1_175' title='bbox 2932 1230 3198 1299; x_wconf 77' lang='lat' dir='ltr'><strong>llispanize</strong></span> <span class='ocrx_word' id='word_1_176' title='bbox 3225 1233 3340 1287; x_wconf 88' lang='lat' dir='ltr'><strong>laus</strong></span> <span class='ocrx_word' id='word_1_177' title='bbox 3365 1234 3418 1288; x_wconf 91' lang='lat' dir='ltr'><strong>in</strong></span> <span class='ocrx_word' id='word_1_178' title='bbox 3446 1244 3563 1289; x_wconf 87' lang='lat' dir='ltr'><strong>toto</strong></span> 
     </span>
    </p>
   </div>
   <div class='ocr_carea' id='block_1_27' title="bbox 1975 1322 3560 1396">
    <p class='ocr_par' dir='ltr' id='par_1_27' title="bbox 1975 1322 3560 1396">
     <span class='ocr_line' id='line_1_27' title="bbox 1975 1322 3560 1396; baseline 0.002 -18"><span class='ocrx_word' id='word_1_179' title='bbox 1975 1328 2093 1396; x_wconf 75' lang='grc' dir='ltr'><strong>Περὶ</strong></span> <span class='ocrx_word' id='word_1_180' title='bbox 2123 1325 2377 1394; x_wconf 50' lang='lat' dir='ltr'><strong>urceolum</strong></span> <span class='ocrx_word' id='word_1_181' title='bbox 2406 1323 2544 1377; x_wconf 89' lang='lat' dir='ltr'><strong>libro</strong></span> <span class='ocrx_word' id='word_1_182' title='bbox 2573 1324 2878 1393; x_wconf 85' lang='lat' dir='ltr'><strong>reperiatur</strong></span> <span class='ocrx_word' id='word_1_183' title='bbox 2901 1322 2993 1395; x_wconf 91' lang='lat' dir='ltr'><strong>(e).</strong></span> <span class='ocrx_word' id='word_1_184' title='bbox 3032 1323 3105 1378; x_wconf 88' lang='lat' dir='ltr'><strong>De</strong></span> <span class='ocrx_word' id='word_1_185' title='bbox 3125 1324 3210 1379; x_wconf 88' lang='lat' dir='ltr'><strong>his</strong></span> <span class='ocrx_word' id='word_1_186' title='bbox 3236 1333 3417 1379; x_wconf 90' lang='lat' dir='ltr'><strong>tamen</strong></span> <span class='ocrx_word' id='word_1_187' title='bbox 3440 1326 3560 1395; x_wconf 84' lang='lat' dir='ltr'><strong>plus</strong></span> 
     </span>
    </p>
   </div>
   <div class='ocr_carea' id='block_1_28' title="bbox 1978 1416 2128 1471">
    <p class='ocr_par' dir='ltr' id='par_1_28' title="bbox 1978 1416 2128 1471">
     <span class='ocr_line' id='line_1_28' title="bbox 1978 1416 2128 1471; baseline -0.013 0"><span class='ocrx_word' id='word_1_188' title='bbox 1978 1416 2128 1471; x_wconf 86' lang='lat' dir='ltr'><strong>satis.</strong></span> 
     </span>
    </p>
   </div>
   <div class='ocr_carea' id='block_1_29' title="bbox 2048 1506 3567 1575">
    <p class='ocr_par' dir='ltr' id='par_1_29' title="bbox 2048 1506 3567 1575">
     <span class='ocr_line' id='line_1_29' title="bbox 2048 1506 3567 1575; baseline 0.005 -16"><span class='ocrx_word' id='word_1_189' title='bbox 2048 1506 2292 1562; x_wconf 88' lang='lat' dir='ltr'><strong>Pressior</strong></span> <span class='ocrx_word' id='word_1_190' title='bbox 2311 1522 2441 1561; x_wconf 89' lang='lat' dir='ltr'><strong>sane</strong></span> <span class='ocrx_word' id='word_1_191' title='bbox 2472 1514 2653 1575; x_wconf 88' lang='lat' dir='ltr'><strong>atque,</strong></span> <span class='ocrx_word' id='word_1_192' title='bbox 2686 1516 2748 1562; x_wconf 88' lang='lat' dir='ltr'><strong>ut</strong></span> <span class='ocrx_word' id='word_1_193' title='bbox 2788 1508 3101 1563; x_wconf 85' lang='lat' dir='ltr'><strong>historicum</strong></span> <span class='ocrx_word' id='word_1_194' title='bbox 3131 1509 3283 1564; x_wconf 86' lang='lat' dir='ltr'><strong>decet</strong></span> <span class='ocrx_word' id='word_1_195' title='bbox 3306 1549 3319 1571; x_wconf 92' lang='lat'><strong>,</strong></span> <span class='ocrx_word' id='word_1_196' title='bbox 3351 1510 3567 1566; x_wconf 84' lang='lat' dir='ltr'><strong>cautior</strong></span> 
     </span>
    </p>
   </div>
   <div class='ocr_carea' id='block_1_30' title="bbox 1978 1596 3566 1665">
    <p class='ocr_par' dir='ltr' id='par_1_30' title="bbox 1978 1596 3566 1665">
     <span class='ocr_line' id='line_1_30' title="bbox 1978 1596 3566 1665; baseline 0.004 -16"><span class='ocrx_word' id='word_1_197' title='bbox 1978 1596 2030 1649; x_wconf 91' lang='lat' dir='ltr'><strong>in</strong></span> <span class='ocrx_word' id='word_1_198' title='bbox 2082 1597 2187 1651; x_wconf 91' lang='lat' dir='ltr'><strong>hoc</strong></span> <span class='ocrx_word' id='word_1_199' title='bbox 2212 1606 2532 1665; x_wconf 89' lang='lat' dir='ltr'><strong>argumento</strong></span> <span class='ocrx_word' id='word_1_200' title='bbox 2565 1596 2765 1651; x_wconf 91' lang='lat' dir='ltr'><strong>incedit</strong></span> <span class='ocrx_word' id='word_1_201' title='bbox 2790 1598 3271 1653; x_wconf 85' lang='lat' dir='ltr'><strong>reverendissimus</strong></span> <span class='ocrx_word' id='word_1_202' title='bbox 3317 1598 3375 1652; x_wconf 84' lang='grc' dir='ltr'><strong>Ρ.</strong></span> <span class='ocrx_word' id='word_1_203' title='bbox 3407 1599 3566 1655; x_wconf 81' lang='lat' dir='ltr'><strong>.Iose-</strong></span> 
     </span>
    </p>
   </div>
   <div class='ocr_carea' id='block_1_31' title="bbox 1978 1686 3571 1759">
    <p class='ocr_par' dir='ltr' id='par_1_31' title="bbox 1978 1686 3571 1759">
     <span class='ocr_line' id='line_1_31' title="bbox 1978 1686 3571 1759; baseline 0.004 -18"><span class='ocrx_word' id='word_1_204' title='bbox 1978 1687 2117 1757; x_wconf 91' lang='lat' dir='ltr'><strong>phus</strong></span> <span class='ocrx_word' id='word_1_205' title='bbox 2157 1688 2488 1756; x_wconf 80' lang='lat' dir='ltr'><strong>Augustinus</strong></span> <span class='ocrx_word' id='word_1_206' title='bbox 2530 1686 2732 1752; x_wconf 91' lang='lat' dir='ltr'><strong>Orsius,</strong></span> <span class='ocrx_word' id='word_1_207' title='bbox 2764 1703 2877 1742; x_wconf 88' lang='lat' dir='ltr'><strong>sae.</strong></span> <span class='ocrx_word' id='word_1_208' title='bbox 2921 1689 3026 1757; x_wconf 87' lang='lat' dir='ltr'><strong>pal.</strong></span> <span class='ocrx_word' id='word_1_209' title='bbox 3057 1699 3267 1759; x_wconf 88' lang='lat' dir='ltr'><strong>apost.,</strong></span> <span class='ocrx_word' id='word_1_210' title='bbox 3298 1690 3425 1744; x_wconf 89' lang='lat' dir='ltr'><strong>dum</strong></span> <span class='ocrx_word' id='word_1_211' title='bbox 3456 1691 3571 1747; x_wconf 59' lang='lat' dir='ltr'><strong>hare</strong></span> 
     </span>
    </p>
   </div>
   <div class='ocr_carea' id='block_1_32' title="bbox 1979 1779 3572 1847">
    <p class='ocr_par' dir='ltr' id='par_1_32' title="bbox 1979 1779 3572 1847">
     <span class='ocr_line' id='line_1_32' title="bbox 1979 1779 3572 1847; baseline 0.002 -14"><span class='ocrx_word' id='word_1_212' title='bbox 1979 1779 2286 1847; x_wconf 89' lang='lat' dir='ltr'><strong>scribimus,</strong></span> <span class='ocrx_word' id='word_1_213' title='bbox 2316 1781 2591 1847; x_wconf 68' lang='lat' dir='ltr'><strong>magister,</strong></span> <span class='ocrx_word' id='word_1_214' title='bbox 2632 1794 2795 1847; x_wconf 90' lang='lat' dir='ltr'><strong>quem</strong></span> <span class='ocrx_word' id='word_1_215' title='bbox 2825 1795 2945 1834; x_wconf 89' lang='lat' dir='ltr'><strong>cum</strong></span> <span class='ocrx_word' id='word_1_216' title='bbox 2973 1780 3327 1847; x_wconf 89' lang='lat' dir='ltr'><strong>llispanornm</strong></span> <span class='ocrx_word' id='word_1_217' title='bbox 3349 1792 3572 1838; x_wconf 87' lang='lat' dir='ltr'><strong>senten-</strong></span> 
     </span>
    </p>
   </div>
   <div class='ocr_carea' id='block_1_33' title="bbox 287 1869 3573 1946">
    <p class='ocr_par' dir='ltr' id='par_1_33' title="bbox 287 1869 3573 1946">
     <span class='ocr_line' id='line_1_33' title="bbox 287 1869 3573 1946; baseline -0.002 -13"><span class='ocrx_word' id='word_1_218' title='bbox 287 1880 573 1941; x_wconf 75' lang='lat' dir='ltr'><strong>adrenerit,</strong></span> <span class='ocrx_word' id='word_1_219' title='bbox 605 1894 763 1931; x_wconf 87' lang='lat' dir='ltr'><strong>unum</strong></span> <span class='ocrx_word' id='word_1_220' title='bbox 801 1894 830 1929; x_wconf 89' lang='lat' dir='ltr'><strong>e</strong></span> <span class='ocrx_word' id='word_1_221' title='bbox 860 1876 1090 1946; x_wconf 80' lang='lat' dir='ltr'><strong>pluribus</strong></span> <span class='ocrx_word' id='word_1_222' title='bbox 1119 1878 1337 1930; x_wconf 84' lang='lat' dir='ltr'><strong>electum</strong></span> <span class='ocrx_word' id='word_1_223' title='bbox 1369 1878 1544 1946; x_wconf 78' lang='lat' dir='ltr'><strong>fuisse,</strong></span> <span class='ocrx_word' id='word_1_224' title='bbox 1596 1876 1682 1943; x_wconf 86' lang='lat' dir='ltr'><strong>qui</strong></span> <span class='ocrx_word' id='word_1_225' title='bbox 1710 1875 1879 1943; x_wconf 87' lang='lat' dir='ltr'><strong>ponti-</strong></span> <span class='ocrx_word' id='word_1_226' title='bbox 1911 1883 1952 1941; x_wconf 73' lang='grc' dir='ltr'><strong>Β</strong></span> <span class='ocrx_word' id='word_1_227' title='bbox 1982 1869 2068 1923; x_wconf 72' lang='lat' dir='ltr'><strong>tia:</strong></span> <span class='ocrx_word' id='word_1_228' title='bbox 2097 1870 2354 1940; x_wconf 77' lang='lat' dir='ltr'><strong>refragari</strong></span> <span class='ocrx_word' id='word_1_229' title='bbox 2395 1872 2629 1941; x_wconf 92' lang='lat' dir='ltr'><strong>primum</strong></span> <span class='ocrx_word' id='word_1_230' title='bbox 2662 1872 3031 1938; x_wconf 88' lang='lat' dir='ltr'><strong>inaudiissem,</strong></span> <span class='ocrx_word' id='word_1_231' title='bbox 3062 1874 3189 1929; x_wconf 80' lang='lat' dir='ltr'><strong>lncsi</strong></span> <span class='ocrx_word' id='word_1_232' title='bbox 3244 1876 3485 1929; x_wconf 84' lang='lat' dir='ltr'><strong>nonnihil</strong></span> <span class='ocrx_word' id='word_1_233' title='bbox 3516 1885 3573 1931; x_wconf 90' lang='lat' dir='ltr'><strong>et</strong></span> 
     </span>
    </p>
   </div>
   <div class='ocr_carea' id='block_1_34' title="bbox 286 1966 1872 2041">
    <p class='ocr_par' dir='ltr' id='par_1_34' title="bbox 286 1966 1872 2041">
     <span class='ocr_line' id='line_1_34' title="bbox 286 1966 1872 2041; baseline -0.004 -16"><span class='ocrx_word' id='word_1_234' title='bbox 286 1973 378 2041; x_wconf 79' lang='lat' dir='ltr'><strong>ﬁc’i</strong></span> <span class='ocrx_word' id='word_1_235' title='bbox 407 1970 733 2024; x_wconf 82' lang='lat' dir='ltr'><strong>sanctissimo</strong></span> <span class='ocrx_word' id='word_1_236' title='bbox 761 1968 992 2037; x_wconf 80' lang='lat' dir='ltr'><strong>(Sixtum</strong></span> <span class='ocrx_word' id='word_1_237' title='bbox 1023 1966 1292 2035; x_wconf 78' lang='lat' dir='ltr'><strong>intelligit)</strong></span> <span class='ocrx_word' id='word_1_238' title='bbox 1321 1966 1658 2030; x_wconf 75' lang='lat' dir='ltr'><strong>ministraret,</strong></span> <span class='ocrx_word' id='word_1_239' title='bbox 1688 1966 1872 2035; x_wconf 84' lang='lat' dir='ltr'><strong>quique</strong></span> 
     </span>
    </p>
   </div>
   <div class='ocr_carea' id='block_1_35' title="bbox 290 2056 1874 2126">
    <p class='ocr_par' dir='ltr' id='par_1_35' title="bbox 290 2056 1874 2126">
     <span class='ocr_line' id='line_1_35' title="bbox 290 2056 1874 2126; baseline -0.003 -12"><span class='ocrx_word' id='word_1_240' title='bbox 290 2060 548 2114; x_wconf 75' lang='lat' dir='ltr'><strong>Romana:</strong></span> <span class='ocrx_word' id='word_1_241' title='bbox 572 2056 824 2111; x_wconf 64' lang='lat' dir='ltr'><strong>Ecclesia</strong></span> <span class='ocrx_word' id='word_1_242' title='bbox 848 2057 1097 2110; x_wconf 82' lang='lat' dir='ltr'><strong>diaconus</strong></span> <span class='ocrx_word' id='word_1_243' title='bbox 1127 2058 1488 2126; x_wconf 84' lang='lat' dir='ltr'><strong>designaretur</strong></span> <span class='ocrx_word' id='word_1_244' title='bbox 1516 2072 1577 2109; x_wconf 88' lang='lat' dir='ltr'><strong>ac</strong></span> <span class='ocrx_word' id='word_1_245' title='bbox 1606 2056 1874 2109; x_wconf 83' lang='lat' dir='ltr'><strong>renuntia-</strong></span> 
     </span>
    </p>
   </div>
   <div class='ocr_carea' id='block_1_36' title="bbox 286 2147 1875 2218">
    <p class='ocr_par' dir='ltr' id='par_1_36' title="bbox 286 2147 1875 2218">
     <span class='ocr_line' id='line_1_36' title="bbox 286 2147 1875 2218; baseline -0.003 -13"><span class='ocrx_word' id='word_1_246' title='bbox 286 2151 476 2205; x_wconf 77' lang='lat' dir='ltr'><strong>retur?</strong></span> <span class='ocrx_word' id='word_1_247' title='bbox 502 2152 581 2203; x_wconf 83' lang='lat' dir='ltr'><strong>An</strong></span> <span class='ocrx_word' id='word_1_248' title='bbox 605 2149 800 2203; x_wconf 82' lang='lat' dir='ltr'><strong>homini</strong></span> <span class='ocrx_word' id='word_1_249' title='bbox 829 2148 982 2218; x_wconf 88' lang='lat' dir='ltr'><strong>plane</strong></span> <span class='ocrx_word' id='word_1_250' title='bbox 1020 2165 1148 2202; x_wconf 86' lang='lat' dir='ltr'><strong>novo</strong></span> <span class='ocrx_word' id='word_1_251' title='bbox 1173 2147 1228 2201; x_wconf 87' lang='lat' dir='ltr'><strong>id</strong></span> <span class='ocrx_word' id='word_1_252' title='bbox 1270 2148 1494 2202; x_wconf 76' lang='lat' dir='ltr'><strong>muneris</strong></span> <span class='ocrx_word' id='word_1_253' title='bbox 1531 2148 1875 2200; x_wconf 80' lang='lat' dir='ltr'><strong>committere-</strong></span> 
     </span>
    </p>
   </div>
   <div class='ocr_carea' id='block_1_37' title="bbox 290 2237 1875 2310">
    <p class='ocr_par' dir='ltr' id='par_1_37' title="bbox 290 2237 1875 2310">
     <span class='ocr_line' id='line_1_37' title="bbox 290 2237 1875 2310; baseline -0.004 -15"><span class='ocrx_word' id='word_1_254' title='bbox 290 2242 421 2295; x_wconf 78' lang='lat' dir='ltr'><strong>tur?</strong></span> <span class='ocrx_word' id='word_1_255' title='bbox 462 2239 543 2294; x_wconf 78' lang='lat' dir='ltr'><strong>An</strong></span> <span class='ocrx_word' id='word_1_256' title='bbox 568 2241 654 2310; x_wconf 89' lang='lat' dir='ltr'><strong>qui</strong></span> <span class='ocrx_word' id='word_1_257' title='bbox 683 2240 937 2293; x_wconf 88' lang='lat' dir='ltr'><strong>neminem</strong></span> <span class='ocrx_word' id='word_1_258' title='bbox 973 2239 1028 2291; x_wconf 88' lang='lat' dir='ltr'><strong>in</strong></span> <span class='ocrx_word' id='word_1_259' title='bbox 1074 2237 1212 2292; x_wconf 85' lang='lat' dir='ltr'><strong>Urbe</strong></span> <span class='ocrx_word' id='word_1_260' title='bbox 1255 2245 1621 2307; x_wconf 78' lang='lat' dir='ltr'><strong>cognosceret,</strong></span> <span class='ocrx_word' id='word_1_261' title='bbox 1666 2244 1875 2290; x_wconf 78' lang='lat' dir='ltr'><strong>curator</strong></span> 
     </span>
    </p>
   </div>
   <div class='ocr_carea' id='block_1_38' title="bbox 286 2326 1852 2405">
    <p class='ocr_par' dir='ltr' id='par_1_38' title="bbox 286 2326 1852 2405">
     <span class='ocr_line' id='line_1_38' title="bbox 286 2326 1852 2405; baseline -0.005 -18"><span class='ocrx_word' id='word_1_262' title='bbox 286 2348 572 2405; x_wconf 81' lang='lat' dir='ltr'><strong>pauperum</strong></span> <span class='ocrx_word' id='word_1_263' title='bbox 599 2341 650 2384; x_wconf 89' lang='lat' dir='ltr'><strong>et</strong></span> <span class='ocrx_word' id='word_1_264' title='bbox 680 2330 905 2384; x_wconf 79' lang='lat' dir='ltr'><strong>thesauri</strong></span> <span class='ocrx_word' id='word_1_265' title='bbox 932 2326 1183 2383; x_wconf 65' lang='lat' dir='ltr'><strong>Ecclesiae</strong></span> <span class='ocrx_word' id='word_1_266' title='bbox 1208 2338 1378 2383; x_wconf 80' lang='lat' dir='ltr'><strong>custos</strong></span> <span class='ocrx_word' id='word_1_267' title='bbox 1406 2328 1803 2381; x_wconf 75' lang='lat' dir='ltr'><strong>constitueretur</strong></span> <span class='ocrx_word' id='word_1_268' title='bbox 1828 2327 1852 2379; x_wconf 88' lang='lat'><strong>.’</strong></span> 
     </span>
    </p>
   </div>
   <div class='ocr_carea' id='block_1_39' title="bbox 361 2417 1877 2492">
    <p class='ocr_par' dir='ltr' id='par_1_39' title="bbox 361 2417 1877 2492">
     <span class='ocr_line' id='line_1_39' title="bbox 361 2417 1877 2492; baseline -0.003 -16"><span class='ocrx_word' id='word_1_269' title='bbox 361 2422 546 2492; x_wconf 86' lang='lat' dir='ltr'><strong>Pergit</strong></span> <span class='ocrx_word' id='word_1_270' title='bbox 594 2436 759 2492; x_wconf 87' lang='lat' dir='ltr'><strong>porro</strong></span> <span class='ocrx_word' id='word_1_271' title='bbox 810 2420 1082 2474; x_wconf 86' lang='lat' dir='ltr'><strong>Victorius</strong></span> <span class='ocrx_word' id='word_1_272' title='bbox 1126 2418 1315 2474; x_wconf 86' lang='lat' dir='ltr'><strong>iisdem</strong></span> <span class='ocrx_word' id='word_1_273' title='bbox 1366 2418 1499 2488; x_wconf 83' lang='lat' dir='ltr'><strong>ipsis</strong></span> <span class='ocrx_word' id='word_1_274' title='bbox 1548 2417 1877 2486; x_wconf 86' lang='lat' dir='ltr'><strong>argumentis</strong></span> 
     </span>
    </p>
   </div>
   <div class='ocr_carea' id='block_1_40' title="bbox 288 2507 1874 2585">
    <p class='ocr_par' dir='ltr' id='par_1_40' title="bbox 288 2507 1874 2585">
     <span class='ocr_line' id='line_1_40' title="bbox 288 2507 1874 2585; baseline -0.005 -16"><span class='ocrx_word' id='word_1_275' title='bbox 288 2528 412 2585; x_wconf 63' lang='lat' dir='ltr'><strong>quae</strong></span> <span class='ocrx_word' id='word_1_276' title='bbox 440 2511 647 2583; x_wconf 89' lang='lat' dir='ltr'><strong>pridem</strong></span> <span class='ocrx_word' id='word_1_277' title='bbox 676 2510 1005 2565; x_wconf 84' lang='lat' dir='ltr'><strong>Blanchinus</strong></span> <span class='ocrx_word' id='word_1_278' title='bbox 1052 2507 1352 2562; x_wconf 81' lang='lat' dir='ltr'><strong>adduxerat</strong></span> <span class='ocrx_word' id='word_1_279' title='bbox 1396 2523 1593 2562; x_wconf 84' lang='lat' dir='ltr'><strong>novam</strong></span> <span class='ocrx_word' id='word_1_280' title='bbox 1636 2508 1705 2562; x_wconf 90' lang='lat' dir='ltr'><strong>de</strong></span> <span class='ocrx_word' id='word_1_281' title='bbox 1732 2507 1874 2562; x_wconf 90' lang='lat' dir='ltr'><strong>Lau-</strong></span> 
     </span>
    </p>
   </div>
   <div class='ocr_carea' id='block_1_41' title="bbox 288 2599 1878 2674">
    <p class='ocr_par' dir='ltr' id='par_1_41' title="bbox 288 2599 1878 2674">
     <span class='ocr_line' id='line_1_41' title="bbox 288 2599 1878 2674; baseline -0.003 -14"><span class='ocrx_word' id='word_1_282' title='bbox 288 2604 453 2661; x_wconf 88' lang='lat' dir='ltr'><strong>rentii</strong></span> <span class='ocrx_word' id='word_1_283' title='bbox 483 2602 657 2674; x_wconf 89' lang='lat' dir='ltr'><strong>patria</strong></span> <span class='ocrx_word' id='word_1_284' title='bbox 687 2600 999 2670; x_wconf 87' lang='lat' dir='ltr'><strong>opinionem</strong></span> <span class='ocrx_word' id='word_1_285' title='bbox 1047 2599 1257 2665; x_wconf 89' lang='lat' dir='ltr'><strong>tutari;</strong></span> <span class='ocrx_word' id='word_1_286' title='bbox 1307 2599 1504 2667; x_wconf 88' lang='lat' dir='ltr'><strong>quibus</strong></span> <span class='ocrx_word' id='word_1_287' title='bbox 1549 2606 1604 2653; x_wconf 90' lang='lat' dir='ltr'><strong>et</strong></span> <span class='ocrx_word' id='word_1_288' title='bbox 1652 2599 1767 2669; x_wconf 91' lang='lat' dir='ltr'><strong>ipse</strong></span> <span class='ocrx_word' id='word_1_289' title='bbox 1808 2615 1878 2655; x_wconf 89' lang='lat' dir='ltr'><strong>ex</strong></span> 
     </span>
    </p>
   </div>
   <div class='ocr_carea' id='block_1_42' title="bbox 291 2688 1879 2767">
    <p class='ocr_par' dir='ltr' id='par_1_42' title="bbox 291 2688 1879 2767">
     <span class='ocr_line' id='line_1_42' title="bbox 291 2688 1879 2767; baseline -0.004 -15"><span class='ocrx_word' id='word_1_290' title='bbox 291 2696 565 2767; x_wconf 74' lang='lat' dir='ltr'><strong>Hispania:</strong></span> <span class='ocrx_word' id='word_1_291' title='bbox 596 2703 793 2749; x_wconf 63' lang='lat' dir='ltr'><strong>nostrae</strong></span> <span class='ocrx_word' id='word_1_292' title='bbox 839 2691 1110 2756; x_wconf 86' lang='lat' dir='ltr'><strong>laudibus,</strong></span> <span class='ocrx_word' id='word_1_293' title='bbox 1157 2704 1294 2759; x_wconf 89' lang='lat' dir='ltr'><strong>quas</strong></span> <span class='ocrx_word' id='word_1_294' title='bbox 1339 2690 1394 2744; x_wconf 91' lang='lat' dir='ltr'><strong>in</strong></span> <span class='ocrx_word' id='word_1_295' title='bbox 1424 2690 1548 2745; x_wconf 90' lang='lat' dir='ltr'><strong>aliis</strong></span> <span class='ocrx_word' id='word_1_296' title='bbox 1598 2688 1879 2745; x_wconf 89' lang='lat' dir='ltr'><strong>Prudentii</strong></span> 
     </span>
    </p>
   </div>
   <div class='ocr_carea' id='block_1_43' title="bbox 292 2781 1880 2862">
    <p class='ocr_par' dir='ltr' id='par_1_43' title="bbox 292 2781 1880 2862">
     <span class='ocr_line' id='line_1_43' title="bbox 292 2781 1880 2862; baseline -0.004 -17"><span class='ocrx_word' id='word_1_297' title='bbox 292 2789 507 2862; x_wconf 87' lang='lat' dir='ltr'><strong>hymnis</strong></span> <span class='ocrx_word' id='word_1_298' title='bbox 552 2788 750 2858; x_wconf 88' lang='lat' dir='ltr'><strong>passim</strong></span> <span class='ocrx_word' id='word_1_299' title='bbox 800 2785 1067 2841; x_wconf 85' lang='lat' dir='ltr'><strong>contineri</strong></span> <span class='ocrx_word' id='word_1_300' title='bbox 1108 2782 1342 2838; x_wconf 88' lang='lat' dir='ltr'><strong>aflirmat</strong></span> <span class='ocrx_word' id='word_1_301' title='bbox 1390 2782 1493 2851; x_wconf 73' lang='grc' dir='ltr'><strong>(ά),</strong></span> <span class='ocrx_word' id='word_1_302' title='bbox 1547 2781 1765 2852; x_wconf 82' lang='lat' dir='ltr'><strong>altoque</strong></span> <span class='ocrx_word' id='word_1_303' title='bbox 1810 2781 1880 2838; x_wconf 90' lang='lat' dir='ltr'><strong>de</strong></span> 
     </span>
    </p>
   </div>
   <div class='ocr_carea' id='block_1_44' title="bbox 290 2872 1880 2950">
    <p class='ocr_par' dir='ltr' id='par_1_44' title="bbox 290 2872 1880 2950">
     <span class='ocr_line' id='line_1_44' title="bbox 290 2872 1880 2950; baseline -0.005 -15"><span class='ocrx_word' id='word_1_304' title='bbox 290 2880 549 2950; x_wconf 82' lang='lat' dir='ltr'><strong>Hispania</strong></span> <span class='ocrx_word' id='word_1_305' title='bbox 576 2878 793 2934; x_wconf 90' lang='lat' dir='ltr'><strong>silentio</strong></span> <span class='ocrx_word' id='word_1_306' title='bbox 821 2878 873 2931; x_wconf 92' lang='lat' dir='ltr'><strong>in</strong></span> <span class='ocrx_word' id='word_1_307' title='bbox 900 2891 969 2932; x_wconf 92' lang='lat' dir='ltr'><strong>eo</strong></span> <span class='ocrx_word' id='word_1_308' title='bbox 996 2875 1086 2944; x_wconf 91' lang='lat' dir='ltr'><strong>qui</strong></span> <span class='ocrx_word' id='word_1_309' title='bbox 1126 2874 1416 2929; x_wconf 90' lang='lat' dir='ltr'><strong>Laurentio</strong></span> <span class='ocrx_word' id='word_1_310' title='bbox 1442 2872 1664 2944; x_wconf 88' lang='lat' dir='ltr'><strong>martyri</strong></span> <span class='ocrx_word' id='word_1_311' title='bbox 1693 2872 1880 2928; x_wconf 82' lang='lat' dir='ltr'><strong>inscri-</strong></span> 
     </span>
    </p>
   </div>
   <div class='ocr_carea' id='block_1_45' title="bbox 291 2964 1881 3039">
    <p class='ocr_par' dir='ltr' id='par_1_45' title="bbox 291 2964 1881 3039">
     <span class='ocr_line' id='line_1_45' title="bbox 291 2964 1881 3039; baseline -0.005 -12"><span class='ocrx_word' id='word_1_312' title='bbox 291 2972 457 3036; x_wconf 75' lang='lat' dir='ltr'><strong>bitur,</strong></span> <span class='ocrx_word' id='word_1_313' title='bbox 486 2970 714 3025; x_wconf 84' lang='lat' dir='ltr'><strong>validam</strong></span> <span class='ocrx_word' id='word_1_314' title='bbox 745 2977 1006 3039; x_wconf 79' lang='lat' dir='ltr'><strong>praeterea</strong></span> <span class='ocrx_word' id='word_1_315' title='bbox 1031 2968 1397 3037; x_wconf 85' lang='lat' dir='ltr'><strong>conjecturam</strong></span> <span class='ocrx_word' id='word_1_316' title='bbox 1428 2964 1553 3020; x_wconf 91' lang='lat' dir='ltr'><strong>addi</strong></span> <span class='ocrx_word' id='word_1_317' title='bbox 1579 2981 1738 3036; x_wconf 90' lang='lat' dir='ltr'><strong>posse</strong></span> <span class='ocrx_word' id='word_1_318' title='bbox 1766 2966 1881 3020; x_wconf 86' lang='lat' dir='ltr'><strong>exi-</strong></span> 
     </span>
    </p>
   </div>
   <div class='ocr_carea' id='block_1_46' title="bbox 290 3058 1883 3126">
    <p class='ocr_par' dir='ltr' id='par_1_46' title="bbox 290 3058 1883 3126">
     <span class='ocr_line' id='line_1_46' title="bbox 290 3058 1883 3126; baseline -0.004 -9"><span class='ocrx_word' id='word_1_319' title='bbox 290 3062 498 3117; x_wconf 87' lang='lat' dir='ltr'><strong>stimat.</strong></span> <span class='ocrx_word' id='word_1_320' title='bbox 529 3060 792 3126; x_wconf 84' lang='lat' dir='ltr'><strong>Quoniam</strong></span> <span class='ocrx_word' id='word_1_321' title='bbox 816 3073 945 3115; x_wconf 90' lang='lat' dir='ltr'><strong>vero</strong></span> <span class='ocrx_word' id='word_1_322' title='bbox 972 3059 1141 3114; x_wconf 91' lang='lat' dir='ltr'><strong>multa</strong></span> <span class='ocrx_word' id='word_1_323' title='bbox 1168 3067 1222 3114; x_wconf 91' lang='lat' dir='ltr'><strong>et</strong></span> <span class='ocrx_word' id='word_1_324' title='bbox 1247 3059 1394 3113; x_wconf 88' lang='lat' dir='ltr'><strong>varia</strong></span> <span class='ocrx_word' id='word_1_325' title='bbox 1419 3058 1533 3113; x_wconf 64' lang='lat' dir='ltr'><strong>haec</strong></span> <span class='ocrx_word' id='word_1_326' title='bbox 1554 3066 1700 3124; x_wconf 89' lang='lat' dir='ltr'><strong>sunt,</strong></span> <span class='ocrx_word' id='word_1_327' title='bbox 1733 3072 1883 3112; x_wconf 82' lang='lat' dir='ltr'><strong>men-</strong></span> 
     </span>
    </p>
   </div>
   <div class='ocr_carea' id='block_1_47' title="bbox 291 3149 1881 3226">
    <p class='ocr_par' dir='ltr' id='par_1_47' title="bbox 291 3149 1881 3226">
     <span class='ocr_line' id='line_1_47' title="bbox 291 3149 1881 3226; baseline -0.003 -16"><span class='ocrx_word' id='word_1_328' title='bbox 291 3170 402 3226; x_wconf 89' lang='lat' dir='ltr'><strong>que</strong></span> <span class='ocrx_word' id='word_1_329' title='bbox 425 3153 625 3223; x_wconf 87' lang='lat' dir='ltr'><strong>judicio</strong></span> <span class='ocrx_word' id='word_1_330' title='bbox 654 3154 856 3208; x_wconf 83' lang='lat' dir='ltr'><strong>leviora</strong></span> <span class='ocrx_word' id='word_1_331' title='bbox 906 3165 1065 3223; x_wconf 87' lang='lat' dir='ltr'><strong>quam</strong></span> <span class='ocrx_word' id='word_1_332' title='bbox 1096 3152 1236 3206; x_wconf 90' lang='lat' dir='ltr'><strong>utin</strong></span> <span class='ocrx_word' id='word_1_333' title='bbox 1265 3150 1514 3207; x_wconf 90' lang='lat' dir='ltr'><strong>ordinem</strong></span> <span class='ocrx_word' id='word_1_334' title='bbox 1565 3150 1734 3218; x_wconf 80' lang='lat' dir='ltr'><strong>redigi</strong></span> <span class='ocrx_word' id='word_1_335' title='bbox 1786 3149 1881 3205; x_wconf 84' lang='lat' dir='ltr'><strong>dc.-</strong></span> 
     </span>
    </p>
   </div>
   <div class='ocr_carea' id='block_1_48' title="bbox 1978 1949 3571 2032">
    <p class='ocr_par' dir='ltr' id='par_1_48' title="bbox 1978 1949 3571 2032">
     <span class='ocr_line' id='line_1_48' title="bbox 1978 1949 3571 2032; baseline 0.003 -15"><span class='ocrx_word' id='word_1_336' title='bbox 1978 1963 2173 2032; x_wconf 89' lang='lat' dir='ltr'><strong>collegi</strong></span> <span class='ocrx_word' id='word_1_337' title='bbox 2204 1978 2399 2028; x_wconf 90' lang='lat' dir='ltr'><strong>meme,</strong></span> <span class='ocrx_word' id='word_1_338' title='bbox 2423 1965 2660 2019; x_wconf 89' lang='lat' dir='ltr'><strong>rationes</strong></span> <span class='ocrx_word' id='word_1_339' title='bbox 2686 1964 2879 2032; x_wconf 82' lang='lat' dir='ltr'><strong>quibus</strong></span> <span class='ocrx_word' id='word_1_340' title='bbox 2918 1949 3007 2018; x_wconf 82' lang='lat' dir='ltr'><strong>illa</strong></span> <span class='ocrx_word' id='word_1_341' title='bbox 3032 1965 3297 2028; x_wconf 83' lang='lat' dir='ltr'><strong>innititur,</strong></span> <span class='ocrx_word' id='word_1_342' title='bbox 3335 1968 3571 2023; x_wconf 86' lang='lat' dir='ltr'><strong>maxime</strong></span> 
     </span>
    </p>
   </div>
   <div class='ocr_carea' id='block_1_49' title="bbox 1976 2054 3575 2121">
    <p class='ocr_par' dir='ltr' id='par_1_49' title="bbox 1976 2054 3575 2121">
     <span class='ocr_line' id='line_1_49' title="bbox 1976 2054 3575 2121; baseline 0.003 -14"><span class='ocrx_word' id='word_1_343' title='bbox 1976 2067 2110 2108; x_wconf 79' lang='lat' dir='ltr'><strong>vero</strong></span> <span class='ocrx_word' id='word_1_344' title='bbox 2163 2054 2509 2121; x_wconf 86' lang='lat' dir='ltr'><strong>conjecturas</strong></span> <span class='ocrx_word' id='word_1_345' title='bbox 2554 2065 2796 2120; x_wconf 91' lang='lat' dir='ltr'><strong>nostras,</strong></span> <span class='ocrx_word' id='word_1_346' title='bbox 2831 2054 3009 2110; x_wconf 91' lang='lat' dir='ltr'><strong>denuo</strong></span> <span class='ocrx_word' id='word_1_347' title='bbox 3035 2058 3136 2110; x_wconf 91' lang='lat' dir='ltr'><strong>sub</strong></span> <span class='ocrx_word' id='word_1_348' title='bbox 3163 2073 3390 2112; x_wconf 72' lang='lat' dir='ltr'><strong>examen</strong></span> <span class='ocrx_word' id='word_1_349' title='bbox 3419 2074 3575 2114; x_wconf 86' lang='lat' dir='ltr'><strong>revo-</strong></span> 
     </span>
    </p>
   </div>
   <div class='ocr_carea' id='block_1_50' title="bbox 1978 2144 3572 2214">
    <p class='ocr_par' dir='ltr' id='par_1_50' title="bbox 1978 2144 3572 2214">
     <span class='ocr_line' id='line_1_50' title="bbox 1978 2144 3572 2214; baseline 0.003 -15"><span class='ocrx_word' id='word_1_350' title='bbox 1978 2160 2129 2212; x_wconf 91' lang='lat' dir='ltr'><strong>cans,</strong></span> <span class='ocrx_word' id='word_1_351' title='bbox 2159 2144 2334 2214; x_wconf 86' lang='lat' dir='ltr'><strong>deque</strong></span> <span class='ocrx_word' id='word_1_352' title='bbox 2375 2146 2475 2200; x_wconf 91' lang='lat' dir='ltr'><strong>viri</strong></span> <span class='ocrx_word' id='word_1_353' title='bbox 2505 2147 2684 2200; x_wconf 82' lang='lat' dir='ltr'><strong>eximii</strong></span> <span class='ocrx_word' id='word_1_354' title='bbox 2716 2148 2978 2214; x_wconf 79' lang='lat' dir='ltr'><strong>gravitate</strong></span> <span class='ocrx_word' id='word_1_355' title='bbox 3006 2162 3075 2201; x_wconf 90' lang='lat' dir='ltr'><strong>ac</strong></span> <span class='ocrx_word' id='word_1_356' title='bbox 3114 2147 3356 2203; x_wconf 90' lang='lat' dir='ltr'><strong>doctrina</strong></span> <span class='ocrx_word' id='word_1_357' title='bbox 3405 2150 3572 2204; x_wconf 87' lang='lat' dir='ltr'><strong>multa</strong></span> 
     </span>
    </p>
   </div>
   <div class='ocr_carea' id='block_1_51' title="bbox 1978 2239 3573 2309">
    <p class='ocr_par' dir='ltr' id='par_1_51' title="bbox 1978 2239 3573 2309">
     <span class='ocr_line' id='line_1_51' title="bbox 1978 2239 3573 2309; baseline 0.001 -16"><span class='ocrx_word' id='word_1_358' title='bbox 1978 2254 2103 2294; x_wconf 91' lang='lat' dir='ltr'><strong>cum</strong></span> <span class='ocrx_word' id='word_1_359' title='bbox 2135 2239 2317 2293; x_wconf 91' lang='lat' dir='ltr'><strong>animo</strong></span> <span class='ocrx_word' id='word_1_360' title='bbox 2339 2254 2461 2293; x_wconf 86' lang='lat' dir='ltr'><strong>meo</strong></span> <span class='ocrx_word' id='word_1_361' title='bbox 2487 2240 2735 2294; x_wconf 87' lang='lat' dir='ltr'><strong>volvens.</strong></span> <span class='ocrx_word' id='word_1_362' title='bbox 2766 2239 2944 2308; x_wconf 88' lang='lat' dir='ltr'><strong>Atque</strong></span> <span class='ocrx_word' id='word_1_363' title='bbox 2976 2240 3021 2296; x_wconf 91' lang='lat' dir='ltr'><strong>is</strong></span> <span class='ocrx_word' id='word_1_364' title='bbox 3046 2241 3261 2309; x_wconf 85' lang='lat' dir='ltr'><strong>quidem</strong></span> <span class='ocrx_word' id='word_1_365' title='bbox 3294 2242 3344 2294; x_wconf 91' lang='lat' dir='ltr'><strong>in</strong></span> <span class='ocrx_word' id='word_1_366' title='bbox 3379 2257 3573 2295; x_wconf 88' lang='lat' dir='ltr'><strong>novam</strong></span> 
     </span>
    </p>
   </div>
   <div class='ocr_carea' id='block_1_52' title="bbox 1980 2329 3567 2401">
    <p class='ocr_par' dir='ltr' id='par_1_52' title="bbox 1980 2329 3567 2401">
     <span class='ocr_line' id='line_1_52' title="bbox 1980 2329 3567 2401; baseline 0.003 -18"><span class='ocrx_word' id='word_1_367' title='bbox 1980 2344 2100 2398; x_wconf 72' lang='lat' dir='ltr'><strong>qua:</strong></span> <span class='ocrx_word' id='word_1_368' title='bbox 2146 2329 2402 2385; x_wconf 84' lang='lat' dir='ltr'><strong>Romanis</strong></span> <span class='ocrx_word' id='word_1_369' title='bbox 2431 2330 2573 2385; x_wconf 87' lang='lat' dir='ltr'><strong>favet</strong></span> <span class='ocrx_word' id='word_1_370' title='bbox 2601 2332 2923 2385; x_wconf 83' lang='lat' dir='ltr'><strong>sententiam</strong></span> <span class='ocrx_word' id='word_1_371' title='bbox 2967 2332 3305 2401; x_wconf 89' lang='lat' dir='ltr'><strong>propendere</strong></span> <span class='ocrx_word' id='word_1_372' title='bbox 3335 2334 3567 2399; x_wconf 85' lang='lat' dir='ltr'><strong>videtur,</strong></span> 
     </span>
    </p>
   </div>
   <div class='ocr_carea' id='block_1_53' title="bbox 1985 2420 3577 2491">
    <p class='ocr_par' dir='ltr' id='par_1_53' title="bbox 1985 2420 3577 2491">
     <span class='ocr_line' id='line_1_53' title="bbox 1985 2420 3577 2491; baseline 0.001 -16"><span class='ocrx_word' id='word_1_373' title='bbox 1985 2420 2097 2476; x_wconf 90' lang='lat' dir='ltr'><strong>imo</strong></span> <span class='ocrx_word' id='word_1_374' title='bbox 2126 2431 2315 2491; x_wconf 87' lang='lat' dir='ltr'><strong>aperte</strong></span> <span class='ocrx_word' id='word_1_375' title='bbox 2341 2421 2687 2477; x_wconf 90' lang='lat' dir='ltr'><strong>Laurentium</strong></span> <span class='ocrx_word' id='word_1_376' title='bbox 2738 2421 3004 2477; x_wconf 69' lang='lat' dir='ltr'><strong>Rouasw</strong></span> <span class='ocrx_word' id='word_1_377' title='bbox 3034 2439 3192 2478; x_wconf 75' lang='lat' dir='ltr'><strong>cnven</strong></span> <span class='ocrx_word' id='word_1_378' title='bbox 3227 2424 3389 2489; x_wconf 91' lang='lat' dir='ltr'><strong>dicit,</strong></span> <span class='ocrx_word' id='word_1_379' title='bbox 3421 2439 3577 2477; x_wconf 88' lang='lat' dir='ltr'><strong>eam-</strong></span> 
     </span>
    </p>
   </div>
   <div class='ocr_carea' id='block_1_54' title="bbox 1979 2513 3577 2585">
    <p class='ocr_par' dir='ltr' id='par_1_54' title="bbox 1979 2513 3577 2585">
     <span class='ocr_line' id='line_1_54' title="bbox 1979 2513 3577 2585; baseline 0.001 -17"><span class='ocrx_word' id='word_1_380' title='bbox 1979 2527 2091 2582; x_wconf 88' lang='lat' dir='ltr'><strong>que</strong></span> <span class='ocrx_word' id='word_1_381' title='bbox 2134 2514 2189 2568; x_wconf 92' lang='lat' dir='ltr'><strong>in</strong></span> <span class='ocrx_word' id='word_1_382' title='bbox 2233 2529 2347 2568; x_wconf 89' lang='lat' dir='ltr'><strong>rem</strong></span> <span class='ocrx_word' id='word_1_383' title='bbox 2375 2514 2704 2569; x_wconf 82' lang='lat' dir='ltr'><strong>Veronensis</strong></span> <span class='ocrx_word' id='word_1_384' title='bbox 2754 2513 3172 2569; x_wconf 87' lang='lat' dir='ltr'><strong>Sacramentarii</strong></span> <span class='ocrx_word' id='word_1_385' title='bbox 3202 2530 3363 2585; x_wconf 87' lang='lat' dir='ltr'><strong>quam</strong></span> <span class='ocrx_word' id='word_1_386' title='bbox 3414 2515 3577 2570; x_wconf 86' lang='lat' dir='ltr'><strong>modo</strong></span> 
     </span>
    </p>
   </div>
   <div class='ocr_carea' id='block_1_55' title="bbox 1981 2605 3580 2678">
    <p class='ocr_par' dir='ltr' id='par_1_55' title="bbox 1981 2605 3580 2678">
     <span class='ocr_line' id='line_1_55' title="bbox 1981 2605 3580 2678; baseline 0.001 -17"><span class='ocrx_word' id='word_1_387' title='bbox 1981 2606 2273 2661; x_wconf 84' lang='lat' dir='ltr'><strong>retulimus</strong></span> <span class='ocrx_word' id='word_1_388' title='bbox 2302 2607 2753 2662; x_wconf 79' lang='lat' dir='ltr'><strong>contestationem</strong></span> <span class='ocrx_word' id='word_1_389' title='bbox 2777 2605 2933 2660; x_wconf 77' lang='lat' dir='ltr'><strong>allert</strong></span> <span class='ocrx_word' id='word_1_390' title='bbox 2961 2607 3067 2678; x_wconf 73' lang='lat' dir='ltr'><strong>(f);</strong></span> <span class='ocrx_word' id='word_1_391' title='bbox 3098 2623 3282 2662; x_wconf 88' lang='lat' dir='ltr'><strong>verum</strong></span> <span class='ocrx_word' id='word_1_392' title='bbox 3308 2622 3428 2661; x_wconf 87' lang='lat' dir='ltr'><strong>cum</strong></span> <span class='ocrx_word' id='word_1_393' title='bbox 3460 2607 3580 2675; x_wconf 89' lang='lat' dir='ltr'><strong>ejus</strong></span> 
     </span>
    </p>
   </div>
   <div class='ocr_carea' id='block_1_56' title="bbox 1982 2697 3579 2767">
    <p class='ocr_par' dir='ltr' id='par_1_56' title="bbox 1982 2697 3579 2767">
     <span class='ocr_line' id='line_1_56' title="bbox 1982 2697 3579 2767; baseline -0.001 -14"><span class='ocrx_word' id='word_1_394' title='bbox 1982 2698 2395 2753; x_wconf 88' lang='lat' dir='ltr'><strong>contestationis</strong></span> <span class='ocrx_word' id='word_1_395' title='bbox 2438 2697 2624 2761; x_wconf 77' lang='lat' dir='ltr'><strong>verba,</strong></span> <span class='ocrx_word' id='word_1_396' title='bbox 2657 2712 2761 2765; x_wconf 88' lang='lat' dir='ltr'><strong>qua</strong></span> <span class='ocrx_word' id='word_1_397' title='bbox 2775 2712 2972 2767; x_wconf 87' lang='lat' dir='ltr'><strong>nquam</strong></span> <span class='ocrx_word' id='word_1_398' title='bbox 3004 2698 3147 2751; x_wconf 92' lang='lat' dir='ltr'><strong>illico</strong></span> <span class='ocrx_word' id='word_1_399' title='bbox 3177 2697 3451 2751; x_wconf 83' lang='lat' dir='ltr'><strong>Laurentii</strong></span> <span class='ocrx_word' id='word_1_400' title='bbox 3483 2714 3579 2766; x_wconf 83' lang='lat' dir='ltr'><strong>pa-</strong></span> 
     </span>
    </p>
   </div>
   <div class='ocr_carea' id='block_1_57' title="bbox 1986 2785 3578 2856">
    <p class='ocr_par' dir='ltr' id='par_1_57' title="bbox 1986 2785 3578 2856">
     <span class='ocr_line' id='line_1_57' title="bbox 1986 2785 3578 2856; baseline 0.001 -17"><span class='ocrx_word' id='word_1_401' title='bbox 1986 2787 2146 2841; x_wconf 86' lang='lat' dir='ltr'><strong>triam</strong></span> <span class='ocrx_word' id='word_1_402' title='bbox 2202 2785 2520 2856; x_wconf 75' lang='lat' dir='ltr'><strong>pncseferre</strong></span> <span class='ocrx_word' id='word_1_403' title='bbox 2574 2785 2879 2852; x_wconf 75' lang='lat' dir='ltr'><strong>vidi-antur,</strong></span> <span class='ocrx_word' id='word_1_404' title='bbox 2938 2801 3045 2839; x_wconf 91' lang='lat' dir='ltr'><strong>non</strong></span> <span class='ocrx_word' id='word_1_405' title='bbox 3096 2786 3309 2854; x_wconf 84' lang='lat' dir='ltr'><strong>penitus</strong></span> <span class='ocrx_word' id='word_1_406' title='bbox 3338 2786 3578 2841; x_wconf 89' lang='lat' dir='ltr'><strong>animum</strong></span> 
     </span>
    </p>
   </div>
   <div class='ocr_carea' id='block_1_58' title="bbox 1987 2877 3578 2950">
    <p class='ocr_par' dir='ltr' id='par_1_58' title="bbox 1987 2877 3578 2950">
     <span class='ocr_line' id='line_1_58' title="bbox 1987 2877 3578 2950; baseline -0.001 -18"><span class='ocrx_word' id='word_1_407' title='bbox 1987 2880 2368 2950; x_wconf 87' lang='lat' dir='ltr'><strong>tranquillent,</strong></span> <span class='ocrx_word' id='word_1_408' title='bbox 2402 2877 2821 2947; x_wconf 90' lang='lat' dir='ltr'><strong>multiplicisque</strong></span> <span class='ocrx_word' id='word_1_409' title='bbox 2871 2878 3329 2946; x_wconf 89' lang='lat' dir='ltr'><strong>interpretationis</strong></span> <span class='ocrx_word' id='word_1_410' title='bbox 3358 2878 3578 2947; x_wconf 88' lang='lat' dir='ltr'><strong>capacia</strong></span> 
     </span>
    </p>
   </div>
   <div class='ocr_carea' id='block_1_59' title="bbox 1985 2968 3580 3040">
    <p class='ocr_par' dir='ltr' id='par_1_59' title="bbox 1985 2968 3580 3040">
     <span class='ocr_line' id='line_1_59' title="bbox 1985 2968 3580 3040; baseline -0.002 -15"><span class='ocrx_word' id='word_1_411' title='bbox 1985 2971 2092 3025; x_wconf 91' lang='lat' dir='ltr'><strong>sint</strong></span> <span class='ocrx_word' id='word_1_412' title='bbox 2114 2971 2202 3040; x_wconf 92' lang='lat' dir='ltr'><strong>(de</strong></span> <span class='ocrx_word' id='word_1_413' title='bbox 2231 2985 2338 3040; x_wconf 90' lang='lat' dir='ltr'><strong>quo</strong></span> <span class='ocrx_word' id='word_1_414' title='bbox 2367 2970 2587 3023; x_wconf 84' lang='lat' dir='ltr'><strong>inferius</strong></span> <span class='ocrx_word' id='word_1_415' title='bbox 2626 2984 2694 3023; x_wconf 90' lang='lat' dir='ltr'><strong>ex</strong></span> <span class='ocrx_word' id='word_1_416' title='bbox 2723 2984 2843 3022; x_wconf 91' lang='lat' dir='ltr'><strong>asse</strong></span> <span class='ocrx_word' id='word_1_417' title='bbox 2870 2968 3181 3022; x_wconf 90' lang='lat' dir='ltr'><strong>instituetur</strong></span> <span class='ocrx_word' id='word_1_418' title='bbox 3208 2969 3439 3035; x_wconf 89' lang='lat' dir='ltr'><strong>sermo),</strong></span> <span class='ocrx_word' id='word_1_419' title='bbox 3469 2984 3580 3023; x_wconf 91' lang='lat' dir='ltr'><strong>non</strong></span> 
     </span>
    </p>
   </div>
   <div class='ocr_carea' id='block_1_60' title="bbox 1986 3060 3577 3128">
    <p class='ocr_par' dir='ltr' id='par_1_60' title="bbox 1986 3060 3577 3128">
     <span class='ocr_line' id='line_1_60' title="bbox 1986 3060 3577 3128; baseline 0.001 -15"><span class='ocrx_word' id='word_1_420' title='bbox 1986 3060 2118 3114; x_wconf 91' lang='lat' dir='ltr'><strong>satis</strong></span> <span class='ocrx_word' id='word_1_421' title='bbox 2161 3060 2498 3127; x_wconf 88' lang='lat' dir='ltr'><strong>exploratum</strong></span> <span class='ocrx_word' id='word_1_422' title='bbox 2528 3060 2787 3114; x_wconf 86' lang='lat' dir='ltr'><strong>habemus</strong></span> <span class='ocrx_word' id='word_1_423' title='bbox 2814 3074 2922 3128; x_wconf 90' lang='lat' dir='ltr'><strong>quo</strong></span> <span class='ocrx_word' id='word_1_424' title='bbox 2963 3074 3126 3114; x_wconf 88' lang='lat' dir='ltr'><strong>sensu</strong></span> <span class='ocrx_word' id='word_1_425' title='bbox 3158 3060 3227 3114; x_wconf 91' lang='lat' dir='ltr'><strong>cl.</strong></span> <span class='ocrx_word' id='word_1_426' title='bbox 3259 3069 3448 3115; x_wconf 89' lang='lat' dir='ltr'><strong>auctor</strong></span> <span class='ocrx_word' id='word_1_427' title='bbox 3496 3061 3577 3115; x_wconf 91' lang='lat' dir='ltr'><strong>ci-</strong></span> 
     </span>
    </p>
   </div>
   <div class='ocr_carea' id='block_1_61' title="bbox 1986 3150 3583 3208">
    <p class='ocr_par' dir='ltr' id='par_1_61' title="bbox 1986 3150 3583 3208">
     <span class='ocr_line' id='line_1_61' title="bbox 1986 3150 3583 3208; baseline 0.001 -2"><span class='ocrx_word' id='word_1_428' title='bbox 1986 3165 2108 3207; x_wconf 87' lang='lat' dir='ltr'><strong>vem</strong></span> <span class='ocrx_word' id='word_1_429' title='bbox 2138 3150 2438 3206; x_wconf 87' lang='lat' dir='ltr'><strong>Romanum</strong></span> <span class='ocrx_word' id='word_1_430' title='bbox 2464 3150 2813 3206; x_wconf 76' lang='lat' dir='ltr'><strong>Laurentium</strong></span> <span class='ocrx_word' id='word_1_431' title='bbox 2841 3152 3059 3206; x_wconf 88' lang='lat' dir='ltr'><strong>dixerit.</strong></span> <span class='ocrx_word' id='word_1_432' title='bbox 3094 3152 3151 3206; x_wconf 91' lang='lat' dir='ltr'><strong>Si</strong></span> <span class='ocrx_word' id='word_1_433' title='bbox 3181 3161 3362 3207; x_wconf 91' lang='lat' dir='ltr'><strong>autem</strong></span> <span class='ocrx_word' id='word_1_434' title='bbox 3392 3153 3445 3206; x_wconf 89' lang='lat' dir='ltr'><strong>in</strong></span> <span class='ocrx_word' id='word_1_435' title='bbox 3487 3154 3583 3208; x_wconf 87' lang='lat' dir='ltr'><strong>ab-</strong></span> 
     </span>
    </p>
   </div>
   <div class='ocr_carea' id='block_1_62' title="bbox 292 3240 3580 3316">
    <p class='ocr_par' dir='ltr' id='par_1_62' title="bbox 292 3240 3580 3316">
     <span class='ocr_line' id='line_1_62' title="bbox 292 3240 3580 3316; baseline -0.001 -16"><span class='ocrx_word' id='word_1_436' title='bbox 292 3246 478 3310; x_wconf 89' lang='lat' dir='ltr'><strong>beant,</strong></span> <span class='ocrx_word' id='word_1_437' title='bbox 525 3243 728 3313; x_wconf 88' lang='lat' dir='ltr'><strong>placuit</strong></span> <span class='ocrx_word' id='word_1_438' title='bbox 758 3258 823 3297; x_wconf 86' lang='lat' dir='ltr'><strong>ea</strong></span> <span class='ocrx_word' id='word_1_439' title='bbox 864 3243 1098 3297; x_wconf 81' lang='lat' dir='ltr'><strong>breviter</strong></span> <span class='ocrx_word' id='word_1_440' title='bbox 1147 3242 1205 3296; x_wconf 87' lang='lat' dir='ltr'><strong>in</strong></span> <span class='ocrx_word' id='word_1_441' title='bbox 1246 3250 1558 3296; x_wconf 88' lang='lat' dir='ltr'><strong>transcursu</strong></span> <span class='ocrx_word' id='word_1_442' title='bbox 1607 3240 1874 3306; x_wconf 80' lang='lat' dir='ltr'><strong>refellere,</strong></span> <span class='ocrx_word' id='word_1_443' title='bbox 1907 3247 1953 3310; x_wconf 81' lang='lat' dir='ltr'><strong>C</strong></span> <span class='ocrx_word' id='word_1_444' title='bbox 1982 3244 2295 3300; x_wconf 88' lang='lat' dir='ltr'><strong>solutissimi</strong></span> <span class='ocrx_word' id='word_1_445' title='bbox 2351 3245 2532 3314; x_wconf 92' lang='lat' dir='ltr'><strong>operis</strong></span> <span class='ocrx_word' id='word_1_446' title='bbox 2559 3243 2917 3315; x_wconf 85' lang='lat' dir='ltr'><strong>Hispanisque</strong></span> <span class='ocrx_word' id='word_1_447' title='bbox 2964 3246 3160 3300; x_wconf 86' lang='lat' dir='ltr'><strong>nostris</strong></span> <span class='ocrx_word' id='word_1_448' title='bbox 3188 3244 3474 3313; x_wconf 80' lang='lat' dir='ltr'><strong>gratissimi</strong></span> <span class='ocrx_word' id='word_1_449' title='bbox 3504 3246 3580 3316; x_wconf 88' lang='lat' dir='ltr'><strong>(g)</strong></span> 
     </span>
    </p>
   </div>
   <div class='ocr_carea' id='block_1_63' title="bbox 293 3330 1876 3404">
    <p class='ocr_par' dir='ltr' id='par_1_63' title="bbox 293 3330 1876 3404">
     <span class='ocr_line' id='line_1_63' title="bbox 293 3330 1876 3404; baseline -0.001 -17"><span class='ocrx_word' id='word_1_450' title='bbox 293 3343 459 3404; x_wconf 88' lang='lat' dir='ltr'><strong>atque</strong></span> <span class='ocrx_word' id='word_1_451' title='bbox 484 3334 657 3389; x_wconf 87' lang='lat' dir='ltr'><strong>amice</strong></span> <span class='ocrx_word' id='word_1_452' title='bbox 694 3333 992 3388; x_wconf 76' lang='lat' dir='ltr'><strong>Victoriam</strong></span> <span class='ocrx_word' id='word_1_453' title='bbox 1023 3348 1215 3401; x_wconf 83' lang='lat' dir='ltr'><strong>rogare</strong></span> <span class='ocrx_word' id='word_1_454' title='bbox 1277 3332 1421 3387; x_wconf 89' lang='lat' dir='ltr'><strong>unde</strong></span> <span class='ocrx_word' id='word_1_455' title='bbox 1471 3331 1699 3397; x_wconf 92' lang='lat' dir='ltr'><strong>noverit,</strong></span> <span class='ocrx_word' id='word_1_456' title='bbox 1734 3330 1876 3385; x_wconf 89' lang='lat' dir='ltr'><strong>Lau-</strong></span> 
     </span>
    </p>
   </div>
   <div class='ocr_carea' id='block_1_64' title="bbox 294 3422 1878 3481">
    <p class='ocr_par' dir='ltr' id='par_1_64' title="bbox 294 3422 1878 3481">
     <span class='ocr_line' id='line_1_64' title="bbox 294 3422 1878 3481; baseline -0.001 0"><span class='ocrx_word' id='word_1_457' title='bbox 294 3425 529 3481; x_wconf 89' lang='lat' dir='ltr'><strong>rentium</strong></span> <span class='ocrx_word' id='word_1_458' title='bbox 554 3425 738 3480; x_wconf 89' lang='lat' dir='ltr'><strong>statim</strong></span> <span class='ocrx_word' id='word_1_459' title='bbox 787 3440 850 3479; x_wconf 90' lang='lat' dir='ltr'><strong>ac</strong></span> <span class='ocrx_word' id='word_1_460' title='bbox 875 3425 927 3479; x_wconf 91' lang='lat' dir='ltr'><strong>in</strong></span> <span class='ocrx_word' id='word_1_461' title='bbox 978 3422 1175 3479; x_wconf 88' lang='lat' dir='ltr'><strong>Urbem</strong></span> <span class='ocrx_word' id='word_1_462' title='bbox 1222 3422 1441 3477; x_wconf 84' lang='lat' dir='ltr'><strong>advenit</strong></span> <span class='ocrx_word' id='word_1_463' title='bbox 1488 3422 1746 3478; x_wconf 64' lang='lat' dir='ltr'><strong>Romana:</strong></span> <span class='ocrx_word' id='word_1_464' title='bbox 1772 3422 1878 3479; x_wconf 88' lang='lat' dir='ltr'><strong>Ec-</strong></span> 
     </span>
    </p>
   </div>
   <div class='ocr_carea' id='block_1_65' title="bbox 293 3513 1884 3584">
    <p class='ocr_par' dir='ltr' id='par_1_65' title="bbox 293 3513 1884 3584">
     <span class='ocr_line' id='line_1_65' title="bbox 293 3513 1884 3584; baseline -0.001 -12"><span class='ocrx_word' id='word_1_465' title='bbox 293 3516 473 3572; x_wconf 67' lang='lat' dir='ltr'><strong>clesia:</strong></span> <span class='ocrx_word' id='word_1_466' title='bbox 512 3516 798 3571; x_wconf 88' lang='lat' dir='ltr'><strong>diaconum</strong></span> <span class='ocrx_word' id='word_1_467' title='bbox 850 3530 880 3569; x_wconf 89' lang='lat' dir='ltr'><strong>a</strong></span> <span class='ocrx_word' id='word_1_468' title='bbox 931 3514 1084 3569; x_wconf 88' lang='lat' dir='ltr'><strong>Sixto</strong></span> <span class='ocrx_word' id='word_1_469' title='bbox 1130 3513 1415 3580; x_wconf 85' lang='lat' dir='ltr'><strong>ell‘ectnm,</strong></span> <span class='ocrx_word' id='word_1_470' title='bbox 1470 3529 1778 3584; x_wconf 85' lang='lat' dir='ltr'><strong>novumque</strong></span> <span class='ocrx_word' id='word_1_471' title='bbox 1819 3530 1884 3571; x_wconf 90' lang='lat' dir='ltr'><strong>ac</strong></span> 
     </span>
    </p>
   </div>
   <div class='ocr_carea' id='block_1_66' title="bbox 293 3606 1885 3679">
    <p class='ocr_par' dir='ltr' id='par_1_66' title="bbox 293 3606 1885 3679">
     <span class='ocr_line' id='line_1_66' title="bbox 293 3606 1885 3679; baseline 0 -18"><span class='ocrx_word' id='word_1_472' title='bbox 293 3606 459 3679; x_wconf 89' lang='lat' dir='ltr'><strong>plane</strong></span> <span class='ocrx_word' id='word_1_473' title='bbox 481 3607 720 3675; x_wconf 89' lang='lat' dir='ltr'><strong>ignotum</strong></span> <span class='ocrx_word' id='word_1_474' title='bbox 743 3606 1018 3661; x_wconf 89' lang='lat' dir='ltr'><strong>hominem</strong></span> <span class='ocrx_word' id='word_1_475' title='bbox 1060 3619 1357 3675; x_wconf 85' lang='lat' dir='ltr'><strong>pauperum</strong></span> <span class='ocrx_word' id='word_1_476' title='bbox 1386 3613 1693 3661; x_wconf 88' lang='lat' dir='ltr'><strong>curatorem</strong></span> <span class='ocrx_word' id='word_1_477' title='bbox 1719 3613 1885 3674; x_wconf 88' lang='lat' dir='ltr'><strong>atque</strong></span> 
     </span>
    </p>
   </div>
   <div class='ocr_carea' id='block_1_67' title="bbox 295 3697 1884 3755">
    <p class='ocr_par' dir='ltr' id='par_1_67' title="bbox 295 3697 1884 3755">
     <span class='ocr_line' id='line_1_67' title="bbox 295 3697 1884 3755; baseline -0.001 0"><span class='ocrx_word' id='word_1_478' title='bbox 295 3698 643 3755; x_wconf 86' lang='lat' dir='ltr'><strong>ecclesiastici</strong></span> <span class='ocrx_word' id='word_1_479' title='bbox 692 3698 930 3752; x_wconf 88' lang='lat' dir='ltr'><strong>thesauri</strong></span> <span class='ocrx_word' id='word_1_480' title='bbox 978 3697 1260 3752; x_wconf 88' lang='lat' dir='ltr'><strong>custodem</strong></span> <span class='ocrx_word' id='word_1_481' title='bbox 1310 3698 1723 3755; x_wconf 88' lang='lat' dir='ltr'><strong>renuntiatum?</strong></span> <span class='ocrx_word' id='word_1_482' title='bbox 1776 3700 1884 3753; x_wconf 85' lang='lat' dir='ltr'><strong>Aut</strong></span> 
     </span>
    </p>
   </div>
   <div class='ocr_carea' id='block_1_68' title="bbox 297 3790 1882 3861">
    <p class='ocr_par' dir='ltr' id='par_1_68' title="bbox 297 3790 1882 3861">
     <span class='ocr_line' id='line_1_68' title="bbox 297 3790 1882 3861; baseline -0.001 -13"><span class='ocrx_word' id='word_1_483' title='bbox 297 3808 398 3848; x_wconf 92' lang='lat' dir='ltr'><strong>cur</strong></span> <span class='ocrx_word' id='word_1_484' title='bbox 441 3807 548 3848; x_wconf 91' lang='lat' dir='ltr'><strong>non</strong></span> <span class='ocrx_word' id='word_1_485' title='bbox 590 3791 776 3847; x_wconf 88' lang='lat' dir='ltr'><strong>Sixtus</strong></span> <span class='ocrx_word' id='word_1_486' title='bbox 816 3791 919 3845; x_wconf 88' lang='lat' dir='ltr'><strong>sibi</strong></span> <span class='ocrx_word' id='word_1_487' title='bbox 961 3790 1168 3860; x_wconf 89' lang='lat' dir='ltr'><strong>pridem</strong></span> <span class='ocrx_word' id='word_1_488' title='bbox 1219 3801 1273 3846; x_wconf 90' lang='lat' dir='ltr'><strong>et</strong></span> <span class='ocrx_word' id='word_1_489' title='bbox 1325 3792 1378 3845; x_wconf 84' lang='lat' dir='ltr'><strong>in</strong></span> <span class='ocrx_word' id='word_1_490' title='bbox 1426 3791 1741 3861; x_wconf 82' lang='lat' dir='ltr'><strong>pontiﬁcatu</strong></span> <span class='ocrx_word' id='word_1_491' title='bbox 1785 3807 1882 3847; x_wconf 92' lang='lat' dir='ltr'><strong>co-</strong></span> 
     </span>
    </p>
   </div>
   <div class='ocr_carea' id='block_1_69' title="bbox 292 3880 1882 3957">
    <p class='ocr_par' dir='ltr' id='par_1_69' title="bbox 292 3880 1882 3957">
     <span class='ocr_line' id='line_1_69' title="bbox 292 3880 1882 3957; baseline -0.001 -18"><span class='ocrx_word' id='word_1_492' title='bbox 292 3886 500 3953; x_wconf 82' lang='lat' dir='ltr'><strong>gnitum</strong></span> <span class='ocrx_word' id='word_1_493' title='bbox 528 3925 544 3951; x_wconf 90' lang='lat'><strong>,</strong></span> <span class='ocrx_word' id='word_1_494' title='bbox 604 3880 998 3951; x_wconf 88' lang='lat' dir='ltr'><strong>multiplicique</strong></span> <span class='ocrx_word' id='word_1_495' title='bbox 1044 3884 1424 3951; x_wconf 88' lang='lat' dir='ltr'><strong>experimento</strong></span> <span class='ocrx_word' id='word_1_496' title='bbox 1473 3884 1882 3957; x_wconf 87' lang='lat' dir='ltr'><strong>comprobatum</strong></span> 
     </span>
    </p>
   </div>
   <div class='ocr_carea' id='block_1_70' title="bbox 295 3971 1883 4043">
    <p class='ocr_par' dir='ltr' id='par_1_70' title="bbox 295 3971 1883 4043">
     <span class='ocr_line' id='line_1_70' title="bbox 295 3971 1883 4043; baseline -0.001 -13"><span class='ocrx_word' id='word_1_497' title='bbox 295 3974 367 4030; x_wconf 80' lang='lat' dir='ltr'><strong>ad</strong></span> <span class='ocrx_word' id='word_1_498' title='bbox 404 3974 455 4029; x_wconf 92' lang='lat' dir='ltr'><strong>id</strong></span> <span class='ocrx_word' id='word_1_499' title='bbox 485 3989 767 4028; x_wconf 89' lang='lat' dir='ltr'><strong>munerum</strong></span> <span class='ocrx_word' id='word_1_500' title='bbox 818 3973 998 4042; x_wconf 88' lang='lat' dir='ltr'><strong>potius</strong></span> <span class='ocrx_word' id='word_1_501' title='bbox 1039 3973 1333 4041; x_wconf 77' lang='lat' dir='ltr'><strong>elegisset?</strong></span> <span class='ocrx_word' id='word_1_502' title='bbox 1379 3971 1630 4027; x_wconf 75' lang='lat' dir='ltr'><strong>Externm</strong></span> <span class='ocrx_word' id='word_1_503' title='bbox 1679 3984 1883 4043; x_wconf 88' lang='lat' dir='ltr'><strong>autem,</strong></span> 
     </span>
    </p>
   </div>
   <div class='ocr_carea' id='block_1_71' title="bbox 295 4062 1885 4135">
    <p class='ocr_par' dir='ltr' id='par_1_71' title="bbox 295 4062 1885 4135">
     <span class='ocr_line' id='line_1_71' title="bbox 295 4062 1885 4135; baseline 0.001 -17"><span class='ocrx_word' id='word_1_504' title='bbox 295 4065 446 4135; x_wconf 89' lang='lat' dir='ltr'><strong>quod</strong></span> <span class='ocrx_word' id='word_1_505' title='bbox 487 4063 760 4119; x_wconf 89' lang='lat' dir='ltr'><strong>Victorius</strong></span> <span class='ocrx_word' id='word_1_506' title='bbox 806 4063 1006 4129; x_wconf 90' lang='lat' dir='ltr'><strong>subdit,</strong></span> <span class='ocrx_word' id='word_1_507' title='bbox 1059 4062 1366 4118; x_wconf 85' lang='lat' dir='ltr'><strong>meminisse</strong></span> <span class='ocrx_word' id='word_1_508' title='bbox 1406 4063 1593 4118; x_wconf 91' lang='lat' dir='ltr'><strong>debuit</strong></span> <span class='ocrx_word' id='word_1_509' title='bbox 1640 4073 1885 4119; x_wconf 85' lang='lat' dir='ltr'><strong>exterum</strong></span> 
     </span>
    </p>
   </div>
   <div class='ocr_carea' id='block_1_72' title="bbox 297 4199 1884 4327">
    <p class='ocr_par' dir='ltr' id='par_1_72' title="bbox 297 4199 1884 4327">
     <span class='ocr_line' id='line_1_72' title="bbox 297 4199 1884 4327; baseline 0.003 -71"><span class='ocrx_word' id='word_1_510' title='bbox 297 4271 318 4327; x_wconf 64' lang='grc' dir='ltr'><strong>ι</strong></span> <span class='ocrx_word' id='word_1_511' title='bbox 373 4203 450 4284; x_wconf 76' lang='lat' dir='ltr'><strong>(a)</strong></span> <span class='ocrx_word' id='word_1_512' title='bbox 482 4202 684 4257; x_wconf 84' lang='lat' dir='ltr'><strong>Prodiit</strong></span> <span class='ocrx_word' id='word_1_513' title='bbox 728 4217 792 4257; x_wconf 92' lang='lat' dir='ltr'><strong>ea</strong></span> <span class='ocrx_word' id='word_1_514' title='bbox 838 4200 1020 4256; x_wconf 78' lang='lat' dir='ltr'><strong>Ronnc</strong></span> <span class='ocrx_word' id='word_1_515' title='bbox 1066 4215 1208 4255; x_wconf 88' lang='lat' dir='ltr'><strong>anno</strong></span> <span class='ocrx_word' id='word_1_516' title='bbox 1244 4199 1401 4265; x_wconf 78' lang='lat' dir='ltr'><strong>-l75|,</strong></span> <span class='ocrx_word' id='word_1_517' title='bbox 1434 4218 1523 4274; x_wconf 87' lang='lat' dir='ltr'><strong>ap.</strong></span> <span class='ocrx_word' id='word_1_518' title='bbox 1552 4203 1746 4259; x_wconf 88' lang='lat' dir='ltr'><strong>fratres</strong></span> <span class='ocrx_word' id='word_1_519' title='bbox 1780 4203 1884 4260; x_wconf 86' lang='lat' dir='ltr'><strong>Pa-</strong></span> 
     </span>
     <span class='ocr_line' id='line_1_73' title="bbox 320 4287 556 4327; baseline -0.008 0"><span class='ocrx_word' id='word_1_520' title='bbox 320 4287 556 4327; x_wconf 88' lang='lat' dir='ltr'><strong>earmos.</strong></span> 
     </span>
    </p>
   </div>
   <div class='ocr_carea' id='block_1_73' title="bbox 320 4287 556 4328">
    <p class='ocr_par' dir='ltr' id='par_1_73' title="bbox 320 4287 556 4328">
     <span class='ocr_line' id='line_1_74' title="bbox 320 4287 556 4328; baseline -0.013 0"><span class='ocrx_word' id='word_1_521' title='bbox 320 4287 556 4328; x_wconf 89' lang='lat' dir='ltr'><strong>earmos.</strong></span> 
     </span>
    </p>
   </div>
   <div class='ocr_carea' id='block_1_74' title="bbox 369 4340 1879 4431">
    <p class='ocr_par' dir='ltr' id='par_1_74' title="bbox 369 4340 1879 4431">
     <span class='ocr_line' id='line_1_75' title="bbox 369 4340 1879 4431; baseline 0.001 -16"><span class='ocrx_word' id='word_1_522' title='bbox 369 4340 553 4431; x_wconf 68' lang='grc' dir='ltr'><strong>(ιη’οε</strong></span> <span class='ocrx_word' id='word_1_523' title='bbox 579 4361 757 4416; x_wconf 85' lang='lat' dir='ltr'><strong>eodem</strong></span> <span class='ocrx_word' id='word_1_524' title='bbox 788 4360 1121 4431; x_wconf 81' lang='lat' dir='ltr'><strong>(Laurentio)</strong></span> <span class='ocrx_word' id='word_1_525' title='bbox 1158 4360 1253 4415; x_wconf 88' lang='lat' dir='ltr'><strong>hoc</strong></span> <span class='ocrx_word' id='word_1_526' title='bbox 1281 4379 1376 4430; x_wconf 87' lang='lat' dir='ltr'><strong>pro</strong></span> <span class='ocrx_word' id='word_1_527' title='bbox 1403 4372 1540 4418; x_wconf 85' lang='lat' dir='ltr'><strong>certo</strong></span> <span class='ocrx_word' id='word_1_528' title='bbox 1569 4364 1879 4431; x_wconf 81' lang='lat' dir='ltr'><strong>habendum,</strong></span> 
     </span>
    </p>
   </div>
   <div class='ocr_carea' id='block_1_75' title="bbox 296 4431 1887 4505">
    <p class='ocr_par' dir='ltr' id='par_1_75' title="bbox 296 4431 1887 4505">
     <span class='ocr_line' id='line_1_76' title="bbox 296 4431 1887 4505; baseline 0.003 -19"><span class='ocrx_word' id='word_1_529' title='bbox 296 4437 477 4487; x_wconf 80' lang='lat' dir='ltr'><strong>natale</strong></span> <span class='ocrx_word' id='word_1_530' title='bbox 505 4431 922 4505; x_wconf 74' lang='lat' dir='ltr'><strong>s_olum_Romam</strong></span> <span class='ocrx_word' id='word_1_531' title='bbox 966 4434 1137 4505; x_wconf 77' lang='lat' dir='ltr'><strong>ipsum</strong></span> <span class='ocrx_word' id='word_1_532' title='bbox 1168 4431 1406 4488; x_wconf 80' lang='lat' dir='ltr'><strong>habuisse</strong></span> <span class='ocrx_word' id='word_1_533' title='bbox 1435 4435 1747 4505; x_wconf 83' lang='lat' dir='ltr'><strong>(Victorius,</strong></span> <span class='ocrx_word' id='word_1_534' title='bbox 1775 4435 1887 4491; x_wconf 82' lang='lat' dir='ltr'><strong>dis-</strong></span> 
     </span>
    </p>
   </div>
   <div class='ocr_carea' id='block_1_76' title="bbox 295 4501 1104 4573">
    <p class='ocr_par' dir='ltr' id='par_1_76' title="bbox 295 4501 1104 4573">
     <span class='ocr_line' id='line_1_77' title="bbox 295 4501 1104 4573; baseline -0.002 -15"><span class='ocrx_word' id='word_1_535' title='bbox 295 4511 487 4558; x_wconf 86' lang='lat' dir='ltr'><strong>sertat.</strong></span> <span class='ocrx_word' id='word_1_536' title='bbox 520 4501 807 4570; x_wconf 81' lang='lat' dir='ltr'><strong>Philolog.,</strong></span> <span class='ocrx_word' id='word_1_537' title='bbox 836 4520 960 4573; x_wconf 84' lang='lat' dir='ltr'><strong>pag.</strong></span> <span class='ocrx_word' id='word_1_538' title='bbox 991 4502 1104 4573; x_wconf 75' lang='lat'><strong>91).</strong></span> 
     </span>
    </p>
   </div>
   <div class='ocr_carea' id='block_1_77' title="bbox 372 4579 1216 4732">
    <p class='ocr_par' dir='ltr' id='par_1_77' title="bbox 372 4579 1216 4732">
     <span class='ocr_line' id='line_1_78' title="bbox 372 4579 1216 4732; baseline 0.002 -86"><span class='ocrx_word' id='word_1_539' title='bbox 372 4594 444 4732; x_wconf 56' lang='lat' dir='ltr'><strong>(e)</strong></span> <span class='ocrx_word' id='word_1_540' title='bbox 473 4579 639 4647; x_wconf 75' lang='lat' dir='ltr'><strong>Paulo</strong></span> <span class='ocrx_word' id='word_1_541' title='bbox 671 4593 909 4665; x_wconf 77' lang='lat' dir='ltr'><strong>inferius,</strong></span> <span class='ocrx_word' id='word_1_542' title='bbox 942 4592 1059 4646; x_wconf 78' lang='lat' dir='ltr'><strong>ead.</strong></span> <span class='ocrx_word' id='word_1_543' title='bbox 1093 4608 1216 4663; x_wconf 84' lang='lat' dir='ltr'><strong>pag.</strong></span> 
     </span>
     <span class='ocr_line' id='line_1_79' title="bbox 397 4661 1216 4732; baseline 0.006 -17"><span class='ocrx_word' id='word_1_544' title='bbox 397 4663 452 4732; x_wconf 89' lang='lat' dir='ltr'><strong>d)</strong></span> <span class='ocrx_word' id='word_1_545' title='bbox 505 4663 645 4717; x_wconf 86' lang='lat' dir='ltr'><strong>Nihil</strong></span> <span class='ocrx_word' id='word_1_546' title='bbox 684 4663 880 4731; x_wconf 88' lang='lat' dir='ltr'><strong>quippe</strong></span> <span class='ocrx_word' id='word_1_547' title='bbox 910 4661 1216 4720; x_wconf 73' lang='lat' dir='ltr'><strong>Prudentius</strong></span> 
     </span>
    </p>
   </div>
   <div class='ocr_carea' id='block_1_78' title="bbox 397 4661 1879 4736">
    <p class='ocr_par' dir='ltr' id='par_1_78' title="bbox 397 4661 1879 4736">
     <span class='ocr_line' id='line_1_80' title="bbox 397 4661 1879 4736; baseline 0.004 -21"><span class='ocrx_word' id='word_1_548' title='bbox 397 4663 452 4733; x_wconf 90' lang='lat' dir='ltr'><strong>d)</strong></span> <span class='ocrx_word' id='word_1_549' title='bbox 505 4661 880 4736; x_wconf 76' lang='lat' dir='ltr'><strong>Niliil__quippe</strong></span> <span class='ocrx_word' id='word_1_550' title='bbox 910 4661 1230 4736; x_wconf 67' lang='lat' dir='ltr'><strong>Prudentius</strong></span> <span class='ocrx_word' id='word_1_551' title='bbox 1257 4663 1325 4721; x_wconf 89' lang='lat' dir='ltr'><strong>de</strong></span> <span class='ocrx_word' id='word_1_552' title='bbox 1358 4665 1643 4734; x_wconf 82' lang='lat' dir='ltr'><strong>liispanica</strong></span> <span class='ocrx_word' id='word_1_553' title='bbox 1672 4667 1879 4736; x_wconf 83' lang='lat' dir='ltr'><strong>origine</strong></span> 
     </span>
    </p>
   </div>
   <div class='ocr_carea' id='block_1_79' title="bbox 298 4732 1879 4805">
    <p class='ocr_par' dir='ltr' id='par_1_79' title="bbox 298 4732 1879 4805">
     <span class='ocr_line' id='line_1_81' title="bbox 298 4732 1879 4805; baseline 0.003 -17"><span class='ocrx_word' id='word_1_554' title='bbox 298 4732 595 4805; x_wconf 84' lang='lat' dir='ltr'><strong>Laurentii,</strong></span> <span class='ocrx_word' id='word_1_555' title='bbox 628 4732 890 4805; x_wconf 85' lang='lat' dir='ltr'><strong>Hispanus</strong></span> <span class='ocrx_word' id='word_1_556' title='bbox 915 4733 1031 4802; x_wconf 89' lang='lat' dir='ltr'><strong>ipse</strong></span> <span class='ocrx_word' id='word_1_557' title='bbox 1060 4737 1332 4789; x_wconf 78' lang='lat' dir='ltr'><strong>memoria:</strong></span> <span class='ocrx_word' id='word_1_558' title='bbox 1360 4732 1627 4805; x_wconf 87' lang='lat' dir='ltr'><strong>prodidit;</strong></span> <span class='ocrx_word' id='word_1_559' title='bbox 1659 4732 1782 4792; x_wconf 71' lang='lat' dir='ltr'><strong>cuni</strong></span> <span class='ocrx_word' id='word_1_560' title='bbox 1810 4739 1879 4792; x_wconf 90' lang='lat' dir='ltr'><strong>de</strong></span> 
     </span>
    </p>
   </div>
   <div class='ocr_carea' id='block_1_80' title="bbox 299 4804 1879 4873">
    <p class='ocr_par' dir='ltr' id='par_1_80' title="bbox 299 4804 1879 4873">
     <span class='ocr_line' id='line_1_82' title="bbox 299 4804 1879 4873; baseline 0.002 -14"><span class='ocrx_word' id='word_1_561' title='bbox 299 4804 420 4859; x_wconf 89' lang='lat' dir='ltr'><strong>aliis</strong></span> <span class='ocrx_word' id='word_1_562' title='bbox 446 4804 538 4873; x_wconf 82' lang='lat' dir='ltr'><strong>qui</strong></span> <span class='ocrx_word' id='word_1_563' title='bbox 563 4804 635 4871; x_wconf 81' lang='lat' dir='ltr'><strong>ab</strong></span> <span class='ocrx_word' id='word_1_564' title='bbox 663 4819 728 4857; x_wconf 92' lang='lat' dir='ltr'><strong>ea</strong></span> <span class='ocrx_word' id='word_1_565' title='bbox 776 4804 998 4870; x_wconf 81' lang='lat' dir='ltr'><strong>regione</strong></span> <span class='ocrx_word' id='word_1_566' title='bbox 1054 4813 1334 4859; x_wconf 86' lang='lat' dir='ltr'><strong>traxerunt</strong></span> <span class='ocrx_word' id='word_1_567' title='bbox 1362 4804 1619 4861; x_wconf 83' lang='lat' dir='ltr'><strong>ortum...</strong></span> <span class='ocrx_word' id='word_1_568' title='bbox 1678 4808 1879 4862; x_wconf 76' lang='lat' dir='ltr'><strong>diserte</strong></span> 
     </span>
    </p>
   </div>
   <div class='ocr_carea' id='block_1_81' title="bbox 298 4873 1882 4949">
    <p class='ocr_par' dir='ltr' id='par_1_81' title="bbox 298 4873 1882 4949">
     <span class='ocr_line' id='line_1_83' title="bbox 298 4873 1882 4949; baseline 0.003 -22"><span class='ocrx_word' id='word_1_569' title='bbox 298 4874 626 4949; x_wconf 74' lang='lat' dir='ltr'><strong>meminerit,</strong></span> <span class='ocrx_word' id='word_1_570' title='bbox 663 4873 1133 4949; x_wconf 84' lang='lat' dir='ltr'><strong>llispaniarumque</strong></span> <span class='ocrx_word' id='word_1_571' title='bbox 1176 4875 1356 4949; x_wconf 87' lang='lat' dir='ltr'><strong>laudes</strong></span> <span class='ocrx_word' id='word_1_572' title='bbox 1406 4878 1461 4929; x_wconf 86' lang='lat' dir='ltr'><strong>in</strong></span> <span class='ocrx_word' id='word_1_573' title='bbox 1490 4878 1721 4949; x_wconf 74' lang='lat' dir='ltr'><strong>pluribus</strong></span> <span class='ocrx_word' id='word_1_574' title='bbox 1769 4880 1882 4949; x_wconf 85' lang='lat' dir='ltr'><strong>ejus</strong></span> 
     </span>
    </p>
   </div>
   <div class='ocr_carea' id='block_1_82' title="bbox 298 4944 1879 5018">
    <p class='ocr_par' dir='ltr' id='par_1_82' title="bbox 298 4944 1879 5018">
     <span class='ocr_line' id='line_1_84' title="bbox 298 4944 1879 5018; baseline 0.003 -20"><span class='ocrx_word' id='word_1_575' title='bbox 298 4944 505 5016; x_wconf 83' lang='lat' dir='ltr'><strong>hymnis</strong></span> <span class='ocrx_word' id='word_1_576' title='bbox 520 4945 586 5018; x_wconf 81' lang='lat' dir='ltr'><strong>de</strong></span> <span class='ocrx_word' id='word_1_577' title='bbox 610 4953 903 5018; x_wconf 81' lang='lat' dir='ltr'><strong>sanctorum</strong></span> <span class='ocrx_word' id='word_1_578' title='bbox 935 4946 1091 5018; x_wconf 84' lang='lat' dir='ltr'><strong>gestis</strong></span> <span class='ocrx_word' id='word_1_579' title='bbox 1119 4944 1541 5000; x_wconf 84' lang='lat' dir='ltr'><strong>contineantur...</strong></span> <span class='ocrx_word' id='word_1_580' title='bbox 1568 4944 1879 5018; x_wconf 74' lang='lat' dir='ltr'><strong>(Victorius,</strong></span> 
     </span>
    </p>
   </div>
   <div class='ocr_carea' id='block_1_83' title="bbox 299 5014 966 5085">
    <p class='ocr_par' dir='ltr' id='par_1_83' title="bbox 299 5014 966 5085">
     <span class='ocr_line' id='line_1_85' title="bbox 299 5014 966 5085; baseline -0.009 -14"><span class='ocrx_word' id='word_1_581' title='bbox 299 5014 415 5071; x_wconf 85' lang='lat' dir='ltr'><strong>loco</strong></span> <span class='ocrx_word' id='word_1_582' title='bbox 439 5016 671 5085; x_wconf 75' lang='lat' dir='ltr'><strong>proxime</strong></span> <span class='ocrx_word' id='word_1_583' title='bbox 698 5014 966 5082; x_wconf 85' lang='lat' dir='ltr'><strong>allegato.)</strong></span> 
     </span>
    </p>
   </div>
   <div class='ocr_carea' id='block_1_84' title="bbox 375 5104 1885 5177">
    <p class='ocr_par' dir='ltr' id='par_1_84' title="bbox 375 5104 1885 5177">
     <span class='ocr_line' id='line_1_86' title="bbox 375 5104 1885 5177; baseline 0.004 -17"><span class='ocrx_word' id='word_1_584' title='bbox 375 5106 445 5177; x_wconf 89' lang='lat' dir='ltr'><strong>(e)</strong></span> <span class='ocrx_word' id='word_1_585' title='bbox 479 5104 571 5161; x_wconf 87' lang='lat' dir='ltr'><strong>Est</strong></span> <span class='ocrx_word' id='word_1_586' title='bbox 600 5104 815 5177; x_wconf 84' lang='lat' dir='ltr'><strong>quidem</strong></span> <span class='ocrx_word' id='word_1_587' title='bbox 857 5105 911 5161; x_wconf 90' lang='lat' dir='ltr'><strong>in</strong></span> <span class='ocrx_word' id='word_1_588' title='bbox 938 5106 1141 5176; x_wconf 85' lang='lat' dir='ltr'><strong>hymno</strong></span> <span class='ocrx_word' id='word_1_589' title='bbox 1169 5106 1235 5161; x_wconf 89' lang='lat' dir='ltr'><strong>de</strong></span> <span class='ocrx_word' id='word_1_590' title='bbox 1262 5108 1463 5163; x_wconf 88' lang='lat' dir='ltr'><strong>sanctis</strong></span> <span class='ocrx_word' id='word_1_591' title='bbox 1493 5107 1800 5166; x_wconf 79' lang='lat' dir='ltr'><strong>llemeterio</strong></span> <span class='ocrx_word' id='word_1_592' title='bbox 1830 5123 1885 5165; x_wconf 92' lang='lat' dir='ltr'><strong>ct</strong></span> 
     </span>
    </p>
   </div>
   <div class='ocr_carea' id='block_1_85' title="bbox 299 5175 1885 5243">
    <p class='ocr_par' dir='ltr' id='par_1_85' title="bbox 299 5175 1885 5243">
     <span class='ocr_line' id='line_1_87' title="bbox 299 5175 1885 5243; baseline 0.004 -13"><span class='ocrx_word' id='word_1_593' title='bbox 299 5175 631 5231; x_wconf 34' lang='lat' dir='ltr'><strong>Chelidonio‘</strong></span> <span class='ocrx_word' id='word_1_594' title='bbox 668 5192 859 5231; x_wconf 60' lang='lat' dir='ltr'><strong>reuna:</strong></span> <span class='ocrx_word' id='word_1_595' title='bbox 892 5175 1062 5231; x_wconf 59' lang='lat' dir='ltr'><strong>laenis</strong></span> <span class='ocrx_word' id='word_1_596' title='bbox 1094 5179 1330 5243; x_wconf 88' lang='lat' dir='ltr'><strong>mentio;</strong></span> <span class='ocrx_word' id='word_1_597' title='bbox 1360 5178 1456 5233; x_wconf 91' lang='lat' dir='ltr'><strong>sed</strong></span> <span class='ocrx_word' id='word_1_598' title='bbox 1486 5180 1599 5235; x_wconf 63' lang='lat' dir='ltr'><strong>haec</strong></span> <span class='ocrx_word' id='word_1_599' title='bbox 1626 5179 1691 5234; x_wconf 91' lang='lat' dir='ltr'><strong>ad</strong></span> <span class='ocrx_word' id='word_1_600' title='bbox 1731 5180 1885 5236; x_wconf 87' lang='lat' dir='ltr'><strong>Cala-</strong></span> 
     </span>
    </p>
   </div>
   <div class='ocr_carea' id='block_1_86' title="bbox 300 5246 1884 5317">
    <p class='ocr_par' dir='ltr' id='par_1_86' title="bbox 300 5246 1884 5317">
     <span class='ocr_line' id='line_1_88' title="bbox 300 5246 1884 5317; baseline 0.004 -18"><span class='ocrx_word' id='word_1_601' title='bbox 300 5248 503 5314; x_wconf 78' lang='lat' dir='ltr'><strong>gurrim</strong></span> <span class='ocrx_word' id='word_1_602' title='bbox 526 5246 684 5301; x_wconf 72' lang='lat' dir='ltr'><strong>lenito</strong></span> <span class='ocrx_word' id='word_1_603' title='bbox 708 5262 867 5301; x_wconf 90' lang='lat' dir='ltr'><strong>amne</strong></span> <span class='ocrx_word' id='word_1_604' title='bbox 888 5248 1161 5316; x_wconf 89' lang='lat' dir='ltr'><strong>irriguam,</strong></span> <span class='ocrx_word' id='word_1_605' title='bbox 1181 5263 1300 5317; x_wconf 76' lang='lat' dir='ltr'><strong>qua:</strong></span> <span class='ocrx_word' id='word_1_606' title='bbox 1316 5264 1499 5317; x_wconf 1' lang='lat' dir='ltr'><strong>(sacras</strong></span> <span class='ocrx_word' id='word_1_607' title='bbox 1523 5250 1713 5305; x_wconf 88' lang='lat' dir='ltr'><strong>horum</strong></span> <span class='ocrx_word' id='word_1_608' title='bbox 1738 5268 1884 5306; x_wconf 90' lang='lat' dir='ltr'><strong>mar-</strong></span> 
     </span>
    </p>
   </div>
   <div class='ocr_carea' id='block_1_87' title="bbox 302 5316 1884 5386">
    <p class='ocr_par' dir='ltr' id='par_1_87' title="bbox 302 5316 1884 5386">
     <span class='ocr_line' id='line_1_89' title="bbox 302 5316 1884 5386; baseline 0.005 -17"><span class='ocrx_word' id='word_1_609' title='bbox 302 5326 480 5386; x_wconf 78' lang='lat' dir='ltr'><strong>tyrum</strong></span> <span class='ocrx_word' id='word_1_610' title='bbox 511 5317 731 5371; x_wconf 73' lang='lat' dir='ltr'><strong>exuvias</strong></span> <span class='ocrx_word' id='word_1_611' title='bbox 784 5325 983 5380; x_wconf 85' lang='lat' dir='ltr'><strong>servat,</strong></span> <span class='ocrx_word' id='word_1_612' title='bbox 1031 5333 1139 5372; x_wconf 91' lang='lat' dir='ltr'><strong>non</strong></span> <span class='ocrx_word' id='word_1_613' title='bbox 1179 5316 1245 5371; x_wconf 82' lang='lat' dir='ltr'><strong>ad</strong></span> <span class='ocrx_word' id='word_1_614' title='bbox 1285 5316 1574 5376; x_wconf 66' lang='lat' dir='ltr'><strong>llispsNzu</strong></span> <span class='ocrx_word' id='word_1_615' title='bbox 1602 5321 1884 5378; x_wconf 84' lang='lat' dir='ltr'><strong>referenda</strong></span> 
     </span>
    </p>
   </div>
   <div class='ocr_carea' id='block_1_88' title="bbox 282 5388 1426 5457">
    <p class='ocr_par' dir='ltr' id='par_1_88' title="bbox 282 5388 1426 5457">
     <span class='ocr_line' id='line_1_90' title="bbox 282 5388 1426 5457; baseline 0.005 -16"><span class='ocrx_word' id='word_1_616' title='bbox 282 5390 451 5454; x_wconf 85' lang='lat' dir='ltr'><strong>sunt,</strong></span> <span class='ocrx_word' id='word_1_617' title='bbox 475 5394 534 5441; x_wconf 90' lang='lat' dir='ltr'><strong>ut</strong></span> <span class='ocrx_word' id='word_1_618' title='bbox 561 5402 627 5442; x_wconf 90' lang='lat' dir='ltr'><strong>ex</strong></span> <span class='ocrx_word' id='word_1_619' title='bbox 654 5388 717 5441; x_wconf 91' lang='lat' dir='ltr'><strong>iis</strong></span> <span class='ocrx_word' id='word_1_620' title='bbox 743 5402 863 5456; x_wconf 74' lang='lat' dir='ltr'><strong>qua:</strong></span> <span class='ocrx_word' id='word_1_621' title='bbox 889 5397 1191 5456; x_wconf 88' lang='lat' dir='ltr'><strong>sequuntur</strong></span> <span class='ocrx_word' id='word_1_622' title='bbox 1210 5388 1379 5457; x_wconf 91' lang='lat' dir='ltr'><strong>liquet</strong></span> <span class='ocrx_word' id='word_1_623' title='bbox 1409 5406 1426 5447; x_wconf 86' lang='lat'><strong>:</strong></span> 
     </span>
    </p>
   </div>
   <div class='ocr_carea' id='block_1_89' title="bbox 429 5478 1774 5538">
    <p class='ocr_par' dir='ltr' id='par_1_89' title="bbox 429 5478 1774 5538">
     <span class='ocr_line' id='line_1_91' title="bbox 429 5478 1774 5538; baseline 0.004 -10"><span class='ocrx_word' id='word_1_624' title='bbox 429 5478 590 5529; x_wconf 89' lang='lat' dir='ltr'><strong>Pollet</strong></span> <span class='ocrx_word' id='word_1_625' title='bbox 611 5478 703 5528; x_wconf 84' lang='lat' dir='ltr'><strong>hoc</strong></span> <span class='ocrx_word' id='word_1_626' title='bbox 722 5478 838 5527; x_wconf 82' lang='lat' dir='ltr'><strong>felix</strong></span> <span class='ocrx_word' id='word_1_627' title='bbox 862 5491 949 5538; x_wconf 89' lang='lat' dir='ltr'><strong>per</strong></span> <span class='ocrx_word' id='word_1_628' title='bbox 968 5481 1140 5530; x_wconf 84' lang='lat' dir='ltr'><strong>orbem</strong></span> <span class='ocrx_word' id='word_1_629' title='bbox 1158 5494 1315 5530; x_wconf 68' lang='lat' dir='ltr'><strong>nam</strong></span> <span class='ocrx_word' id='word_1_630' title='bbox 1339 5479 1481 5531; x_wconf 66' lang='lat' dir='ltr'><strong>locus</strong></span> <span class='ocrx_word' id='word_1_631' title='bbox 1499 5489 1774 5534; x_wconf 85' lang='lat' dir='ltr'><strong>stemmate.</strong></span> 
     </span>
    </p>
   </div>
   <div class='ocr_carea' id='block_1_90' title="bbox 430 5541 1640 5601">
    <p class='ocr_par' dir='ltr' id='par_1_90' title="bbox 430 5541 1640 5601">
     <span class='ocr_line' id='line_1_92' title="bbox 430 5541 1640 5601; baseline 0.002 -11"><span class='ocrx_word' id='word_1_632' title='bbox 430 5541 518 5590; x_wconf 80' lang='lat' dir='ltr'><strong>Hic</strong></span> <span class='ocrx_word' id='word_1_633' title='bbox 538 5554 681 5591; x_wconf 64' lang='grc' dir='ltr'><strong>ωριτε</strong></span> <span class='ocrx_word' id='word_1_634' title='bbox 701 5542 875 5601; x_wconf 80' lang='lat' dir='ltr'><strong>dignus</strong></span> <span class='ocrx_word' id='word_1_635' title='bbox 896 5541 1127 5592; x_wconf 83' lang='lat' dir='ltr'><strong>tenendis</strong></span> <span class='ocrx_word' id='word_1_636' title='bbox 1146 5543 1337 5593; x_wconf 86' lang='lat' dir='ltr'><strong>ossibus</strong></span> <span class='ocrx_word' id='word_1_637' title='bbox 1360 5544 1491 5591; x_wconf 78' lang='lat' dir='ltr'><strong>visus</strong></span> <span class='ocrx_word' id='word_1_638' title='bbox 1514 5543 1640 5593; x_wconf 91' lang='lat' dir='ltr'><strong>Deo.</strong></span> 
     </span>
    </p>
   </div>
   <div class='ocr_carea' id='block_1_91' title="bbox 301 5618 852 5693">
    <p class='ocr_par' dir='ltr' id='par_1_91' title="bbox 301 5618 852 5693">
     <span class='ocr_line' id='line_1_93' title="bbox 301 5618 852 5693; baseline 0 -18"><span class='ocrx_word' id='word_1_639' title='bbox 301 5618 374 5676; x_wconf 82' lang='lat' dir='ltr'><strong>Et</strong></span> <span class='ocrx_word' id='word_1_640' title='bbox 400 5622 562 5693; x_wconf 80' lang='lat' dir='ltr'><strong>paulo</strong></span> <span class='ocrx_word' id='word_1_641' title='bbox 591 5620 810 5677; x_wconf 87' lang='lat' dir='ltr'><strong>inferius</strong></span> <span class='ocrx_word' id='word_1_642' title='bbox 839 5637 852 5675; x_wconf 90' lang='lat'><strong>:</strong></span> 
     </span>
    </p>
   </div>
   <div class='ocr_carea' id='block_1_92' title="bbox 433 5713 1791 5783">
    <p class='ocr_par' dir='ltr' id='par_1_92' title="bbox 433 5713 1791 5783">
     <span class='ocr_line' id='line_1_94' title="bbox 433 5713 1791 5783; baseline 0.004 -22"><span class='ocrx_word' id='word_1_643' title='bbox 433 5713 694 5783; x_wconf 56' lang='lat' dir='ltr'><strong>yartyrum</strong></span> <span class='ocrx_word' id='word_1_644' title='bbox 716 5726 825 5761; x_wconf 81' lang='lat' dir='ltr'><strong>cum</strong></span> <span class='ocrx_word' id='word_1_645' title='bbox 849 5713 1063 5765; x_wconf 82' lang='lat' dir='ltr'><strong>membra</strong></span> <span class='ocrx_word' id='word_1_646' title='bbox 1087 5726 1269 5764; x_wconf 69' lang='grc' dir='ltr'><strong>ποετκο</strong></span> <span class='ocrx_word' id='word_1_647' title='bbox 1290 5718 1589 5783; x_wconf 76' lang='lat' dir='ltr'><strong>consecravit</strong></span> <span class='ocrx_word' id='word_1_648' title='bbox 1610 5731 1791 5783; x_wconf 73' lang='grc' dir='ltr'><strong>ορρωο,</strong></span> 
     </span>
    </p>
   </div>
   <div class='ocr_carea' id='block_1_93' title="bbox 431 5774 1701 5836">
    <p class='ocr_par' dir='ltr' id='par_1_93' title="bbox 431 5774 1701 5836">
     <span class='ocr_line' id='line_1_95' title="bbox 431 5774 1701 5836; baseline 0.01 -19"><span class='ocrx_word' id='word_1_649' title='bbox 431 5774 672 5834; x_wconf 73' lang='lat' dir='ltr'><strong>sospitant</strong></span> <span class='ocrx_word' id='word_1_650' title='bbox 691 5788 801 5836; x_wconf 68' lang='lat' dir='ltr'><strong>quae</strong></span> <span class='ocrx_word' id='word_1_651' title='bbox 826 5789 950 5823; x_wconf 90' lang='lat' dir='ltr'><strong>nunc</strong></span> <span class='ocrx_word' id='word_1_652' title='bbox 973 5789 1177 5826; x_wconf 72' lang='lat' dir='ltr'><strong>COLONOS</strong></span> <span class='ocrx_word' id='word_1_653' title='bbox 1199 5790 1317 5832; x_wconf 79' lang='lat' dir='ltr'><strong>eoos</strong></span> <span class='ocrx_word' id='word_1_654' title='bbox 1335 5776 1502 5828; x_wconf 70' lang='lat' dir='ltr'><strong>laeuus</strong></span> <span class='ocrx_word' id='word_1_655' title='bbox 1522 5794 1701 5829; x_wconf 77' lang='grc' dir='ltr'><strong>Αιιυιτ.</strong></span> 
     </span>
    </p>
   </div>
   <div class='ocr_carea' id='block_1_94' title="bbox 304 5854 1889 5923">
    <p class='ocr_par' dir='ltr' id='par_1_94' title="bbox 304 5854 1889 5923">
     <span class='ocr_line' id='line_1_96' title="bbox 304 5854 1889 5923; baseline 0.005 -13"><span class='ocrx_word' id='word_1_656' title='bbox 304 5854 550 5910; x_wconf 66' lang='lat' dir='ltr'><strong>Meminit</strong></span> <span class='ocrx_word' id='word_1_657' title='bbox 585 5869 801 5923; x_wconf 88' lang='lat' dir='ltr'><strong>quoque</strong></span> <span class='ocrx_word' id='word_1_658' title='bbox 825 5854 1110 5911; x_wconf 71' lang='lat' dir='ltr'><strong>Hnsnsnm</strong></span> <span class='ocrx_word' id='word_1_659' title='bbox 1142 5855 1482 5922; x_wconf 89' lang='lat' dir='ltr'><strong>Prudentius,</strong></span> <span class='ocrx_word' id='word_1_660' title='bbox 1509 5859 1561 5914; x_wconf 91' lang='lat' dir='ltr'><strong>in</strong></span> <span class='ocrx_word' id='word_1_661' title='bbox 1591 5861 1791 5923; x_wconf 71' lang='lat' dir='ltr'><strong>hymno</strong></span> <span class='ocrx_word' id='word_1_662' title='bbox 1821 5863 1889 5918; x_wconf 88' lang='lat' dir='ltr'><strong>de</strong></span> 
     </span>
    </p>
   </div>
   <div class='ocr_carea' id='block_1_95' title="bbox 305 5922 1881 6002">
    <p class='ocr_par' dir='ltr' id='par_1_95' title="bbox 305 5922 1881 6002">
     <span class='ocr_line' id='line_1_97' title="bbox 305 5922 1881 6002; baseline 0.005 -22"><span class='ocrx_word' id='word_1_663' title='bbox 305 5934 494 5980; x_wconf 82' lang='lat' dir='ltr'><strong>sancto</strong></span> <span class='ocrx_word' id='word_1_664' title='bbox 512 5922 800 5996; x_wconf 81' lang='lat' dir='ltr'><strong>Cypriano,</strong></span> <span class='ocrx_word' id='word_1_665' title='bbox 834 5928 925 5980; x_wconf 88' lang='lat' dir='ltr'><strong>sed</strong></span> <span class='ocrx_word' id='word_1_666' title='bbox 980 5942 1043 5981; x_wconf 89' lang='lat' dir='ltr'><strong>ca</strong></span> <span class='ocrx_word' id='word_1_667' title='bbox 1074 5942 1208 5984; x_wconf 81' lang='lat' dir='ltr'><strong>voce</strong></span> <span class='ocrx_word' id='word_1_668' title='bbox 1259 5926 1478 5983; x_wconf 68' lang='lat' dir='ltr'><strong>ITALIAI</strong></span> <span class='ocrx_word' id='word_1_669' title='bbox 1517 5922 1782 6002; x_wconf 71' lang='lat' dir='ltr'><strong>designari</strong></span> <span class='ocrx_word' id='word_1_670' title='bbox 1814 5950 1881 5988; x_wconf 87' lang='lat' dir='ltr'><strong>ex</strong></span> 
     </span>
    </p>
   </div>
   <div class='ocr_carea' id='block_1_96' title="bbox 1985 3334 3577 3404">
    <p class='ocr_par' dir='ltr' id='par_1_96' title="bbox 1985 3334 3577 3404">
     <span class='ocr_line' id='line_1_98' title="bbox 1985 3334 3577 3404; baseline 0 -15"><span class='ocrx_word' id='word_1_671' title='bbox 1985 3334 2218 3389; x_wconf 90' lang='lat' dir='ltr'><strong>decursu</strong></span> <span class='ocrx_word' id='word_1_672' title='bbox 2275 3350 2427 3389; x_wconf 71' lang='lat' dir='ltr'><strong>nova:</strong></span> <span class='ocrx_word' id='word_1_673' title='bbox 2490 3349 2610 3389; x_wconf 86' lang='lat' dir='ltr'><strong>sese</strong></span> <span class='ocrx_word' id='word_1_674' title='bbox 2668 3334 2938 3404; x_wconf 88' lang='lat' dir='ltr'><strong>opinionis</strong></span> <span class='ocrx_word' id='word_1_675' title='bbox 2994 3345 3316 3389; x_wconf 86' lang='lat' dir='ltr'><strong>assertorem</strong></span> <span class='ocrx_word' id='word_1_676' title='bbox 3365 3335 3577 3403; x_wconf 88' lang='lat' dir='ltr'><strong>prodat,</strong></span> 
     </span>
    </p>
   </div>
   <div class='ocr_carea' id='block_1_97' title="bbox 1988 3426 3583 3497">
    <p class='ocr_par' dir='ltr' id='par_1_97' title="bbox 1988 3426 3583 3497">
     <span class='ocr_line' id='line_1_99' title="bbox 1988 3426 3583 3497; baseline 0 -15"><span class='ocrx_word' id='word_1_677' title='bbox 1988 3443 2097 3483; x_wconf 91' lang='lat' dir='ltr'><strong>non</strong></span> <span class='ocrx_word' id='word_1_678' title='bbox 2119 3435 2229 3481; x_wconf 88' lang='lat' dir='ltr'><strong>tam</strong></span> <span class='ocrx_word' id='word_1_679' title='bbox 2250 3436 2409 3497; x_wconf 91' lang='lat' dir='ltr'><strong>turpe</strong></span> <span class='ocrx_word' id='word_1_680' title='bbox 2435 3427 2590 3482; x_wconf 86' lang='lat' dir='ltr'><strong>nobis</strong></span> <span class='ocrx_word' id='word_1_681' title='bbox 2610 3426 2694 3481; x_wconf 73' lang='lat' dir='ltr'><strong>vrl</strong></span> <span class='ocrx_word' id='word_1_682' title='bbox 2720 3428 2862 3481; x_wconf 88' lang='lat' dir='ltr'><strong>vinci</strong></span> <span class='ocrx_word' id='word_1_683' title='bbox 2886 3443 2917 3481; x_wconf 90' lang='lat' dir='ltr'><strong>a</strong></span> <span class='ocrx_word' id='word_1_684' title='bbox 2949 3436 3098 3482; x_wconf 91' lang='lat' dir='ltr'><strong>tanto</strong></span> <span class='ocrx_word' id='word_1_685' title='bbox 3121 3428 3238 3481; x_wconf 88' lang='lat' dir='ltr'><strong>viro</strong></span> <span class='ocrx_word' id='word_1_686' title='bbox 3265 3442 3427 3497; x_wconf 91' lang='lat' dir='ltr'><strong>quam</strong></span> <span class='ocrx_word' id='word_1_687' title='bbox 3457 3442 3583 3482; x_wconf 89' lang='lat' dir='ltr'><strong>cum</strong></span> 
     </span>
    </p>
   </div>
   <div class='ocr_carea' id='block_1_98' title="bbox 1987 3517 3255 3590">
    <p class='ocr_par' dir='ltr' id='par_1_98' title="bbox 1987 3517 3255 3590">
     <span class='ocr_line' id='line_1_100' title="bbox 1987 3517 3255 3590; baseline 0 -16"><span class='ocrx_word' id='word_1_688' title='bbox 1987 3534 2056 3574; x_wconf 91' lang='lat' dir='ltr'><strong>eo</strong></span> <span class='ocrx_word' id='word_1_689' title='bbox 2086 3533 2186 3589; x_wconf 89' lang='lat' dir='ltr'><strong>pro</strong></span> <span class='ocrx_word' id='word_1_690' title='bbox 2210 3518 2383 3590; x_wconf 88' lang='lat' dir='ltr'><strong>patria</strong></span> <span class='ocrx_word' id='word_1_691' title='bbox 2406 3518 2751 3573; x_wconf 90' lang='lat' dir='ltr'><strong>contendisse</strong></span> <span class='ocrx_word' id='word_1_692' title='bbox 2778 3517 3033 3573; x_wconf 90' lang='lat' dir='ltr'><strong>decorum</strong></span> <span class='ocrx_word' id='word_1_693' title='bbox 3074 3518 3255 3574; x_wconf 88' lang='lat' dir='ltr'><strong>fuerit.</strong></span> 
     </span>
    </p>
   </div>
   <div class='ocr_carea' id='block_1_99' title="bbox 2058 3611 3580 3683">
    <p class='ocr_par' dir='ltr' id='par_1_99' title="bbox 2058 3611 3580 3683">
     <span class='ocr_line' id='line_1_101' title="bbox 2058 3611 3580 3683; baseline 0 -17"><span class='ocrx_word' id='word_1_694' title='bbox 2058 3612 2236 3682; x_wconf 81' lang='lat' dir='ltr'><strong>Atque</strong></span> <span class='ocrx_word' id='word_1_695' title='bbox 2290 3612 2439 3668; x_wconf 89' lang='lat' dir='ltr'><strong>hunc</strong></span> <span class='ocrx_word' id='word_1_696' title='bbox 2484 3613 2699 3683; x_wconf 91' lang='lat' dir='ltr'><strong>quidem</strong></span> <span class='ocrx_word' id='word_1_697' title='bbox 2743 3614 3127 3668; x_wconf 71' lang='lat' dir='ltr'><strong>controversia:</strong></span> <span class='ocrx_word' id='word_1_698' title='bbox 3174 3613 3243 3666; x_wconf 89' lang='lat' dir='ltr'><strong>de</strong></span> <span class='ocrx_word' id='word_1_699' title='bbox 3300 3611 3580 3667; x_wconf 90' lang='lat' dir='ltr'><strong>Laurentii</strong></span> 
     </span>
    </p>
   </div>
   <div class='ocr_carea' id='block_1_100' title="bbox 1986 3701 3577 3773">
    <p class='ocr_par' dir='ltr' id='par_1_100' title="bbox 1986 3701 3577 3773">
     <span class='ocr_line' id='line_1_102' title="bbox 1986 3701 3577 3773; baseline -0.001 -17"><span class='ocrx_word' id='word_1_700' title='bbox 1986 3703 2160 3773; x_wconf 89' lang='lat' dir='ltr'><strong>patria</strong></span> <span class='ocrx_word' id='word_1_701' title='bbox 2182 3711 2378 3758; x_wconf 90' lang='lat' dir='ltr'><strong>statum</strong></span> <span class='ocrx_word' id='word_1_702' title='bbox 2407 3717 2736 3772; x_wconf 90' lang='lat' dir='ltr'><strong>esse,eoque</strong></span> <span class='ocrx_word' id='word_1_703' title='bbox 2758 3703 2881 3757; x_wconf 92' lang='lat' dir='ltr'><strong>loco</strong></span> <span class='ocrx_word' id='word_1_704' title='bbox 2923 3716 2988 3758; x_wconf 90' lang='lat' dir='ltr'><strong>ac</strong></span> <span class='ocrx_word' id='word_1_705' title='bbox 3016 3701 3325 3756; x_wconf 89' lang='lat' dir='ltr'><strong>discrimine</strong></span> <span class='ocrx_word' id='word_1_706' title='bbox 3354 3709 3577 3756; x_wconf 91' lang='lat' dir='ltr'><strong>senten-</strong></span> 
     </span>
    </p>
   </div>
   <div class='ocr_carea' id='block_1_101' title="bbox 1989 3790 3580 3862">
    <p class='ocr_par' dir='ltr' id='par_1_101' title="bbox 1989 3790 3580 3862">
     <span class='ocr_line' id='line_1_103' title="bbox 1989 3790 3580 3862; baseline -0.002 -16"><span class='ocrx_word' id='word_1_707' title='bbox 1989 3792 2117 3846; x_wconf 89' lang='lat' dir='ltr'><strong>tiam</strong></span> <span class='ocrx_word' id='word_1_708' title='bbox 2143 3808 2263 3862; x_wconf 73' lang='lat' dir='ltr'><strong>qua:</strong></span> <span class='ocrx_word' id='word_1_709' title='bbox 2287 3791 2537 3862; x_wconf 86' lang='lat' dir='ltr'><strong>Hispanis</strong></span> <span class='ocrx_word' id='word_1_710' title='bbox 2582 3791 2725 3846; x_wconf 85' lang='lat' dir='ltr'><strong>favet</strong></span> <span class='ocrx_word' id='word_1_711' title='bbox 2751 3792 2954 3846; x_wconf 87' lang='lat' dir='ltr'><strong>versari</strong></span> <span class='ocrx_word' id='word_1_712' title='bbox 2984 3791 3345 3859; x_wconf 84' lang='lat' dir='ltr'><strong>comperimus</strong></span> <span class='ocrx_word' id='word_1_713' title='bbox 3372 3790 3441 3843; x_wconf 88' lang='lat' dir='ltr'><strong>ad</strong></span> <span class='ocrx_word' id='word_1_714' title='bbox 3478 3806 3580 3844; x_wconf 89' lang='lat' dir='ltr'><strong>an-</strong></span> 
     </span>
    </p>
   </div>
   <div class='ocr_carea' id='block_1_102' title="bbox 1989 3880 3581 3951">
    <p class='ocr_par' dir='ltr' id='par_1_102' title="bbox 1989 3880 3581 3951">
     <span class='ocr_line' id='line_1_104' title="bbox 1989 3880 3581 3951; baseline -0.001 -14"><span class='ocrx_word' id='word_1_715' title='bbox 1989 3898 2116 3937; x_wconf 89' lang='lat' dir='ltr'><strong>num</strong></span> <span class='ocrx_word' id='word_1_716' title='bbox 2162 3881 2342 3946; x_wconf 73' lang='lat'><strong>1755,</strong></span> <span class='ocrx_word' id='word_1_717' title='bbox 2374 3897 2484 3951; x_wconf 92' lang='lat' dir='ltr'><strong>quo</strong></span> <span class='ocrx_word' id='word_1_718' title='bbox 2534 3882 2649 3937; x_wconf 62' lang='lat' dir='ltr'><strong>hate</strong></span> <span class='ocrx_word' id='word_1_719' title='bbox 2696 3881 3003 3936; x_wconf 72' lang='lat' dir='ltr'><strong>scribimus.</strong></span> <span class='ocrx_word' id='word_1_720' title='bbox 3043 3880 3124 3934; x_wconf 90' lang='lat' dir='ltr'><strong>An</strong></span> <span class='ocrx_word' id='word_1_721' title='bbox 3166 3889 3344 3935; x_wconf 90' lang='lat' dir='ltr'><strong>autem</strong></span> <span class='ocrx_word' id='word_1_722' title='bbox 3386 3883 3581 3951; x_wconf 87' lang='lat' dir='ltr'><strong>nuperi</strong></span> 
     </span>
    </p>
   </div>
   <div class='ocr_carea' id='block_1_103' title="bbox 1988 3959 3583 4041">
    <p class='ocr_par' dir='ltr' id='par_1_103' title="bbox 1988 3959 3583 4041">
     <span class='ocr_line' id='line_1_105' title="bbox 1988 3959 3583 4041; baseline -0.001 -14"><span class='ocrx_word' id='word_1_723' title='bbox 1988 3972 2284 4041; x_wconf 90' lang='lat' dir='ltr'><strong>scriptores</strong></span> <span class='ocrx_word' id='word_1_724' title='bbox 2312 3972 2425 4036; x_wconf 90' lang='lat' dir='ltr'><strong>alii,</strong></span> <span class='ocrx_word' id='word_1_725' title='bbox 2465 3986 2620 4027; x_wconf 68' lang='lat' dir='ltr'><strong>nova:</strong></span> <span class='ocrx_word' id='word_1_726' title='bbox 2668 3959 2914 4040; x_wconf 84' lang='lat' dir='ltr'><strong>opinioni</strong></span> <span class='ocrx_word' id='word_1_727' title='bbox 2940 3970 3289 4026; x_wconf 89' lang='lat' dir='ltr'><strong>Laurentium</strong></span> <span class='ocrx_word' id='word_1_728' title='bbox 3322 3971 3583 4027; x_wconf 85' lang='lat' dir='ltr'><strong>Romanis</strong></span> 
     </span>
    </p>
   </div>
   <div class='ocr_carea' id='block_1_104' title="bbox 1988 4060 3580 4130">
    <p class='ocr_par' dir='ltr' id='par_1_104' title="bbox 1988 4060 3580 4130">
     <span class='ocr_line' id='line_1_106' title="bbox 1988 4060 3580 4130; baseline 0.001 -14"><span class='ocrx_word' id='word_1_729' title='bbox 1988 4060 2314 4130; x_wconf 88' lang='lat' dir='ltr'><strong>adjudicanti</strong></span> <span class='ocrx_word' id='word_1_730' title='bbox 2365 4062 2731 4127; x_wconf 82' lang='lat' dir='ltr'><strong>subscribam,</strong></span> <span class='ocrx_word' id='word_1_731' title='bbox 2765 4062 3028 4117; x_wconf 88' lang='lat' dir='ltr'><strong>incertum</strong></span> <span class='ocrx_word' id='word_1_732' title='bbox 3080 4062 3360 4118; x_wconf 87' lang='lat' dir='ltr'><strong>habemus.</strong></span> <span class='ocrx_word' id='word_1_733' title='bbox 3410 4062 3580 4118; x_wconf 87' lang='lat' dir='ltr'><strong>Nobis</strong></span> 
     </span>
    </p>
   </div>
   <div class='ocr_carea' id='block_1_105' title="bbox 1988 4192 3583 4266">
    <p class='ocr_par' dir='ltr' id='par_1_105' title="bbox 1988 4192 3583 4266">
     <span class='ocr_line' id='line_1_107' title="bbox 1988 4192 3583 4266; baseline 0.001 -16"><span class='ocrx_word' id='word_1_734' title='bbox 1988 4211 2095 4250; x_wconf 90' lang='lat' dir='ltr'><strong>non</strong></span> <span class='ocrx_word' id='word_1_735' title='bbox 2151 4192 2362 4264; x_wconf 88' lang='lat' dir='ltr'><strong>adjecto</strong></span> <span class='ocrx_word' id='word_1_736' title='bbox 2409 4210 2644 4258; x_wconf 62' lang='grc' dir='ltr'><strong>υιτηίίε,</strong></span> <span class='ocrx_word' id='word_1_737' title='bbox 2678 4194 2789 4249; x_wconf 88' lang='lat' dir='ltr'><strong>sive</strong></span> <span class='ocrx_word' id='word_1_738' title='bbox 2819 4211 3087 4266; x_wconf 51' lang='lat' dir='ltr'><strong>carnem:</strong></span> <span class='ocrx_word' id='word_1_739' title='bbox 3118 4196 3357 4266; x_wconf 88' lang='lat' dir='ltr'><strong>epitheto</strong></span> <span class='ocrx_word' id='word_1_740' title='bbox 3383 4237 3399 4264; x_wconf 96' lang='lat'><strong>,</strong></span> <span class='ocrx_word' id='word_1_741' title='bbox 3427 4204 3483 4251; x_wconf 90' lang='lat' dir='ltr'><strong>et</strong></span> <span class='ocrx_word' id='word_1_742' title='bbox 3512 4211 3583 4254; x_wconf 88' lang='lat' dir='ltr'><strong>ex</strong></span> 
     </span>
    </p>
   </div>
   <div class='ocr_carea' id='block_1_106' title="bbox 1988 4264 3108 4335">
    <p class='ocr_par' dir='ltr' id='par_1_106' title="bbox 1988 4264 3108 4335">
     <span class='ocr_line' id='line_1_108' title="bbox 1988 4264 3108 4335; baseline -0.002 -14"><span class='ocrx_word' id='word_1_743' title='bbox 1988 4265 2255 4321; x_wconf 90' lang='lat' dir='ltr'><strong>orationis</strong></span> <span class='ocrx_word' id='word_1_744' title='bbox 2295 4266 2565 4320; x_wconf 88' lang='lat' dir='ltr'><strong>sententia</strong></span> <span class='ocrx_word' id='word_1_745' title='bbox 2595 4266 2783 4335; x_wconf 89' lang='lat' dir='ltr'><strong>liquet.</strong></span> <span class='ocrx_word' id='word_1_746' title='bbox 2810 4264 2898 4319; x_wconf 90' lang='lat' dir='ltr'><strong>Ait</strong></span> <span class='ocrx_word' id='word_1_747' title='bbox 2926 4268 3069 4321; x_wconf 91' lang='lat' dir='ltr'><strong>enim</strong></span> <span class='ocrx_word' id='word_1_748' title='bbox 3098 4285 3108 4319; x_wconf 92' lang='lat'>:</span> 
     </span>
    </p>
   </div>
   <div class='ocr_carea' id='block_1_107' title="bbox 2114 4356 3421 4419">
    <p class='ocr_par' dir='ltr' id='par_1_107' title="bbox 2114 4356 3421 4419">
     <span class='ocr_line' id='line_1_109' title="bbox 2114 4356 3421 4419; baseline -0.002 -12"><span class='ocrx_word' id='word_1_749' title='bbox 2273 4357 2434 4407; x_wconf 85' lang='lat' dir='ltr'><strong>Gallos</strong></span> <span class='ocrx_word' id='word_1_750' title='bbox 2456 4356 2589 4407; x_wconf 85' lang='lat' dir='ltr'><strong>fovet</strong></span> <span class='ocrx_word' id='word_1_751' title='bbox 2608 4358 2933 4419; x_wconf 75' lang='lat' dir='ltr'><strong>(Cyprianus),</strong></span> <span class='ocrx_word' id='word_1_752' title='bbox 2963 4360 3133 4407; x_wconf 77' lang='lat' dir='ltr'><strong>imbuit</strong></span> <span class='ocrx_word' id='word_1_753' title='bbox 3152 4358 3421 4407; x_wconf 81' lang='lat' dir='ltr'><strong>Britannos.</strong></span> 
     </span>
    </p>
   </div>
   <div class='ocr_carea' id='block_1_108' title="bbox 2114 4420 3469 4479">
    <p class='ocr_par' dir='ltr' id='par_1_108' title="bbox 2114 4420 3469 4479">
     <span class='ocr_line' id='line_1_110' title="bbox 2114 4420 3469 4479; baseline -0.002 -9"><span class='ocrx_word' id='word_1_754' title='bbox 2114 4420 2354 4470; x_wconf 64' lang='lat' dir='ltr'><strong>Presidet</strong></span> <span class='ocrx_word' id='word_1_755' title='bbox 2378 4420 2646 4479; x_wconf 72' lang='lat' dir='ltr'><strong>Hesrenue,</strong></span> <span class='ocrx_word' id='word_1_756' title='bbox 2674 4420 2915 4471; x_wconf 85' lang='lat' dir='ltr'><strong>Christum</strong></span> <span class='ocrx_word' id='word_1_757' title='bbox 2939 4422 3061 4469; x_wconf 77' lang='lat' dir='ltr'><strong>serit</strong></span> <span class='ocrx_word' id='word_1_758' title='bbox 3081 4434 3270 4471; x_wconf 66' lang='grc' dir='ltr'><strong>αιτιειιε</strong></span> <span class='ocrx_word' id='word_1_759' title='bbox 3296 4420 3469 4469; x_wconf 73' lang='lat' dir='ltr'><strong>laenis.</strong></span> 
     </span>
    </p>
   </div>
   <div class='ocr_carea' id='block_1_109' title="bbox 1988 4498 3579 4568">
    <p class='ocr_par' dir='ltr' id='par_1_109' title="bbox 1988 4498 3579 4568">
     <span class='ocr_line' id='line_1_111' title="bbox 1988 4498 3579 4568; baseline 0.001 -15"><span class='ocrx_word' id='word_1_760' title='bbox 1988 4498 2046 4553; x_wconf 90' lang='lat' dir='ltr'><strong>Si</strong></span> <span class='ocrx_word' id='word_1_761' title='bbox 2076 4509 2256 4555; x_wconf 89' lang='lat' dir='ltr'><strong>autem</strong></span> <span class='ocrx_word' id='word_1_762' title='bbox 2286 4501 2576 4568; x_wconf 75' lang='lat' dir='ltr'><strong>postremis</strong></span> <span class='ocrx_word' id='word_1_763' title='bbox 2610 4501 2694 4554; x_wconf 90' lang='lat' dir='ltr'><strong>his</strong></span> <span class='ocrx_word' id='word_1_764' title='bbox 2722 4500 2900 4554; x_wconf 89' lang='lat' dir='ltr'><strong>verbis</strong></span> <span class='ocrx_word' id='word_1_765' title='bbox 2931 4499 3196 4554; x_wconf 68' lang='lat' dir='ltr'><strong>HISPANIA:</strong></span> <span class='ocrx_word' id='word_1_766' title='bbox 3229 4500 3414 4554; x_wconf 89' lang='lat' dir='ltr'><strong>laudes</strong></span> <span class='ocrx_word' id='word_1_767' title='bbox 3443 4514 3579 4554; x_wconf 87' lang='lat' dir='ltr'><strong>con-</strong></span> 
     </span>
    </p>
   </div>
   <div class='ocr_carea' id='block_1_110' title="bbox 1991 4568 3580 4637">
    <p class='ocr_par' dir='ltr' id='par_1_110' title="bbox 1991 4568 3580 4637">
     <span class='ocr_line' id='line_1_112' title="bbox 1991 4568 3580 4637; baseline 0.001 -15"><span class='ocrx_word' id='word_1_768' title='bbox 1991 4571 2147 4625; x_wconf 90' lang='lat' dir='ltr'><strong>tineri</strong></span> <span class='ocrx_word' id='word_1_769' title='bbox 2196 4569 2463 4624; x_wconf 87' lang='lat' dir='ltr'><strong>Victorius</strong></span> <span class='ocrx_word' id='word_1_770' title='bbox 2490 4570 2637 4635; x_wconf 87' lang='lat' dir='ltr'><strong>velit,</strong></span> <span class='ocrx_word' id='word_1_771' title='bbox 2689 4570 2880 4625; x_wconf 76' lang='lat' dir='ltr'><strong>eadem</strong></span> <span class='ocrx_word' id='word_1_772' title='bbox 2932 4586 3097 4637; x_wconf 82' lang='lat' dir='ltr'><strong>Opera</strong></span> <span class='ocrx_word' id='word_1_773' title='bbox 3146 4568 3493 4624; x_wconf 88' lang='lat' dir='ltr'><strong>Prudentium</strong></span> <span class='ocrx_word' id='word_1_774' title='bbox 3526 4571 3580 4623; x_wconf 89' lang='lat' dir='ltr'><strong>in</strong></span> 
     </span>
    </p>
   </div>
   <div class='ocr_carea' id='block_1_111' title="bbox 1906 4631 3575 4710">
    <p class='ocr_par' dir='ltr' id='par_1_111' title="bbox 1906 4631 3575 4710">
     <span class='ocr_line' id='line_1_113' title="bbox 1906 4631 3575 4710; baseline 0.001 -19"><span class='ocrx_word' id='word_1_775' title='bbox 1906 4631 1957 4691; x_wconf 88' lang='lat' dir='ltr'><strong>D</strong></span> <span class='ocrx_word' id='word_1_776' title='bbox 1984 4640 2197 4710; x_wconf 78' lang='lat' dir='ltr'><strong>hymnis</strong></span> <span class='ocrx_word' id='word_1_777' title='bbox 2223 4638 2423 4694; x_wconf 86' lang='lat' dir='ltr'><strong>Gallias</strong></span> <span class='ocrx_word' id='word_1_778' title='bbox 2438 4631 2656 4709; x_wconf 83' lang='lat' dir='ltr'><strong>quoque</strong></span> <span class='ocrx_word' id='word_1_779' title='bbox 2685 4631 3079 4694; x_wconf 84' lang='lat' dir='ltr'><strong>ctBritanniam</strong></span> <span class='ocrx_word' id='word_1_780' title='bbox 3099 4640 3346 4695; x_wconf 85' lang='lat' dir='ltr'><strong>laudasse</strong></span> <span class='ocrx_word' id='word_1_781' title='bbox 3360 4640 3575 4693; x_wconf 79' lang='lat' dir='ltr'><strong>dixerit.</strong></span> 
     </span>
    </p>
   </div>
   <div class='ocr_carea' id='block_1_112' title="bbox 1986 4709 3578 4779">
    <p class='ocr_par' dir='ltr' id='par_1_112' title="bbox 1986 4709 3578 4779">
     <span class='ocr_line' id='line_1_114' title="bbox 1986 4709 3578 4779; baseline 0 -18"><span class='ocrx_word' id='word_1_782' title='bbox 1986 4709 2226 4779; x_wconf 73' lang='lat' dir='ltr'><strong>Denique</strong></span> <span class='ocrx_word' id='word_1_783' title='bbox 2251 4712 2302 4763; x_wconf 91' lang='lat' dir='ltr'><strong>in</strong></span> <span class='ocrx_word' id='word_1_784' title='bbox 2333 4713 2532 4779; x_wconf 83' lang='lat' dir='ltr'><strong>hymno</strong></span> <span class='ocrx_word' id='word_1_785' title='bbox 2555 4711 2624 4764; x_wconf 89' lang='lat' dir='ltr'><strong>de</strong></span> <span class='ocrx_word' id='word_1_786' title='bbox 2648 4711 2851 4779; x_wconf 85' lang='lat' dir='ltr'><strong>sanctis</strong></span> <span class='ocrx_word' id='word_1_787' title='bbox 2898 4710 3212 4771; x_wconf 85' lang='lat' dir='ltr'><strong>Fructuose,</strong></span> <span class='ocrx_word' id='word_1_788' title='bbox 3246 4710 3483 4778; x_wconf 85' lang='lat' dir='ltr'><strong>Augurio</strong></span> <span class='ocrx_word' id='word_1_789' title='bbox 3520 4719 3578 4764; x_wconf 91' lang='lat' dir='ltr'><strong>et</strong></span> 
     </span>
    </p>
   </div>
   <div class='ocr_carea' id='block_1_113' title="bbox 1987 4778 3575 4849">
    <p class='ocr_par' dir='ltr' id='par_1_113' title="bbox 1987 4778 3575 4849">
     <span class='ocr_line' id='line_1_115' title="bbox 1987 4778 3575 4849; baseline -0.001 -16"><span class='ocrx_word' id='word_1_790' title='bbox 1987 4778 2235 4849; x_wconf 82' lang='lat' dir='ltr'><strong>Eulogio,</strong></span> <span class='ocrx_word' id='word_1_791' title='bbox 2266 4778 2612 4835; x_wconf 64' lang='lat' dir='ltr'><strong>Hisrxnnnvu</strong></span> <span class='ocrx_word' id='word_1_792' title='bbox 2642 4778 2963 4835; x_wconf 86' lang='lat' dir='ltr'><strong>Prudentius</strong></span> <span class='ocrx_word' id='word_1_793' title='bbox 2985 4781 3229 4835; x_wconf 90' lang='lat' dir='ltr'><strong>meminit</strong></span> <span class='ocrx_word' id='word_1_794' title='bbox 3256 4781 3338 4835; x_wconf 80' lang='lat' dir='ltr'><strong>his</strong></span> <span class='ocrx_word' id='word_1_795' title='bbox 3367 4780 3575 4835; x_wconf 84' lang='lat' dir='ltr'><strong>verbis:</strong></span> 
     </span>
    </p>
   </div>
   <div class='ocr_carea' id='block_1_114' title="bbox 2324 4872 3193 4933">
    <p class='ocr_par' dir='ltr' id='par_1_114' title="bbox 2324 4872 3193 4933">
     <span class='ocr_line' id='line_1_116' title="bbox 2324 4872 3193 4933; baseline -0.001 -12"><span class='ocrx_word' id='word_1_796' title='bbox 2324 4872 2559 4922; x_wconf 69' lang='lat' dir='ltr'><strong>HISPANOS</strong></span> <span class='ocrx_word' id='word_1_797' title='bbox 2582 4874 2719 4923; x_wconf 78' lang='lat' dir='ltr'><strong>lieus</strong></span> <span class='ocrx_word' id='word_1_798' title='bbox 2740 4873 2910 4933; x_wconf 87' lang='lat' dir='ltr'><strong>aspicit</strong></span> <span class='ocrx_word' id='word_1_799' title='bbox 2934 4874 3193 4933; x_wconf 83' lang='lat' dir='ltr'><strong>benignus.</strong></span> 
     </span>
    </p>
   </div>
   <div class='ocr_carea' id='block_1_115' title="bbox 1990 4953 3578 5023">
    <p class='ocr_par' dir='ltr' id='par_1_115' title="bbox 1990 4953 3578 5023">
     <span class='ocr_line' id='line_1_117' title="bbox 1990 4953 3578 5023; baseline -0.001 -15"><span class='ocrx_word' id='word_1_800' title='bbox 1990 4953 2139 5008; x_wconf 85' lang='lat' dir='ltr'><strong>Hanc</strong></span> <span class='ocrx_word' id='word_1_801' title='bbox 2172 4963 2349 5009; x_wconf 91' lang='lat' dir='ltr'><strong>tamen</strong></span> <span class='ocrx_word' id='word_1_802' title='bbox 2388 4954 2596 5008; x_wconf 89' lang='lat' dir='ltr'><strong>laudem</strong></span> <span class='ocrx_word' id='word_1_803' title='bbox 2628 4954 3017 5023; x_wconf 74' lang='lat' dir='ltr'><strong>generaliorem</strong></span> <span class='ocrx_word' id='word_1_804' title='bbox 3047 4963 3197 5023; x_wconf 86' lang='lat' dir='ltr'><strong>puto,</strong></span> <span class='ocrx_word' id='word_1_805' title='bbox 3228 4968 3391 5022; x_wconf 85' lang='lat' dir='ltr'><strong>quam</strong></span> <span class='ocrx_word' id='word_1_806' title='bbox 3423 4961 3484 5007; x_wconf 90' lang='lat' dir='ltr'><strong>ut</strong></span> <span class='ocrx_word' id='word_1_807' title='bbox 3509 4954 3578 5008; x_wconf 89' lang='lat' dir='ltr'><strong>de</strong></span> 
     </span>
    </p>
   </div>
   <div class='ocr_carea' id='block_1_116' title="bbox 1990 5022 3581 5095">
    <p class='ocr_par' dir='ltr' id='par_1_116' title="bbox 1990 5022 3581 5095">
     <span class='ocr_line' id='line_1_118' title="bbox 1990 5022 3581 5095; baseline 0 -17"><span class='ocrx_word' id='word_1_808' title='bbox 1990 5042 2054 5078; x_wconf 86' lang='lat' dir='ltr'><strong>ea</strong></span> <span class='ocrx_word' id='word_1_809' title='bbox 2087 5022 2716 5095; x_wconf 31' lang='lat' dir='ltr'><strong>VictoriusAsenscrit.in</strong></span> <span class='ocrx_word' id='word_1_810' title='bbox 2767 5023 2989 5095; x_wconf 80' lang='lat' dir='ltr'><strong>llymnis</strong></span> <span class='ocrx_word' id='word_1_811' title='bbox 3035 5022 3254 5093; x_wconf 81' lang='lat' dir='ltr'><strong>reliquis</strong></span> <span class='ocrx_word' id='word_1_812' title='bbox 3299 5026 3470 5077; x_wconf 80' lang='lat' dir='ltr'><strong>altum</strong></span> <span class='ocrx_word' id='word_1_813' title='bbox 3510 5022 3581 5078; x_wconf 88' lang='lat' dir='ltr'><strong>de</strong></span> 
     </span>
    </p>
   </div>
   <div class='ocr_carea' id='block_1_117' title="bbox 1989 5092 2917 5149">
    <p class='ocr_par' dir='ltr' id='par_1_117' title="bbox 1989 5092 2917 5149">
     <span class='ocr_line' id='line_1_119' title="bbox 1989 5092 2917 5149; baseline -0.002 0"><span class='ocrx_word' id='word_1_814' title='bbox 1989 5095 2241 5149; x_wconf 70' lang='lat' dir='ltr'><strong>HISPANIA</strong></span> <span class='ocrx_word' id='word_1_815' title='bbox 2273 5103 2326 5148; x_wconf 90' lang='lat' dir='ltr'><strong>et</strong></span> <span class='ocrx_word' id='word_1_816' title='bbox 2361 5092 2603 5147; x_wconf 69' lang='lat' dir='ltr'><strong>Htsrxsts</strong></span> <span class='ocrx_word' id='word_1_817' title='bbox 2628 5092 2917 5147; x_wconf 82' lang='lat' dir='ltr'><strong>silentium.</strong></span> 
     </span>
    </p>
   </div>
   <div class='ocr_carea' id='block_1_118' title="bbox 2064 5162 3574 5235">
    <p class='ocr_par' dir='ltr' id='par_1_118' title="bbox 2064 5162 3574 5235">
     <span class='ocr_line' id='line_1_120' title="bbox 2064 5162 3574 5235; baseline 0.001 -16"><span class='ocrx_word' id='word_1_818' title='bbox 2064 5167 2129 5235; x_wconf 68' lang='grc' dir='ltr'><strong>(ί)</strong></span> <span class='ocrx_word' id='word_1_819' title='bbox 2158 5166 2241 5219; x_wconf 85' lang='lat' dir='ltr'><strong>Cl.</strong></span> <span class='ocrx_word' id='word_1_820' title='bbox 2274 5162 2560 5235; x_wconf 60' lang='lat' dir='ltr'><strong>uorsus</strong></span> <span class='ocrx_word' id='word_1_821' title='bbox 2604 5163 2736 5218; x_wconf 87' lang='lat' dir='ltr'><strong>llist.</strong></span> <span class='ocrx_word' id='word_1_822' title='bbox 2784 5164 2955 5228; x_wconf 65' lang='lat' dir='ltr'><strong>lict-1.,</strong></span> <span class='ocrx_word' id='word_1_823' title='bbox 3003 5171 3135 5235; x_wconf 76' lang='lat' dir='ltr'><strong>tam.</strong></span> <span class='ocrx_word' id='word_1_824' title='bbox 3185 5163 3269 5226; x_wconf 84' lang='lat' dir='ltr'><strong>tu,</strong></span> <span class='ocrx_word' id='word_1_825' title='bbox 3329 5165 3423 5218; x_wconf 76' lang='lat' dir='ltr'><strong>nn.</strong></span> <span class='ocrx_word' id='word_1_826' title='bbox 3463 5178 3574 5228; x_wconf 81' lang='lat' dir='ltr'><strong>vni.</strong></span> 
     </span>
    </p>
   </div>
   <div class='ocr_carea' id='block_1_119' title="bbox 1996 5232 3574 5306">
    <p class='ocr_par' dir='ltr' id='par_1_119' title="bbox 1996 5232 3574 5306">
     <span class='ocr_line' id='line_1_121' title="bbox 1996 5232 3574 5306; baseline 0.001 -18"><span class='ocrx_word' id='word_1_827' title='bbox 1996 5232 2167 5306; x_wconf 68' lang='lat' dir='ltr'><strong>§lll,</strong></span> <span class='ocrx_word' id='word_1_828' title='bbox 2201 5249 2320 5306; x_wconf 76' lang='lat' dir='ltr'><strong>pag.</strong></span> <span class='ocrx_word' id='word_1_829' title='bbox 2352 5234 2473 5299; x_wconf 68' lang='grc'><strong>440,</strong></span> <span class='ocrx_word' id='word_1_830' title='bbox 2518 5234 2774 5306; x_wconf 72' lang='lat' dir='ltr'><strong>Romanae</strong></span> <span class='ocrx_word' id='word_1_831' title='bbox 2809 5235 2937 5288; x_wconf 90' lang='lat' dir='ltr'><strong>edit.</strong></span> <span class='ocrx_word' id='word_1_832' title='bbox 2990 5232 3126 5286; x_wconf 77' lang='grc'><strong>1750</strong></span> <span class='ocrx_word' id='word_1_833' title='bbox 3151 5274 3166 5297; x_wconf 83' lang='grc'><em>,</em></span> <span class='ocrx_word' id='word_1_834' title='bbox 3220 5235 3392 5306; x_wconf 80' lang='lat' dir='ltr'><strong>forma</strong></span> <span class='ocrx_word' id='word_1_835' title='bbox 3422 5250 3574 5291; x_wconf 88' lang='lat' dir='ltr'><strong>octa-</strong></span> 
     </span>
    </p>
   </div>
   <div class='ocr_carea' id='block_1_120' title="bbox 1992 5304 3576 5375">
    <p class='ocr_par' dir='ltr' id='par_1_120' title="bbox 1992 5304 3576 5375">
     <span class='ocr_line' id='line_1_122' title="bbox 1992 5304 3576 5375; baseline 0.002 -17"><span class='ocrx_word' id='word_1_836' title='bbox 1992 5304 2057 5358; x_wconf 80' lang='lat' dir='ltr'><strong>va</strong></span> <span class='ocrx_word' id='word_1_837' title='bbox 2092 5325 2102 5359; x_wconf 93' lang='lat'><strong>:</strong></span> <span class='ocrx_word' id='word_1_838' title='bbox 2144 5304 2452 5358; x_wconf 81' lang='lat' dir='ltr'><strong>Attribuisce</strong></span> <span class='ocrx_word' id='word_1_839' title='bbox 2492 5304 2707 5375; x_wconf 87' lang='lat' dir='ltr'><strong>(inquit)</strong></span> <span class='ocrx_word' id='word_1_840' title='bbox 2747 5306 3075 5375; x_wconf 85' lang='lat' dir='ltr'><strong>conispecial</strong></span> <span class='ocrx_word' id='word_1_841' title='bbox 3107 5305 3258 5359; x_wconf 87' lang='lat' dir='ltr'><strong>modo</strong></span> <span class='ocrx_word' id='word_1_842' title='bbox 3291 5306 3576 5361; x_wconf 76' lang='lat' dir='ltr'><strong>Prudentia</strong></span> 
     </span>
    </p>
   </div>
   <div class='ocr_carea' id='block_1_121' title="bbox 1992 5374 3574 5445">
    <p class='ocr_par' dir='ltr' id='par_1_121' title="bbox 1992 5374 3574 5445">
     <span class='ocr_line' id='line_1_123' title="bbox 1992 5374 3574 5445; baseline 0.001 -15"><span class='ocrx_word' id='word_1_843' title='bbox 1992 5378 2044 5430; x_wconf 81' lang='lat' dir='ltr'><strong>la</strong></span> <span class='ocrx_word' id='word_1_844' title='bbox 2066 5377 2252 5429; x_wconf 85' lang='lat' dir='ltr'><strong>intiera</strong></span> <span class='ocrx_word' id='word_1_845' title='bbox 2281 5376 2608 5445; x_wconf 82' lang='lat' dir='ltr'><strong>conversione</strong></span> <span class='ocrx_word' id='word_1_846' title='bbox 2624 5374 2678 5428; x_wconf 84' lang='lat' dir='ltr'><strong>di</strong></span> <span class='ocrx_word' id='word_1_847' title='bbox 2705 5375 2868 5429; x_wconf 83' lang='lat' dir='ltr'><strong>Roma</strong></span> <span class='ocrx_word' id='word_1_848' title='bbox 2907 5374 3011 5429; x_wconf 87' lang='lat' dir='ltr'><strong>alle</strong></span> <span class='ocrx_word' id='word_1_849' title='bbox 3035 5376 3317 5445; x_wconf 83' lang='lat' dir='ltr'><strong>preghiere,</strong></span> <span class='ocrx_word' id='word_1_850' title='bbox 3341 5378 3372 5430; x_wconf 79' lang='grc' dir='ltr'><em>ὰ</em></span> <span class='ocrx_word' id='word_1_851' title='bbox 3416 5379 3433 5430; x_wconf 88' lang='lat' dir='ltr'><strong>i</strong></span> <span class='ocrx_word' id='word_1_852' title='bbox 3463 5395 3574 5431; x_wconf 84' lang='lat' dir='ltr'><strong>me-</strong></span> 
     </span>
    </p>
   </div>
   <div class='ocr_carea' id='block_1_122' title="bbox 1992 5443 3576 5517">
    <p class='ocr_par' dir='ltr' id='par_1_122' title="bbox 1992 5443 3576 5517">
     <span class='ocr_line' id='line_1_124' title="bbox 1992 5443 3576 5517; baseline 0 -18"><span class='ocrx_word' id='word_1_853' title='bbox 1992 5446 2100 5517; x_wconf 83' lang='lat' dir='ltr'><strong>riti,</strong></span> <span class='ocrx_word' id='word_1_854' title='bbox 2139 5445 2247 5517; x_wconf 37' lang='lat' dir='ltr'><strong>e‘al</strong></span> <span class='ocrx_word' id='word_1_855' title='bbox 2264 5445 2485 5517; x_wconf 84' lang='lat' dir='ltr'><strong>glorioso</strong></span> <span class='ocrx_word' id='word_1_856' title='bbox 2509 5443 2762 5517; x_wconf 80' lang='lat' dir='ltr'><strong>arlyrio</strong></span> <span class='ocrx_word' id='word_1_857' title='bbox 2784 5447 2835 5499; x_wconf 90' lang='lat' dir='ltr'><strong>di</strong></span> <span class='ocrx_word' id='word_1_858' title='bbox 2858 5443 3041 5517; x_wconf 82' lang='lat' dir='ltr'><strong>questo</strong></span> <span class='ocrx_word' id='word_1_859' title='bbox 3061 5443 3152 5499; x_wconf 85' lang='lat' dir='ltr'><strong>suo</strong></span> <span class='ocrx_word' id='word_1_860' title='bbox 3181 5446 3378 5517; x_wconf 85' lang='lat' dir='ltr'><strong>illustre</strong></span> <span class='ocrx_word' id='word_1_861' title='bbox 3405 5447 3576 5501; x_wconf 89' lang='lat' dir='ltr'><strong>Citta-</strong></span> 
     </span>
    </p>
   </div>
   <div class='ocr_carea' id='block_1_123' title="bbox 1994 5513 3573 5585">
    <p class='ocr_par' dir='ltr' id='par_1_123' title="bbox 1994 5513 3573 5585">
     <span class='ocr_line' id='line_1_125' title="bbox 1994 5513 3573 5585; baseline 0.001 -17"><span class='ocrx_word' id='word_1_862' title='bbox 1994 5516 2117 5569; x_wconf 89' lang='lat' dir='ltr'><strong>dino</strong></span> <span class='ocrx_word' id='word_1_863' title='bbox 2136 5513 2506 5583; x_wconf 85' lang='lat' dir='ltr'><strong>(Laurentium</strong></span> <span class='ocrx_word' id='word_1_864' title='bbox 2530 5513 2797 5585; x_wconf 85' lang='lat' dir='ltr'><strong>intelligit,</strong></span> <span class='ocrx_word' id='word_1_865' title='bbox 2819 5513 2879 5571; x_wconf 83' lang='lat' dir='ltr'><strong>ct</strong></span> <span class='ocrx_word' id='word_1_866' title='bbox 2904 5515 3229 5570; x_wconf 72' lang='lat' dir='ltr'><strong>Veronensis</strong></span> <span class='ocrx_word' id='word_1_867' title='bbox 3250 5518 3573 5571; x_wconf 88' lang='lat' dir='ltr'><strong>Sacramen-</strong></span> 
     </span>
    </p>
   </div>
   <div class='ocr_carea' id='block_1_124' title="bbox 1995 5585 3573 5651">
    <p class='ocr_par' dir='ltr' id='par_1_124' title="bbox 1995 5585 3573 5651">
     <span class='ocr_line' id='line_1_126' title="bbox 1995 5585 3573 5651; baseline 0.001 -13"><span class='ocrx_word' id='word_1_868' title='bbox 1995 5587 2117 5640; x_wconf 90' lang='lat' dir='ltr'><strong>tarii</strong></span> <span class='ocrx_word' id='word_1_869' title='bbox 2146 5585 2593 5639; x_wconf 87' lang='lat' dir='ltr'><strong>contestationem</strong></span> <span class='ocrx_word' id='word_1_870' title='bbox 2620 5585 2816 5651; x_wconf 86' lang='lat' dir='ltr'><strong>laudat)</strong></span> <span class='ocrx_word' id='word_1_871' title='bbox 2847 5588 2899 5640; x_wconf 89' lang='lat' dir='ltr'><strong>di</strong></span> <span class='ocrx_word' id='word_1_872' title='bbox 2930 5587 3009 5638; x_wconf 85' lang='lat' dir='ltr'><strong>cui</strong></span> <span class='ocrx_word' id='word_1_873' title='bbox 3034 5586 3134 5638; x_wconf 84' lang='lat' dir='ltr'><strong>ella</strong></span> <span class='ocrx_word' id='word_1_874' title='bbox 3162 5603 3264 5639; x_wconf 90' lang='lat' dir='ltr'><strong>non</strong></span> <span class='ocrx_word' id='word_1_875' title='bbox 3291 5604 3437 5640; x_wconf 89' lang='lat' dir='ltr'><strong>meno</strong></span> <span class='ocrx_word' id='word_1_876' title='bbox 3463 5602 3573 5640; x_wconf 87' lang='lat' dir='ltr'><strong>mc-</strong></span> 
     </span>
    </p>
   </div>
   <div class='ocr_carea' id='block_1_125' title="bbox 1995 5654 3452 5724">
    <p class='ocr_par' dir='ltr' id='par_1_125' title="bbox 1995 5654 3452 5724">
     <span class='ocr_line' id='line_1_127' title="bbox 1995 5654 3452 5724; baseline -0.001 -15"><span class='ocrx_word' id='word_1_877' title='bbox 1995 5656 2268 5709; x_wconf 83' lang='lat' dir='ltr'><strong>rilamente</strong></span> <span class='ocrx_word' id='word_1_878' title='bbox 2292 5655 2336 5707; x_wconf 87' lang='lat' dir='ltr'><strong>si</strong></span> <span class='ocrx_word' id='word_1_879' title='bbox 2364 5654 2531 5724; x_wconf 87' lang='lat' dir='ltr'><strong>gloria</strong></span> <span class='ocrx_word' id='word_1_880' title='bbox 2560 5655 2652 5707; x_wconf 89' lang='lat' dir='ltr'><strong>che</strong></span> <span class='ocrx_word' id='word_1_881' title='bbox 2678 5654 3056 5711; x_wconf 80' lang='lat' dir='ltr'><strong>Gerusalemme</strong></span> <span class='ocrx_word' id='word_1_882' title='bbox 3085 5657 3139 5708; x_wconf 84' lang='lat' dir='ltr'><strong>di</strong></span> <span class='ocrx_word' id='word_1_883' title='bbox 3167 5657 3452 5723; x_wconf 81' lang='lat' dir='ltr'><strong>Stephano.</strong></span> 
     </span>
    </p>
   </div>
   <div class='ocr_carea' id='block_1_126' title="bbox 2068 5724 3575 5796">
    <p class='ocr_par' dir='ltr' id='par_1_126' title="bbox 2068 5724 3575 5796">
     <span class='ocr_line' id='line_1_128' title="bbox 2068 5724 3575 5796; baseline 0.001 -19"><span class='ocrx_word' id='word_1_884' title='bbox 2068 5726 2144 5796; x_wconf 88' lang='lat' dir='ltr'><strong>(g)</strong></span> <span class='ocrx_word' id='word_1_885' title='bbox 2176 5724 2402 5796; x_wconf 87' lang='lat' dir='ltr'><strong>Auditur</strong></span> <span class='ocrx_word' id='word_1_886' title='bbox 2428 5732 2484 5777; x_wconf 89' lang='lat' dir='ltr'><strong>et</strong></span> <span class='ocrx_word' id='word_1_887' title='bbox 2511 5725 2657 5796; x_wconf 13' lang='lat' dir='ltr'><strong>apud,</strong></span> <span class='ocrx_word' id='word_1_888' title='bbox 2684 5743 2780 5780; x_wconf 88' lang='lat' dir='ltr'><strong>nos</strong></span> <span class='ocrx_word' id='word_1_889' title='bbox 2809 5726 2875 5781; x_wconf 85' lang='lat' dir='ltr'><strong>R.</strong></span> <span class='ocrx_word' id='word_1_890' title='bbox 2909 5724 2967 5779; x_wconf 90' lang='grc' dir='ltr'><strong>Ρ.</strong></span> <span class='ocrx_word' id='word_1_891' title='bbox 3002 5725 3072 5779; x_wconf 81' lang='grc' dir='ltr'><strong>Μ.</strong></span> <span class='ocrx_word' id='word_1_892' title='bbox 3106 5724 3291 5781; x_wconf 90' lang='lat' dir='ltr'><strong>Orsius</strong></span> <span class='ocrx_word' id='word_1_893' title='bbox 3339 5725 3575 5796; x_wconf 70' lang='lat' dir='ltr'><strong>Hispana</strong></span> 
     </span>
    </p>
   </div>
   <div class='ocr_carea' id='block_1_127' title="bbox 1999 5793 3574 5863">
    <p class='ocr_par' dir='ltr' id='par_1_127' title="bbox 1999 5793 3574 5863">
     <span class='ocr_line' id='line_1_129' title="bbox 1999 5793 3574 5863; baseline -0.001 -15"><span class='ocrx_word' id='word_1_894' title='bbox 1999 5793 2224 5863; x_wconf 76' lang='lat' dir='ltr'><strong>loquens</strong></span> <span class='ocrx_word' id='word_1_895' title='bbox 2254 5812 2267 5846; x_wconf 90' lang='lat'><strong>:</strong></span> <span class='ocrx_word' id='word_1_896' title='bbox 2299 5795 2417 5861; x_wconf 85' lang='lat' dir='ltr'><strong>ejus</strong></span> <span class='ocrx_word' id='word_1_897' title='bbox 2441 5793 2584 5849; x_wconf 89' lang='lat' dir='ltr'><strong>enim</strong></span> <span class='ocrx_word' id='word_1_898' title='bbox 2614 5795 2852 5851; x_wconf 67' lang='lat' dir='ltr'><strong>Historia</strong></span> <span class='ocrx_word' id='word_1_899' title='bbox 2898 5796 3264 5851; x_wconf 82' lang='lat' dir='ltr'><strong>Ecclesiasnca</strong></span> <span class='ocrx_word' id='word_1_900' title='bbox 3293 5796 3342 5847; x_wconf 90' lang='lat' dir='ltr'><strong>in</strong></span> <span class='ocrx_word' id='word_1_901' title='bbox 3386 5794 3574 5862; x_wconf 82' lang='lat' dir='ltr'><strong>Hispa-</strong></span> 
     </span>
    </p>
   </div>
   <div class='ocr_carea' id='block_1_128' title="bbox 1998 5864 3572 5933">
    <p class='ocr_par' dir='ltr' id='par_1_128' title="bbox 1998 5864 3572 5933">
     <span class='ocr_line' id='line_1_130' title="bbox 1998 5864 3572 5933; baseline -0.003 -14"><span class='ocrx_word' id='word_1_902' title='bbox 1998 5880 2449 5929; x_wconf 88' lang='lat' dir='ltr'><strong>numsermonem</strong></span> <span class='ocrx_word' id='word_1_903' title='bbox 2478 5880 2733 5920; x_wconf 76' lang='lat' dir='ltr'><strong>conversa</strong></span> <span class='ocrx_word' id='word_1_904' title='bbox 2764 5880 2955 5933; x_wconf 79' lang='lat' dir='ltr'><strong>inagna</strong></span> <span class='ocrx_word' id='word_1_905' title='bbox 2983 5882 3046 5921; x_wconf 85' lang='lat' dir='ltr'><strong>ex</strong></span> <span class='ocrx_word' id='word_1_906' title='bbox 3079 5875 3229 5933; x_wconf 81' lang='lat' dir='ltr'><strong>parte</strong></span> <span class='ocrx_word' id='word_1_907' title='bbox 3269 5866 3440 5921; x_wconf 86' lang='lat' dir='ltr'><strong>lucem</strong></span> <span class='ocrx_word' id='word_1_908' title='bbox 3460 5864 3572 5933; x_wconf 86' lang='lat' dir='ltr'><strong>jam</strong></span> 
     </span>
    </p>
   </div>
   <div class='ocr_carea' id='block_1_129' title="bbox 1998 5934 3185 6007">
    <p class='ocr_par' dir='ltr' id='par_1_129' title="bbox 1998 5934 3185 6007">
     <span class='ocr_line' id='line_1_131' title="bbox 1998 5934 3185 6007; baseline -0.001 -17"><span class='ocrx_word' id='word_1_909' title='bbox 1998 5934 2129 5991; x_wconf 89' lang='lat' dir='ltr'><strong>vidit</strong></span> <span class='ocrx_word' id='word_1_910' title='bbox 2159 5934 2557 5992; x_wconf 75' lang='lat' dir='ltr'><strong>Matritensibus</strong></span> <span class='ocrx_word' id='word_1_911' title='bbox 2595 5940 2733 6007; x_wconf 78' lang='lat' dir='ltr'><strong>typis</strong></span> <span class='ocrx_word' id='word_1_912' title='bbox 2759 5935 3185 6006; x_wconf 69' lang='lat' dir='ltr'><strong>elegantissimis.</strong></span> 
     </span>
    </p>
   </div>
  </div>
