4046 6364
457 388 551 441 591

1255 370 1571 439 ADDEIVDA
1615 379 1705 433 Al)
1742 367 2063 443 quosnam
2106 367 2629 426 euecauenrtzs
2667 370 2917 426 Tenos.

3619 373 3737 429 59.9.

454 509 604 556 certe
653 506 847 567 praeter
885 494 1141 549 adductos
1170 494 1435 549 neminem
1466 493 1727 547 hactenus
1754 485 1941 542 videre
1966 480 2031 534 li-
2060 481 2112 538 Δ
2139 480 2317 535 monia
2363 496 2429 536 ex
2457 481 2731 537 veteribus
2775 480 3060 537 Breviariis
3102 481 3400 547 Toletanae,
3433 486 3689 557 Aptensis
3709 518 3765 557 ,ρ

459 591 601 656 cuit,
630 603 861 658 quorum
898 585 1122 656 proinde
1150 600 1214 639 ac
1240 583 1520 638 Blancbiui
1548 583 1788 636 rationes
1815 577 2035 646 conjec-

460 694 715 750 turasque
735 694 833 734 suo
855 680 975 733 loco
1002 693 1064 731 ac
1077 687 1314 746 tempore
1325 673 1629 742 singulatim
1652 669 2034 741 expendemus.

459 772 669 827 Interea
702 785 829 825 vero
855 769 940 823 ubi
973 769 1039 822 ab
1067 768 1239 822 altero
1266 781 1450 820 eorum
1478 780 1688 819 causam
1715 779 1809 830 pro
1843 760 2037 815 Roma-

460 864 541 917 nis
564 862 772 927 dictum,
801 859 867 912 ab
892 858 1061 911 altero
1090 858 1492 910 demonstratam
1513 864 1666 925 atque
1686 855 2039 907 incontroverc

461 970 575 1006 sant
597 969 721 1017 rem,
747 952 813 1005 ab
834 951 950 1004 aliis
977 948 1190 1003 tandem
1216 949 1317 1002 alia
1346 948 1563 1017 impune
1583 946 1839 1000 ailirmari
1871 945 2042 997 anim—

461 1043 818 1109 advertimus,
864 1056 968 1096 non
997 1040 1163 1096 semel
1193 1041 1244 1094 in
1276 1049 1511 1094 mentem
1543 1039 1686 1091 venit
1713 1053 1839 1090 num
1861 1076 1877 1101 ,
1934 1050 2040 1087 non

462 1150 619 1190 secus
648 1142 809 1202 atque
848 1132 901 1185 in
943 1130 1152 1185 bellicis
1180 1130 1340 1184 rebus
1369 1128 1484 1183 tieri
1508 1128 1776 1190 videmus,
1802 1134 1856 1179 et
1879 1126 1929 1178 iu
1961 1124 2044 1177 his

462 1241 679 1295 quoque
706 1223 954 1278 litterarii
999 1222 1299 1290 argumenti
1351 1218 1736 1274 controversiis
1783 1216 2047 1269 militares

464 1325 611 1372 astus
623 1315 981 1384 deprimendis
1001 1314 1335 1368 inimicorum
1352 1307 1851 1378 animiscomparati
1867 1319 2046 1375 proce-

462 1407 613 1474 dant;
627 1406 1068 1475 eoquellispanos
1083 1408 1470 1479 στρατηγήματι
1484 1394 2046 1465 Blancbtuusexperiri

466 1501 698 1569 bellique
738 1499 910 1553 aleam
958 1507 1170 1552 tentare
1220 1492 1707 1549 voluerit?Saltem
1741 1488 2048 1557 exemplum

465 1594 603 1646 tanti
652 1592 772 1656 viri,
794 1591 838 1643 si
872 1590 1076 1644 incerta
1102 1604 1199 1658 pro
1229 1587 1391 1640 certis
1420 1599 1541 1639 eum
1569 1592 1815 1651 captasse
1841 1576 2048 1633 consti-

461 1686 606 1750 terit,
638 1683 945 1739 admonitos
991 1696 1088 1733 nos
1134 1678 1323 1741 laciet,
1358 1685 1416 1730 ut
1443 1675 1676 1728 maxime
1714 1672 1942 1739 quisque
1994 1667 2049 1722 in

463 1793 578 1833 rem
608 1776 905 1846 propendet
925 1814 941 1840 ,
976 1774 1046 1827 ita
1096 1770 1265 1825 fraudi
1294 1768 1730 1839 opportuniorem
1776 1762 1920 1826 fore;
1952 1777 2049 1816 ne-

466 1868 777 1934 minemque
804 1879 969 1931 usque
993 1863 1129 1915 adeo
1158 1858 1437 1929 providum
1461 1872 1601 1918 esse,
1632 1856 1761 1925 quin
1792 1852 2050 1923 improvi-

466 1958 568 2010 dus
613 1956 703 2020 sit,
735 1954 827 2009 ubi
877 1953 1145 2007 volentem
1196 1948 1526 2017 adgrediare.
1574 1945 1725 1999 Nunc
1772 1957 1951 1998 autem
1985 1942 2052 1995 ad

471 2057 788 2119 argumenta
821 2063 939 2115 quc
989 2044 1350 2115 Hispanorum
1379 2040 1617 2112 opinioni
1666 2037 1845 2091 favent
1890 2034 2052 2088 deve-

468 2144 703 2196 uiatuus.

1076 2205 1304 2262 CAPUT
1379 2204 1441 2260 ll.

478 2324 665 2378 Vetera
694 2325 744 2377 Il
755 2325 1047 2392 ispanorum
1066 2330 1365 2391 argumenta
1387 2319 1784 2388 confirmantur.
1801 2314 2052 2369 Merenda

1034 2392 1194 2446 obiter
1211 2393 1301 2460 reﬂ
1320 2393 1481 2443 (titur.

545 2506 660 2559 Non
690 2520 751 2559 ea
782 2520 900 2559 sunt
957 2502 1281 2557 contidentia
1312 2510 1368 2555 ut
1412 2516 1525 2556 rem
1566 2508 1712 2553 tanta
1752 2498 2052 2553 animorum

473 2598 820 2652 contentione
871 2596 1219 2666 dispalatam,
1250 2594 1611 2662 redintegrata
1664 2591 1957 2662 prmsertim
1988 2593 2055 2643 ab

474 2687 796 2743 adversariis
815 2701 988 2757 pugna
1017 2702 1281 2741 novorum
1301 2687 1614 2740 accessione
1641 2683 1967 2746 delectuum,
2000 2681 2053 2735 id

470 2788 575 2845 est,
606 2794 797 2835 recens
845 2789 1123 2834 erutorum
1160 2777 1454 2842 Codicum,
1489 2791 1627 2830 unus
1668 2788 1769 2843 ego
1820 2772 2059 2829 omnium

471 2872 686 2938 sistere,
720 2879 969 2941 partesve
995 2886 1058 2926 ac
1084 2870 1203 2936 jura
1249 2868 1606 2938 Hispanorum
1640 2867 1691 2923 in
1723 2875 1838 2921 tuto
1888 2864 2057 2920 collo-

472 2976 601 3017 care
622 2976 779 3031 posse
798 2976 1031 3031 sperem.
1062 2960 1216 3025 Novi,
1243 2960 1415 3014 donec
1442 2969 1546 3012 tam
1592 2958 1737 3013 clara
1781 2954 1938 3011 nobis
1966 2954 2062 3009 ob-

474 3054 685 3123 tingant
713 3070 776 3110 ea
805 3054 873 3109 de
900 3071 959 3109 re
986 3061 1365 3119 monumenta,
1395 3067 1557 3121 quam
1602 3050 1734 3108 solis
1760 3064 1883 3104 esse
1925 3047 2065 3102 radii

475 3162 600 3201 eum
630 3147 821 3201 sudum
845 3156 929 3200 est
957 3147 1153 3209 solent,
1177 3155 1235 3199 ut
1261 3154 1415 3200 vetus
1440 3145 1568 3199 olim
1598 3143 1775 3197 aiebat
1802 3142 2061 3204 comicus,

477 3235 628 3289 litem
658 3250 826 3304 usque
851 3234 965 3290 fore
993 3236 1092 3289 sub
1115 3234 1320 3303 judice.
1354 3234 1596 3289 Veneror
1621 3233 1803 3300 itaque
1830 3232 2060 3286 sanctis-

478 3324 674 3379 simum
703 3333 993 3395 martyrem
1024 3332 1082 3378 ut
1110 3324 1328 3393 proprio
1377 3324 1576 3379 tuendo
1605 3337 1669 3377 ac
1697 3322 2064 3392 promovendo

479 3415 648 3470 cultui
677 3417 875 3472 nostris
902 3432 966 3471 ea
996 3417 1326 3487 temporibus
1349 3416 1523 3485 detegi
1554 3417 1817 3484 benignus
1861 3416 2062 3485 imper-

482 3504 601 3571 tiat,
633 3521 770 3562 neve
797 3522 942 3571 suos,
976 3506 1029 3561 id
1057 3516 1158 3572 est,
1188 3506 1474 3576 Hispanos,
1516 3521 1624 3575 quo
1666 3506 1780 3575 ipse
1807 3507 2065 3561 hactenus

478 3595 602 3662 jure
642 3612 708 3651 ac
734 3597 951 3651 nomine
995 3597 1206 3652 censeri
1235 3597 1428 3661 voluit,
1479 3597 1854 3661 immerentes,
1888 3580 2064 3665 deque

480 3689 674 3744 eodem
704 3688 998 3743 amittendo
1034 3689 1295 3743 sollicitos
1336 3688 1576 3752 deserat;
1624 3702 1800 3756 neque
1840 3688 2066 3758 amplius

480 3779 753 3851 Hispania:
796 3789 995 3836 nostra:
1027 3790 1206 3835 tantus
1246 3780 1386 3836 fetus
1414 3781 1481 3836 ab
1531 3780 1728 3834 exteris
1759 3780 2066 3835 nationibus

481 3874 803 3929 invidentur.

555 3966 729 4021 Unum
759 3969 804 4022 si
834 3984 1109 4038 assequar,
1142 3984 1336 4038 nempe
1359 3976 1416 4023 ut
1435 3969 1551 4034 .his,
1582 3985 1701 4038 qua“:
1748 3986 1873 4024 mox
1902 3968 2068 4022 addu-

486 4059 655 4115 cenda
680 4070 826 4124 sunt,
848 4060 1139 4114 ratiociniis
1155 4069 1210 4114 et
1231 4062 1667 4129 responsionibns
1696 4060 1761 4114 ad
1788 4061 2067 4114 Blancbini

483 4160 650 4220 atque
678 4151 1105 4206 adversariorum
1147 4153 1356 4221 objecta
1385 4196 1399 4220 ,
1429 4154 1728 4223 sapientum
1780 4155 1987 4207 animos
2016 4155 2068 4207 in

487 4240 847 4311 Hispanorum
872 4243 1192 4296 sententiam
1215 4244 1592 4312 prOpensiores
1611 4243 1860 4309 el‘ticiam,
1878 4260 2069 4312 quam-

485 4335 568 4385 vis
596 4332 860 4386 calculum
887 4332 1088 4387 interea
1114 4332 1472 4389 decretorium
1506 4351 1612 4390 non
1643 4336 1915 4403 adjiciam,
1940 4336 2069 4389 satis

486 4422 718 4490 amplam
757 4420 888 4475 mihi
936 4422 1236 4477 mercedem
1265 4424 1523 4494 obtigisse
1563 4440 1683 4480 rear
1706 4442 1802 4495 pro
1833 4427 2068 4495 suscepti

486 4514 693 4568 laboris
742 4514 981 4569 modulo.
1014 4514 1103 4568 Sic
1155 4515 1297 4569 enim
1330 4514 1421 4570 lict
1447 4525 1505 4570 ut
1527 4532 1700 4585 neque
1730 4517 1819 4570 illa
1846 4516 2064 4584 majoris

488 4619 599 4673 prie
627 4604 747 4657 aliis
770 4604 1112 4673 opinionibus
1141 4605 1532 4675 probabilitatis
1557 4608 1721 4675 gradu
1749 4608 1985 4669 excidat,
2015 4610 2064 4662 in

486 4708 595 4761 quo
616 4731 630 4755 ,
660 4693 915 4762 inspectis
943 4695 1305 4750 monumentis
1328 4697 1579 4750 onmibus
1606 4697 1671 4750 ad
1703 4713 1901 4751 annum
1932 4698 2070 4752 Πὖῦ

488 4783 733 4847 detectis,
766 4798 883 4837 eam
911 4783 1157 4839 locavere
1184 4784 1517 4841 Bollandiani
1550 4787 1736 4843 Patres
1758 4789 1833 4863 (α)
1854 4807 1867 4855 ;
1886 4801 2069 4845 vetus-

488 4889 595 4942 que
639 4872 999 4942 Hispanorum
1030 4874 1097 4928 de
1126 4873 1397 4930 Laurentii
1449 4880 1622 4946 patria
1672 4883 1939 4948 possessio
1986 4898 2074 4935 sa-

491 4964 734 5032 pientum
757 4964 954 5031 edicto,
984 4975 1226 5020 veterum
1253 4967 1508 5023 Codicum
1534 4970 1656 5034 ﬁde,
1683 4971 1946 5042 longaque
1975 4990 2073 5028 SP-

493 5053 738 5106 culorum
810 5056 1166 5111 consensione
1220 5060 1468 5114 roborata
1502 5102 1516 5127 ,
1577 5064 1729 5117 novis
1799 5064 2074 5119 Blancbi-ai

492 5144 718 5212 ejusque
766 5155 1096 5201 sectatorum
1126 5151 1406 5207 conatibus
1457 5154 1676 5209 minime
1704 5156 1947 5212 videatur
1989 5158 2074 5212 in-

495 5242 757 5303 terrupta.

566 5326 726 5382 Missa
755 5328 955 5398 itaque,
986 5330 1234 5388 brevitati
1280 5336 1642 5404 consulentes,
1672 5339 1895 5395 facimus
1927 5343 2076 5395 testi-

569 5480 645 5567 ςᾳ)
675 5480 898 5567 Videndi
925 5484 992 5567 ad
1012 5484 1156 5567 diem
1212 5488 1277 5542 ιθ
1305 5454 1547 5560 Augusti,
1583 5492 1609 5564 §
1644 5493 1727 5560 to,
1765 5511 1906 5551 nunt.
1949 5495 2071 5563 ωδ,

501 5551 529 5622 §
556 5551 643 5622 ιι,
675 5568 815 5606 num.
848 5553 881 5607 3
910 5564 964 5607 et
992 5555 1139 5611 alibi.

571 5621 644 5706 (ὁ)
666 5622 720 5706 l'n
748 5625 837 5706 od_.
863 5625 930 5706 de
961 5636 1149 5681 sancte
1177 5627 1450 5694 Laurent.,
1476 5634 1795 5706 antistropb.
1821 5637 1869 5690 l.

574 5700 644 5778 tu
672 5691 929 5778 12906;!-

667 5760 963 5844 blart.
994 5764 1254 5844 Milesium
1284 5769 1649 5841 Sarazanium,
1674 5793 1792 5844 pag.
1827 5778 1914 5832 47.

562 5830 644 5905 (e7)
667 5830 802 5886 Sunt
840 5844 1012 5889 tamen
1034 5837 1127 5905 qui
1154 5838 1219 5892 de
1246 5850 1444 5897 aeterna
1476 5830 1649 5913 ipsius,
1668 5830 1858 5912 salute,
1884 5830 2070 5917 quam-

2095 4562 2145 4620 ι)

2142 569 2523 639 Cordubensis,
2549 573 2882 642 aliarumque
2904 589 2998 643 per
3028 572 3335 644 Hispaniam
3364 575 3735 637 Ecclesiarmn

2145 659 2455 730 desumpta,
2483 663 2637 731 queis
2685 663 3037 718 disertissime
3090 663 3412 723 Laurentius
3459 667 3747 740 Hispanus

2144 751 2373 816 dicitur;
2400 766 2502 806 nec
2527 767 2634 807 non
2656 752 2937 808 innumera
2960 769 3081 823 qum
3110 755 3303 811 adduci
3339 773 3371 811 a
3419 759 3574 815 nobis
3601 777 3747 830 pos—

2147 853 2267 898 sent
2287 843 2676 899 Historicorum
2699 846 2895 913 placita
2926 863 2941 911 ;
2970 846 3071 901 nisi
3097 848 3242 902 enim
3271 848 3625 905 milleoariam
3652 853 3748 907 eis

2147 934 2518 1002 antiquitatem
2543 932 2763 998 tribuas,
2790 934 2942 1003 parvi
2972 950 3002 987 a
3030 936 3232 991 criticis
3259 938 3459 993 nostris
3488 938 3751 995 facienda

2148 1038 2268 1078 esse
2296 1023 2465 1093 probe
2511 1024 2779 1080 novimus.
2815 1023 3004 1093 Neque
3036 1036 3212 1080 tamen
3244 1026 3445 1083 ideirco
3473 1031 3747 1095 recentis,

2148 1114 2244 1167 sed
2274 1112 2676 1167 luculentissimi
2708 1113 2937 1168 Romani
2966 1116 3246 1186 scriptoris
3277 1119 3570 1186 (quemque
3598 1120 3755 1175 alias

2152 1202 2416 1272 Hispanos
2464 1204 2683 1259 minime
2727 1204 3021 1274 deperiisse
3078 1208 3314 1276 constat)
3364 1211 3753 1264 testimonium

2152 1295 2233 1347 silc
2253 1295 2366 1348 ntio
2397 1296 2670 1363 prmterire
2696 1310 2981 1365 possumus
3001 1338 3016 1357 ,
3050 1295 3274 1366 Maphtei
3301 1300 3510 1354 scilicet
3533 1300 3753 1354 Barba-

2152 1387 2276 1452 rini,
2303 1387 2394 1456 qui
2424 1403 2551 1443 mox
2572 1388 2672 1443 sub
2703 1388 2899 1443 Urbani
2925 1388 3039 1442 Vlil
3088 1390 3305 1454 nomine
3331 1392 3609 1445 catholica:
3638 1390 3754 1445 Ec-

2155 1476 2330 1531 clesia:
2375 1492 2581 1532 summa
2637 1492 2759 1532 cum
2791 1486 3058 1546 potestate
3110 1478 3339 1548 prmluit.
3379 1478 3427 1534 is
3454 1491 3637 1534 autem
3690 1482 3755 1532 in

2156 1570 2365 1640 hymnis
2392 1585 2530 1640 quos
2553 1585 2722 1626 sacras
2762 1570 2886 1641 lyra:
2916 1570 3107 1627 tidicen
3156 1571 3438 1626 Pindarico
3466 1572 3569 1625 ritu
3604 1587 3756 1641 pan-

2157 1665 2254 1727 xit,
2286 1663 2478 1719 alicubi
2519 1661 2833 1731 Hispaniam
2883 1672 3124 1718 nostram
3152 1663 3384 1732 eleganti
3414 1664 3512 1717 hac
3550 1679 3757 1732 proso-

2159 1757 2352 1827 popeia
2374 1756 2663 1824 alloquitur
2686 1757 2758 1826 (b)
2798 1773 2809 1808 :

2406 1847 2476 1895 'l'e
2502 1849 2751 1895 concinam
2776 1846 2855 1894 la
2877 1861 3031 1896 ιιιιιιτιι

2401 1910 2548 1958 Sacro
2572 1917 2826 1970 parentem
2853 1909 3034 1958 lumine
3058 1909 3305 1972 fulgidam.

2158 1993 2217 2047 Et
2252 2010 2374 2047 mox
2409 1994 2480 2061 (c)
2510 2012 2522 2046 :

2404 2086 2544 2149 {Eres
2569 2087 2680 2146 quid
2707 2090 2801 2135 iras
2822 2102 3050 2149 aggeras,
3078 2104 3166 2138 rex
3191 2090 3436 2140 barbare?

2404 2148 2675 2208 lmpavidus
2696 2148 3017 2199 contemnere
3044 2155 3176 2200 novit

2408 2210 2647 2259 HISPANCS
2667 2225 2857 2261 iuvenis
2883 2226 3053 2275 regum
3076 2214 3179 2262 tera
3199 2214 3348 2273 iussa.

2228 2314 2351 2370 Ηιυε
2397 2326 2578 2371 tamen
2626 2318 2678 2371 in
2726 2318 2958 2387 speciem
2992 2327 3220 2383 tantum,
3248 2328 3397 2374 etne
3427 2334 3599 2373 novus
3646 2321 3759 2377 iste

2156 2410 2513 2465 lucubratioui
2542 2418 2739 2465 nostra:
2767 2412 2995 2465 decedat
3023 2411 3307 2481 sp'eudor:
3344 2412 3473 2466 illud
3508 2414 3658 2467 serio
3697 2416 3761 2467 in

2157 2502 2497 2557 adversarios
2538 2516 2733 2570 urgere
2785 2502 2966 2565 velim,
3000 2505 3142 2571 quod
3175 2504 3303 2556 olim
3353 2504 3551 2574 protuli
3607 2504 3761 2557 testi.

2159 2592 2396 2645 monium
2423 2606 2491 2645 ex
2523 2591 2738 2645 Damasi
2785 2591 2930 2646 Actis
2959 2631 2973 2654 ,
3036 2592 3090 2647 in
3129 2595 3326 2661 quibus
3381 2593 3761 2647 sanctissimus

2159 2680 2400 2751 pontifex
2432 2681 2706 2735 Laurentii
2724 2695 3099 2736 courarnton
3133 2682 3345 2745 dicitur,
3374 2683 3535 2748 idque
3572 2682 3627 2735 in
3651 2682 3764 2736 Ac-

2163 2781 2339 2826 torum
2394 2786 2623 2841 corpore
2668 2787 2788 2841 qnze
2835 2787 2959 2841 pars
2987 2773 3101 2840 ejus
3153 2773 3333 2842 operis
3377 2773 3762 2841 antiquissima

2163 2873 2263 2918 est.
2319 2863 2569 2919 Sistimus
2624 2863 2860 2932 ipsorum
2907 2867 3072 2918 verba
3122 2865 3245 2934 (d):
3290 2864 3418 2917 Cum
3462 2865 3762 2917 dirutarum

2164 2954 2492 3008 ecclesiarum
2528 2956 2894 3008 instaurationi
2926 2954 3105 3008 beatus
3137 2954 3392 3007 Damasus
3413 2970 3626 3023 Operam
3659 2955 3761 3006 da-

2166 3057 2263 3110 ret,
2305 3045 2506 3099 hortum
2541 3045 2811 3117 quemdam
2854 3047 2998 3115 infra
3025 3044 3167 3099 urbis
3211 3047 3400 3099 mwnia
3437 3052 3664 3115 positum
3689 3044 3763 3095 ab

2112 3199 2137 3219 Ἰ
2172 3136 2491 3206 Imperatore
2549 3135 2915 3189 Valentiniano
2966 3135 3184 3191 Juniore
3235 3137 3519 3207 (suSpieari
3550 3134 3632 3189 fas
3675 3145 3764 3189 est

2094 3207 2138 3261 υ
2168 3227 2402 3281 Junioris
2468 3228 2693 3281 verbum
2743 3236 2836 3281 aut
2888 3227 3125 3281 additum
3193 3229 3414 3283 omnino
3447 3268 3462 3293 ,
3521 3234 3617 3281 aut
3662 3243 3765 3295 pro

2168 3318 2386 3373 Seniore
2443 3318 2708 3389 positum;
2762 3328 2820 3372 ut
2877 3320 3020 3373 enim
3074 3320 3223 3390 prior
3275 3320 3363 3374 ille
3426 3320 3767 3388 Catholicis,

2167 3408 2239 3462 ita
2320 3408 2601 3477 posterior,
2644 3410 2747 3464 iste
2817 3409 3027 3463 Ariaua:
3107 3410 3295 3465 haresi
3360 3411 3763 3480 impensissime

2165 3497 2297 3550 favit
2342 3498 2413 3567 (ε)
2462 3498 2560 3552 sibi
2630 3498 2746 3552 dari
2788 3502 3053 3569 peposcit,
3106 3502 3162 3553 in
3205 3518 3302 3571 quo
3354 3517 3759 3557 conpararent

2166 3606 2247 3645 sm
2282 3607 2439 3645 BEATI
2486 3591 2779 3646 Lwnesru
2828 3607 3088 3646 IAR’H‘RIS
3128 3594 3391 3646 ecctisiam
3443 3593 3760 3663 fabricaret.

2168 3683 2280 3739 Sub
2328 3684 2487 3739 linem
2534 3693 2718 3739 autem
2747 3686 3004 3739 Actorum
3039 3686 3106 3756 (f)
3149 3701 3273 3741 cum
3301 3688 3366 3743 de
3397 3687 3677 3741 miraculis
3703 3687 3763 3740 in

2169 3779 2390 3834 basilica
2418 3781 2592 3836 sancti
2643 3779 2912 3835 Laurentii
2943 3780 3010 3834 ad
3053 3780 3345 3836 Theatrum
3390 3780 3658 3851 Pompeii,
3704 3780 3765 3834 in

2168 3886 2273 3940 qua
2306 3872 2519 3926 Damasi
2541 3873 2747 3926 exuvias
2779 3874 3158 3940 requiescunt,
3189 3873 3364 3927 divina
3399 3888 3505 3941 ope
3536 3875 3768 3941 patratis

2170 3961 2390 4015 dubium
2435 3964 2765 4027 emersisset,
2807 3972 3058 4016 es:entne
3105 3963 3313 4018 Scilicet
3364 3962 3598 4016 Damaso
3630 4004 3645 4027 ,
3692 3978 3765 4015 au

2177 4052 2468 4109 Laurentio
2508 4055 2881 4120 attribuenda,
2916 4055 3094 4109 subdit
3132 4072 3318 4109 eorum
3367 4065 3601 4109 auctor:
3650 4055 3768 4109 Nos

2170 4152 2340 4196 autem
2386 4146 2441 4197 in
2497 4147 2758 4199 miraculis
2807 4163 2907 4199 non
2937 4146 3211 4199 dividimus
3256 4162 3385 4210 quos
3416 4163 3517 4201 ιικΑ
3565 4164 3762 4203 Partus

2170 4250 2384 4301 GENUIT,
2418 4247 2569 4308 atque
2597 4254 2699 4289 una
2727 4240 2941 4291 επιεδά
2958 4240 3232 4306 promovit.

2241 4327 2366 4384 llazc
2393 4340 2573 4385 autent
2599 4340 2748 4384 tanto
2781 4346 2920 4384 nunc
2949 4346 3109 4397 quam
3140 4330 3370 4399 pridem,
3403 4347 3527 4386 cum
3560 4320 3630 4385 de
3653 4331 3766 4384 Da-

2171 4439 2324 4476 maso
2372 4424 2682 4490 agebamus,
2735 4422 3065 4491 probabilius
3118 4423 3281 4487 dicta,
3334 4432 3495 4490 atque
3545 4424 3596 4475 in
3649 4439 3767 4477 rem

2172 4525 2413 4570 nostram
2445 4517 2791 4585 prmsentiora
2823 4516 3033 4570 censeri
3062 4517 3283 4583 debent,
3330 4524 3532 4585 quanto
3560 4516 3604 4569 si
3639 4531 3769 4569 vera

2174 4615 2317 4671 sunt,
2363 4622 2481 4676 qua:
2506 4607 2572 4661 de
2599 4608 2767 4661 sancti
2809 4605 3076 4676 pontiﬁcis
3124 4609 3296 4675 patria
3329 4609 3379 4660 in
3408 4608 3579 4675 prima
3609 4606 3773 4675 hujus

2175 4700 2355 4768 operis
2384 4709 2534 4766 parte
2564 4698 2900 4764 tradidimus,
2939 4696 3287 4752 Laurentium
3317 4713 3537 4767 quoque
3565 4696 3769 4766 Hispa-

2175 4790 2259 4843 nis
2287 4790 2744 4844 adnumerandum
2776 4806 2918 4852 esse,
2963 4806 3029 4845 ex
3069 4791 3191 4845 loco
3242 4806 3272 4845 a
3317 4790 3622 4859 eoujugatis
3652 4790 3771 4860 pla-

2177 4900 2304 4937 nuru
2350 4882 2455 4937 lict.
2507 4883 2763 4937 Neutrum
2818 4899 2948 4952 ergo
2996 4884 3079 4938 vel
3130 4893 3419 4952 utrumque
3467 4883 3767 4953 Hispanum

2148 4975 2292 5031 .fore
2322 4992 2544 5032 necesse
2590 4986 2695 5043 est,
2729 4987 2789 5031 ut
2818 4987 2873 5031 et
2913 4978 2999 5031 hic
3040 4978 3193 5031 nobis
3234 4976 3545 5033 Persianunt
3592 4968 3767 5030 illud:

2191 5067 2278 5120 γει
2303 5068 2403 5121 duo
2433 5069 2509 5122 vel
2542 5085 2710 5132 nemo,
2744 5068 2902 5122 liceat
2928 5067 3216 5121 identidem
3247 5082 3526 5136 usurpare.
3553 5067 3629 5121 De
3656 5068 3771 5121 sin-

2177 5159 2402 5213 ceritate
2434 5175 2594 5227 porro
2632 5168 2794 5228 atque
2822 5160 3141 5228 antiquitate
3172 5159 3430 5213 Actorum
3472 5160 3563 5212 vix
3610 5158 3771 5212 nobis

2177 5249 2454 5303 dubitandi
2488 5251 2664 5304 locum
2715 5251 2931 5318 reliquit
2970 5250 3277 5304 Barouius:
3312 5248 3539 5304 Exstant
3571 5250 3772 5318 (inquit

2179 5341 2280 5416 [θη
2302 5342 2451 5397 Aen
2470 5342 2668 5397 Dmasx
2684 5359 2732 5397 ιδ
2753 5359 2999 5398 accessu
3014 5358 3142 5398 omit
3158 5358 3409 5396 necmm
3427 5357 3614 5396 soura
3631 5356 3771 5395 arua

2178 5506 2258 5558 vis
2312 5506 2732 5560 catechumenos
2762 5506 2967 5559 occisus
3013 5505 3194 5571 fuerit,
3228 5520 3335 5559 non
3364 5503 3759 5576 desperandum

2182 5586 2453 5640 censeant,
2488 5579 2625 5629 inter
2655 5591 2793 5643 quos
2817 5578 3151 5643 Ambrosius.

2252 5646 2317 5716 (f)
2344 5648 2683 5710 Sarazanius,
2710 5646 2827 5699 Act.
2856 5646 3092 5710 Dzimas.,
3132 5660 3250 5714 pag.
3289 5644 3375 5699 (L2.
3404 5692 3421 5703 .

2251 5713 2325 5787 (pg)
2368 5716 2583 5787 Barnn.,
2616 5720 2679 5768 ait
2713 5732 2839 5770 ann.
2874 5716 2995 5782 584,
3025 5734 3078 5772 ιι.
3108 5713 3277 5783 19,11
3306 5732 3391 5786 ap.
3422 5714 3667 5772 Bolland.
3700 5713 3764 5766 10

2179 5785 2339 5855 Αιιε.,
2372 5789 2397 5856 §
2430 5785 2513 5853 10,
2548 5805 2601 5841 ιι.
2638 5787 2757 5839 tua.
