4046 6364
287 392 392 448 593

1179 388 1623 445 DISSERTATIO
1656 391 1740 445 DE
1782 390 2064 445 DAMASO
2104 390 2188 445 ET
2228 390 2642 447 ιιυιιιςμτιο.

3439 393 3544 448 304

283 524 382 565 uos
419 523 471 562 ut
516 520 717 562 naeuus
744 518 1012 560 contusus
1041 520 1414 571 rsavsrusrts,
1466 523 1647 577 nempe
1687 508 1863 577 quiulo
1894 511 1943 569 Α
1976 506 2243 562 Utrumvis
2269 516 2449 563 autem
2481 506 2658 569 fuerit,
2689 505 2811 560 illud
2841 506 3054 561 Baronii
3084 507 3391 562 testimonio
3410 522 3542 562 con-
3576 568 3581 571 _

282 614 332 657 et
377 603 573 656 decima
618 610 753 653 tome
789 598 1022 652 l’itarum
1072 607 1383 652 structorum.
1417 597 1638 653 ΕπΙιίὁει
1682 598 1862 651 eadem

282 696 465 753 CODEX
497 708 804 757 VATICANB’S,
852 709 920 746 ετ
965 707 1114 746 suus
1144 708 1359 746 sane”:
1410 690 1598 745 Manu:
1647 706 1863 746 MAJOMS

281 803 424 853 qua!
452 802 704 850 VIDIIUS;
757 786 807 838 in
838 783 1016 856 quibus
1042 785 1111 837 ad
1135 786 1290 852 ﬁnem
1329 785 1438 838 Ita'c
1467 784 1724 854 leguntur.
1760 783 1863 837 Rc-

282 884 470 932 eenset
513 890 580 930 eo
623 875 742 930 loco
789 874 998 928 Damasi
1027 874 1278 927 miracula
1326 888 1445 942 quze
1489 873 1678 928 Petrus
1725 873 1866 928 sedis

284 965 596 1037 apostolica:
642 965 919 1027 diaconus,
974 964 1026 1017 in
1073 978 1323 1018 sermone
1367 979 1525 1033 quem
1565 964 1631 1019 de
1676 973 1866 1019 sancto

284 1056 540 1128 pontiﬁce
565 1056 776 1116 habuit,
802 1058 856 1108 in
886 1055 1062 1108 eodem
1091 1054 1239 1108 titulo
1268 1053 1563 1125 (Laurentii
1593 1054 1866 1110 basilicam

288 1146 559 1216 intelligit)
587 1146 862 1215 contigisse
882 1153 1263 1198 commemorat.

358 1238 589 1293 Causam
612 1251 744 1291 vero
782 1251 877 1289 cur
897 1235 965 1288 de
991 1243 1214 1289 auclore
1251 1234 1625 1289 miraculorum
1649 1234 1866 1289 dubium

282 1329 614 1392 emersisset,
644 1340 815 1395 eaque
869 1325 1112 1379 nonnulli
1158 1324 1445 1379 Laurentio
1491 1327 1671 1394 potius
1706 1340 1866 1394 quam

284 1421 516 1475 Damaso
557 1417 775 1472 attribui
806 1416 1033 1481 vellent,
1064 1416 1178 1486 ipse
1208 1416 1467 1471 Baronius
1499 1417 1719 1479 iudicat,
1750 1431 1868 1485 qua:

283 1524 392 1567 non
446 1524 634 1580 parum
680 1509 936 1562 Actorum
991 1507 1291 1575 antiquitati
1345 1506 1505 1560 favet.
1552 1486 1870 1572 Supererant

281 1603 452 1656 adhuc
481 1601 674 1671 (inquit
703 1598 799 1671 [a])
824 1600 985 1670 aliqui
1014 1600 1203 1652 addicti
1238 1599 1495 1664 Ursicino,
1526 1600 1610 1671 qui
1640 1597 1868 1655 Damaso

282 1693 401 1747 licet
425 1693 667 1761 defuncto
710 1700 907 1745 tantam
934 1692 1155 1761 gloriam
1190 1691 1597 1760 (miraculorum
1639 1691 1867 1762 scilicet)

278 1785 583 1849 incidentes,
613 1777 858 1845 dicerent,
889 1798 991 1836 non
1015 1784 1210 1835 meritis
1240 1781 1475 1845 Damasi,
1507 1782 1597 1834 sed
1620 1784 1862 1837 interces-

1964 606 2091 662 stat,
2120 597 2330 653 Damasi
2369 600 2524 666 Acta,
2555 599 2748 668 quibus
2777 598 2893 666 ejus
2930 598 3196 653 sermonis
3237 608 3396 652 cento
3443 598 3546 652 sub

1966 690 2124 743 linem
2170 700 2427 747 consutus
2476 690 2590 756 fuit,
2632 686 2799 759 longe
2843 705 2909 745 eo
2936 704 3188 745 sermone
3236 689 3544 758 antiquiora

1965 780 2149 837 fuisse.

2039 870 2314 936 Merenda,
2346 880 2408 925 ut
2436 886 2534 926 nos
2566 871 2691 926 alibi
2716 870 2782 924 de
2810 871 3039 926 Damaso
3068 871 3352 940 loquentes
3399 870 3547 926 dice-

1967 962 2180 1029 bamus,
2220 962 2417 1016 nedum
2463 962 2831 1018 difficultatem
2862 961 3128 1030 eﬂugisse,
3159 961 3253 1016 sed
3283 976 3425 1016 novo
3459 970 3546 1015 at-

1970 1068 2075 1121 que
2105 1051 2357 1121 expedito
2389 1051 2755 1122 responsionis
2791 1064 2988 1119 genere
3017 1052 3069 1106 in
3100 1066 3265 1105 novas
3309 1064 3407 1104 nos
3446 1065 3545 1103 an-

1970 1142 2176 1209 gustias
2204 1140 2531 1195 conclusisse
2559 1150 2729 1211 putat.
2765 1140 2949 1211 Itaque
2985 1148 3108 1210 post
3154 1140 3256 1193 alia
3291 1138 3549 1194 inutiliter

1971 1242 2195 1299 tentata,
2248 1230 2615 1296 Laurentium,
2669 1248 2775 1287 non
2828 1233 3004 1286 minus
3053 1246 3215 1300 quam
3268 1230 3546 1295 Damasus,

1972 1323 2226 1379 ananis
2274 1323 2478 1378 civibus
2532 1324 2751 1377 omnino
2788 1322 3245 1379 adnumerandum
3289 1336 3430 1387 esse,
3480 1335 3545 1375 ex

1971 1416 2298 1471 Veronensis
2354 1414 2771 1471 Sacramentarii
2828 1417 3152 1470 auctoritate
3186 1458 3201 1482 ,
3273 1414 3544 1479 afﬁrmat;

1972 1521 2145 1575 eoque
2174 1514 2424 1576 respectu
2455 1506 2521 1561 ab
2548 1514 2791 1561 actorum
2837 1505 3051 1562 Damasi
3099 1506 3363 1575 scriptore
3408 1519 3549 1560 cou-

1973 1614 2271 1655 PATRIOTAS
2297 1616 2311 1665 ;
2344 1610 2504 1668 atque
2535 1613 2566 1652 a
2590 1596 2750 1653 Petro
2781 1598 3020 1653 Diacono
3049 1598 3101 1651 in
3133 1612 3319 1652 eorum
3342 1611 3549 1666 appen-

1972 1691 2093 1746 dice
2143 1707 2244 1746 uss
2295 1706 2520 1748 GENITOS
2570 1707 2760 1745 parum
2816 1691 3094 1746 verissime
3140 1690 3244 1745 dici
3290 1691 3547 1759 potuisse.

1975 1781 2099 1837 Hmc
2145 1791 2347 1845 tamen,
2400 1781 2500 1835 nisi
2543 1780 2893 1835 vehementer
2919 1795 3019 1849 ego
3048 1779 3222 1845 fallor,
3271 1780 3549 1836 eludenda:

280 1876 428 1929 sione
456 1875 594 1929 beati
636 1873 903 1927 Laurentii
930 1892 990 1927 ea
1038 1874 1236 1942 patrari
1276 1873 1551 1926 miracula.
1585 1872 1700 1926 Jam
1742 1890 1871 1929 vero
1904 1886 1946 1944 Β
1977 1873 2154 1941 potius
2179 1871 2501 1938 difficultati,
2522 1872 2569 1926 id
2591 1882 2690 1938 est,
2714 1872 3006 1927 scindendo
3024 1887 3184 1941 quam
3209 1871 3550 1927 dissolvendo

280 1965 503 2020 dubium
547 1980 642 2020 seu
688 1965 1054 2019 controversia
1094 1964 1167 2019 de
1199 1972 1421 2018 auctore
1468 1964 1866 2032 miraculorum,

281 2072 445 2126 quam
477 2072 584 2111 non
630 2057 787 2124 longe
828 2071 856 2109 a
888 2056 1100 2109 Damasi
1145 2064 1321 2110 morte
1366 2056 1696 2121 contigerit;
1748 2056 1871 2111 inde

281 2144 409 2200 licet
429 2146 699 2214 conjicere
720 2144 863 2213 quod
886 2160 950 2197 eo
980 2152 1220 2211 tempore
1250 2143 1486 2197 nondum
1517 2144 1693 2198 adhuc
1722 2143 1873 2198 Ursi-

282 2240 387 2295 cini
418 2238 644 2308 ejusque
672 2246 998 2293 sectatorum
1032 2236 1193 2291 faetio
1216 2235 1567 2292 deferbuisset
1594 2253 1608 2299 ;
1650 2252 1871 2307 prorsus

282 2339 342 2385 ut
375 2328 533 2384 Petro
574 2328 811 2384 Diacono
835 2370 851 2396 ,
890 2340 986 2382 Seu
1016 2327 1256 2396 quisquis
1304 2325 1518 2380 demum
1550 2326 1664 2394 ejus
1704 2328 1872 2396 partis

283 2420 543 2473 Actorum
572 2418 806 2486 scriptor
832 2415 1012 2483 fuerit,
1038 2415 1303 2483 integrum
1319 2421 1460 2470 esset
1477 2430 1543 2469 ex
1566 2416 1869 2471 vetustissi-

285 2510 387 2565 mis
415 2509 589 2578 iisque
627 2508 956 2577 incorruptis
983 2521 1102 2575 quae
1137 2505 1240 2561 sibi
1289 2505 1645 2575 prmlucerent
1688 2522 1874 2563 monu-

283 2599 479 2653 mentis
506 2612 594 2653 res
619 2598 683 2651 ad
714 2597 997 2651 Damasum
1023 2598 1353 2666 pertinentes
1380 2596 1631 2650 mutuari.

356 2686 435 2742 Ex
466 2688 596 2757 ipsis
623 2688 784 2743 etiam
812 2687 1046 2742 fontibus
1066 2688 1297 2741 derivari
1318 2687 1584 2743 credenda
1615 2695 1698 2743 est
1726 2688 1875 2758 prior

282 2778 375 2833 illa
413 2786 656 2834 actorum
687 2793 829 2848 pars,
862 2778 915 2832 in
960 2792 1066 2847 qua
1108 2777 1393 2833 Damasum
1432 2777 1704 2834 Laurentii
1733 2795 1870 2835 cou-

283 2885 588 2926 u'rsuo-ru
618 2870 873 2940 appellari
916 2884 1074 2939 supra
1102 2869 1429 2924 dicebamus.
1461 2868 1605 2925 Sane
1648 2871 1691 2925 si
1738 2871 1872 2926 nihil

283 2959 429 3015 aliud
451 2974 549 3029 pro
575 2958 816 3029 ejuslem
842 2959 1160 3029 antiquitate
1188 2958 1366 3014 aﬂ‘erri
1397 2968 1597 3028 posset,
1628 2976 1732 3015 una
1763 2961 1870 3016 Da-

284 3052 419 3107 masi
454 3051 571 3106 Vita
599 3066 628 3104 a
652 3050 946 3106 Benedicto
969 3051 1284 3120 presbytero
1301 3050 1626 3119 conscripta,
1654 3065 1813 3120 quam
1840 3066 1873 3106 e

283 3143 577 3198 Sarazanio
605 3143 705 3198 sub
744 3143 952 3197 initium
992 3142 1178 3212 prima:
1205 3143 1360 3211 hujus
1380 3144 1560 3213 operis
1586 3144 1755 3213 partis
1787 3144 1868 3198 al-

1974 1964 2120 2019 ttodo
2149 1964 2311 2033 longe
2338 1964 2725 2033 opportuniora
2757 1972 2901 2019 sunt.
2926 1963 2980 2018 Id
3012 1971 3068 2017 ut
3097 1962 3256 2033 paulo
3287 1962 3379 2017 fiat
3404 1962 3547 2017 dilu-

1972 2053 2167 2118 cidius,
2196 2053 2561 2109 seremendus
2589 2053 2744 2108 nobis
2774 2062 2854 2107 est
2883 2069 2911 2108 a
2940 2052 3233 2108 Laurentio
3270 2053 3551 2119 Damasus,

1972 2145 2148 2215 deque
2194 2145 2352 2214 hujus
2382 2145 2687 2213 singulatim
2735 2146 2910 2213 patria
2962 2145 3140 2199 denuo
3193 2144 3552 2199 instituendus

1971 2244 2054 2292 est
2080 2250 2279 2299 sermo,
2313 2236 2572 2305 tantisper
2610 2242 2789 2290 tamen
2817 2234 2941 2289 dum
2970 2234 3098 2304 quid
3142 2234 3209 2289 de
3255 2249 3317 2288 ea
3361 2234 3554 2289 Petrus

1972 2326 2238 2383 Diaconus
2284 2337 2446 2397 atque
2495 2328 2750 2382 Actorum
2797 2326 3031 2396 scriptor
3061 2327 3366 2390 senserint;
3417 2341 3553 2395 qna-

1970 2415 2105 2472 lisve
2134 2419 2324 2472 horum
2369 2426 2530 2473 aetate
2562 2418 2799 2486 vu'garis
2828 2426 3154 2486 receptaque
3202 2417 3270 2471 de
3315 2417 3418 2472 hoc
3462 2432 3551 2470 ar-

1973 2517 2229 2576 gumento
2282 2510 2605 2578 pepulerunt
2672 2508 2854 2579 opinio
2909 2508 3105 2573 fuerit,
3166 2508 3235 2563 ob
3291 2507 3553 2563 lectorum

1973 2601 2160 2656 oculos
2185 2601 2455 2671 ponimus.

2049 2691 2287 2747 Primum
2312 2702 2491 2748 autem
2523 2694 2759 2747 omnium
2787 2691 3053 2762 rogandus
3074 2707 3104 2746 a
3129 2691 3283 2747 nobis
3301 2690 3553 2747 Merenda

1973 2790 2074 2845 est,
2105 2797 2229 2835 num
2261 2780 2404 2836 Petri
2436 2783 2646 2837 diaconi
2691 2783 3017 2853 (quicunque
3048 2781 3264 2837 tandem
3314 2782 3403 2837 ille
3449 2782 3556 2837 fue-

1974 2873 2090 2942 rit),
2119 2882 2211 2926 aut
2238 2874 2518 2943 scriptoris
2546 2875 2801 2929 Actorum
2830 2874 2895 2928 de
2916 2875 3111 2943 quibus
3134 2875 3339 2943 agimus
3369 2884 3552 2940 aetate,

1975 2964 2027 3018 id
2072 2973 2174 3029 est,
2218 2980 2248 3019 a
2288 2966 2484 3020 szeculo
2514 2980 2567 3019 vt
2594 2965 2660 3019 ad
2705 2981 2777 3019 xu
2804 2965 3021 3020 dubium
3050 2965 3160 3033 jam
3198 2974 3308 3019 tum
3339 2966 3557 3036 aliquod

1974 3058 2283 3112 emersisset
2319 3058 2388 3114 de
2418 3058 2629 3113 Damasi
2660 3058 2850 3127 patria,
2882 3065 2975 3112 aut
3004 3058 3095 3112 ulli
3122 3058 3330 3127 uspiam
3361 3068 3558 3115 morta-

1975 3146 2105 3202 lium
2132 3147 2185 3201 in
2211 3156 2444 3203 mentem
2476 3149 2711 3203 venisset
2740 3148 3025 3202 Damasum
3057 3147 3313 3204 Romanis
3351 3148 3556 3204 adscri-

287 3235 583 3306 legavimus
612 3234 710 3304 (ὁ),
732 3234 942 3289 abunde
969 3249 1088 3289 eam
1119 3234 1381 3290 declarat.
1433 3234 1550 3304 ipsa
1580 3236 1743 3302 enim,
1774 3250 1868 3291 seu
1893 3243 1942 3308 ο
1973 3240 2126 3308 bere,
2148 3240 2322 3310 deque
2346 3256 2410 3295 ea
2438 3255 2497 3295 re
2521 3241 2671 3295 litem
2699 3240 2949 3311 Hispanis
2980 3241 3288 3295 intentare?
3316 3240 3552 3307 Minime,

284 3325 413 3399 styli
439 3326 839 3395 simplicitatem
862 3365 879 3390 ,
922 3340 1017 3381 seu
1047 3325 1279 3380 nominis
1305 3324 1605 3394 gradusque
1634 3326 1869 3381 auctoris

284 3433 396 3473 non
422 3418 551 3472 item
593 3416 807 3471 familia:
849 3416 1257 3486 professionem,
1286 3418 1399 3471 sive
1426 3416 1643 3471 demum
1672 3415 1868 3488 Exigui

287 3510 416 3577 (quo
441 3522 500 3562 se
541 3506 859 3576 cognomine
893 3522 957 3561 ex
990 3522 1090 3562 usu
1114 3507 1410 3576 priscorum
1442 3516 1744 3578 temporum
1773 3524 1869 3578 ap-

284 3598 477 3671 pellari
514 3598 710 3669 voluit)
750 3599 1026 3653 notionem
1055 3607 1269 3667 spectes
1296 3638 1310 3664 ,
1343 3599 1473 3655 satis
1509 3615 1605 3669 per
1631 3615 1691 3654 se
1729 3600 1869 3655 anti-

284 3706 392 3761 qua
421 3690 770 3746 nihilominus
810 3691 1002 3745 borum
1053 3690 1119 3745 de
1161 3691 1356 3759 quibus
1405 3692 1613 3759 agimus
1653 3691 1867 3747 Damasi

285 3780 545 3839 Actorum
573 3780 969 3852 compendium,
1000 3789 1055 3835 et
1081 3782 1235 3850 quasi
1268 3780 1591 3836 breviarium
1621 3790 1703 3838 est
1723 3784 1868 3851 quod

286 3882 516 3943 utraque
564 3874 704 3929 inter
750 3888 810 3928 se
852 3870 1151 3927 conferenti
1183 3870 1524 3927 manifestum
1567 3888 1598 3927 e
1643 3873 1867 3941 vestigio

287 3964 403 4018 lict.
430 3961 508 4017 Ne
536 3963 622 4017 cui
645 3970 825 4016 autem
851 3976 957 4016 vox
985 3976 1356 4016 COMPATRIOTA
1387 3962 1527 4015 forte
1555 3962 1867 4030 scrupulum

286 4054 516 4123 injiciat,
539 4053 692 4124 quasi
714 4052 983 4108 recentior
999 4051 1175 4117 fuerit,
1205 4068 1325 4106 eam
1340 4052 1450 4119 jatn
1473 4068 1501 4105 a
1528 4050 1737 4108 Nicolai
1758 4052 1866 4123 l(c)

288 4146 402 4199 imo
428 4152 483 4199 et
511 4159 541 4198 a
562 4143 807 4215 Gregorii
824 4143 1000 4213 Magni
1020 4145 1349 4213 temporibus
1371 4152 1683 4214 usurpatam
1705 4145 1870 4203 fuisse

287 4236 662 4292 admonemus.

360 4324 443 4379 Ad
470 4322 684 4381 Petrum
713 4335 895 4382 autem
942 4325 1235 4380 Diaconum
1281 4326 1548 4383 sermonis
1594 4326 1663 4381 de
1708 4327 1870 4398 beato

285 4416 520 4471 Damaso
547 4416 865 4485 scriptorem
895 4414 1040 4485 quod
1061 4416 1272 4479 attinet,
1304 4414 1640 4471 Bollandiani
1680 4418 1869 4473 Patres

287 4508 616 4564 enumeratis
653 4508 859 4577 aliquot
900 4508 1328 4576 cognominibus,
1377 4510 1471 4578 qui
1509 4525 1540 4562 a
1569 4510 1765 4565 sweulo
1797 4527 1865 4575 ιιι,

1972 3329 2186 3399 inquam
2216 3344 2336 3400 ego,
2368 3331 2629 3401 gentium.
2669 3331 2855 3401 Neque
2880 3332 3045 3403 “enim
3095 3332 3315 3386 rudibus
3356 3330 3461 3386 illis
3491 3345 3556 3387 ac

1971 3422 2388 3493 simplicioribus
2409 3424 2621 3480 saeculis
2651 3434 2857 3479 tantum
2888 3425 2990 3479 sibi
3020 3425 3360 3497 hypercritici
3383 3439 3555 3494 quan-

1971 3524 2083 3570 tum
2124 3517 2229 3571 hoc
2267 3524 2453 3570 nostro
2474 3515 2610 3584 juris
2641 3524 3047 3589 arrogaverunt,
3079 3525 3137 3570 ut
3163 3516 3232 3571 ob
3254 3515 3396 3569 solas
3424 3530 3556 3570 con-

1964 3606 2201 3677 jecturas
2232 3608 2515 3680 (quantum
2547 3608 2649 3662 illa:
2678 3622 2908 3678 cumque
2960 3607 3028 3662 ad
3070 3608 3354 3662 veritatem
3400 3621 3555 3662 acce-

1970 3697 2181 3769 derent)
2231 3710 2475 3757 veterum
2522 3699 2778 3755 Codicum
2826 3702 3202 3755 auctoritatem
3251 3699 3427 3753 deseri
3469 3716 3556 3754 re-

1970 3798 2263 3860 ceptasque
2311 3802 2367 3845 et
2415 3792 2604 3845 iulian
2654 3792 2973 3861 populorum
3025 3791 3218 3845 animis
3266 3791 3553 3858 opiniones

1972 3879 2128 3933 evelli
2176 3888 2270 3935 aut
2325 3880 2436 3934 ullo
2479 3888 2638 3949 pacto
2682 3879 2990 3934 labefactari
3036 3889 3365 3949 paterentur.
3415 3877 3555 3945 Quid

1972 3976 2148 4022 autem
2198 3967 2267 4022 de
2317 3968 2697 4023 ecclesiasticis
2746 3968 2918 4033 libris,
2973 3984 3110 4038 quos
3164 3969 3324 4023 veluti
3388 3985 3554 4024 sacra:

1972 4058 2307 4127 antiquitatis
2355 4060 2668 4125 thesauros,
2727 4059 3071 4130 veterisque,
3122 4068 3178 4113 et
3232 4060 3555 4130 incorrupta:

1971 4149 2285 4222 pontificum
2312 4158 2473 4219 atque
2494 4148 2749 4205 Ecclesite
2779 4149 3028 4206 Historia:
3057 4150 3343 4204 ﬁdissimos
3372 4160 3555 4205 custo-

1971 4244 2087 4310 des,
2118 4258 2224 4297 non
2267 4258 2423 4298 secus
2450 4258 2515 4297 ac
2539 4258 2721 4299 sacros
2749 4244 3030 4313 utriusque
3071 4243 3285 4299 fmderis
3326 4241 3555 4298 Codices

1972 4335 2089 4403 ejus
2129 4335 2229 4390 aevi
2258 4344 2450 4403 gentes
2493 4336 2753 4390 rereritas
2783 4334 2945 4391 fuisse
2983 4335 3227 4390 scimus?
3272 4334 3354 4388 An
3401 4342 3554 4403 putat

1974 4425 2249 4492 Merenda,
2274 4426 2323 4480 si
2353 4426 2475 4496 quis
2505 4441 2571 4480 eo
2613 4434 2857 4495 tempore
2899 4427 3131 4496 receptis
3177 4424 3556 4482 ecclesiasticis

1974 4516 2258 4571 Codicibus
2286 4516 2580 4584 contraire,
2607 4529 2906 4585 eorumque
2936 4514 3094 4569 ﬁdem
3119 4522 3283 4582 atque
3309 4514 3550 4567 auctori-

286 4600 358 4654 ad
384 4614 458 4654 xu
487 4598 718 4655 ﬂoruere
748 4599 849 4671 (ά),
880 4616 1001 4655 cum
1047 4601 1252 4655 nullum
1298 4617 1366 4656 ex
1413 4602 1491 4657 eis
1537 4603 1869 4658 invenissent
1902 4612 1949 4670 ο
1975 4614 2139 4661 tatem
2188 4605 2401 4659 elevare
2445 4620 2607 4658 ausus
2636 4604 2822 4660 fuisset
2862 4604 3028 4675 (quod
3060 4613 3237 4659 tamen
3268 4612 3556 4670 utrumque

288 4693 385 4762 qui
427 4692 494 4747 de
533 4691 762 4748 Damaso
809 4692 997 4759 egerit,
1028 4692 1233 4747 haerent
1262 4693 1423 4763 plane
1453 4694 1506 4747 in
1544 4694 1869 4763 assignando

292 4791 415 4838 uter
440 4797 627 4839 eorum
652 4783 824 4837 sancti
851 4781 1119 4851 pontilicis
1140 4796 1443 4837 sermonem
1470 4782 1537 4837 de
1565 4799 1675 4851 quo
1698 4785 1870 4853 loqui-

291 4890 415 4931 mur
468 4874 761 4944 scripserit.
831 4872 1090 4928 Barouius
1161 4881 1378 4938 tamen,
1446 4870 1645 4942 Joseph
1698 4873 1867 4929 Maria

290 4966 598 5029 Suarezius,
641 4974 694 5020 et
737 4964 825 5021 alii
862 4965 938 5035 (e)
982 4963 1141 5019 Petro
1183 4965 1391 5018 cuidam
1422 4964 1660 5020 Diacono
1694 4965 1870 5021 Cassi-

295 5057 449 5111 nensi
476 5054 891 5124 adjudicandum
938 5062 1145 5123 putant,
1189 5056 1280 5123 qtti
1330 5054 1523 5109 stcculo
1565 5071 1618 5109 ta
1658 5056 1867 5119 claruit,

291 5152 591 5217 auctorque
628 5148 856 5203 habetur
894 5147 1027 5201 Vita:
1077 5148 1248 5201 sancti
1295 5147 1579 5203 Athanasii
1631 5150 1869 5218 episcOpi

294 5239 667 5310 Neapolitani;
708 5238 884 5308 deque
934 5254 1000 5294 eo
1043 5240 1189 5308 prior
1238 5239 1327 5293 ille
1376 5237 1660 5294 Annalium
1692 5241 1870 5295 eccle-

293 5330 635 5387 siasticarum
662 5328 896 5399 scriptor
924 5328 1033 5398 agit
1059 5327 1125 5381 ad
1154 5343 1356 5383 annum
1396 5328 1518 5392 850,
1566 5328 1690 5393 86l,
1744 5329 1866 5385 ΒΗ.

368 5488 443 5559 (a)
482 5488 703 5559 Baron.,
733 5485 799 5539 ad
820 5500 941 5559 ann:
975 5484 1101 5559 ’ξε-«ι,
1132 5500 1185 5541 n.
1215 5484 1300 5538 19.

369 5554 443 5627 (ὁ)
484 5558 615 5625 Cap.
647 5558 697 5623 l,
727 5571 847 5626 pag.
882 5554 968 5627 ιβ,
996 5554 1081 5609 l3.

369 5622 443 5699 (ε)
482 5622 743 5682 Νἰόοιθυέ
790 5622 819 5679 1⁷
866 5624 1167 5699 (In__epist_.
1212 5626 1279 5678 ad
1332 5622 1601 5699 Egilouem
1638 5627 1865 5699 are/lien.

296 5695 686 5763 Senonensem,
736 5695 989 5750 tamJIX
1032 5695 1267 5750 ‘ljollect.
1318 5695 1585 5748 caucilior.
1636 5695 1865 5761 Labbtci,

300 5770 450 5824 Edit.
510 5767 709 5831 Venet,
740 5767 859 5821 coll.
910 5764 1099 5835 1525):
1150 5766 1311 5838 Porro
1343 5781 1456 5817 cum
1485 5767 1629 5838 adjle
1663 5776 1870 5838 tuosque

298 5852 706 5897 CUIPATRIUTAS
753 5846 800 5890 et
854 5837 1236 5891 consacerdotes
1288 5836 1485 5888 litteras
1535 5836 1869 5890 destinaveri-

297 5927 431 5967 atus.
462 5908 747 5979 Gregorius
780 5905 917 5979 (Lib.
949 5923 1057 5975 vtu,
1091 5907 1236 5974 ρρὶει.
1271 5905 1359 5973 δ’ῖ,
1393 5906 1460 5958 ad
1508 5904 1867 5963 Innocentium

1974 4708 2155 4755 nostra
2187 4699 2288 4753 hac
2332 4706 2493 4753 aetate
2531 4697 2851 4753 Terribilino
2900 4696 3097 4766 licuit),
3147 4695 3367 4767 impune
3405 4694 3455 4748 id
3504 4695 3555 4748 ei

1973 4805 2069 4859 per
2095 4789 2404 4845 sanctiones
2432 4790 2722 4844 canonicas
2751 4786 3029 4846 ferendqu
3054 4788 3078 4840 ?

2045 4877 2233 4945 Porro,
2257 4894 2365 4948 quo
2397 4888 2555 4949 pacto
2582 4878 2771 4933 Petrus
2798 4878 2889 4931 ille
2917 4877 3060 4931 sedis
3086 4875 3398 4946 apostolica:
3436 4877 3553 4931 dia~

1973 4986 2161 5037 conus,
2177 4978 2271 5027 aut
2294 4970 2501 5025 Damasi
2518 4969 2772 5025 Actorum
2793 4968 3275 5038 scriptor§(quosex
3294 4967 3553 5036 dignitate

1975 5077 2036 5116 ac
2064 5071 2318 5133 suscepto
2347 5059 2618 5115 scribendi
2649 5074 2877 5115 munere
2902 5060 2956 5113 in
2987 5059 3148 5114 rebus
3173 5058 3555 5114 ecclesiasticis
3644 5092 3649 5093 ν

1972 5168 2080 5206 ιιοη
2128 5151 2424 5221 vulgariter
2471 5157 2717 5206 versatos
2766 5147 2988 5204 credere
3041 5147 3371 5216 debemus),
3430 5164 3551 5203 cunt

1974 5253 2198 5312 uterque
2244 5243 2310 5297 de
2363 5242 2589 5297 Damaso
2634 5256 2703 5297 ex
2749 5242 2989 5310 professo
3032 5248 3245 5309 ageret,
3289 5238 3548 5294 Feliciani

1972 5335 2283 5406 pontiﬁcum
2330 5334 2563 5403 catalogi
2609 5334 2680 5391 de
2719 5336 2891 5405 patria
2933 5334 3261 5391 sanctissimi
3284 5336 3553 5404 pontilicis

1972 5491 2163 5560 Africa:
2190 5488 2450 5560 prtefect.)
2476 5506 2489 5541 :
2525 5488 2630 5560 sed
2668 5489 2714 5541 si
2757 5488 3001 5544 deliciaso
3028 5490 3213 5557 cupitis
3245 5487 3433 5560 pabula
3463 5505 3550 5560 su—

1973 5558 2144 5630 ginari
2187 5558 2320 5613 beati
2364 5558 2635 5630 Augustini
2669 5560 3133 5630 [nutarmuestti
3183 5558 3429 5630 opuscula
3476 5559 3552 5611 le-

1971 5626 2114 5699 gite;
2153 5630 2245 5699 qui
2275 5630 2426 5683 locus
2446 5626 2517 5699 cl.
2548 5626 2847 5699 Du-Cangii
2872 5626 3439 5699 diligentiamell‘ugit.

2044 5700 2122 5767 (d)
2163 5698 2240 5752 Ad
2268 5699 2407 5751 diem
2440 5698 2502 5751 10
2531 5698 2690 5766 Aug.,
2721 5698 2746 5768 §
2785 5700 2864 5763 l0,
2899 5716 2951 5753 ιι.
2984 5698 3099 5751 illi.

2043 5765 2113 5839 (ε)
2155 5773 2253 5838 Ap.
2281 5768 2395 5823 Nic.
2424 5765 3008 5835 Antonitttntliibliotlt.
3036 5768 3187 5837 llisp.
3216 5767 3350 5829 l'et.,
3377 5765 3464 5820 lib.
3489 5782 3547 5832 It,

1972 5858 2083 5912 cap.
2120 5842 2170 5909 6,
2206 5840 2530 5913 itabamaso,
2556 5856 2697 5893 nunt.
2729 5839 2870 5908 180).
