4046 6364
457 399 562 454 ὗῐΰ

1236 397 1552 452 ᾹῐὶῡΕΝυᾹ
1592 396 1683 451 AD
1721 395 2046 463 QL‘USDAM
2088 396 2604 453 PILECEDENTISS
2644 397 2893 455 TOMOS.

3626 393 3749 453 596

456 511 849 586 apertissimum
915 526 1015 581 pro
1069 510 1319 581 llispanis
1370 509 1733 566 testimonium
1792 508 2040 575 ignorare
2068 511 2115 569 A
2146 524 2261 574 ns,
2284 518 2443 577 atque
2474 527 2571 566 usa
2595 527 2818 567 neutros
2839 527 3030 566 PATRIA
3057 509 3300 566 dicerent
3338 521 3749 577 assererentve,

462 613 704 680 possent,
731 620 852 660 ctnn
883 619 949 659 ex
978 603 1063 658 his
1109 618 1229 672 qua:
1269 602 1428 657 hodie
1455 601 1581 655 dum
1612 607 1900 668 supersunt
1926 599 2044 667 ejus

454 699 684 769 catalogi
734 698 1132 766 exemplaribus
1179 712 1442 766 nusquam
1499 704 1627 750 tunc
1678 711 1785 748 non
1827 695 2042 748 obvium

456 807 579 847 eum
607 788 862 843 Codicem
912 786 1076 841 fuisse
1123 786 1580 841 verosimillimnm
1628 784 1739 838 sit?
1768 783 1849 837 An
1880 784 2042 838 etiam

456 880 788 937 Pontiﬁcaiis
829 880 950 934 libri
980 880 1046 934 ab
1076 879 1293 934 ineunte
1336 877 1533 933 saeculo
1575 892 1665 930 vni
1696 876 1923 940 exarati,
1972 891 2042 929 an

457 974 675 1031 Codicis
705 970 1245 1034 Palatino-Vaticani,
1277 986 1436 1040 quem
1462 969 1528 1023 ad
1552 983 1747 1022 annum
1779 967 1883 1021 8'26
1914 982 2045 1021 con-

455 1067 717 1137 scriptum
750 1063 909 1119 fuisse
938 1064 1203 1119 diximus:
1256 1079 1324 1117 an
1370 1064 1585 1117 demum
1616 1062 1884 1117 Anastasii
1914 1078 2044 1132 syn-

460 1157 650 1233 chroni
681 1155 844 1211 Petro
874 1156 1122 1222 diacono,
1154 1163 1213 1209 ut
1239 1154 1574 1221 conjicimus,
1624 1153 1860 1207 auctoris
1891 1154 2042 1206 testi-

461 1250 665 1317 monia,
692 1248 844 1316 queis
872 1247 1132 1304 Damasus
1160 1246 1509 1302 disertissime
1537 1244 1801 1314 llispanus
1828 1244 2044 1310 dicitur,

455 1354 745 1411 utrumque
795 1341 938 1395 hunc
994 1341 1313 1409 scriptorem
1359 1339 1581 1392 omnino
1620 1337 1840 1391 latuisse
1889 1337 2043 1390 volu-

456 1433 622 1488 mus?
665 1431 862 1503 (Mitto,
895 1432 939 1486 si
970 1446 1076 1499 qua
1108 1430 1175 1484 de
1206 1429 1397 1484 eodem
1445 1437 1760 1498 argumento
1804 1437 2044 1482 veterum

456 1522 655 1591 scripta
688 1531 814 1575 tunc
844 1522 1103 1591 temporis
1133 1520 1399 1574 exstantia
1448 1518 1515 1572 ad
1562 1528 1799 1572 nostram
1829 1526 2045 1572 aetatem

460 1629 570 1669 non
601 1620 981 1683 pervenerunt,
1034 1620 1124 1665 aut
1160 1624 1328 1679 usque
1368 1610 1418 1663 in
1464 1609 1805 1663 bibliothecis
1835 1607 2044 1677 latent.)

461 1705 569 1760 Aut
599 1706 643 1759 si
674 1721 703 1759 e
731 1705 1007 1760 contrario
1038 1719 1103 1757 ea
1134 1702 1312 1757 omnia
1349 1712 1625 1770 perspecta
1649 1701 1908 1767 habuere,
1939 1715 2047 1767 quo

459 1810 618 1870 pacto
662 1799 945 1853 Damasum
991 1798 1186 1852 nedum
1235 1798 1443 1866 privata
1488 1796 1587 1864 ipsi
1638 1794 1894 1863 opinione
1940 1793 2049 1848 Ro-

2145 601 2274 671 quin
2305 600 2486 656 eﬂ‘usis
2516 601 2775 656 adstantis
2812 602 2996 673 populi
3039 601 3410 672 lectorumque
3448 601 3755 657 cachinnis

2146 693 2567 761 exciperentur?
2617 695 2722 747 Aut
2772 709 2869 747 cur
2912 693 2957 746 si
3012 692 3297 748 Damasum
3356 703 3583 759 uterque
3642 694 3755 749 ille

2145 786 2375 855 scriptor
2404 784 2704 839 Romanum
2734 785 2982 849 credidit,
3018 802 3123 841 non
3150 786 3387 841 omnium
3419 796 3512 840 aut
3538 801 3754 841 eorum

2147 876 2325 945 potius
2353 875 2446 944 qui
2479 877 2529 930 in
2568 876 2832 931 concione
2870 876 3095 930 aderant
3126 875 3515 942 Romanorum,
3566 891 3755 947 quam

2148 968 2306 1020 unius
2333 967 2609 1021 Laurentii
2632 978 3044 1023 COMPATTUTAM
3076 969 3321 1023 dicent?

2219 1079 2343 1136 llaec
2374 1097 2479 1135 non
2503 1082 2634 1137 satis
2656 1082 2963 1137 Merendam
2985 1082 3356 1138 considerasse
3377 1092 3528 1152 puto,
3557 1081 3755 1152 prius-

2147 1186 2307 1240 quam
2339 1174 2405 1226 ad
2434 1174 2690 1227 Actorum
2734 1174 2900 1229 verba
2946 1174 3316 1244 responderet.
3361 1174 3495 1228 Civis
3538 1173 3755 1243 appel-

2147 1264 2279 1318 latio
2309 1280 2406 1333 pro
2434 1280 2564 1334 qua,
2593 1280 2717 1320 cum
2765 1266 2950 1334 patria:
3001 1265 3433 1321 communionem
3480 1264 3755 1332 designa-

2148 1371 2286 1421 mus,
2318 1372 2593 1422 CONCIVBS,
2623 1373 3029 1412 COIPATRIOTAS
3066 1357 3247 1412 intima
3279 1356 3536 1411 Latinitas
3566 1371 3753 1425 repo-

2147 1447 2273 1511 suit,
2308 1448 2384 1500 uti
2415 1447 2479 1502 iis
2506 1447 2596 1516 qui
2625 1456 2779 1502 extra
2814 1448 3041 1516 patriam
3071 1456 3353 1502 versantur
3382 1447 3755 1502 usitatissima

2148 1549 2231 1596 est
2259 1542 2475 1610 pietatis
2506 1541 2559 1595 in
2590 1556 2932 1595 communem
2980 1551 3255 1611 parentem
3286 1549 3511 1605 tessera,
3564 1540 3643 1595 ita
3682 1541 3755 1595 in

2151 1636 2324 1704 patria
2347 1634 2682 1703 degentibus,
2706 1635 2748 1689 si
2773 1635 2893 1703 quis
2916 1650 2979 1689 ea
3005 1636 3150 1690 cives
3173 1651 3302 1691 suos
3324 1636 3522 1706 alloqui
3547 1636 3751 1698 vellet.

2152 1725 2387 1781 insolens
2435 1734 2580 1780 esset
2625 1741 2689 1779 ac
2733 1726 2890 1795 plane
2930 1725 3207 1794 jocularis.
3259 1725 3544 1796 Fingamus
3594 1726 3759 1796 apud

2154 1816 2467 1871 Suetonium
2511 1826 2604 1871 aut
2641 1817 2804 1871 alium
2851 1833 2916 1872 ex
2964 1816 3221 1871 Romanis
3268 1818 3625 1887 scriptoribus
3671 1817 3755 1872 de

460 1906 679 1944 manum
733 1890 975 1956 credere,
1029 1889 1121 1941 sed
1176 1887 1352 1956 palam
1408 1902 1438 1939 e
1487 1893 1740 1952 suggestu
1786 1881 2049 1953 frequenti
2084 1867 2127 1926 Β
2155 1908 2367 1961 ρωδπθ
2398 1908 2707 1976 loquentem
2739 1908 2861 1975 legi,
2894 1906 3117 1962 Brutum
3144 1867 3400 1975 exemplir
3418 1921 3581 1961 causa
3606 1905 3757 1960 ᾗσι.-

464 1986 647 2055 populi
679 1985 962 2049 concione,
994 1992 1155 2049 atque
1180 1981 1337 2036 editis
1358 1980 1517 2034 etiam
1547 1980 1692 2033 libris
1718 1993 2048 2048 propagare;

464 2088 584 2141 seu,
608 2075 750 2144 quod
782 2075 971 2129 eodem
1002 2073 1160 2136 redit,
1212 2071 1506 2127 secundum
1552 2068 1863 2139 pontiﬁcum
1904 2076 2054 2122 cata-

463 2164 671 2231 logum,
700 2171 861 2233 atque
889 2162 1251 2224 Anastasium,
1300 2169 1618 2229 t'eteresquc
1656 2158 1791 2211 alios
1822 2156 2053 2212 Codices

466 2257 797 2310 contrarium
828 2264 1131 2309 asserentes
1160 2253 1497 2322 proscribere
1527 2267 1589 2306 ac
1619 2250 1894 2304 diﬂ‘amare
1937 2247 2053 2303 ausi

466 2343 738 2401 fuissent?
786 2344 1051 2399 Praterea
1082 2346 1124 2399 si
1154 2345 1300 2406 nulli,
1333 2359 1493 2412 quem
1533 2342 1862 2409 noverimus,
1917 2339 2055 2394 anti-

463 2437 640 2507 quiori
692 2445 784 2490 aut
826 2436 1135 2507 synebrono
1180 2434 1426 2503 scriptori
1474 2434 1525 2487 in
1577 2442 1811 2488 mentem
1845 2433 2052 2499 uspiam

462 2529 614 2582 venit
643 2528 925 2581 Damasum
960 2527 1258 2580 Romanum
1304 2526 1502 2590 facere,
1532 2539 1640 2593 quo
1669 2532 1828 2591 pacto
1857 2538 2055 2577 coura-

468 2635 684 2674 TRlOTJ'I
713 2620 958 2680 verbum,
990 2634 1217 2673 necnon
1246 2632 1453 2670 comma
1488 2632 1586 2670 UNA
1617 2630 1839 2670 GENITOS
1863 2630 2055 2669 ΓΑἸἫΙΛ

466 2726 533 2765 co
578 2719 824 2780 respectu
873 2710 939 2761 ab
986 2710 1066 2763 bis
1110 2709 1418 2762 auctoribus
1459 2708 1657 2776 scripta
1710 2713 1803 2759 aut
1851 2705 2055 2770 prolata

465 2798 630 2855 fuisse
652 2801 904 2855 credibile
928 2809 1031 2864 est,
1053 2799 1206 2868 quasi
1238 2808 1462 2868 uterque
1478 2805 1718 2851 sanctum
1748 2796 2054 2867 pontiﬁcem

469 2908 534 2948 ea
589 2895 961 2950 enuntiatione
1021 2896 1341 2959 Romanum,
1391 2906 1544 2964 atque
1593 2906 1657 2946 ac
1703 2890 2053 2945 Laurentium

465 2986 834 3041 intellexerit?

545 3098 799 3165 Ulterius,
851 3108 969 3154 acta
1023 3097 1091 3153 de
1136 3098 1329 3167 quibus
1376 3097 1581 3166 agimus
1632 3096 1817 3151 Roma:
1858 3094 2054 3164 scripta

468 3190 646 3258 luere,
683 3190 1066 3258 Romanosque
1096 3190 1147 3243 in
1178 3189 1256 3242 eis
1285 3189 1483 3258 alloqui
1528 3188 1686 3257 plane
1731 3186 1944 3242 videtur
1974 3187 2053 3256 ip-

472 3274 657 3334 Sornm
689 3288 898 3343 auctor,
931 3289 990 3332 ut
1016 3294 1081 3332 ex
1112 3279 1338 3348 simplici
1381 3279 1620 3333 locorum
1665 3276 1824 3331 Urbis
1855 3278 1907 3330 in
1935 3278 2052 3347 qui.

471 3369 575 3423 bus
606 3369 859 3423 nonnulla
889 3386 917 3422 a
953 3370 1182 3425 Damaso
1214 3378 1361 3437 gesta
1393 3376 1759 3422 memorantur
1807 3368 2056 3435 designa-

472 3460 642 3523 tione,
673 3474 833 3528 quam
875 3459 1006 3513 alias
1056 3474 1212 3514 nemo
1256 3459 1359 3512 nisi
1409 3459 1683 3513 Romanus
1710 3469 1802 3512 aut
1832 3460 1883 3513 in
1918 3459 2058 3514 Urbe

471 3557 719 3603 versatus
763 3548 1134 3611 intellexisSet,
1168 3547 1509 3603 manifestum
1539 3558 1640 3605 est.
1673 3549 1933 3605 Consulto
1962 3550 2059 3605 ali-

472 3654 578 3708 qua
624 3646 868 3692 actorum
911 3638 1027 3693 loca
1059 3653 1089 3691 e
1117 3637 1337 3706 regione
1376 3637 1715 3706 adjunximus
1746 3637 1845 3708 (α).
1893 3638 2059 3693 Baro-

473 3729 592 3782 nius
620 3744 857 3801 quoque,
893 3738 951 3782 ut
984 3728 1401 3797 alibidiximus,
1452 3745 1515 3782 ea
1554 3729 1608 3781 in
1653 3727 1890 3782 Ecclesia
1936 3729 2059 3783 olim

469 3820 675 3873 recitari
720 3821 876 3874 solita
926 3821 1086 3888 fuisse
1128 3818 1342 3885 asserit,
1378 3817 1518 3887 quod
1564 3834 1662 3883 ego
1704 3818 1772 3873 de
1820 3818 2058 3873 Romana

468 3908 818 3977 interpretor,
870 3909 1004 3964 alias
1041 3907 1421 3978 particularcm
1468 3908 1557 3961 ille
1586 3906 1879 3961 Ecelesiam
1910 3907 2054 3962 desi-

469 4006 707 4067 gnasset.
752 3997 1017 4052 Praeterea
1050 3997 1240 4052 Petrus
1271 3999 1359 4052 ille
1402 3998 1710 4067 apostolicae
1756 3998 1901 4052 sedis
1942 3997 2058 4051 dia-

467 4104 659 4152 conus,
695 4086 968 4141 Romanus
997 4086 1263 4156 profecto,
1292 4088 1480 4141 saltem
1530 4086 1688 4141 Urbis
1730 4087 1905 4141 incola
1936 4086 2051 4154 1“ι.ἰῑ,

470 4186 533 4232 ut
559 4192 625 4231 ex
658 4176 824 4247 ipsius
854 4177 1019 4244 gradu
1050 4192 1113 4230 ac
1139 4176 1397 4244 dignitate
1439 4177 1642 4245 liquet;
1674 4176 1821 4232 locus
1850 4194 1916 4232 ex
1948 4193 2055 4245 quo

469 4282 778 4324 sermonem
812 4267 878 4319 de
904 4264 1132 4318 Damas')
1164 4265 1349 4318 habuit
1391 4264 1764 4319 Laurentiana:
1813 4265 2053 4319 Basilicas

466 4365 771 4426 suggestus,
822 4365 1064 4409 centrum
1109 4354 1357 4409 videlicet
1401 4352 1597 4410 Urbis:
1642 4370 1808 4424 quare
1858 4355 2056 4408 Roma-

469 4462 592 4500 nam
622 4445 970 4514 omniumque
1001 4445 1245 4497 ordinum
1292 4445 1605 4499 cnncionem
1639 4443 1802 4498 fuisse
1833 4459 2053 4498 necesse

466 4547 587 4593 est:
646 4554 753 4608 quo
807 4552 936 4605 ergo
986 4547 1142 4606 pacto
1193 4536 1379 4591 Petrus
1429 4537 1517 4591 ille
1565 4536 1833 4592 Diaconos
1884 4547 2045 4605 atque

466 4629 720 4684 Actorum
770 4629 1022 4697 scriptor,
1070 4628 1294 4681 [tertiani
1334 4644 1453 4682 cum
1484 4636 1666 4681 essent
1694 4637 1747 4681 et
1776 4627 2045 4681 Romanos

466 4722 888 4791 alloquercntur,
949 4721 992 4773 si
1041 4720 1223 4773 itidem
1274 4718 1620 4773 Laurentium
1661 4728 1713 4773 et
1764 4719 2050 4774 Damasum

468 4814 744 4869 Romanos
771 4811 1143 4875 credidissent,
1164 4826 1258 4866 eos
1279 4811 1452 4865 media
1477 4811 1527 4863 in
1555 4808 1696 4864 Urbe
1722 4827 2053 4869 COMPATRIO-

545 4968 620 5037 (a)
662 4966 729 5021 Et
758 4967 1000 5021 habitarit
1042 4966 1355 5037 (Liberiusi
1382 4974 1552 5026 extra,
1602 4965 1849 5037 milliaria
1902 4967 2052 5037 tertio

469 5040 523 5091 in
552 5035 837 5092 cwnteterio
883 5039 1017 5107 quod
1058 5035 1250 5090 eicitur
1305 5035 1513 5107 Noella,
1546 5037 1628 5089 via
1658 5036 1869 5090 Salaria
1901 5036 2054 5106 (Acta

471 5107 712 5177 Damasi,
743 5126 828 5177 ap.
861 5109 1142 5171 Sarasan.,
1172 5119 1291 5175 pag.
1321 5106 1431 5171 4⁸2).

545 5176 677 5230 Erat
706 5174 872 5235 autem
902 5194 1000 5229 non
1028 5174 1183 5246 longe
1205 5193 1236 5228 a
1262 5179 1543 5246 cmmeterio
1588 5174 1642 5229 Ν
1647 5176 1793 5230 cella:
1822 5187 2055 5230 cwmete—

472 5247 607 5302 rium
636 5248 936 5301 Ostriannm
966 5245 1150 5312 (Ibat,
1188 5259 1308 5314 pag.
1337 5245 1448 5316 45).

545 5318 616 5371 Et
644 5319 726 5370 die
755 5320 904 5371 tertio
932 5318 1137 5370 veniens
1181 5317 1436 5370 Damasus
1473 5317 1543 5370 ad
1580 5317 1849 5370 ecclesiam
1888 5319 2055 5370 sancti

472 5387 621 5443 Petri
659 5389 885 5457 expiavit
925 5384 1091 5451 locum
1136 5388 1282 5439 illum
1330 5389 1413 5454 qui
1461 5398 1541 5457 est
1578 5387 1647 5438 ad
1694 5388 1926 5457 dextram
1972 5389 2054 5441 in-

475 5455 789 5513 troeuntibus
819 5457 1088 5512 basilicam
1118 5457 1285 5510 sancti
1315 5457 1458 5512 l’etri
1490 5456 1680 5526 (Ibid.,
1708 5471 1762 5525 p.
1795 5455 1907 5519 46).

545 5538 740 5603 Quibus
786 5554 1059 5592 occurrens
1114 5534 1376 5589 Damasus
1442 5535 1761 5589 uenerandus
1810 5535 2053 5604 reliquias

473 5609 800 5677 (sanctorum
824 5607 1022 5663 Juliani
1052 5615 1108 5661 et
1136 5605 1378 5677 tlzesarii)
1407 5606 1476 5660 ad
1498 5607 1933 5677 palatiumrusque
1956 5604 2051 5658 de-

471 5674 662 5734 ducens
702 5682 842 5750 infra
881 5676 1149 5750 imperiale
1177 5674 1465 5729 cubiculum
1492 5674 1848 5730 venerabiliter
1875 5690 2053 5730 recon-

474 5751 603 5805 didit
639 5747 829 5821 (κήαι,
859 5747 980 5821 pag.
1011 5747 1124 5821 59).

535 5822 607 5883 (b)
641 5815 793 5871 Trans
814 5815 1032 5871 Tiberim
1054 5815 1206 5883 lange
1227 5815 1368 5863 cubat
1398 5818 1438 5863 is
1461 5828 1612 5883 prepe
1635 5815 1848 5883 (mearis
1864 5815 2050 5883 hortos.

1138 5879 1356 5940 (Horat,
1377 5890 1523 5926 εει-ιη.
1545 5879 1624 5926 tib.
1651 5892 1683 5938 ι,
1708 5884 1794 5924 sat.
1821 5876 1869 5933 9,
1897 5876 1989 5936 18).

2155 2006 2240 2054 tos
2285 2015 2419 2067 quos
2469 1999 2650 2053 Caesar
2692 2000 2744 2053 in
2790 1998 3193 2053 Transtiberina
3234 1999 3451 2066 regione
3493 1996 3759 2067 posside-

2154 2091 2245 2144 bat
2275 2091 2349 2163 (b)
2383 2093 2452 2144 ab
2478 2107 2543 2145 eo
2569 2091 2808 2160 petiisse,
2842 2098 2900 2145 ut
2944 2092 2996 2144 in
3024 2091 3103 2145 eis
3131 2090 3316 2145 Cassio
3343 2103 3757 2145 conmrnroras

2155 2197 2253 2236 suo
2286 2182 2463 2236 vidam
2488 2182 2832 2236 iurediiicaret
2873 2181 3048 2250 (queis
3077 2181 3297 2235 omnino
3326 2180 3480 2233 metis
3522 2175 3761 2231 Damasi

2154 2288 2184 2326 a
2205 2272 2577 2328 Valentiniano
2602 2273 2927 2343 postulatum
2957 2271 3354 2338 concluditur);
3380 2284 3554 2324 nonne
3582 2283 3617 2321 a
3636 2267 3758 2321 mi-

2154 2383 2244 2421 mo
2273 2368 2387 2421 ιιωο
2416 2376 2508 2422 aut
2536 2367 2795 2421 histrione
2823 2367 3003 2438 potius
3030 2381 3191 2436 quam
3223 2365 3291 2418 ab
3321 2363 3577 2419 historico
3609 2377 3757 2432 pro-

2156 2457 2297 2511 fecta
2321 2466 2650 2529 putaremus,
2677 2474 2799 2513 cum
2846 2473 2932 2512 res
2961 2457 3137 2512 media
3162 2458 3214 2511 in
3244 2454 3386 2511 Urbe
3410 2465 3571 2525 atque
3599 2454 3760 2508 inter

2156 2548 2431 2604 ltomanos
2478 2549 2772 2618 ageretur?
2814 2548 2921 2603 Cur
2950 2549 3110 2616 igitur
3152 2549 3324 2616 magis
3368 2547 3604 2616 scriptor
3645 2547 3760 2600 Ac-

2157 2648 2334 2695 torum
2365 2649 2460 2694 aut
2488 2638 2680 2695 Petrus
2725 2640 2813 2693 ille
2862 2639 3149 2705 Diaconus,
3197 2655 3319 2693 cum
3356 2647 3580 2707 uterque
3626 2635 3759 2690 Ro-

2155 2748 2347 2787 manus
2390 2740 2554 2795 e:set,
2589 2730 2981 2800 Damasumquc
3011 2730 3195 2784 itidem
3236 2729 3533 2783 Romanum
3578 2736 3757 2797 puta—

2155 2835 2261 2891 ret,
2317 2841 2440 2881 eum
2496 2825 2549 2880 iu
2610 2823 2765 2880 Urbis
2815 2835 3004 2880 centro
3055 2832 3111 2877 et
3160 2821 3429 2891 frequenti
3474 2818 3758 2876 concione

2156 2919 2524 2974 Romanorum
2586 2917 2860 2974 Laurentii
2924 2930 3342 2973 COIPATRIOTAI
3408 2911 3811 3003 ineptissime.

2155 3011 2403 3066 diceret?
2454 3010 2580 3066 llaec
2632 3011 2941 3080 quicunque
2986 3009 3277 3063 conciliare
3316 3004 3529 3061 studeat
3569 3003 3756 3056 nihilo

2156 3102 2273 3172 plus
2300 3113 2425 3173 agat
2452 3119 2613 3172 quam
2662 3103 2708 3157 si
2749 3117 2808 3157 se
2838 3101 3024 3156 Romae
3064 3113 3299 3169 prtesens
3328 3105 3479 3151 extra
3508 3092 3757 3146 Romam

2160 3207 2381 3272 quaerat.
2416 3198 2524 3253 Nos
2568 3206 2746 3251 tamen
2775 3210 2807 3250 e
2835 3190 3151 3249 diverticulo
3183 3194 3235 3244 in
3264 3191 3403 3243 viam
3431 3186 3754 3241 redeamus.

2228 3313 2459 3368 Sanctus
2486 3310 2601 3365 Ada
2633 3306 2950 3364 Viennensis
2991 3302 3450 3371 archiepiscOpus,
3496 3296 3589 3366 qui
3636 3310 3755 3351 sa:-

2160 3407 2284 3461 culo
2313 3422 2367 3461 nt
2397 3402 2834 3475 Martyrologium
2865 3398 2980 3467 ejus
3020 3397 3239 3451 nomine
3271 3393 3574 3460 evulgatutn
3607 3404 3755 3444 cono

2159 3496 2393 3566 scripsit,
2426 3495 2495 3549 de
2533 3490 2821 3546 Laurentio
2847 3496 3083 3558 martyre
3110 3486 3353 3555 loquens,
3387 3481 3590 3536 inducit
3618 3495 3754 3533 eum

2159 3602 2189 3641 a
2231 3597 2456 3658 tyranno
2501 3583 2622 3653 quis
2678 3580 2919 3648 qualisve
2968 3585 3114 3632 esset
3159 3585 3424 3643 rogatum,
3470 3580 3638 3641 atque
3689 3570 3755 3624 in

2159 3680 2273 3735 hare
2312 3678 2472 3732 Verba
2529 3674 2942 3745 respondentem
2979 3670 3092 3742 (c):
3145 3668 3408 3733 Quantam
3456 3665 3526 3717 ad
3581 3679 3755 3733 genus

2159 3784 2407 3827 HISPANUS
2432 3784 2566 3835 sum,
2598 3767 2847 3829 eruditus,
2878 3780 2939 3817 ac
2971 3762 3195 3817 nutritus
3226 3775 3410 3822 noua,
3446 3766 3496 3809 et
3522 3773 3553 3808 α
3582 3772 3759 3807 cunu-

2158 3868 2290 3919 bulis
2317 3863 2664 3918 Christianus.
2695 3860 2822 3915 llam
2853 3867 3032 3912 autem
3059 3856 3104 3910 si
3134 3853 3300 3909 semel
3325 3852 3391 3906 ab
3419 3848 3760 3905 adversariis

2158 3957 2316 4011 iidem
2346 3952 2776 4024 impetraverint,
2802 3948 3075 4017 negotium
3104 3945 3412 3999 universum
3445 3938 3756 4005 transigere

2158 4049 2334 4117 palam
2364 4054 2467 4101 est.
2493 4043 2755 4100 Consulto
2782 4040 3158 4095 limitationem
3186 4034 3385 4096 additi,
3433 4031 3528 4100 qui
3575 4030 3755 4083 sciam

2159 4137 2507 4191 Blancltinum
2557 4134 2634 4205 (ά)
2686 4131 3041 4186 Laurentiana
3084 4125 3287 4180 Adonis
3317 4122 3471 4185 Acta,
3507 4134 3631 4174 cum
3661 4117 3756 4171 bis

2156 4246 2277 4299 qum
2318 4230 2480 4297 vulgo
2510 4225 2980 4285 circumferuntur,
3012 4218 3155 4273 Surii
3198 4213 3524 4281 scilicet(e),
3566 4208 3752 4265 sancti

2155 4321 2430 4378 Maximini
2480 4316 2815 4374 Trevirensis
2846 4316 2937 4384 (ι’),
2991 4319 3045 4365 et
3079 4308 3323 4363 Vaticani
3374 4303 3589 4361 Codicis
3637 4302 3748 4371 (9),

2155 4430 2256 4469 nec
2280 4430 2386 4468 non
2418 4427 2541 4467 cum
2571 4411 2652 4463 his
2680 4422 2799 4477 qua:
2831 4406 3039 4460 Donato
3087 4401 3373 4455 Serritano
3416 4396 3552 4450 falso
3580 4394 3749 4448 attri-

2157 4510 2283 4563 buta
2313 4515 2438 4560 sunt
2466 4520 2496 4557 a
2524 4519 2631 4557 non
2663 4501 2877 4556 nemine
2905 4498 3008 4567 (It),
3039 4494 3190 4548 velut
3214 4492 3423 4545 inlirma
3451 4503 3515 4542 ac
3544 4486 3749 4542 nullius

2079 4585 2127 4645 ί)
2159 4602 2280 4656 lidci
2310 4600 2377 4653 ad
2405 4607 2648 4667 agnatos,
2693 4603 2752 4649 ut
2777 4594 2948 4655 aiunt,
2976 4598 3031 4644 et
3057 4586 3285 4658 gentiles
3310 4583 3563 4650 ablegare
3589 4598 3604 4645 ;
3649 4595 3748 4633 ve-

2155 4710 2296 4758 rum,
2348 4689 2492 4759 quod
2541 4687 2657 4757 ejus
2702 4700 2838 4757 pace
2887 4681 3135 4745 dixerim,
3193 4676 3351 4733 aliter
3396 4689 3542 4738 sues,
3585 4672 3751 4727 aliter

2155 4789 2303 4844 olent
2327 4786 2509 4843 catuli.

2227 4944 2299 5035 (c)
2339 4964 2569 5019 Sanctus
2614 4958 2731 5015 Ado
2771 4958 2824 5012 itt
2868 4955 2985 5025 ejus
3028 4950 3329 5023 Martyrol.,
3374 4947 3443 5003 ad
3487 4946 3631 5002 diem
3677 4944 3747 4999 l0

2152 5038 2304 5205 Alii.)
2345 5132 2544 5185 Annot.
2578 5124 2682 5205 1.05
2710 5124 2761 5204 in
2793 5120 3100 5205 Orationarj

2154 5178 2560 5275 golﬁén'i'éijk'r'.
2586 5178 2816 5264 liturgic.
2836 5208 2959 5246 ven.
2976 5187 3125 5243 card.
3145 5183 3588 5275 Thontasii,’pa_g.

2228 5296 2297 5365 (ε)
2342 5291 2618 5348 llabentur
2662 5285 2803 5357 apud
2846 5284 3020 5355 ipsum
3050 5278 3221 5351 (Tant.
3267 5291 3339 5341 tv,
3389 5274 3459 5326 ad
3505 5273 3641 5325 diem
3676 5269 3743 5326 10

2154 5368 2611 5533 Auz’i).l.audat_ur
2657 5443 3211 5533 ejusmapographum
3262 5456 3295 5494 a
3337 5436 3445 5491 PP.
3496 5431 3740 5490 Bolland.

2155 5519 2431 5603 (1034149.,
2464 5528 2491 5599 §
2524 5524 2613 5592 12,
2637 5539 2691 5577 n.
2723 5519 2867 5589 119).

2227 5621 2305 5693 (g)
2328 5590 2555 5693 integra
2586 5590 2851 5669 habentur
2882 5608 2948 5693 ‘in
2975 5604 3322 5693 mlfrolegomz
3347 5590 3739 5693 Dia-nehin‘inzd

2154 5661 2555 5763 opiwtiiiﬁi’éf
2586 5661 2920 5740 iéiii'ﬁrd.
2975 5661 3250 5731 Thomasii
3303 5668 3540 5740 (Annot.
3608 5661 3736 5723 106,

2154 5761 2277 5836 pag.
2305 5761 2454 5830 293).

2228 5832 2306 5927 (Io)
2346 5853 2432 5907 Fr.
2476 5850 2675 5905 Bonav.
2719 5845 2915 5900 Ausina
2988 5854 3082 5897 seu
3128 5835 3218 5906 qui
3266 5832 3363 5888 sub
3406 5843 3475 5885 eo
3521 5835 3739 5881 nonnae
