4046 6364
271 356 379 434 ’σοι

1169 326 1615 424 θιδδΕΒτΑτιό
1656 366 1743 421 DE
1782 365 2064 421 DAMASO
2103 367 2193 422 ET
2233 367 2649 447 LAURENTIO.

3445 370 3551 428 602

280 492 348 547 de
376 503 480 561 qua
530 484 734 557 pridem
782 482 1011 538 diximus
1036 481 1203 545 Decii,
1258 488 1588 537 commutato
1647 489 1854 534 tantum
1883 481 1929 538 Α
1960 495 2073 533 cum
2095 481 2209 551 jam
2234 482 2353 535 inde
2375 498 2406 533 a
2435 484 2622 538 srrculo
2651 498 2787 537 nono
2811 492 3043 537 sanctum
3066 502 3158 553 pra
3184 483 3420 557 Hispana
3448 490 3549 542 Im-

280 580 516 637 auctoris
533 577 749 633 nomine
778 582 958 629 natam
989 573 1169 628 fuisse.
1202 572 1308 627 Sed
1330 573 1443 627 haec
1490 586 1679 641 parum
1712 586 1861 625 com-

348 681 431 727 rta
446 676 591 725 sunt.

348 688 431 727 rte
446 688 591 725 sunt.

277 688 485 816 pfIlllud
513 757 662 823 mihi,
682 764 739 811 ut
764 754 830 809 ad
858 769 970 809 rem
995 753 1233 819 redeam,
1254 762 1409 807 extra
1439 751 1864 806 controversiam

277 854 491 910 videtur
533 850 804 921 positum,
848 848 1007 916 longe
1054 846 1313 914 majorem
1369 846 1477 899 imo
1517 844 1675 897 aliam
1707 842 1866 896 ﬁdem

278 948 459 1001 inesse
494 941 787 998 Adonianis
838 939 1014 1004 Actis,
1074 951 1235 1005 quam
1289 937 1353 989 iis
1402 950 1523 1003 qua:
1569 951 1633 989 ex
1675 932 1864 999 Surio,

277 1039 604 1111 Apographo
632 1035 958 1101 'fxevirensi,
1003 1043 1058 1087 et
1100 1032 1358 1086 Vaticano
1403 1029 1598 1084 Codice
1628 1043 1658 1081 a
1704 1026 1865 1079 Blan-

276 1131 439 1187 chino
459 1129 707 1196 evulgato
738 1125 1050 1189 retulimus;
1083 1123 1193 1177 imo
1215 1122 1347 1176 citra
1377 1119 1574 1174 Adonis
1596 1117 1863 1185 injuriam,

276 1222 500 1278 minime
528 1220 696 1290 ipsius
735 1217 868 1271 Acta
900 1231 1020 1271 cum
1052 1213 1270 1283 reliquis
1297 1226 1415 1281 qua:
1444 1210 1604 1276 vulgo
1635 1208 1866 1262 circqu-

277 1315 520 1371 feruntur
547 1308 778 1366 conferri
818 1320 996 1375 posse,
1029 1312 1121 1358 aut
1164 1301 1531 1357 indiﬁcrenter
1576 1298 1643 1352 ad
1686 1297 1864 1352 vitiata

276 1404 526 1473 relegari.
574 1400 834 1455 Baronius
881 1411 1097 1466 quoque
1152 1394 1276 1449 dum
1326 1394 1393 1446 ab
1440 1392 1586 1445 Actis
1637 1404 1865 1458 quorum

276 1494 503 1551 exordio
539 1499 846 1545 sanctorum
878 1487 1065 1540 Abdon
1097 1494 1151 1539 et
1191 1484 1406 1539 Sennen
1455 1490 1604 1551 gesta
1648 1480 1866 1549 permit-

276 1594 465 1641 tuntur
485 1597 678 1639 cavere
726 1596 824 1635 nos
864 1579 1034 1647 jubet,
1089 1576 1268 1631 subdit
1312 1574 1571 1628 continuo
1598 1571 1672 1641 ((ι)
1708 1589 1719 1623 ;
1755 1569 1869 1624 Hoc

274 1676 471 1733 idcirce
502 1673 803 1734 dixerimus,
848 1679 903 1720 at
944 1668 1074 1721 sciat
1111 1664 1335 1736 prudens
1375 1663 1535 1716 lector
1572 1662 1663 1715 illa
1691 1678 1722 1713 a
1752 1676 1870 1731 ger-

275 1768 446 1822 manis
475 1765 642 1819 sancti
670 1761 941 1815 Laurentii
973 1759 1100 1812 actis
1132 1774 1394 1827 separare.
1439 1754 1658 1808 Frustra
1690 1763 1868 1807 autem

1970 573 2126 628 bitum
2164 575 2478 629 inveniamus
2499 577 2553 629 in
2583 575 2778 630 Adonis
2809 576 3183 649 Martyrologie
3214 580 3311 632 hac
3332 580 3433 643 die,
3464 580 3550 634 ubi

1969 665 2042 718 sic
2073 675 2271 735 martyr
2298 667 2506 736 loquens
2557 666 2817 721 inducitur
2846 684 2864 721 :
2894 683 3143 731 orm-rm
3171 685 3238 723 so
3268 685 3434 724 cenvs
3465 686 3550 724 m-

1968 772 2158 811 srsurs
2187 774 2306 823 svu,
2335 776 2592 814 EltVthVS
2623 777 2686 816 ac
2714 777 2977 817 uvrnrrvs
3012 778 3193 818 nouae.
3246 762 3313 816 Et
3342 778 3465 819 mox
3495 764 3549 818 in

1970 850 2113 902 notis
2138 850 2204 903 ad
2227 850 2427 906 Adonis
2454 851 2894 924 Martyrologium
2924 854 2992 926 (c)
3020 865 3142 925 post
3165 856 3350 925 verba,
3382 871 3553 920 ouan-

1971 962 2080 1002 rvu
2108 962 2175 999 an
2213 960 2398 1008 cexvs,
2431 953 2538 1000 etc.
2571 964 2581 999 :
2617 944 2701 999 Ex
2750 946 2827 999 his
2874 948 3195 1015 potissimum
3237 944 3550 1018 (inquiunt)
3640 930 3645 935 ‘

1969 1036 2168 1091 uocibus
2207 1047 2441 1089 sanctam
2471 1034 2810 1090 Laurentium
2838 1035 3093 1108 Hispanis
3121 1037 3378 1092 dedimus.
3410 1035 3553 1091 Alibi

1971 1138 2149 1184 autem
2177 1129 2245 1183 de
2276 1125 2438 1182 Petro
2478 1128 2572 1182 illo
2600 1128 2851 1192 diacono,
2883 1144 3043 1198 quem
3072 1127 3140 1183 de
3180 1128 3409 1183 Damaso
3438 1143 3555 1183 ser-

1968 1235 2182 1274 monem
2202 1219 2453 1273 habuisse
2473 1218 2721 1280 diximus,
2738 1218 3039 1287 loquentes,
3063 1218 3212 1273 aiunt
3238 1218 3315 1291 (ά)
3344 1237 3356 1271 :
3381 1216 3554 1281 Quan-

1969 1329 2122 1385 quam
2148 1328 2263 1366 vero
2286 1311 2607 1381 exitioratum
2635 1310 2781 1363 nobis
2811 1324 2914 1363 nor
2938 1311 3023 1374 sit,
3057 1327 3125 1363 an
3154 1311 3340 1380 aliquis
3369 1327 3434 1363 ca:
3454 1325 3555 1362 ma-

1970 1405 2181 1458 moratis
2214 1402 2380 1456 Petris
2404 1401 2704 1454 diaconibus
2729 1401 2856 1454 Acta
2879 1402 2970 1455 itla
2994 1403 3161 1455 sancti
3184 1402 3417 1466 Damasi,
3438 1417 3555 1470 qam

1972 1512 2128 1562 supra
2179 1492 2439 1562 allegabat
2488 1491 2740 1545 Baronius
2798 1494 3142 1561 conscripsit;
3200 1493 3321 1562 quia
3382 1502 3554 1546 tamen

1970 1584 2397 1638 eminentissimus
2430 1581 2519 1635 ille
2546 1581 2835 1650 aﬁirmabat
2872 1596 2933 1634 ea
2978 1582 3030 1634 in
3061 1581 3254 1635 duobus
3285 1579 3555 1636 Codicibus

1971 1676 2271 1746 pervetustis
2318 1685 2555 1735 exstare,
2610 1673 2729 1728 ideo
2778 1688 2886 1727 non
2934 1673 3301 1743 paenitendum
3346 1674 3557 1728 accedit

1971 1767 2135 1820 robur
2181 1767 2462 1820 sententia:
2510 1764 2869 1834 Hispanorum
2907 1772 3156 1820 sanctum
3208 1764 3556 1821 Laurentium

278 1860 333 1915 id
358 1859 654 1913 monuisset
698 1870 937 1910 summus
966 1852 1055 1907 ille
1084 1851 1184 1913 vir,
1216 1852 1261 1905 si
1290 1858 1382 1903 aut
1429 1849 1572 1903 nulla
1601 1856 1727 1903 tunc
1759 1862 1865 1901 non
1898 1846 1942 1907 Β
1970 1858 2071 1913 sibi
2102 1867 2352 1927 tanquam
2384 1858 2698 1928 popularem
2738 1856 3140 1912 ascribentium.

278 1954 463 2015 vittata
490 1949 821 2006 exstitissent
848 1943 1122 2000 Laurentii
1147 1944 1300 2007 Acta,
1325 1950 1417 1995 aut
1449 1940 1687 1995 omnium
1716 1951 1869 2008 teque

278 2043 437 2098 ﬁdem
468 2052 522 2096 et
548 2038 923 2094 auctoritatem
950 2035 1239 2090 sublestam
1265 2042 1426 2100 atque
1455 2031 1721 2085 inﬁrmam
1750 2043 1867 2084 cre-

280 2136 520 2192 didisset.
554 2131 751 2199 Quidni
782 2138 961 2183 autem
1008 2142 1118 2196 pra:
1158 2122 1506 2179 aliis-Adonis
1536 2121 1668 2176 Acta
1690 2122 1868 2176 since-

278 2227 423 2281 riora
455 2222 747 2293 putaverit,
794 2227 959 2287 atque
986 2216 1052 2270 ad
1091 2231 1152 2270 ea
1198 2228 1507 2270 sermonem
1556 2211 1869 2280 intenderit,

280 2336 401 2378 cum
431 2318 632 2372 nullum
664 2317 717 2369 in
749 2314 878 2384 ipsis
913 2327 979 2366 ex
1011 2309 1204 2379 triplici
1251 2307 1344 2362 illo
1373 2321 1535 2376 quem
1584 2320 1755 2375 nuper
1782 2305 1868 2359 di-

280 2414 534 2469 cebamus
584 2407 830 2463 falsitatis
876 2403 1185 2458 charactere
1236 2399 1559 2468 reperisset,
1630 2405 1686 2451 et
1738 2396 1871 2451 alias

281 2502 581 2572 simplicior
608 2498 885 2568 magisque
911 2493 1013 2549 sibi
1050 2500 1304 2548 constans
1328 2490 1400 2545 sit
1429 2488 1753 2545 narrationis
1778 2503 1869 2543 co-

287 2611 405 2651 rum
436 2591 639 2650 series?

355 2690 485 2755 Qua:
511 2698 818 2757 quanquam
849 2681 922 2735 ita
962 2680 1088 2744 sint,
1132 2678 1384 2733 nolumus
1429 2682 1635 2728 tantam
1667 2672 1872 2737 Adonis

283 2779 433 2832 Actis
474 2773 850 2829 auctoritatem
900 2767 1057 2823 tribui
1086 2767 1172 2821 cui
1222 2774 1339 2820 tuto
1385 2763 1636 2819 assentiri
1683 2778 1873 2833 possu-

282 2884 440 2935 mus;
489 2881 590 2921 nec
628 2878 816 2919 eorum
863 2859 1227 2915 testimonium
1280 2871 1403 2912 cum
1452 2855 1517 2910 iis
1562 2862 1872 2910 sanctorum

282 2969 582 3029 martyrum
622 2955 769 3017 Actis
816 2952 1072 3018 conterri,
1101 2966 1224 3021 quae
1266 2949 1333 3004 ab
1370 2948 1599 3004 oculatis
1629 2947 1873 3013 testibus,

284 3060 382 3121 aut
406 3047 725 3122 synchronis
763 3044 1074 3101 auctoribus
1100 3042 1405 3111 conscripta
1443 3038 1608 3093 fuisse
1636 3047 1873 3094 constat.

284 3146 405 3200 Non
451 3144 801 3212 desperamus
842 3146 1023 3192 tamen
1063 3134 1305 3191 saniores
1352 3132 1570 3188 criticos
1612 3132 1680 3187 ob
1708 3146 1872 3185 unam

286 3235 491 3291 Adonis
520 3231 913 3293 auctoritatem,
944 3227 1044 3282 etsi
1092 3227 1194 3280 alia
1225 3226 1508 3290 deessent,
1553 3224 1796 3277 nonnihil
1819 3224 1872 3277 in

287 3321 611 3377 sententiam
639 3334 759 3388 qua:
786 3315 1037 3387 Hispanis
1058 3314 1202 3370 favet
1222 3314 1601 3384 propensiores
1630 3313 1873 3379 futuros;

286 3414 524 3482 reliquos
553 3425 700 3476 vero,
750 3423 982 3479 quorum
1023 3422 1087 3462 ea
1137 3406 1351 3461 demum
1396 3419 1587 3473 magna
1628 3406 1876 3475 voluptas

287 3515 377 3563 est
413 3522 550 3562 nova
581 3505 634 3559 in
664 3504 853 3572 vulgus
882 3502 1162 3569 emittere,
1189 3499 1539 3563 cohibendos,
1572 3515 1641 3554 ne
1670 3501 1876 3555 scilicet

288 3600 534 3656 Adonem
565 3596 632 3650 de
676 3595 948 3650 Laurentii
997 3594 1167 3664 patria
1211 3593 1560 3647 disserentem
1594 3593 1703 3665 (cui
1734 3608 1793 3647 ea
1823 3594 1877 3646 in

288 3672 352 3747 re
380 3705 539 3745 nemo
563 3688 825 3749 hactenus
850 3686 995 3745 litem
1028 3694 1151 3737 ante
1182 3683 1533 3737 Blanchinum
1564 3683 1870 3737 intentare—

290 3790 397 3849 rat,
426 3778 837 3848 tongissimaque
865 3783 921 3829 et
949 3774 1061 3829 lere
1084 3773 1563 3843 scsquimillenaria
1594 3783 1874 3827 auctorum

290 3870 576 3928 consensio
598 3863 822 3920 miriﬁce
863 3863 1199 3933 astipulatur)
1232 3878 1336 3916 non
1366 3865 1494 3917 satis
1519 3879 1582 3917 ex
1616 3863 1718 3918 ﬁde
1757 3878 1878 3931 qure

292 3962 604 4018 historicum
643 3958 800 4013 decet
831 3958 1067 4011 locutum
1110 3956 1275 4010 fuisse
1305 3955 1575 4009 afﬁrmare
1621 3955 1878 4025 deinceps

293 4057 544 4118 audeant.

364 4146 577 4220 Optime
598 4145 649 4200 id
679 4150 1015 4215 perspectum
1044 4138 1280 4193 habuere
1302 4137 1635 4192 Bol'andiani
1666 4134 1873 4202 Patres,

293 4255 452 4310 quos,
499 4244 697 4308 prater
732 4242 1065 4289 constantem
1110 4230 1463 4300 Hispanorum
1513 4228 1875 4295 traditioncm,

292 4347 458 4386 unum
488 4327 688 4383 Adonis
712 4325 1071 4380 testimonium
1103 4323 1156 4376 in
1187 4323 1610 4392 receptissimam
1640 4321 1704 4376 de
1737 4323 1877 4375 Lau-

293 4423 452 4480 rentii
498 4422 671 4491 patria
710 4416 1033 4472 sententiam
1075 4414 1422 4485 procliviores
1463 4414 1691 4469 reddidit
1725 4432 1737 4467 :
1774 4413 1878 4469 Per

2585 1949 2812 2005 CAPUT
2850 1949 2936 2004 HI.

2151 2041 2290 2098 Novi
2312 2059 2405 2114 pro
2444 2043 2801 2114 Hispanorum
2824 2046 3078 2097 sententia
3108 2053 3339 2098 conatus.

2042 2132 2312 2188 Hactenus
2341 2151 2437 2202 pro
2484 2133 2731 2205 Hispanis
2762 2135 2942 2199 aISata,
2984 2136 3027 2189 si
3063 2135 3326 2189 Mcrendm
3364 2136 3557 2192 contu;

1972 2226 2234 2280 tationem
2264 2225 2469 2291 demas,
2502 2228 2709 2296 priores
2740 2228 2956 2282 edixere
2987 2227 3320 2282 Bollaudiani
3349 2229 3555 2283 Patres.

1973 2315 2155 2385 Neque
2177 2318 2292 2386 ipse
2318 2317 2407 2371 ubi
2427 2318 2754 2372 illustrandae
2778 2318 3050 2372 Laurentii
3080 2319 3267 2388 patri-.1:
3295 2319 3424 2372 nihil
3450 2334 3559 2374 non

1970 2407 2080 2477 jam
2112 2422 2142 2460 a
2172 2409 2394 2463 summis
2425 2407 2553 2462 viris
2582 2422 2775 2477 magno
2812 2410 3065 2478 utrinque
3114 2410 3387 2463 molimine
3439 2417 3559 2462 ten-

1973 2506 2165 2565 tatum,
2194 2500 2371 2553 omnia
2402 2511 2580 2554 tamen
2622 2501 2955 2555 conclamata
2984 2516 3105 2555 esse
3130 2500 3406 2570 comperio
3436 2518 3448 2552 :
3485 2500 3562 2553 la-

1973 2591 2161 2647 borem
2202 2593 2345 2647 hunc
2390 2594 2947 2660 nostrumjsusceptis
2995 2592 3224 2647 antehac
3272 2592 3338 2647 de
3369 2592 3559 2647 eodem

1976 2693 2294 2751 argumento
2344 2686 2462 2740 aliis
2499 2685 2939 2755 praestabiliorem
2972 2685 3085 2738 tore
3124 2698 3342 2754 Sperare
3378 2684 3558 2738 debui.

1980 2774 2174 2829 Verum
2206 2783 2402 2845 praeter
2437 2776 2651 2829 insitam
2689 2775 2890 2829 homini
2938 2776 2991 2827 in
3036 2775 3298 2828 abditiora
3337 2788 3561 2844 qumque

1976 2866 2294 2936 penetrandi
2325 2865 2704 2936 cupiditatem,
2754 2865 2883 2920 illud
2921 2866 3272 2919 vehementer
3325 2864 3562 2917 animum

1978 2972 2159 3011 meum
2186 2957 2513 3022 stimulabat,
2545 2957 2689 3025 quod
2720 2957 2772 3010 in
2802 2966 3046 3010 extremo
3081 2954 3400 3009 nostratium
3430 2953 3564 3008 scri-
3648 2996 3655 3001 .

1979 3062 2196 3125 ptorum
2242 3053 2310 3109 de
2358 3053 2631 3107 Laurentii
2673 3054 2844 3123 patria
2895 3052 3174 3120 neglectu,
3222 3050 3562 3118 adversarios

1983 3146 2114 3200 nihil
2142 3160 2249 3199 non
2274 3154 2526 3215 expertos
2555 3144 2717 3197 fuisse
2748 3144 3250 3203 auimadverterem,
3275 3156 3385 3209 quo
3413 3154 3563 3193 nova:

1980 3236 2216 3306 opinioni
2246 3235 2457 3305 pondus
2486 3242 2647 3302 atque
2677 3222 3057 3288 auctoritatem
3094 3231 3372 3286 adderent.
3425 3229 3559 3285 Num

1977 3344 2107 3382 vero
2131 3327 2297 3396 jacta,
2327 3326 2471 3395 quod
2502 3325 2680 3391 aiunt,
2728 3325 2843 3380 alea
2872 3323 3191 3393 qualequale
3220 3336 3400 3391 operae
3438 3336 3564 3391 pre-

1980 3422 2112 3475 tium
2143 3418 2359 3474 fecerim
2379 3459 2393 3485 ,
2426 3418 2689 3473 lectorum
2718 3417 2822 3472 erit
2865 3415 3141 3471 arbitrium
3188 3423 3352 3482 atque
3378 3412 3563 3467 existi—
3592 3414 3595 3415 ⁷

1979 3513 2167 3566 matio.

2050 3604 2229 3657 Primo
2259 3610 2439 3657 autem
2469 3602 2707 3656 omnium
2736 3600 2854 3654 loco
2875 3598 3012 3653 scire
3039 3597 3298 3651 debemus
3326 3595 3426 3651 sub
3460 3594 3563 3647 ini-

1980 3696 2109 3748 tium
2141 3694 2317 3749 saeculi
2343 3710 2437 3759 vn,
2469 3693 2657 3747 saltem
2690 3691 2756 3745 ab
2792 3706 2933 3744 anno
2963 3704 3225 3751 ncxxxm,
3260 3702 3366 3755 quo
3398 3686 3561 3740 Toleo

1980 3796 2162 3840 tauum
2218 3785 2503 3839 concilium
2552 3800 2604 3838 1v
2648 3784 2746 3838 sub
2794 3779 3092 3835 Sisenando
3139 3777 3561 3844 Wisigolhorunt

1979 3890 2106 3944 rege
2136 3876 2374 3929 habitum
2415 3875 2578 3929 fuisse
2606 3879 2818 3927 constat
2860 3870 2951 3940 (e),
2991 3871 3152 3923 ritum
3183 3868 3562 3923 celebrationis

1981 3968 2287 4032 missarum,
2324 3975 2484 4033 atque
2506 3964 2646 4018 adeo
2667 3963 2932 4017 missalem
2961 3977 3056 4016 seu
3080 3960 3560 4015 sacramentarium

1980 4057 2236 4112 Codicem
2266 4072 2372 4127 quo
2405 4056 2656 4111 Ecclesiae
2681 4054 2948 4124 Hispania:
2977 4053 3284 4117 utebantur,
3320 4053 3365 4107 si
3394 4068 3559 4107 unum

1980 4158 2072 4203 aut
2094 4149 2319 4203 alterum
2345 4148 2613 4219 peculiare
2639 4145 2831 4202 festum
2862 4147 3091 4201 ritumve
3121 4146 3375 4214 excipias,
3412 4161 3563 4200 eum-

1980 4241 2102 4296 dem
2140 4240 2359 4295 omnino
2403 4240 2567 4295 fuisse
2611 4247 2773 4310 atque
2815 4240 2860 4294 is
2897 4255 3058 4309 quem
3104 4238 3293 4294 Gallia:
3322 4237 3561 4293 Gothiae

1980 4348 2076 4387 seu
2116 4332 2474 4388 Narbonensis
2520 4331 2809 4397 Ecclesiae,
2859 4348 3067 4387 necnon
3116 4336 3231 4399 ejus
3259 4331 3558 4399 Aquitaniae

1985 4433 2183 4481 tractus
2212 4426 2304 4494 qui
2337 4424 2587 4495 Hispanis
2610 4435 2738 4480 tunc
2767 4426 2979 4493 regibus
3008 4424 3226 4493 parebat
3257 4423 3323 4477 ad
3348 4438 3555 4477 sacram

292 4531 387 4569 ηοδ
419 4513 686 4585 (inquiunt
714 4508 820 4582 [θ])
854 4506 1057 4607 ταῖηείξί
1082 4507 1135 4558 ίη
1165 4513 1403 4574 Ρνοηιριυ
1445 4504 1874 4613 ἰοηι¹ιαὺξξιηηιδν
1906 4554 1954 4613 D
1984 4515 2249 4583 liturgiam
2275 4515 2638 4581 adhibebant;
2673 4525 2830 4584 prout
2860 4532 2923 4569 ex
2950 4514 3191 4583 ejusdem
3216 4513 3428 4569 concilii
3458 4529 3553 4567 au-

292 4621 406 4677 quce
452 4603 708 4669 vellemus,
752 4596 1108 4668 antiquissima
1150 4596 1440 4648 testimonia
1470 4594 1648 4665 quibus
1682 4594 1875 4663 Hispa-

292 4712 477 4763 norum
507 4691 774 4759 traditioui
802 4706 862 4742 ac
890 4688 1198 4757 possessioni
1228 4687 1642 4756 patrocinemur;
1658 4703 1749 4755 per
1764 4703 1876 4748 nos,

292 4795 526 4863 inquam,
574 4806 675 4843 non
714 4785 870 4841 stabit
912 4784 1181 4854 quominus
1221 4782 1306 4850 pia
1340 4778 1697 4848 Hispanorum
1739 4780 1880 4834 natio

292 4891 531 4939 sanctum
575 4879 913 4945 Laurentium
963 4893 1055 4945 pro
1084 4891 1175 4929 suo
1207 4873 1419 4935 habeat,
1453 4881 1695 4943 tanquam
1732 4888 1880 4925 suum

293 4978 512 5040 invocet,
535 4990 595 5027 ac
617 4971 874 5026 constanti
897 4968 1145 5039 religione
1172 4966 1336 5027 calere
1360 4972 1570 5035 pergat;
1597 4965 1881 5033 praesertim

370 5153 449 5223 (a)
478 5151 547 5223 1n
566 5158 680 5223 not.
708 5147 774 5202 ad
810 5144 1109 5223 Martyrum
1142 5144 1245 5223 litt.

367 5211 443 5295 ibi
468 5218 714 5295 Addiem
746 5235 777 5272 ι
802 5211 966 5295 Aug.)-
995 5216 1022 5287 ς
1056 5232 1109 5295 ξ,
1140 5232 1193 5295 n.
1227 5214 1328 5295 ltiti
1357 5212 1455 5295 sub
1483 5211 1661 5295 linem.

368 5280 602 5366 icisse.
632 5290 748 5355 die,
778 5287 879 5343 sub
902 5280 1030 5342 uti:
1052 5284 1182 5339 Acta
1212 5283 1339 5349 alia,
1371 5285 1471 5337 tm.
1499 5284 1563 5345 ελ.
1591 5280 1688 5336 ea.
1718 5280 1829 5335 ven
1860 5323 1876 5347 ,

333 5362 570 5420 au.520.

294 5384 362 5439 pa
407 5405 421 5418 .
444 5384 570 5417 azu.

368 5384 450 5504 ῗά)
473 5433 553 5504 Ad
580 5432 779 5504 diem},
808 5428 969 5498 Aug.,
1002 5426 1029 5498 ᾗ
1062 5442 1114 5491 x,
1143 5442 1200 5479 n.
1235 5424 1357 5478 10$.

393 5492 446 5576 ej
465 5492 1084 5576 Suspicarippossumus,
1120 5511 1239 5550 eam
1281 5509 1447 5574 saera:
1471 5492 1713 5574 "largita
1740 5492 1881 5576 inter

295 5561 1064 5646 Hisp'anos'etGall'ooGothos
1087 5564 1520 5646 communionem
1558 5562 1668 5629 jam
1702 5561 1822 5615 inde
1847 5578 1876 5615 a

298 5632 354 5708 iit
377 5632 604 5701 doneilio
621 5640 882 5695 Toletano
910 5640 1008 5693 sub
1029 5637 1136 5708 Rec
1153 5632 1300 5708 uredo
1326 5634 1393 5686 ad
1421 5649 1877 5708 annumntxsxtx

296 5701 481 5774 habito
502 5711 850 5777 descendere,
886 5719 942 5764 ut
971 5708 1023 5763 in
1055 5706 1294 5774 ejusdem
1324 5719 1530 5759 canone
1556 5704 1592 5755 2
1623 5701 1768 5756 innui
1794 5704 1874 5757 vi-

294 5790 631 5931 “Gitone.
667 5850 986 5910 Toletau.1v
1015 5848 1113 5906 sub
1142 5846 1434 5904 Sisenando
1459 5860 1582 5903 ann.
1617 5860 1854 5900 DCXXX!"

1980 4606 2229 4663 ctoritate
2267 4606 2332 4679 (f)
2378 4609 2664 4678 peritiores
2712 4608 2939 4675 liturgici
2983 4607 3095 4677 (g),
3146 4622 3176 4660 a
3221 4607 3417 4675 quibus
3459 4622 3559 4663 nec

1981 4700 2307 4756 Blanchinus
2335 4703 2583 4757 dissentit
2610 4701 2709 4772 (Ii),
2743 4716 3031 4770 agnovere.

2052 4793 2118 4847 Et
2155 4793 2283 4847 illud
2309 4795 2583 4849 sciendum
2627 4794 2783 4849 nobis
2812 4804 2922 4860 εει,
2958 4793 3227 4848 missalem
3257 4792 3558 4849 Gothorum

1979 4882 2230 4938 Codicem
2257 4885 2473 4954 proprie
2506 4885 2727 4952 dictum,
2752 4884 2804 4939 id
2832 4894 2935 4951 est,
2964 4900 3071 4955 quo
3098 4900 3195 4954 per
3222 4899 3284 4939 ea
3317 4893 3557 4954 tempora

1980 4975 2356 5047 Hispaniarum
2387 4977 2641 5033 Ecclesiae
2678 4979 2983 5045 utebantur,
3034 4994 3144 5034 non
3183 4979 3359 5033 minus
3394 4992 3557 5049 quam

1980 5211 2099 5248 cum
2128 5191 2277 5258 alibi,
2309 5197 2420 5258 tum
2451 5184 2684 5258 maxime
2708 5196 2830 5258 can.
2863 5179 2930 5232 l5
2957 5178 3046 5258 _ibi
3079 5179 3230 5258 :_§ed
3258 5178 3374 5249 pari
3403 5179 3558 5258 modo

1984 5265 2245 5334 llispanta
2264 5248 2555 5334 'Qalliaque
2578 5257 2617 5334 _(
2641 5251 3000 5334 Narbonensis
3031 5248 3236 5305 scilicet
3261 5248 3379 5318 Quae
3407 5248 3557 5306 Sise-

1981 5325 2156 5390 nando
2185 5328 2438 5401 parebat)
2466 5325 2700 5401 celebret.

2053 5386 2320 5490 uitiari
2342 5386 2541 5490 ,ἐξείπω
2572 5395 2701 5478 ‘3"-
2732 5386 3556 5490 Ρίίὲτὲἓλξηλίδίηιληοειτὲς,ἒΞε

1983 5494 2036 5531 n.
2056 5458 2137 5539 ‘5';
2168 5471 2315 5529 card.
2342 5458 2709 5539 Tliomasius,
2732 5461 2970 5539 iu_Praef.
3001 5470 3130 5539 tot_n_.
3166 5462 3229 5515 Vt
3254 5458 3557 5539 denblissnli

1980 5528 2527 5603 Gothico-Gallicam
2574 5528 2715 5605 apud
2746 5532 3021 5605 iMurator.
3070 5528 3558 5605 Liturgfjlomana
3608 5600 3613 5605 _

1983 5599 2165 5679 véius;
2191 5599 2325 5668 mm.
2359 5610 2421 5675 ιι,
2451 5623 2571 5679 pag.
2592 5599 2713 5679 διδ,
2742 5604 3076 5660 Mabillouius
3097 5604 3149 5657 in
3181 5599 3333 5656 Prtet‘.
3367 5599 3559 5653 Sacra-

1980 5678 2222 5742 mentarii
2246 5678 2525 5744 Gallicani,
2558 5697 2610 5735 n.
2646 5678 2697 5733 4.
3175 5743 3186 5748 _
3268 5744 3277 5748 _
3410 5737 3467 5748 Μ

2054 5737 2354 5827 (ῙιξᾸίιιιοι.
2403 5737 2588 5807 κη’ἱιι
2634 5748 3027 5807 Orationarium
3080 5743 3354 5812 antiquiss.
3410 5737 3560 5791 Ritus

1981 5831 2122 5889 Goth
2152 5871 2165 5896 ,
2201 5842 2316 5897 pag.
2355 5839 2491 5879 cur.
3108 5852 3113 5855 -
