4046 6364
277 363 383 422 005
1168 364 1613 425 DlSSERTATIO
1656 367 1741 422 DE
1786 367 1849 422 ω

1955 365 2061 423 tSO
2102 365 2191 422 ET
2232 365 2648 424 LAURENTIO.
3461 374 3569 434 ωδ

275 475 515 534 dentium
543 474 865 546 locupletem
894 485 1087 531 testem
1110 477 1556 548 adducimus,qui
1580 488 1870 550 postquam
1903 483 1950 544 Α
1978 481 2151 539 ritatis
2177 483 2355 554 specie
2380 483 2636 539 destituta
2663 483 2847 554 sunt);
2878 484 3044 542 altum
3077 486 3205 544 item
3234 504 3266 545 a
3303 506 3472 561 puero
3510 504 3569 552 et

274 567 458 641 inclyti
504 567 753 637 martyris
791 568 1094 637 passionem
1125 568 1523 637 elegantissime
1572 571 1872 642 descripse-

274 669 377 725 rat,
408 658 641 730 sep‘uleri
680 658 892 714 laudem
926 659 1010 729 pie
1055 658 1314 715 Romanis
1362 661 1586 725 invidet,
1618 663 1872 734 quodque

272 764 430 805 sacra
477 749 645 818 ipsius
689 764 809 805 ossa
864 762 1159 820 prmsentes
1204 753 1452 808 venerari
1500 762 1743 823 possent.
1789 754 1869 813 En

275 841 439 896 verba
470 840 748 896 Prudentii
781 840 856 911 (α)
892 863 904 896 ;

587 954 653 1021 9!
681 962 778 1021 ter,
803 962 1099 1021 quaterque,
1126 963 1178 1007 et
1195 958 1386 1019 septies

583 1016 921 1067 Beattts'urlﬁis
942 1016 1116 1078 incola,

585 1080 675 1137 Qui
700 1088 750 1128 te
776 1078 1079 1141 (Laurenti),
1104 1092 1159 1127 ac
1185 1087 1379 1131 tuorum
1398 1083 1618 1132 cominus

586 1141 767 1191 Sedem
792 1141 1014 1191 celebrat
1034 1143 1235 1195 ossium.

271 1215 341 1271 Et
369 1221 560 1291 paucis
587 1223 886 1291 iiiterjectis
907 1239 928 1279 :

583 1314 681 1377 Sed
704 1316 785 1376 qui
808 1328 1030 1363 caremus
1048 1314 1127 1363 his
1147 1315 1307 1377 bonis,

582 1376 686 1425 Nec
713 1379 963 1437 sanguinis
988 1380 1191 1437 vestigia

582 1437 765 1485 Videre
787 1451 947 1486 coram
975 1452 1248 1498 possumus,

584 1498 767 1548 Culum
792 1502 1038 1549 ibtitemur
1065 1504 1275 1550 eminus.

342 1598 423 1653 Ad
452 1599 584 1654 Acta
611 1600 886 1655 Laurentii
928 1602 1074 1671 quod
1122 1603 1350 1671 attinet,
1381 1602 1626 1658 dubitant
1667 1605 1863 1660 merito

266 1692 433 1747 iideni
473 1691 662 1749 Patres
690 1692 795 1765 (ὁ),
839 1710 966 1748 num
1005 1694 1259 1763 primaeva
1302 1703 1357 1750 et
1395 1697 1630 1764 genuina
1663 1697 1861 1751 sat-culo

265 1788 463 1857 quinto
484 1786 666 1842 Romae
694 1797 787 1842 aut
806 1787 1001 1843 alicubi
1030 1788 1364 1849 exstiterint;
1390 1798 1448 1843 ut
1468 1789 1553 1843 vel
1576 1789 1702 1844 hinc
1727 1805 1860 1845 con-

259 1877 436 1948 jicere
473 1877 585 1948 jam
634 1879 899 1949 possimus
926 1893 988 1933 ea
1030 1894 1139 1932 non
1184 1894 1356 1948 usque
1401 1878 1538 1933 adeo
1567 1887 1775 1934 mature
1807 1880 1859 1936 in

265 1971 513 2025 ultimam
566 1969 884 2039 Hesperiam
949 1969 1252 2025 devenisse.
1317 1968 1530 2024 Scimus
1599 1979 1860 2039 praeterea

266 2062 642 2123 Laurentium,
669 2063 715 2118 si
755 2077 989 2133 unquam
1019 2076 1087 2117 ex
1133 2062 1388 2131 Hispania
1438 2070 1620 2117 nostra
1666 2061 1858 2130 pedem

263 2158 527 2213 extulisse
556 2157 853 2213 adversarii
885 2158 1043 2215 nobis
1066 2157 1406 2223 concedunt,
1453 2172 1728 2227 nunquam
1760 2174 1860 2213 eo-

261 2248 388 2303 dem
419 2263 722 2318 regressum
752 2251 915 2306 fuisse
946 2253 1093 2322 (nam
1125 2265 1247 2318 qute
1275 2265 1382 2304 non
1413 2264 1572 2304 nemo
1598 2248 1666 2304 de
1694 2249 1860 2320 ipsius

262 2346 323 2393 et
358 2338 495 2394 Sixti
525 2354 677 2410 papa:
706 2339 987 2396 itineribus
1014 2339 1298 2406 fabulatur,
1331 2338 1478 2394 omni
1506 2354 1726 2411 prorsus
1760 2354 1857 2395 ve-

336 2493 414 2565 (η)
443 2492 663 2563 Stroph.
696 2493 819 2557 l33,
851 2510 994 2549 vers.
1034 2492 1160 2550 529.

336 2563 413 2633 (ὁ)
443 2565 520 2618 Ad
548 2566 690 2635 diem
708 2582 752 2619 -x
780 2566 941 2632 Aug.,
975 2565 1003 2635 §
1036 2580 1129 2629 xu,
1161 2581 1214 2619 η.
1240 2563 1366 2619 123.

339 2634 412 2705 (c)
444 2634 576 2690 Vide
606 2633 742 2689 infra
784 2633 997 2690 tertiam
1048 2644 1298 2690 notarum
1329 2633 1452 2690 huic
1493 2634 1858 2692 dissertationi

330 2705 365 2759 b
396 2706 765 2759 Addendorum
791 2705 1007 2759 nomine
1033 2707 1383 2759 aduexarum.
1428 2704 1581 2759 Eutr.

262 2720 365 2760 ειη)
396 2720 765 2759 docendorum
791 2721 1007 2759 DODIIIIO
1033 2720 1383 2759 aunexarum.
1428 2720 1581 2759 ILDIT.

338 2776 415 2846 (Δ)
445 2776 569 2831 Scio
599 2775 866 2846 eruditiss.
894 2774 954 2829 P.
978 2776 1132 2846 Ales.
1159 2774 1351 2831 Lesleo
1381 2775 1617 2837 iPrarfat.
1646 2775 1854 2846 Missa].

261 2844 564 2913 Mo'zarabq
615 2845 643 2968 β
687 2863 803 2912 xvr,
846 2862 992 2901 num.
1044 2844 1173 2968 2952
1213 2861 1320 2900 non
1352 2847 1590 2913 probari,
1644 2844 1858 2902 Missale

261 2916 550 2968 Gothicum
598 2932 665 2968 te
705 2932 813 2968 aiio
858 2917 1063 2968 animus
1103 2931 1151 2968 at
1221 2917 1453 2968 aliquam
1501 2932 1569 2968 ex
1595 2912 1855 2968 Gothico-

260 2912 555 2971 Gothicum’
598 2912 665 2986 de
705 2932 813 2985 quo
858 2917 1063 2983 agimus
1103 2912 1171 2970 ad
1221 2912 1453 2986 aliqUam
1501 2932 1569 2970 ex
1595 2912 1855 2986 Gothico-

260 2986 557 3040 Callieanis
595 2985 869 3047 Ecclesiis.
914 2988 1008 3043 sed
1053 2987 1228 3056 potius
1268 2985 1335 3040 ad
1365 2987 1588 3042 Calliam
1620 2985 1857 3040 Franco-

259 3072 383 3110 rum
411 3056 638 3125 imperio
666 3057 933 3113 subditam
964 3058 1317 3126 pertinuisse;
1351 3056 1516 3126 idque
1542 3072 1607 3111 ex
1650 3056 1856 3111 tridua-

258 3142 454 3181 narum
480 3127 822 3195 rogationum
850 3137 978 3183 ante
1018 3127 1403 3183 Ascensioneni
1433 3144 1565 3193 usu;
1595 3136 1757 3196 atque
1787 3142 1854 3182 ex

1890 1836 1936 1896 Β

1971 573 2258 630 educatum
2287 574 2496 644 Romae,
2525 584 2688 646 atque
2716 576 2913 633 ibidem
2942 579 3117 636 levita:
3145 581 3367 651 gradum
3396 593 3453 640 et
3480 602 3568 642 ar-

1970 664 2274 722 chidiaconi
2303 666 2621 738 dignitatem
2650 668 2940 738 adeptum;
2989 686 3208 741 passum
3246 673 3476 747 denique
3502 693 3568 736 ac

1971 757 2287 813 tumulatum
2316 758 2369 813 in
2402 756 2545 815 Urbe
2572 778 2584 814 :
2618 775 2843 829 prorsus
2871 771 2932 817 ut
2958 763 3003 818 si
3045 765 3275 833 patriam
3302 768 3562 838 excipias,
3608 786 3611 787 ν

1968 861 2144 916 neque
2177 848 2394 920 llispani
2424 849 2526 921 ipsi
2548 849 2876 908 difﬁteamur
2900 862 3095 911 caztera
3116 854 3418 915 Romanum
3448 859 3566 919 fore

1968 939 2325 997 Laurentium
2362 946 2456 1014 rc).

2036 1055 2392 1114 Nihilominus
2419 1069 2596 1116 tamen
2626 1060 2680 1116 in
2709 1076 2777 1117 eo
2813 1076 2976 1132 quem
3016 1079 3189 1135 nuper
3233 1066 3551 1124 dicebamus

1965 1148 2521 1209 Gothico-Gallicana
2565 1154 2850 1211 missarum
2897 1155 3121 1223 Codice,
3168 1174 3329 1229 quem
3360 1158 3561 1231 Hispa-

1968 1242 2450 1325 niensem,‘saltem
2489 1243 2728 1316 Hispano
2758 1246 2976 1303 altiuem
3014 1263 3122 1303 non
3166 1250 3439 1306 immerito
3467 1268 3563 1323 ap-

1964 1332 2167 1403 pellare
2210 1350 2496 1405 possumus
2521 1336 2635 1408 (ά),
2686 1352 2808 1393 cum
2847 1353 2950 1394 nec
2978 1339 3242 1395 Vincentii
3286 1340 3464 1397 levita:
3494 1358 3561 1399 ac

1964 1426 2217 1497 martyris
2246 1426 2625 1493 celeberrimi;
2674 1444 2775 1485 nec
2810 1428 3028 1497 Felicis,
3059 1432 3150 1500 qui
3196 1429 3465 1487 Gerunda:
3492 1434 3562 1490 ad

1964 1516 2158 1571 clivum
2177 1516 2413 1589 Pyrenzei
2435 1519 2653 1583 montis,
2670 1519 2929 1589 ipsasque
2951 1521 3088 1576 adeo
3111 1518 3359 1576 Gallix-C
3369 1523 3563 1578 othicae

1964 1605 2146 1664 fauces
2191 1621 2397 1682 martyr
2448 1611 2745 1678 occubuit;
2800 1627 2903 1668 nec
2947 1612 3254 1681 Cucusatis,
3310 1614 3403 1682 qui
3451 1629 3562 1669 non

1963 1700 2122 1769 longe
2148 1717 2178 1756 a
2209 1701 2543 1769 Barcinone;
2576 1719 2751 1773 neque
2782 1704 3087 1774 Fructuosi,
3118 1706 3346 1775 Augurii
3376 1714 3431 1761 et
3457 1705 3561 1760 Eu-

1964 1790 2122 1860 logii,
2182 1792 2273 1863 qui
2326 1792 2635 1849 Tarracone
2684 1796 2827 1865 passi
2877 1795 3060 1862 fuere;
3115 1811 3291 1867 neque
3339 1795 3559 1851 demum

1964 1881 2184 1937 alterius
2207 1898 2275 1938 ex
2304 1882 2685 1940 illustrioribus
2707 1884 2958 1955 Hispanis
2989 1887 3312 1959 martyribus
3342 1888 3562 1957 (prmter

1967 1988 2127 2028 unam
2152 1973 2413 2029 Eulaliam
2452 1975 2894 2048 Emeritensem),
2946 1976 3181 2032 ollicium
3213 1978 3461 2044 Missave,
3493 1994 3561 2035 ac

1960 2078 2029 2117 ne
2051 2065 2256 2121 mentio
2281 2066 2496 2137 quidem
2526 2068 2580 2121 in
2628 2070 2939 2123 eorumdem
2980 2070 3236 2125 natalitiis
3266 2071 3556 2136 habeatur;

1960 2147 2013 2207 Hi
2041 2169 2108 2211 eo
2149 2156 2363 2225 inquam
2410 2156 2611 2213 Missali
2660 2157 2988 2214 Laurentius
3028 2169 3234 2226 noster,
3269 2161 3461 2216 nedum
3502 2161 3559 2217 in

1958 2248 2178 2318 proprio
2206 2248 2378 2304 Natali
2405 2248 2662 2321 peculiari
2694 2252 2856 2305 missa
2899 2251 3228 2315 celebratur,
3261 2250 3405 2321 quod
3446 2266 3556 2307 non

1958 2354 2130 2410 usque
2172 2340 2308 2396 adeo
2349 2341 2654 2396 mirandum
2701 2340 2874 2409 foret;
2925 2341 3022 2399 sed
3060 2342 3115 2397 in
3160 2342 3311 2398 festis
3337 2356 3555 2411 quoque

1959 2490 2189 2564 triduani
2208 2491 2399 2561 jejuuii
2428 2492 2490 2547 D.
2516 2492 2754 2564 Isidorus
2775 2492 2891 2564 (lib.
2922 2494 3027 2548 tde
3048 2490 3553 2564 ecclesiast.0flic.,

1959 2578 2081 2631 cap.
2123 2562 2268 2633 40):
2296 2566 2413 2633 ised
2441 2566 2543 2619 hoc
2576 2564 2643 2618 ab
2696 2562 2948 2633 Hispanis
2982 2571 3112 2633 post
3141 2563 3550 2633 Ascensionem,

1960 2633 2069 2686 imo
2116 2632 2263 2703 post,
2294 2632 2647 2691 Pentecosten
2679 2632 3049 2703 observatum,
3074 2633 3259 2698 fuisse,
3311 2632 3553 2702 locuples

1958 2702 2219 2775 testisest
2248 2702 2469 2758 Walafr.
2500 2704 2697 2759 Strabo
2725 2704 2825 2775 (De
2845 2702 3178 2775 Reb.iEccl..
3204 2719 3325 2775 ean.
3358 2703 3551 2775 ‘28,).—

1955 2771 2075 2843 Non
2094 2774 2234 2842 jugis
2264 2783 2443 2829 autem
2474 2790 2538 2828 ac
2570 2789 2667 2843 per
2694 2771 2838 2828 totos
2866 2773 3362 2843 quadraginta_dies
3406 2774 3553 2839 Qua-

1959 2841 2274 2912 dragesimte
2300 2841 2627 2909 observatio,
2678 2841 3006 2911 viguissetne
3040 2841 3093 2897 in
3119 2859 3181 2898 ea
3211 2841 3448 2898 Ecclesia
3478 2845 3548 2899 ad

1958 2926 2118 2984 quam
2150 2915 2333 2969 Codex
2377 2916 2445 2969 de
2487 2930 2596 2982 quo
2636 2914 2905 2982 loquimur
2952 2913 3229 2984 pertinuit,
3280 2914 3549 2984 incertum

1959 2982 2118 3053 plane
2144 2994 2259 3051 est;
2290 2986 2399 3039 imo
2428 2985 2662 3039 arbitror
2712 3000 2819 3039 non
2876 2982 2995 3053 plus
3036 2984 3089 3038 in
3120 2984 3445 3053 ipsa,7quam
3478 2982 3549 3037 36

1958 3052 2146 3108 diebus
2174 3054 2493 3110 esurialibus
2536 3054 2591 3108 id
2625 3052 2908 3123 jejunium,
2940 3055 3085 3123 sicut
3100 3052 3156 3109 et
3181 3054 3231 3107 in
3264 3052 3550 3121 Hispania-

1958 3138 2074 3177 rum
2094 3123 2370 3192 Ecclesiis,
2392 3122 2731 3189 constitisse;
2756 3126 2884 3180 alias
2902 3126 2952 3179 in
2980 3140 3045 3180 eo
3060 3122 3258 3179 Codice
3281 3122 3547 3191 jejunium

262 3213 371 3278 non
398 3196 534 3279 jugi,
555 3192 624 3252 ac
652 3213 752 3279 per
803 3206 947 3253 totos
985 3199 1335 3279 quadraginta
1374 3197 1512 3279 dies,
1543 3192 1855 3268 Quadrage-
1879 3192 1927 3257 ϐ
1958 3208 1989 3247 a
2017 3194 2152 3279 feria
2179 3212 2233 3250 1v
2272 3204 2396 3251 ante
2450 3197 2675 3278 primam
2712 3195 3043 3279 Dominicam
3088 3193 3546 3279 Quadragesirnm,

258 3266 882 3341 simaliobservatione,
932 3284 1052 3336 qua:
1084 3266 1224 3341 duo:
1249 3267 1390 3337 apud
1439 3266 1705 3341 Hispanos
1745 3266 1849 3341 non

259 3338 561 3392 obtinuisse
605 3340 835 3403 asserit;
875 3354 996 3394 cum
1048 3338 1264 3393 aliunde
1310 3347 1497 3394 notum
1536 3338 1607 3392 sit
1631 3338 1849 3393 eosdem

258 3408 398 3479 ritus
449 3408 843 3463 ecclesiasticos
892 3409 949 3479 in
1003 3408 1256 3479 Hispania
1309 3418 1470 3477 atque
1516 3409 1853 3465 Narbonensi

259 3477 432 3547 Callia
471 3494 502 3531 a
545 3479 758 3533 concilii
789 3496 840 3533 tv
888 3477 1131 3533 Toletani
1187 3480 1516 3547 temporibus
1563 3488 1853 3546 usurpatos

258 3546 444 3619 fuisse.
480 3548 659 3609 Longe
690 3558 868 3603 tamen
898 3549 1227 3619 probabilior
1253 3545 1406 3603 nobis
1428 3549 1637 3619 videtur
1665 3545 1848 3605 cardd.

257 3616 425 3671 Bome
465 3633 528 3673 ac
576 3619 871 3683 Thomasii,
902 3616 1008 3674 'nec
1055 3636 1162 3673 nou
1216 3619 1529 3681 Mabillonii,
1577 3618 1849 3683 Lebt'unii,

258 3686 539 3759 Blanchini
569 3694 767 3744 Annot.
798 3706 871 3752 vr,
902 3703 1023 3756 pag.
1057 3706 1201 3757 cxu,
1252 3698 1307 3742 et
1339 3690 1706 3759 liturgicorum
1734 3692 1852 3759 opi-

260 3757 374 3827 nio,
403 3759 492 3827 qui
522 3773 714 3813 omnes
737 3776 858 3814 eum
889 3759 1145 3816 Codicem
1176 3761 1293 3815 sine
1320 3757 1689 3815 controversia
1715 3757 1852 3814 Nar-

258 3826 486 3899 bonensi
514 3828 698 3883 Gallia:
726 3830 1040 3899 inscriptum
1077 3840 1238 3899 atque
1264 3830 1577 3884 attributum
1603 3831 1848 3897 voluere,

260 3896 422 3970 idque
452 3914 559 3953 non
598 3907 843 3970 Atantumﬁ
881 3896 946 3955 ex
992 3896 1212 3970 prmtiio
1256 3900 1567 3955 recentiore
1619 3896 1850 3954 Missalis

235 3965 468 4021 Comici
495 3968 671 4035 titnio,
694 4038 699 4039 ί
722 3978 780 4023 ιιι
823 3965 1042 4025 Lesleus
1072 3971 1296 4034 asserit,
1328 3970 1427 4039 sed
1444 3986 1511 4024 ex
1534 3970 1697 4023 variis
1727 3985 1847 4039 pre-

257 4039 565 4094 cationibus
591 4054 654 4094 ex
685 4038 881 4094 Missali
910 4039 1144 4095 Gothico
1174 4042 1227 4095 in
1258 4055 1380 4095 eum
1400 4038 1654 4093 Codicem
1679 4047 1850 4093 trans-

256 4106 415 4172 latis;
457 4117 621 4181 atque
649 4125 715 4164 ex
744 4109 1141 4166 Gallicanarum
1188 4109 1515 4181 synodorum
1545 4124 1683 4181 cum
1729 4109 1847 4181 ipso

260 4179 641 4249 consensione,
683 4195 843 4249 quam
885 4195 953 4235 ex
1005 4178 1327 4248 Agathensis
1355 4180 1454 4234 sub
1497 4178 1715 4249 Alarico
1736 4179 1851 4249 Co-

261 4247 477 4301 thorum
508 4264 634 4317 rege
668 4247 732 4303 ad
763 4265 959 4305 annum
990 4247 1076 4305 nvi
1105 4252 1410 4313 celebratm,
1442 4264 1648 4304 canone
1697 4248 1766 4302 13
1792 4257 1849 4303 et

258 4317 349 4382 ‘50,
375 4317 691 4375 Thomasius
720 4320 866 4375 elicit
890 4337 904 4384 ;
946 4337 1046 4376 nec
1067 4336 1172 4375 non
1196 4336 1262 4375 ex
1288 4321 1403 4374 aliis
1443 4320 1770 4387 argumentis
1791 4328 1848 4374 et

258 4388 586 4454 COIIjCClUI‘iS
629 4406 748 4461 qua:
800 4390 940 4461 apud
986 4393 1130 4461 ipsos
1176 4391 1345 4445 videri
1399 4397 1644 4461 po-sunt.
1703 4388 1847 4444 Sane

261 4471 409 4530 vero,
442 4458 950 4530 prmter'lmurentii
981 4458 1170 4527 nostri,
1198 4461 1443 4530 Sixtique
1471 4468 1527 4515 et
1570 4458 1845 4529 Hippolyti

256 4529 501 4582 natalitia
528 4531 580 4583 in
601 4546 667 4586 eo
693 4531 759 4585 de
778 4547 893 4601 quo
918 4534 1124 4601 agimus
1168 4529 1367 4596 Codice
1393 4546 1679 4601 expressa,
1718 4546 1845 4595 quo-

256 4613 378 4652 rum
428 4601 626 4653 nullum
676 4602 727 4654 in
776 4600 1120 4667 Luxov’iensi,
1162 4601 1508 4666 Francorum,
1562 4600 1842 4667 Boviensi;

259 4682 439 4738 neque
495 4671 548 4725 in
590 4669 871 4726 Gallicana
910 4673 1137 4737 Vetere,
1190 4673 1256 4726 ad
1311 4670 1512 4726 Gallias
1558 4671 1839 4738 Celticam,

257 4734 551 4806 Belgicam,
605 4749 662 4794 et
717 4741 1028 4797 Francicam
1086 4734 1478 4809 pertinentibus
1528 4734 1838 4808 reperitur;

256 4822 427 4862 unum
474 4810 602 4864 mihi
648 4809 867 4866 Eulaliae
918 4811 1264 4867 Emeritensis
1315 4811 1507 4865 festum
1556 4810 1607 4864 in
1651 4812 1845 4865 eodem

260 4875 491 4933 Gothico
521 4879 719 4935 Missali
748 4882 1101 4943 celebratum.
1143 4897 1261 4937 cum
1292 4881 1345 4936 in
1387 4879 1843 4935 Gallo-Francicis

256 4947 548 5020 Codicibus
576 4951 728 5019 (licet
767 4952 898 5007 alias
912 4951 1206 5018 ’Eulaliaiu,
1235 4952 1434 5020 claram
1461 4948 1843 5020 quoque_apud

257 5016 443 5072 Gallos
470 5016 654 5084 fuisse,
691 5023 938 5077 Venantii
969 5016 1245 5077 Fortunati
1295 5029 1350 5075 et
1397 5016 1639 5090 Gregorii
1671 5016 1845 5075 Turo-

259 5092 444 5163 nensis
497 5092 805 5163 testimonio
848 5094 1105 5163 sciamus)
1136 5092 1301 5163 altum
1324 5091 1421 5163 Ade
1450 5106 1513 5163 ea
1555 5090 1792 5163 _sileatur
1824 5106 1838 5143 :

198 5151 235 5177 ⁸
259 5157 531 5214 indubiam
562 5177 699 5230 pene
738 5162 895 5215 ﬁdem
941 5151 1098 5225 fa’cit,’
1139 5162 1189 5215 id
1230 5177 1295 5215 ex
1324 5160 1513 5215 Missali
1543 5158 1842 5215 Gothorum

260 5232 479 5297 proprio
500 5235 563 5284 at
594 5230 777 5286 Gallice
805 5231 847 5285 N
866 5232 1164 5288 «rbouensis
1184 5231 1451 5287 Ecclesias
1471 5245 1845 5284 emanasse.—

259 5296 337 5352 De
367 5296 625 5355 triduanis
654 5312 831 5357 autem
860 5304 1252 5369 rogationibus,
1281 5300 1422 5369 quod
1461 5301 1679 5356 Lesleus
1706 5299 1843 5368 obji-

259 5368 354 5437 cit,
378 5371 552 5441 potuit
582 5380 732 5425 vetus
761 5371 847 5425 ille
883 5371 1204 5437 Galliarum,
1237 5368 1562 5441 ’inlixusque
1615 5371 1841 5441 populo-

259 5454 389 5511 [tun
409 5440 601 5511 animis
630 5458 766 5508 mos,
796 5443 878 5497 vel
909 5452 1031 5511 post.
1074 5444 1359 5498 concilium
1386 5440 1703 5496 Toletanum
1731 5456 1783 5495 tv
1809 5454 1840 5494 a

260 5506 1020 5567 Callico-Gotbicis‘Ecclésiis
1042 5514 1277 5567 retineri.
1310 5512 1444 5579 Quid
1472 5512 1516 5565 si
1538 5526 1649 5577 eas,
1671 5525 1842 5580 quan-

256 5591 421 5664 quam
459 5580 513 5634 in
563 5580 735 5664 Callia
782 5583 1042 5664 instituta:
1096 5583 1324 5664 primum
1360 5580 1599 5664 fuerint;
1630 5582 1839 5664 alicubi

256 5649 420 5703 etiam
443 5651 593 5722 apud
612 5649 877 5722 llispanos
896 5649 1202 5722 .obtinuisse
1228 5651 1600 5722 suspicemur?
1628 5650 1839 5722 libaba-

257 5732 360 5773 nus
377 5729 523 5774 certe
554 5720 694 5789 (Lib.
709 5719 762 5777 ’τι
792 5722 860 5777 de
889 5721 1059 5778 lnstit.
1092 5722 1297 5783 c‘leric.,
1322 5719 1449 5791 cap.
1504 5719 1602 5791 40)
1631 5721 1835 5775 tridua-

260 5804 386 5861 num
418 5799 567 5861 ante
620 5791 1003 5847 Ascensionem
1066 5792 1326 5861 jejunium
1379 5792 1516 5860 apud
1576 5791 1837 5844 Ecclesia:

262 5856 558 5915 Occidentis
589 5860 638 5916 in
686 5878 836 5919 more
882 5862 1041 5918 fuisse
1067 5856 1316 5918 affirmat.
1354 5856 1590 5919 meminit
1620 5876 1836 5932 quicque

1874 4580 1922 4641 ι)

1957 3277 2075 3331 qua:
2103 3266 2172 3319 ob
2202 3281 2321 3321 eam
2366 3263 2580 3322 causam
2632 3267 2684 3319 in
2737 3269 3157 3321 sacramentario
3209 3263 3546 3332 Gregoriauo

1958 3334 2263 3407 (Muratorq
2284 3336 2511 3407 tomtll,
2538 3351 2625 3407 ap.
2656 3335 2861 3405 Liturg.
2891 3335 3190 3407 Rom.,col.
3222 3334 3373 3407 300),
3394 3343 3449 3407 et
3477 3336 3547 3407 ab

1955 3406 2228 3477 Amalario
2256 3406 2355 3477 (De
2405 3404 2773 3471 Ofﬂc.'eccl.,
2820 3404 2943 3477 cap.
2998 3407 3085 3476 7),
3125 3404 3547 3477 Aleuinolsub

1955 3476 2147 3549 epig.‘_;
2174 3476 2241 3532 In
2266 3474 2384 3549 cap.
2430 3478 2644 3549 jejun.)
2675 3487 2730 3533 et
2758 3477 2876 3533 aliis
2894 3474 3098 3549 passim
3151 3474 3317 3546 Caput
3355 3476 3548 3549 jejuuii

1954 3544 2553 3618 inscribitur,iincipere
2575 3544 2796 3603 omnino
2826 3544 3128 3613 debuisset;
3157 3544 3258 3618 nec
3282 3544 3375 3618 sei
3407 3544 3543 3599 beb—

1954 3616 2199 3687 domadis
2271 3616 2743 3687 Quadragesimale
2823 3627 3035 3687 tempus
3098 3616 3542 3687 concluderetur.

1955 3685 2108 3753 Quod
2136 3698 2317 3742 autem
2347 3690 2399 3742 in
2430 3685 2511 3743 eo
2526 3690 2724 3744 Codice
2759 3707 2778 3740 ι
2812 3688 2880 3743 de
2909 3685 2978 3741 40
3006 3686 3194 3742 diebus
3242 3685 3430 3754 jejunii
3454 3688 3545 3755 ju-

1952 3758 2083 3826 giter
2110 3772 2142 3810 ει
2169 3757 2383 3812 Christo
2437 3758 2664 3814 Domino
2711 3759 2956 3827 expletis.
3013 3766 3069 3812 et
3111 3755 3289 3827 eodem
3331 3772 3544 3809 numero

1953 3828 2147 3880 dierum
2176 3844 2206 3881 a
2236 3828 2499 3895 ﬁdelibus,
2530 3826 2821 3883 minutatim
2856 3838 3053 3890 tamen,
3085 3826 3154 3880 ob
3194 3826 3430 3893 ipsorum
3463 3826 3545 3879 in-

1954 3896 2264 3953 firmitatem
2294 3937 2310 3961 ,
2358 3898 2640 3953 observato
2668 3916 2686 3949 ι
2739 3898 2952 3965 legitur,
3006 3898 3275 3951 neminem
3324 3909 3545 3949 movere

1951 3967 2155 4037 debet;
2177 3983 2351 4037 neque
2375 3968 2519 4022 enim
2548 3984 2769 4023 necesse
2804 3976 2905 4032 est,
2956 3976 3015 4022 ut
3055 3966 3542 4037 quadragenariqu

1952 4037 2099 4091 illum
2129 4036 2335 4091 dierum
2391 4053 2672 4093 numerum
2726 4038 2793 4093 ad
2844 4038 3067 4093 totidem
3114 4036 3374 4093 esuriales
3400 4036 3540 4101 dies,

1952 4106 2143 4177 quibus
2191 4108 2493 4177 vespertina
2544 4108 2767 4164 refectio
2812 4109 3156 4173 sumebatur,
3211 4107 3540 4171 referamus;

1950 4176 2045 4232 sed
2087 4177 2154 4231 de
2201 4176 2409 4248 integro
2452 4177 2664 4248 jejunii,
2696 4181 2749 4235 id
2777 4188 2878 4245 est,
2906 4176 3365 4246 Quadragesimali
3398 4188 3538 4248 teme

1950 4248 2278 4317 pore(licet
2323 4247 2426 4304 hoc
2473 4247 2547 4303 42
2583 4250 2772 4305 diebus
2828 4250 3147 4319 coastaret).
3204 4249 3275 4302 ob
3312 4247 3541 4319 numeri

1949 4327 2052 4390 rotg
2074 4319 2333 4390 uilitatem
2363 4322 2532 4390 accipi
2564 4322 2864 4390 commode
2891 4318 3261 4390 potest,'quod
3307 4318 3360 4371 in
3409 4332 3542 4375 cou-

1949 4389 2058 4443 cilii
2106 4388 2350 4444 Toletani
2383 4388 2497 4458 viil,
2548 4389 2771 4447 Canone
2806 4390 2839 4444 9
2866 4388 2923 4447 et
2948 4389 3075 4443 alibi
3120 4390 3171 4443 in
3219 4391 3540 4458 Sacramen;

1949 4460 2100 4514 tariis
2146 4462 2343 4529 passim
2397 4456 2594 4516 factum
2640 4462 2902 4517 videmus.
2960 4458 3258 4513 Minutatim
3286 4466 3469 4529 autem
3501 4456 3538 4510 ii

1948 4529 2063 4584 dies
2086 4527 2360 4585 observari
2389 4531 2658 4595 dicuntur,
2691 4531 2870 4586 forsan
2913 4531 3036 4599 quia
3068 4545 3175 4583 non
3206 4529 3255 4583 id
3281 4527 3429 4597 juge.
3475 4536 3538 4581 ut

1948 4599 2075 4653 olim
2103 4599 2301 4655 Christi
2329 4600 2612 4669 jejunium,
2657 4602 2752 4657 sed
2782 4599 3074 4655 Dominicis
3109 4599 3296 4653 diebus
3342 4604 3536 4669 quater

1946 4680 2040 4723 aut
2067 4666 2350 4739 quinquies
2376 4666 2607 4740 solutum
2638 4682 2801 4740 atque
2844 4671 3219 4740 interruptum
3242 4666 3534 4740 luit,’qu‘od

1944 4748 1999 4793 et
2022 4736 2256 4796 lsi—dorus
2285 4741 2383 4806 (De
2412 4742 2542 4795 eccl.
2571 4736 2818 4807 Oll.,'lib.
2850 4740 2915 4806 1.,
2939 4736 3063 4806 cap.
3091 4740 3182 4809 ’56)
3210 4738 3418 4809 innuit,
3453 4736 3534 4809 in-

1944 4810 2135 4877 quiens
2166 4828 2178 4862 :
2214 4811 2505 4865 Subtractis
2534 4813 2669 4865 enim
2717 4829 2749 4864 a
2800 4808 3209 4879 Quadragesima
3245 4808 3531 4879 Dominicis

1944 4881 2141 4945 diebus,
2182 4880 2361 4949 quibus
2377 4881 2582 4950 jejunio
2610 4883 2949 4946 resolvuntur,
2981 4878 3060 4934 Itis
3090 4880 3158 4934 36
3182 4881 3360 4933 diebus
3382 4878 3533 4949 quasi

1942 4967 2037 5016 pro
2090 4953 2246 5005 totius
2298 4954 2420 5004 anni
2470 4952 2683 5005 decimis
2736 4952 2805 5005 ad
2852 4952 3123 5005 ecclesiam
3151 4951 3525 5013 concurrimus,

1943 5029 2049 5090 etc.
2079 5053 2152 5063 --
2172 5019 2280 5075 Nec
2301 5022 2514 5075 demum
2548 5030 2693 5076 tanta
2721 5031 2840 5076 erat
2868 5022 3006 5076 inter
3034 5020 3300 5090 Hispania:
3313 5027 3374 5090 et
3401 5016 3530 5072 Gal—

1942 5088 2287 5145 lic-Cothicte
2339 5093 2623 5153 Ecclesias,
2674 5092 2759 5146 vel
2806 5100 2929 5161 post
2966 5088 3253 5146 concilium
3309 5089 3532 5161 Toleta-

1942 5175 2067 5214 uuui
2095 5178 2146 5217 tv
2175 5162 2373 5216 rituum
2423 5163 2749 5227 communio,
2794 5159 2854 5217 ut
2896 5178 3001 5217 non
3052 5163 3227 5216 adhuc
3263 5161 3315 5215 in
3346 5159 3529 5228 aliquo

1941 5232 2341 5301 discreparent;
2374 5232 2422 5285 id
2450 5233 2592 5301 quod
2637 5248 2706 5288 ex
2754 5248 2862 5287 xvn
2889 5233 3101 5286 concilii
3135 5230 3378 5286 Toletani
3412 5230 3528 5301 sub

1943 5298 2175 5369 Egicane
2205 5318 2394 5358 ncxcrv
2424 5298 2592 5356 habiti
2610 5305 2905 5358 canonibus
2926 5302 2960 5355 2
2998 5312 3054 5357 et
3081 5303 3135 5367 3,
3170 5304 3293 5356 item
3313 5318 3379 5357 ex
3411 5298 3529 5368 Egi-

1940 5373 2091 5427 canis
2119 5372 2425 5427 llortatoria
2454 5372 2521 5426 ad
2550 5372 2793 5440 ejusdem
2818 5374 3031 5427 concilii
3055 5372 3529 5438 Patrescolligere

1940 5452 2052 5508 est;
2086 5444 2192 5497 imo
2241 5446 2381 5514 inter
2423 5444 2567 5514 ipsas
2610 5444 2876 5513 Hispania:
2901 5443 3189 5514 Ecclesias,
3244 5458 3345 5498 nec
3371 5443 3528 5514 Ioniae

1978 5523 2063 5585 ost
2088 5530 2139 5567 IV
2166 5513 2378 5569 concilii
2423 5510 2668 5585 Toletani
2690 5510 2931 5585 tenipora
2962 5512 3217 5585 iuuisse
3244 5522 3405 5585 atque
3434 5510 3526 5564 Of-

1960 5580 2044 5636 icii
2092 5585 2442 5653 ecclesiastici
2486 5584 2677 5639 ritibus
2717 5580 2956 5653 nonnihil
2986 5580 3523 5653 diversitatis‘fuisse,

1940 5667 2006 5708 ex
2039 5668 2093 5709 :t
2123 5652 2306 5708 itidem
2334 5653 2579 5709 Toletani
2607 5652 2825 5710 concilii
2848 5655 2947 5720 sub
2975 5653 3277 5709 Waurbaue
3326 5652 3393 5713 ad
3433 5664 3528 5705 au-

1942 5739 2067 5796 rium
2109 5740 2333 5790 ochxv,
2384 5740 2593 5796 canone
2630 5724 2664 5778 3
2708 5734 2869 5796 atque
2898 5741 2964 5778 ex
3014 5726 3133 5782 aliis
3172 5722 3524 5781 conciliorum

1942 5792 2205 5865 ll:spaniae
2243 5794 2473 5853 decretis
2510 5792 3017 5867 apertededucitur.
