4046 6364
459 352 565 414 607

1204 349 1526 405 ADDENDA
1564 350 1656 405 AD
1694 348 2025 417 QUOSDAM
2069 348 2597 405 PRAECEDENTES
2629 350 2880 405 TOMOS.

3627 353 3763 421 σοι

457 489 516 546 s.
548 489 683 545 Sini-
715 503 866 558 papm
886 488 974 556 qui
1006 488 1181 542 triduo
1212 502 1334 541 cum
1363 487 1415 540 in
1445 499 1616 554 agone
1648 484 1955 555 praecessit.
1986 492 2040 539 et
2068 466 2115 524 Α
2144 462 2762 558 E921E“‘:§.“‘3.£°E'Ftiii
2792 476 2956 558 [€8.93
2999 464 3226 558 $393!?
3265 468 3565 558 Βςῐξξὶίξςίξδε
3585 482 3752 558 35":-

455 580 514 637 S.
541 578 812 651 Hippolyti
842 579 932 649 qui
962 579 1133 634 altero
1163 587 1287 649 post
1316 578 1663 633 Laurentium
1699 578 1873 631 triduo
1905 592 2048 630 mar-

458 674 656 743 tyrium
700 671 1118 732 consummavit,
1173 677 1281 723 tam
1333 668 1663 724 luculentum
1709 666 1767 721 ﬁt
1808 667 2045 737 elogium

458 764 779 822 sanctissimi
804 764 995 828 levitas,
1018 763 1170 832 quasi
1193 777 1299 816 non
1323 761 1601 831 utriusque
1626 760 1767 814 illius
1798 760 2049 829 martyris

457 858 631 925 magis
676 870 838 925 quam
871 854 1171 917 Laurentii,
1213 855 1319 908 imo
1361 853 1513 921 quasi
1564 851 1841 923 proprium
1888 850 2049 918 hujus

459 946 641 1001 natale
671 947 959 1013 utrobique
994 945 1390 1007 celebraretur;
1441 958 1575 997 cum
1614 957 1643 995 e
1669 941 1948 995 contrario
1993 943 2045 994 in

460 1053 526 1094 ea
556 1040 715 1095 missa
742 1053 860 1109 qum
889 1037 1160 1091 Laurentii
1201 1036 1417 1104 propria
1448 1043 1550 1101 est,
1598 1050 1701 1088 nec
1730 1033 1951 1087 verbum
1981 1032 2047 1086 de

463 1129 639 1197 Sixto,
678 1143 852 1198 neque
879 1128 984 1183 ulla
1031 1128 1099 1181 de
1145 1126 1434 1196 llippolyto
1462 1125 1668 1179 mentio
1695 1124 1925 1178 vicissim
1957 1138 2051 1177 re-.

462 1222 717 1290 pariatur.
750 1220 1001 1275 Sistimus
1028 1220 1289 1287 integram
1322 1216 1597 1271 Laurentii
1626 1216 1877 1277 missam;
1909 1214 2046 1268 Sitti

462 1320 641 1368 autem
669 1320 828 1381 atque
851 1310 1123 1382 Hippolyti
1147 1351 1167 1375 ,
1197 1325 1262 1364 ne
1294 1310 1595 1365 molestiam
1630 1309 1918 1363 lectoribus
1946 1324 2047 1363 ex-

462 1403 762 1469 hibeamus,
795 1402 1078 1457 missarum
1110 1410 1321 1455 tantum
1345 1399 1761 1459 immolationes.

520 1528 666 1568 mssa
697 1530 748 1567 IN
787 1529 997 1567 unus
1036 1528 1217 1567 salven
1257 1527 1543 1566 ranarum
1581 1526 1840 1565 mn'rrms
1882 1513 1979 1581 (η).

536 1605 675 1659 Dens
705 1604 941 1658 ﬁdelium
968 1613 1179 1658 tuorum
1204 1604 1439 1657 salvator
1467 1612 1521 1656 et
1550 1614 1746 1667 rector,
1801 1602 2046 1670 omnipo-

464 1683 581 1729 lens
604 1674 934 1745 sempiterne
962 1676 1121 1737 Dens,
1160 1675 1345 1745 adesto
1387 1674 1539 1745 votis
1564 1672 1915 1745 solemnitatis
1948 1673 2046 1745 ho-_-

462 1744 684 1809 dierntc,
715 1742 772 1800 et
796 1744 1045 1798 Ecclesia:
1072 1744 1276 1809 gaudiis
1303 1744 1367 1796 de
1412 1744 1640 1811 gloriosa
1690 1742 1939 1811 martyris
1968 1742 2043 1795 tui

459 1817 713 1885 passione
752 1830 911 1872 BEATI
960 1814 1229 1868 LAYRENTI
1272 1813 1398 1885 ςδὶυ)
1453 1814 1743 1885 conceptis.
1786 1812 2045 1885 benignus
2078 1823 2121 1882 Β

464 1884 641 1956 aspira
669 1905 680 1939 :
714 1893 974 1951 augeatur
1003 1884 1393 1956 onmiumdﬁdes
1420 1892 1578 1936 tanta:
1626 1884 1838 1956 virtutis
1885 1890 2042 1947 ortu;

463 1954 543 2011 et‘
564 1956 727 2009 corda
777 1955 1067 2007 lattantium
1098 1954 1361 2023 supplicio
1410 1956 1700 2021 martyrum
1732 1954 1997 2023 igniantur
2029 1969 2042 2006 :

464 2034 525 2078 ut
554 2025 694 2095 apud
723 2024 1145 2079 misericordiam
1164 2022 1337 2077 ituam
1369 2024 1511 2095 illius
1553 2026 1802 2089 juvemur
1830 2022 2042 2086 merito,

442 2093 618 2166 cujus
664 2095 992 2150 exsultamus
1021 2095 1287 2164 exemplo.
1339 2095 1441 2148 I’er
1470 2093 1751 2148 Dominum
1782 2100 2043 2149 nostrum.

998 2184 1238 2240 Collectio
1264 2186 1506 2254 sequitur.

536 2278 676 2333 Deus
729 2277 912 2332 mundi
957 2285 1169 2331 creator
1210 2284 1265 2330 et
1308 2284 1503 2340 rector,
1536 2276 1625 2343 qui
1656 2276 1799 2331 hunc
1825 2274 1963 2329 diem
1993 2274 2047 2330 in

462 2363 675 2403 ιιενιτιε
728 2364 817 2403 τω
873 2346 1145 2401 Ιλλγιιεκτι
1190 2346 1327 2417 (sic)
1385 2347 1641 2414 martyrio
1689 2348 2046 2417 consecrasti;

462 2419 657 2475 exaudi
686 2419 948 2488 propitius
976 2415 1245 2488 supplices
1297 2426 1436 2479 tuos,
1486 2426 1542 2470 et
1584 2415 1820 2488 concede
1848 2424 1904 2468 ut
1933 2431 2048 2488 om-

465 2503 562 2543 nes
592 2486 949 2559 quiimartytii
976 2487 1089 2559 ejus
1117 2487 1307 2559 merita
1338 2501 1676 2559 veneramur,
1710 2486 2051 2559 intercessio-

465 2555 623 2614 nibus
660 2559 777 2627 ejus
803 2555 869 2612 ab
898 2558 1113 2612 aeternis
1136 2556 1395 2626 gehennae
1435 2557 1695 2612 incendiis
1736 2555 2045 2611 liberemur.

469 2627 575 2685 Per
606 2630 908 2685 Dominum.

926 2698 1168 2753 Collectio
1197 2707 1313 2767 post
1353 2698 1584 2751 nomina.

537 2788 787 2844 Concede
837 2788 1008 2853 nobis,
1056 2788 1300 2851 Domine,
1347 2789 1569 2854 gratiam
1608 2797 1751 2841 tuam
1795 2788 1846 2842 in
1893 2805 2050 2844 BEATI

467 2859 746 2916 Launeurt
796 2860 1045 2929 martyris
1092 2859 1406 2913 celebritate
1459 2859 1806 2929 multiplicem
1843 2877 1854 2912 :
1899 2868 1957 2913 ut
1984 2861 2051 2915 de

465 2932 600 2984 tanti
627 2944 799 2997 agone
822 2928 1130 2984 certaminis
1152 2930 1324 2982 discat
1369 2930 1597 2997 populus
1622 2928 1956 2984 Christianus
1997 2938 2052 2983 et

464 3001 673 3083 tirmam
712 3000 945 3057 solidare
986 3000 1319 3069 patientiam,
1374 3007 1428 3053 et
1474 3001 1560 3069 pia
1606 3000 1877 3056 exsultare
1941 3001 2053 3055 vic-

468 3080 629 3127 torta.

971 3140 1212 3195 Colleclio
1256 3139 1323 3193 ad
1365 3156 1564 3210 pacem.

536 3230 721 3287 Sancti
754 3230 1026 3285 LAIJRENTI
1058 3247 1175 3291 nos,
1204 3229 1448 3294 Domine,
1480 3245 1782 3299 qumsnmus
1811 3231 2050 3298 precatio

465 3300 607 3371 justa
639 3310 889 3371 tueatur:
919 3302 1136 3371 etquod
1162 3309 1355 3371 nostra?
1387 3301 1713 3354 conscientia
1760 3316 1867 3371 non
1915 3317 2046 3371 prte-

468 3370 635 3441 sumit
679 3370 795 3439 ejus
834 3370 988 3441 nobis
1030 3372 1117 3437 qui
1175 3370 1267 3441 tibi
1309 3370 1508 3438 placuit
1534 3371 1779 3425 oratione
1799 3370 2049 3427 donetur.

470 3439 577 3496 Per
605 3440 887 3497 Dominum
910 3439 1158 3494 nostrum
1192 3439 1353 3492 lilium
1388 3450 1553 3506 tuum.

1004 3529 1304 3585 Immolatio
1354 3533 1543 3586 misste.

462 3690 465 3691 ν
546 3623 687 3679 Vere
708 3623 923 3691 dignum
951 3634 998 3676 et
1019 3622 1221 3691 justmn
1245 3629 1345 3682 est,
1370 3623 1709 3691 omnipotens
1729 3624 2053 3689 sempiterna

469 3694 633 3759 Deus,
664 3694 759 3748 tibi
790 3695 840 3748 in
871 3692 999 3746 tanti
1050 3693 1297 3763 martyris
1325 3692 1599 3747 [munem
1652 3693 1820 3747 laudis
1851 3694 2053 3748 hostias

469 3765 750 3821 immolare
770 3783 781 3815 :
800 3764 889 3829 qui
904 3764 1127 3817 hosﬁum
1144 3765 1410 3818 viventem
1431 3764 1587 3834 hodie
1603 3764 1652 3816 in
1673 3764 1833 3834 ipsius
1844 3780 2051 3819 unum;

470 3851 558 3890 τω
603 3849 761 3891 nam
794 3834 1082 3905 Lsunen'rt
1111 3835 1358 3905 martyris
1399 3833 1697 3888 ministerio
1728 3850 1826 3905 per
1865 3834 2051 3889 ﬂorem

468 3906 604 3961 casti
632 3906 875 3988 corporis
893 3903 1180 3988 accepisti.
1209 3903 1397 3988 Cujus_
1420 3919 1605 3988 vocant
1629 3903 1752 3988 ‘per
1781 3904 2050 3988 hymtiidi-

469 3990 591 4029 cum
622 3992 650 4024 ιι
674 3972 961 4028 odnlamini
985 3972 1188 4044 [Forte,
1218 3972 1500 4044 modulati]
1528 3972 1723 4029 Psalmi
1751 3972 2052 4030 audivimus

470 4045 717 4098 canentis
746 4055 907 4113 atque
943 4042 1167 4098 dicentis
1205 4059 1225 4099 :
1255 4042 1499 4099 Probasti
1550 4062 1645 4099 cor
1699 4059 1876 4099 meum
1910 4046 2051 4101 Deus

473 4122 531 4167 et
554 4114 783 4168 visitasti
812 4122 1026 4168 noctem
1068 4114 1216 4184 (sic),
1258 4114 1306 4166 id
1334 4125 1437 4179 est,
1464 4115 1515 4167 in
1542 4116 1776 4170 tenebris
1816 4117 1994 4170 saeculi
2033 4133 2046 4170 :

474 4184 599 4251 igne
630 4198 715 4236 me
745 4184 1061 4240 examinaSti
1084 4193 1138 4237 et
1168 4200 1271 4237 non
1304 4193 1385 4237 est
1414 4186 1628 4239 inventa
1654 4188 1704 4240 in
1729 4201 1813 4240 me
1846 4186 2045 4253 iniqui-

472 4264 578 4307 tas.
603 4253 647 4306 0
666 4255 899 4321 gloriosa
922 4254 1233 4307 certaminis
1260 4255 1461 4307 virtus!
1494 4253 1537 4306 Ο
1567 4256 1880 4311 inconcussa
1911 4272 2047 4310 con-

470 4323 669 4377 stantia
704 4323 1036 4377 conﬁtentis!
1068 4323 1310 4379 Stridunt
1337 4326 1575 4379 membra
1604 4328 1835 4381 viventia
1886 4340 2048 4393 super

470 4394 786 4475 graticulann
809 4394 1055 4475 imposita
1091 4412 1103 4446 :
1137 4396 1421 4475 etwprunis
1457 4398 1797 4475 swvientihus
1819 4439 1833 4460 ,
1880 4397 2046 4475 anhe-

469 4464 643 4537 lantes
667 4464 869 4537 [Forte,
888 4464 1231 4537 :anltelantia]
1251 4464 1524 4519 incensum
1556 4482 1710 4522 suum
1747 4468 1798 4519 in
1826 4467 2043 4537 modum

470 4534 838 4605 thymiamatis
876 4534 1065 4589 divinis
1095 4536 1311 4605 naribus
1355 4537 1609 4605 exhibent
1635 4538 1873 4592 odorem.
1910 4535 2047 4590 Dicit
2078 4541 2126 4602 ι)

468 4604 611 4659 enim
641 4614 841 4676 martyr
864 4606 976 4673 ipse
1004 4622 1124 4660 cum
1157 4604 1320 4659 Paulo
1346 4624 1357 4659 :
1390 4604 1581 4660 Christi
1610 4607 1769 4660 bonus
1806 4606 1934 4660 odor
1962 4622 2047 4658 su-

470 4690 605 4728 mus.
637 4674 752 4729 Non
782 4674 922 4729 enim
944 4677 1212 4746 cogitabat
1238 4677 1508 4743 quomodo
1542 4679 1591 4730 in
1624 4687 1761 4730 terra
1786 4677 1989 4742 positus
2017 4690 2047 4729 a

470 4746 739 4814 passionis
792 4746 1028 4816 periculo
1068 4746 1416 4811 liberaretur;
1467 4747 1558 4800 sed
1596 4748 1865 4815 quomodo
1911 4748 2048 4799 inter

469 4824 733 4886 martyres
780 4815 829 4869 in
880 4815 1030 4886 ctplis
1051 4825 1422 4870 coronaretur.
1454 4816 1554 4871 Per
1573 4816 1839 4871 Christum
1864 4816 2046 4869 Domi-

471 4900 596 4940 num
614 4883 889 4940 'nostrum.
923 4883 1024 4939 Per
1048 4902 1229 4955 quem.

611 4992 664 5031 IN
702 4993 897 5033 ΝΑτΑιι
934 4993 1116 5032 SANCTI
1155 4994 1291 5033 SHT!
1334 4992 1478 5031 PAPIE
1520 4994 1586 5031 ΕΤ
1628 4993 1903 5033 NABTYRIS.

947 5067 1240 5122 Immotum
1277 5069 1448 5121 missa:
1478 5066 1575 5137 (lt).

549 5173 918 5247 Yeredignum
941 5175 1209 5245 etjustum
1237 5184 1335 5241 est,
1363 5192 1573 5247 mquam
1610 5184 1664 5231 et
1688 5176 1918 5231 salutare
1947 5186 2047 5239 εει,

477 5244 573 5297 tibi
602 5245 838 5299 assiduas
866 5244 1048 5301 laudes
1103 5262 1315 5312 canere,
1357 5244 1579 5300 Domine
1632 5258 1845 5311 suttt'le,
1896 5247 2053 5303 Pater

473 5314 833 5383 omnipotens,
891 5326 1090 5370 aeterne
1140 5316 1295 5372 Deus.
1342 5316 1443 5371 Per
1473 5318 1741 5372 Christum
1769 5317 2051 5371 Dominum

473 5392 738 5441 nostrum.
793 5386 893 5453 Qui
945 5402 1039 5456 per
1092 5387 1378 5441 adventum
1426 5403 1579 5442 suum
1608 5388 1966 5443 credentesin
1994 5404 2053 5443 se

546 5539 626 5608 (a_)
652 5538 861 5594 Missale.
888 5539 1048 5596 Gozh.
1084 5542 1340 5599 Gallican.
1377 5542 1442 5597 ab
1485 5541 1603 5598 Em.
1638 5543 1924 5599 Thomasio
1952 5544 2054 5611 pri-

477 5625 622 5663 mum
668 5611 888 5675 editum,
928 5622 984 5667 et
1038 5630 1067 5666 a
1118 5614 1199 5669 Cl.
1240 5613 1529 5668 Muratorio
1578 5614 1939 5668 dissertulioni
1987 5615 2053 5669 de

477 5680 713 5750 Liturgia
754 5680 993 5737 Romana
1021 5693 1203 5738 vetere
1241 5684 1496 5738 insertum
1530 5693 1657 5739 tom.
1690 5684 1756 5750 ll,
1787 5685 1891 5737 col.
1926 5683 2047 5737 627.

476 5749 621 5871 δἐἰ)
652 5751 801 5820 Apud
844 5752 1095 5808 Murator.
1174 5754 1307 5808 [ἥδε.
1353 5753 1419 5807 de
1477 5753 1677 5822 Liturg.
1713 5749 1892 5819 ltom.,
1942 5755 2046 5809 col.

2079 3174 2126 3240 C

2151 533 2291 586 niam
2346 532 2398 585 hi
2447 534 2534 599 qui
2573 548 2631 587 se
2662 542 2764 585 tua:
2792 542 2952 587 testes
2997 534 3230 590 oderunt
3265 532 3749 600 veritatis,initui—

2149 618 2293 669 cum,
2323 601 2448 655 dum
2498 604 2836 675 occiduntur,
2866 603 3134 658 occidunt.
3169 604 3248 659 Ex
3278 607 3466 675 quibus
3492 617 3576 661 est
3604 625 3753 662 san-

2148 682 2267 746 ctus
2310 686 2374 746 ac
2419 673 2741 746 venerabilis
2806 673 3002 746 Smus
3056 683 3258 746 martyr
3279 673 3306 740 ,'
3361 676 3509 744 cujus
3567 678 3752 733 hodie

2148 744 2461 797 solemnitas
2497 742 2844 814 celebratur;
2899 745 2990 811 qui
3042 742 3534 814 dutn'apostoliete
3586 749 3757 803 sedis

2148 814 2447 887 accepisset
2494 813 2754 887 insignia,_
2787 822 2841 867 et
2869 829 2928 868 se
2968 815 3196 887 primum
3244 832 3363 871 esse
3390 818 3757 887 conspiceret.

2148 883 2488 955 sacerdotum
2518 921 2533 945 ,
2582 883 2920 938 occasionem
2966 883 3216 940 salutaris
3275 883 3538 955 passionis
3580 889 3755 942 exci—

2148 954 2319 1021 piens,
2362 966 2467 1005 non
2500 960 2704 1011 tantum
2754 955 3036 1008 s'eculares
3064 958 3215 1009 exuit
3244 954 3428 1011 sordes
3456 960 3704 1021 contagii
3731 975 3751 1022 ;

2146 1039 2316 1075 verum
2344 1022 2499 1093 etiam
2524 1024 2811 1090 exentplum
2868 1026 2965 1093 fuit
3016 1027 3232 1077 cwteris.
3284 1025 3423 1079 Nam
3460 1044 3579 1080 mox
3607 1045 3757 1082 suus

2146 1108 2339 1162 quoque
2360 1092 2590 1162 minister
2614 1094 2833 1146 eximius
2856 1092 3159 1148 venerabilis
3178 1094 3475 1151 Laurentius
3501 1100 3759 1151 victoria:

2145 1161 2645 1238 pulmamimitatus
2672 1204 2687 1228 ,
2715 1166 2930 1238 accepit
2977 1176 3335 1219 ornamentum
3385 1168 3514 1238 quod
3559 1169 3760 1220 debuit

2145 1233 2528 1302 pwnasubire;
2571 1242 2624 1284 ut
2672 1233 2890 1302 gloriam
2938 1244 3217 1289 mereretur
3259 1233 3499 1291 (uernam
3549 1254 3761 1291 conse-

2145 1318 2297 1370 quere
2328 1302 2467 1374 (sic).
2502 1300 2604 1356 Per
2631 1300 2922 1358 Christum.

2377 1430 2425 1467 ΙΝ
2465 1430 2657 1468 ΝΑτΛιι
2693 1431 2876 1470 εΑΝεΤι
2912 1432 3191 1472 BIPPOLYTI
3230 1434 3501 1473 HARTYRIS.

2616 1528 2913 1584 Immolutio
2966 1532 3138 1585 missa:
3168 1532 3262 1602 (c).

2217 1639 2355 1694 Vere
2406 1639 2620 1712 dignum
2677 1649 2734 1712 et
2778 1642 2979 1709 justum
3032 1650 3133 1705 est,
3168 1643 3504 1712 omnipotens
3524 1654 3765 1697 aeterne.

2147 1708 2305 1774 Deus,
2334 1710 2422 1776 qui
2454 1712 2664 1762 heatmn
2696 1708 3036 1782 lltreou‘ruu
3062 1708 3351 1782 tyrannicis
3372 1712 3543 1767 adhuc
3570 1714 3755 1768 obse-

2148 1782 2287 1849 quiis
2308 1780 2817 1852 occupatumsubito
2869 1784 3033 1845 fecisti
3063 1780 3335 1837 Lavnnan
3366 1784 3480 1852 (sic)
3509 1786 3757 1838 socium.

2150 1852 2247 1915 Qui
2269 1849 2750 1920 spiritualiAardore
2774 1867 3082 1915 succensus,
3123 1854 3249 1907 dum
3287 1849 3613 1920 unigenitum
3643 1853 3756 1907 Fi-

2149 1920 2277 1973 lium
2315 1930 2483 1992 tuum
2534 1918 2814 1992 D_ominum
2854 1932 3095 1975 nostrum
3148 1938 3330 1976 coram
3377 1918 3756 1992 potestatibus

2149 1990 2413 2043 veraciter
2447 1988 2752 2061 conﬁtetur,
2790 1992 2961 2061 pannis
2998 1991 3298 2061 subjicitur,
3347 1988 3573 2046 vinculis
3615 1995 3757 2046 inli-

2128 2068 2326 2133 satur,
2376 2059 2552 2133 cardis
2581 2061 2599 2132 [
2631 2059 2805 2133 (forte,
2844 2059 3415 2132 earduisj'conﬁgitur,
3468 2079 3757 2133 equorum

2148 2130 2429 2184 ferocitate
2456 2128 2809 2198 disjtingitur;
2844 2142 2892 2185 et
2922 2128 3110 2201 adepta
3137 2128 3311 2202 palma
3337 2128 3568 2202 martyrii
3588 2173 3603 2195 ,
3633 2136 3759 2186 vita

2148 2209 2395 2272 perpetua
2422 2202 2829 2272 cumolucratore‘
2871 2212 2919 2254 et
2949 2204 3195 2272 magistro
3239 2201 3549 2258 Ltunearto
3589 2221 3759 2257 coro-

2149 2269 2324 2323 natur.
2357 2270 2459 2324 Per
2485 2269 2754 2325 Christum
2803 2269 3087 2326 Dominum
3118 2283 3381 2327 nostrum.

2221 2384 2295 2438 Ex
2346 2385 2448 2440 hoc
2478 2395 2657 2439 autem
2690 2394 2797 2439 tam
2829 2385 3088 2455 peculiari
3116 2384 3388 2441 Laurentii
3418 2387 3587 2440 nostri
3619 2388 3757 2441 elu-

2150 2479 2240 2547 g'o
2271 2477 2325 2531 in
2356 2484 2663 2533 sanctorum
2692 2476 2830 2531 Sixti
2857 2486 2913 2532 et
2956 2475 3229 2548 Hippolyti
3258 2477 3531 2542 natalitiis,
3567 2478 3763 2546 quivis

2152 2585 2183 2624 e
2210 2570 2442 2637 vestigio
2470 2568 2728 2638 conjiciet
2769 2568 2929 2638 longe
2966 2568 3226 2638 majorem
3253 2569 3572 2623 sanctissimi
3597 2568 3757 2623 illius

2151 2661 2345 2729 levitm,
2394 2675 2554 2727 quam
2584 2659 2776 2715 horum
2820 2668 3117 2731 martyrum
3168 2660 3430 2714 rationem
3454 2660 3507 2712 in
3537 2657 3760 2713 Missali

2151 2752 2711 2820 Gothico-Gallicana,
2765 2761 2929 2822 atque
2982 2751 3119 2808 adeo
3160 2753 3305 2823 apud
3334 2751 3579 2808 Toletani
3610 2768 3759 2806 con-

2151 2845 2257 2899 cilii
2306 2842 2497 2900 Patres
2538 2844 2779 2900 habitam
2824 2844 3009 2901 fuisse.
3064 2845 3263 2901 Verum
3289 2855 3349 2900 ut
3377 2846 3539 2917 paulo
3570 2846 3621 2899 id
3647 2844 3761 2899 ﬁat

2153 2936 2451 3004 dilucidius,
2485 2946 2845 3008 opportunum
2868 2939 2995 2993 duxi
3018 2938 3615 2995 Gothico-Gallicanum
3638 2940 3759 2994 Co-

2153 3028 2324 3083 dicem
2358 3044 2476 3082 cum
2505 3028 2567 3083 iis
2588 3028 3030 3085 Sacramentariis
3052 3029 3316 3096 conferre,
3348 3046 3469 3101 qua:
3497 3032 3563 3085 ad
3588 3047 3761 3086 usum

2153 3119 2410 3176 Romamn
2461 3120 2717 3178 Ecclesia}
2757 3138 2797 3177 a‘
2816 3124 3039 3177 summis
3066 3123 3409 3193 pontiﬁcibus
3437 3122 3654 3178 Gelasio
3689 3132 3761 3177 et

2157 3213 2417 3283 Gregorio
2465 3213 2656 3284 Magno
2712 3216 2955 3271 ordinata
2992 3214 3155 3271 fuisse
3200 3223 3441 3282 constat;
3490 3231 3593 3269 nec
3630 3230 3756 3268 non

2154 3321 2281 3362 cum
2308 3321 2374 3362 eo
2405 3307 2688 3363 missarum
2740 3305 2961 3375 Codice,
2992 3323 3150 3378 quem
3184 3307 3442 3363 Leoniani
3476 3307 3629 3361 titulo
3658 3307 3761 3360 in-

2154 3396 2358 3465 signem
2388 3398 2693 3468 nuperrime
2723 3398 3050 3453 Blanchinus
3081 3399 3373 3468 evulgavit.

2224 3488 2280 3542 ln
2328 3489 2524 3558 triplici
2563 3504 2690 3559 ergo
2721 3490 2827 3544 hoc
2880 3490 3125 3545 Romano
3166 3489 3384 3555 Codice,
3417 3505 3541 3545 cum
3571 3490 3617 3543 si
3646 3505 3759 3559 pa-

2158 3578 2314 3633 triam
2344 3578 2532 3633 demas
2556 3580 2697 3633 nulla
2723 3594 2829 3633 non
2858 3594 2924 3633 ex
2946 3587 3099 3648 parte
3129 3579 3403 3633 Romanus
3431 3578 3638 3633 futurus
3665 3594 3763 3633 es-

2154 3680 2238 3725 set
2267 3669 2624 3735 Laurentius;
2675 3685 2850 3740 neque
2889 3670 3043 3725 ullius
3069 3672 3236 3739 magis
3262 3685 3423 3738 quam
3466 3669 3759 3725 Romano-

2153 3776 2273 3815 rum
2322 3761 2608 3815 interesset
2634 3761 2895 3830 peculiari
2925 3760 3100 3829 elogio
3150 3769 3439 3830 martyrem
3465 3761 3762 3814 sanctissi-

2153 3868 2300 3907 mum
2348 3853 2661 3917 celebrare,
2710 3852 2772 3905 de
2825 3852 2970 3922 cujus
3037 3852 3362 3906 solemnitate
3415 3853 3515 3920 (ut
3558 3859 3643 3905 est
3691 3850 3761 3906 in

2154 3943 2538 3998 Blanchiniano
2586 3941 2805 4012 Codice)
2836 3943 3145 4013 peculiarius
3191 3958 3299 4013 pra:
3345 3943 3540 3996 ueteris
3573 3939 3761 3994 Roma

2151 4034 2464 4089 (celabatur:
2509 4044 2867 4104 pmterquam
2907 4036 2962 4089 in
3005 4034 3181 4089 missis
3218 4049 3339 4104 qua:
3384 4033 3553 4089 sancti
3596 4032 3757 4087 Lau-

2151 4125 2307 4179 rentii
2357 4125 2586 4196 propria:
2623 4125 2831 4179 suntin
2861 4125 2974 4194 ejus
3022 4124 3286 4191 natalitio,
3328 4123 3525 4178 nullam
3561 4122 3765 4177 hacte-

2151 4229 2251 4270 nus
2278 4214 2331 4268 in
2356 4213 2494 4268 Sixti
2522 4221 2616 4268 aut
2643 4213 2939 4285 Hippolyti,
2978 4230 3155 4284 neque
3184 4215 3237 4269 in
3266 4215 3490 4268 aliorum
3532 4222 3761 4284 marty-

2148 4321 2267 4360 rum
2302 4305 2452 4361 festis
2473 4306 2824 4373 mentionem,
2872 4320 2938 4361 ac
2967 4320 3036 4361 ne
3079 4305 3360 4360 verbulum
3406 4304 3628 4374 quidem
3673 4306 3759 4362 de

2151 4395 2492 4451 sanctissimo
2522 4395 2684 4449 levita
2733 4395 2974 4466 reperire
3023 4396 3154 4450 mihi
3182 4395 3367 4461 licuit;
3419 4410 3643 4465 prorsus
3688 4406 3763 4450 ut

2154 4487 2397 4562 quodex
2420 4486 2955 4544 Gothico-Gallicana
2984 4488 3183 4544 Codice
3208 4487 3478 4543 Laurenfii
3502 4488 3758 4557 elogium

2152 4578 2433 4635 retulimus
2462 4577 2941 4646 Galliae-Gothicae,
2984 4588 3146 4649 atque
3197 4578 3331 4634 adeo
3361 4577 3651 4647 llispanim,
3688 4589 3763 4634 ut

2148 4679 2421 4742 putamus,
2473 4679 2670 4725 nostrae
2698 4671 2993 4740 peculiare.
3026 4685 3128 4725 nec
3155 4671 3273 4726 sine
3310 4685 3471 4725 causa
3496 4669 3561 4724 ab
3596 4680 3761 4724 utra-

2149 4774 2254 4831 que
2281 4759 2385 4814 hac
2406 4759 2679 4829 provincia
2712 4759 2909 4813 tactum
2941 4758 3349 4814 existimandum
3377 4761 3465 4814 sit.

2221 4848 2317 4905 Est
2346 4849 2560 4921 quidem
2592 4851 2645 4905 in
2676 4849 3060 4906 Blanchiniano
3088 4848 3287 4905 Codice
3310 4852 3327 4921 (
3349 4865 3415 4905 ne
3458 4848 3585 4919 quid
3637 4860 3761 4905 stu-

2149 4942 2302 4997 diose
2330 4942 2668 4997 dissimulare
2696 4942 2923 5013 videar)
2954 4942 3114 4997 tacita
3171 4941 3419 5010 quaedam
3461 4941 3757 5000 Laurentii

2150 5036 2352 5090 mentio
2374 5036 2425 5089 in
2459 5043 2554 5089 tet
2579 5049 2618 5093 ll
2644 5035 3037 5090 contestatione
3065 5034 3346 5089 missarum
3376 5035 3545 5089 sancti
3575 5032 3751 5098 Sitti,

2152 5124 2205 5180 in
2236 5124 2429 5195 quibus
2469 5124 2665 5193 legitur
2691 5124 2767 5195 (ά)
2801 5144 2812 5178 :
2871 5140 2985 5181 eum
3036 5124 3285 5178 doctrina:
3336 5140 3442 5178 sua:
3487 5124 3631 5193 ﬁlias
3672 5127 3812 5181 ad.

2150 5216 2383 5270 eamdem
2405 5216 2643 5285 martyrii
2664 5217 2884 5286 gloriam
2907 5216 3296 5283 promerendam
3318 5216 3535 5269 incitare
3560 5254 3579 5279 ,
3605 5226 3719 5270 etc.
3734 5236 3751 5269 :

2154 5308 2304 5363 Sixto
2335 5308 2523 5361 nedum
2567 5308 2663 5361 hoc
2690 5308 2933 5361 divinitus
2974 5309 3148 5360 datum
3176 5307 3352 5376 fuisse,
3384 5314 3440 5358 ut
3470 5307 3751 5375 proprium

2150 5399 2407 5468 passionis
2438 5398 2749 5467 triumphum
2776 5400 3091 5468 acquirerct;
3121 5397 3210 5451 sed
3233 5398 3389 5451 etiam
3418 5405 3471 5448 ut
3494 5393 3751 5465 subjectis

2226 5548 2482 5632 (ej-Apud
2502 5547 2786 5613 Muralor.,
2821 5544 3020 5617 Liturg.
3058 5547 3297 5602 Romana
3340 5553 3472 5609 vet.,
3508 5554 3642 5601 tom.
3671 5545 3750 5615 ll,

2156 5618 2501 5758 miliarium
2548 5688 2611 5760 IV
2642 5689 2933 5756 Anastasii,
2965 5704 3083 5760 pag.
3118 5699 3299 5750 xxxvi,
3336 5686 3446 5743 col.
3481 5687 3532 5757 l,
3564 5686 3617 5743 in
3645 5702 3752 5743 ua,-

2159 5760 2245 5814 tali
2274 5759 2441 5814 sancti
2469 5759 2623 5814 Sixti.
