4046 6364
228 382 340 437 ῦῗθ

1095 368 1541 432 DISSERTATIO
1583 370 1670 425 DE
1715 369 1985 426 οΑιιΑδο
2028 367 2115 423 ΕΤ
2158 366 2577 424 LAURENTIO.

3398 358 3506 422 Old

224 497 333 551 sibi
359 494 607 551 ministris
653 492 954 563 proﬁceret,
994 490 1373 561 gioriosamque
1416 490 1654 561 magistri
1704 488 1818 559 ραι·
1846 495 1896 555 Α
1923 485 2362 557 Martyrologium
2397 483 2471 555 (lt)
2513 481 2798 538 scribentis
2832 498 2845 536 :
2887 500 2903 534 t
2940 483 2994 537 in
3025 478 3169 537 libris
3222 479 3505 554 Litiirgicis

222 604 394 655 utam,
432 603 533 640 non
570 585 871 654 inferiorem
908 583 1144 652 discipuli
1181 584 1448 636 victoriam
1493 590 1817 635 consecutam

226 679 413 745 fuisse.
444 674 649 742 Quibus
677 687 981 741 quanquam
1024 671 1368 727 Laurentium
1414 680 1657 726 nostrum
1708 685 1819 724 non

224 769 464 823 obscure
508 763 780 834 designari
830 772 1040 817 constet
1082 782 1092 815 :
1138 778 1400 833 nusquam
1439 771 1619 816 tamen
1667 771 1819 817 extra

225 857 506 928 propriam
566 854 886 911 sanctissimi
942 855 1192 924 martyris
1242 854 1456 909 micam
1505 867 1820 920 expressum

225 949 472 1019 ejusdem
503 963 698 1003 nomen
729 955 823 1001 aut
862 946 1113 1014 elogium,
1143 955 1203 1000 ut
1230 946 1282 1000 in
1314 945 1511 999 Missali
1559 944 1821 1000 Gothico-

227 1036 509 1094 Gallicano
538 1037 843 1107 reperitur;
905 1035 1033 1089 licet
1081 1043 1318 1105 septemc.
1356 1034 1423 1089 de
1451 1045 1638 1090 sancto
1666 1034 1819 1089 Sixto

222 1130 425 1193 misse,
459 1128 680 1183 tricena:
710 1142 842 1183 vero
873 1126 1115 1181 collectae
1161 1133 1322 1193 atque
1365 1124 1635 1179 orationes
1675 1125 1727 1178 in
1753 1138 1819 1180 eo

223 1217 432 1275 Codice
461 1219 779 1273 habeantur.
815 1216 967 1271 Mitto
991 1224 1073 1270 ter
1096 1216 1148 1269 in
1176 1216 1366 1271 eodem
1388 1215 1819 1271 Sacramentario

223 1310 519 1379 repetitum
567 1306 843 1362 Laurentii
882 1322 1099 1368 nomen,
1152 1310 1266 1361 sine
1313 1306 1488 1374 elogio
1538 1316 1733 1372 tamen,
1767 1308 1821 1363 in

222 1402 409 1459 missis
431 1401 804 1457 defunctorum
833 1419 926 1471 pro
953 1403 1130 1455 anima
1161 1402 1430 1471 cujusdam
1459 1402 1683 1472 episcopi
1708 1402 1782 1472 (a)
1801 1441 1816 1467 ,

223 1506 360 1548 casu
379 1494 519 1548 enim
551 1493 601 1548 id
641 1493 840 1549 factum
875 1492 1039 1547 luisse
1068 1494 1167 1562 ipsi
1217 1494 1496 1548 nobiscum
1527 1494 1819 1550 adversarii

224 1600 397 1660 atque
426 1591 564 1645 inter
594 1605 687 1645 eos
717 1590 949 1644 Acamus
980 1589 1053 1660 (b)
1085 1605 1372 1659 agnovere.

296 1702 452 1758 Nunc
499 1711 678 1757 autem
734 1718 766 1757 a
816 1702 1073 1758 Romanis
1112 1702 1178 1757 ad
1223 1702 1467 1773 Belgicae,
1523 1702 1738 1757 Celtica:
1767 1710 1823 1757 et

220 1794 500 1848 Francius
530 1791 823 1847 Galliarum
853 1792 1090 1849 Missales
1135 1792 1363 1847 Codices
1401 1793 1627 1847 transitu
1657 1791 1818 1857 facto,

1922 578 2278 634 vetustissimis
2308 576 2505 645 ubique
2534 574 2767 643 gentium
2790 573 2931 643 apud
2960 572 3338 628 Occidentales
3378 572 3509 645 mis-
3562 570 3571 575 ⁷

1924 686 2105 728 sarum
2154 669 2414 725 solemnia
2469 668 2522 721 in
2576 668 2742 721 natali
2787 667 2927 721 beati
2976 664 3248 720 Laurentii
3298 672 3510 734 pratum

1922 764 2028 818 tari
2058 783 2075 815 ι
2103 781 2117 829 ;
2145 763 2242 817 nisi
2274 760 2512 816 adhibito
2551 768 2973 829 temperamento
3000 772 3031 812 e
3052 755 3342 812 Gallicanis
3382 754 3511 809 mis-

1924 871 2103 912 sarum
2127 853 2431 918 Codictbus,
2462 867 2596 922 quos
2626 852 2782 921 paulo
2812 860 2937 904 ante
2974 850 3276 915 retulimus,
3323 844 3511 901 fulcia-

1927 958 2034 1015 tur,
2084 948 2351 1002 inﬁrmam
2398 956 2453 1002 et
2500 946 2658 1016 plane
2696 944 2881 999 falsam
2927 944 2979 997 in
3034 942 3343 997 universum
3370 940 3507 994 fore.

1925 1040 2049 1095 Scio
2071 1037 2317 1107 equidem
2357 1053 2463 1091 non
2505 1036 2776 1092 dissimilia
2820 1034 2958 1105 apud
3002 1032 3290 1086 Maximum
3321 1029 3512 1083 Tauri-

1926 1144 2145 1184 nensetn
2173 1128 2276 1195 legi
2307 1128 2369 1199 (i)
2390 1170 2403 1193 ,
2430 1128 2634 1183 scilicet
2666 1146 2676 1180 :
2714 1125 3025 1195 triumphum
3055 1123 3187 1177 beati
3217 1120 3509 1187 Laurentii,

1929 1232 2087 1277 totum
2140 1219 2322 1289 ubique
2378 1220 2622 1273 mundum
2673 1236 2900 1273 consona
2929 1217 3193 1272 devotione
3219 1213 3510 1275 celebrare;

1927 1316 2019 1372 sed
2050 1331 2115 1370 ea
2158 1331 2267 1369 non
2320 1313 2481 1384 paulo
2520 1312 2855 1382 generaliora
2903 1318 3049 1374 sunt,
3098 1324 3163 1363 ac
3206 1308 3274 1362 de
3320 1305 3511 1373 majori

1928 1406 2283 1463 Ecclesiarum
2329 1415 2519 1475 parte,
2569 1419 2664 1471 pro
2701 1417 2809 1471 quo
2851 1403 2901 1455 in
2953 1401 3153 1455 scholis
3208 1397 3513 1453 diceremus

1928 1500 1991 1552 de
2036 1498 2301 1569 generibus
2347 1495 2699 1567 singulorum,
2768 1494 2965 1563 largius
3024 1491 3368 1563 interpretari
3413 1489 3511 1544 de-

1928 1589 2079 1645 bent.

2002 1680 2079 1733 Ex
2110 1679 2324 1734 silentio
2351 1685 2532 1732 autem
2560 1675 2954 1730 Gallicanorum
2985 1672 3241 1728 Codicum
3264 1671 3329 1726 de
3355 1669 3514 1724 levita

1932 1780 2138 1837 nostro,
2173 1781 2231 1825 ut
2259 1770 2363 1824 hoc
2392 1782 2707 1823 maneamus
2732 1766 2905 1821 obiter
2933 1781 2948 1831 ;
2979 1764 3137 1820 simul
3166 1762 3419 1835 etiam’ex
3447 1773 3514 1813 eo

220 1884 431 1939 nullam
484 1898 703 1954 prorsus
746 1885 798 1938 in
846 1883 911 1937 iis
965 1882 1239 1938 Laurentii
1288 1884 1459 1938 nostri
1493 1884 1821 1937 mentionem

1929 1865 2075 1935 quod
2102 1866 2155 1919 in
2183 1861 2522 1918 Orationario
2552 1858 2973 1914 Tarraconensis
3004 1855 3259 1910 Ecclesiae
3288 1868 3318 1906 a
3349 1852 3515 1905 Blan-
3594 1918 3595 1923 η

220 1972 347 2028 ﬁeri
398 1974 830 2044 comperiemus;
891 1973 1120 2044 proinde
1168 1974 1322 2043 quasi
1370 1990 1469 2030 nec
1516 1974 1561 2028 si
1610 1976 1820 2043 uspiam

218 2064 470 2132 gentium
501 2064 663 2117 levita
690 2062 1061 2118 sanctissimus
1085 2062 1298 2127 vixerit,
1324 2061 1575 2117 Ecclesia:
1617 2072 1710 2116 aut
1740 2064 1821 2117 in-

218 2153 362 2207 cola:
390 2148 579 2207 harum
628 2155 905 2222 regionum
950 2152 1323 2207 inaudiissent.
1370 2153 1422 2207 Id
1448 2169 1574 2208 vero
1599 2171 1726 2209 num
1756 2155 1822 2210 de

217 2242 482 2296 omnibus
512 2241 628 2310 ejus
651 2241 946 2295 Galliarum
976 2249 1177 2295 tractus
1208 2240 1492 2295 Codicibus
1520 2241 1574 2294 in
1606 2244 1822 2298 univer-

216 2347 349 2388 8um
377 2330 631 2386 afﬁrmari
656 2332 841 2402 possit,
869 2348 976 2387 non
999 2332 1133 2387 satis
1164 2332 1502 2402 exploratum
1534 2334 1738 2401 habeo;
1770 2336 1821 2391 in

216 2420 292 2482 iis
338 2435 486 2481 certe
536 2441 673 2495 quos
708 2426 838 2479 mihi
881 2427 1143 2481 hactenus
1190 2426 1375 2481 videre
1421 2427 1572 2482 licuit
1616 2430 1823 2484 nntium

221 2515 450 2571 omnino
476 2516 542 2570 de
562 2526 749 2572 sancto
788 2514 1098 2582 Laurentio,
1149 2532 1249 2571 nec
1295 2517 1361 2572 de
1400 2517 1555 2573 Sixto
1578 2528 1670 2573 aut
1693 2519 1822 2591 Ilip-

218 2606 414 2677 polyto
442 2608 660 2661 verbum
691 2608 903 2675 legitur.
947 2608 1085 2662 Sunt
1113 2617 1314 2672 autem,
1345 2608 1396 2662 l.
1423 2608 1821 2665 Lectionarium

224 2689 567 2752 Luxoviense
628 2696 989 2767 Merovingico
1038 2699 1379 2765 1charactere
1428 2711 1745 2768 exaratum,
1792 2718 1824 2758 a

225 2785 540 2843 Mabillonio
574 2790 648 2859 (c)
672 2789 724 2842 in
752 2788 990 2859 ejusdem
1017 2789 1256 2860 Liturgia
1295 2790 1572 2848 Gallicana
1595 2796 1819 2862 editum,

233 2882 382 2950 quod
414 2882 542 2936 olim
574 2883 638 2936 ad
667 2884 999 2953 provinciam
1028 2883 1314 2938 Maximam
1344 2884 1741 2957 Sequanorum,
1771 2889 1823 2943 id

228 2983 315 3029 est
335 2973 825 3031 Vesontionensem
848 2977 1169 3047 pertinuisse
1190 2977 1330 3032 idem
1356 2987 1545 3034 auctor
1568 2980 1819 3036 afﬁrmat.

225 3060 281 3117 2.
316 3062 810 3120 Sacramentarium
855 3066 1025 3121 sancti
1067 3066 1403 3135 Columbani,
1452 3071 1685 3139 quodex
1714 3071 1823 3128 Bo-

220 3156 405 3211 biensi
453 3155 776 3213 bibliotheca
827 3160 880 3213 in
931 3160 1225 3228 Liturgiam
1300 3160 1631 3218 Gallicanam
1682 3165 1822 3219 idem

1924 1956 2086 2013 cbino
2110 1957 2339 2026 primum
2366 1954 2615 2022 evulgato
2641 1953 2784 2006 nulla
2808 1965 3026 2021 prorsus
3050 1949 3117 2003 de
3146 1954 3329 2003 sancto
3353 1944 3511 1999 Sixto

1923 2050 2125 2103 mentio
2146 2047 2479 2117 reperiatur;
2507 2060 2571 2099 ac
2592 2044 2826 2107 demum,
2860 2030 3005 2110 quod
3031 2040 3228 2093 nullam
3253 2046 3517 2108 praeterea

1924 2154 2141 2193 causam
2171 2138 2394 2193 subesse
2421 2135 2631 2189 videam
2660 2151 2754 2189 cur
2784 2134 2835 2187 in
2869 2132 3122 2202 Hispania
3151 2138 3365 2193 nostra,
3399 2143 3516 2181 ma-

1925 2233 2068 2286 xime
2103 2239 2284 2284 autem
2316 2230 2368 2282 in
2398 2244 2464 2283 eo
2495 2227 2695 2281 Missali
2724 2226 2790 2280 de
2820 2242 2925 2296 quo
2956 2224 3226 2293 loquimur
3248 2262 3263 2287 ,
3296 2229 3514 2275 sancto-

1922 2339 2041 2379 rum
2094 2320 2232 2375 Sixti
2287 2328 2342 2374 et
2397 2318 2669 2388 Hippolyti
2720 2314 2961 2369 natalitia
3016 2311 3273 2382 peculiari
3331 2307 3513 2365 ofﬁcio

1924 2415 2327 2471 celebrarentur
2356 2430 2367 2465 :
2402 2428 2508 2467 non
2539 2410 2708 2465 semel
2740 2410 2791 2463 in
2826 2417 3060 2462 mentem
3091 2406 3239 2460 venit
3286 2411 3513 2473 propter

1923 2504 2296 2571 Laurentium,
2327 2502 2478 2571 cujus
2508 2502 2657 2571 prior
2685 2500 2776 2555 ille
2805 2498 3081 2567 magister,
3112 2493 3384 2564 posterior
3415 2491 3517 2545 iste

1928 2596 2258 2665 discipulus,
2290 2602 2520 2662 uterque
2548 2606 2678 2645 vero
2710 2589 2975 2659 passionis
3002 2581 3401 2656 quodammodo
3431 2596 3519 2635 so-

1924 2690 2037 2744 cius
2068 2686 2242 2742 fuerat
2270 2727 2283 2747 ,
2317 2685 2493 2740 locum
2524 2684 2602 2738 eis
2631 2683 2832 2736 factum
2886 2681 2939 2733 in
2973 2666 3509 2733 Gothico-Gallicano

1924 2778 2159 2843 Codice;
2207 2791 2275 2831 ne
2305 2776 2513 2830 scilicet
2556 2789 2785 2843 quorum
2835 2786 3000 2825 unum
3043 2777 3316 2824 certamen
3348 2765 3517 2819 videri

1921 2876 2137 2940 poterat
2164 2876 2219 2921 et
2244 2866 2539 2936 saepissime
2569 2866 2620 2917 in
2653 2863 2856 2917 eisdem
2882 2861 3031 2914 Actis
3076 2857 3354 2927 legebatur
3397 2856 3467 2925 (j)
3499 2894 3516 2921 ,

1924 2963 1978 3016 in
2004 2961 2160 3015 unius
2190 2958 2444 3014 Ecclesia:
2476 2955 2711 3024 Liturgia
2733 2954 2883 3009 cultu
2915 2951 3344 3020 sejungerentur.
3375 2946 3520 3001 Sane

1923 3071 2054 3111 vero
2078 3094 2094 3121 ,
2126 3054 2322 3123 quibus
2352 3052 2403 3105 in
2436 3050 2723 3105 Codicibus
2753 3056 2845 3102 aut
2869 3043 3193 3101 calendariis
3241 3040 3518 3096 Laurentii

1924 3145 2102 3200 natale
2148 3143 2292 3197 sileri
2336 3140 2653 3208 contigerit,
2708 3140 2758 3192 in
2807 3138 2871 3192 iis
2920 3145 3229 3190 sanctorum
3278 3131 3419 3186 Sixti
3464 3138 3520 3186 et

221 3243 573 3301 Mabillonius
603 3248 784 3302 retulit
816 3249 916 3319 (ά),
950 3259 1002 3304 et
1032 3252 1097 3304 ad
1144 3252 1386 3306 eamdem
1430 3253 1822 3310 Vesontionen-

1928 3236 2200 3306 Hippolyti
2222 3233 2589 3291 solemnitates
2617 3230 2811 3285 frustra
2842 3242 3071 3299 quzeras.

222 3351 346 3391 sem
371 3338 701 3406 provinciam
727 3349 973 3409 spectare
1002 3342 1188 3396 voluit.
1235 3341 1287 3395 5.
1334 3342 1549 3399 Missale
1581 3345 1820 3402 Franco-

223 3447 347 3483 rum
387 3431 613 3498 dictum,
641 3447 671 3486 a
696 3448 817 3486 ven.
847 3433 994 3487 card.
1029 3434 1318 3489 Thomasio
1346 3437 1572 3505 primum
1598 3439 1818 3506 editum,

223 3528 289 3576 et
311 3535 341 3574 a
369 3519 662 3577 Muratorio
703 3522 757 3576 in
807 3522 1193 3580 Dissertatione
1218 3525 1285 3580 de
1314 3525 1548 3595 Liturgia
1580 3528 1820 3584 Romana

226 3626 481 3668 recnsum
508 3615 604 3686 (c),
657 3616 799 3686 quod
829 3617 895 3671 ad
924 3616 1315 3674 Pictaviensem
1356 3619 1650 3675 Ecclesiam
1692 3624 1821 3677 olim

229 3704 557 3776 pertinuisse
579 3721 644 3761 ex
679 3707 887 3763 Marino
920 3708 1240 3765 Thomasius
1270 3711 1321 3764 in
1364 3711 1603 3779 ejusdem
1634 3714 1823 3781 praeia-

229 3796 384 3851 tioue
433 3806 637 3851 censet.
695 3797 909 3854 Missale
956 3800 1172 3856 demum
1219 3802 1712 3857 Caliicamtntvetus
1749 3806 1819 3875 (Ῑ)

227 3885 474 3955 ejusdem
502 3902 625 3941 ven.
660 3890 967 3953 cardinalis,
1011 3890 1078 3945 ad
1108 3891 1360 3947 Eedesim
1387 3893 1824 3949 Altisiodorensis

228 3991 391 4032 usum
420 3977 734 4033 adornatum
767 3978 863 4049 (uti
892 3997 959 4036 ex
1001 3983 1172 4037 sancti
1214 3982 1465 4038 Germani
1498 3984 1652 4053 hujus
1679 3986 1824 4039 urbis

231 4067 492 4138 episcopi,
526 4084 643 4139 qua:
666 4071 824 4137 unica
848 4082 931 4126 est
950 4074 1018 4127 de
1048 4074 1249 4129 sanctis
1278 4076 1329 4128 in
1362 4090 1428 4129 eo
1452 4076 1647 4130 Codice
1673 4091 1824 4131 men—

232 4158 334 4221 tio,
396 4159 669 4227 conjicere
718 4164 1061 4233 possumus);
1112 4164 1166 4217 in
1196 4165 1389 4232 quibus
1436 4166 1681 4221 omnibus
1726 4183 1824 4223 nec

234 4249 461 4303 verbum
522 4250 591 4305 de
646 4262 832 4308 sancto
888 4253 998 4309 Lau
1031 4257 1177 4311 entio
1230 4258 1468 4327 reperire
1518 4259 1646 4313 mihi
1694 4276 1821 4315 con-

237 4341 380 4410 tigit.

311 4433 388 4489 Ex
412 4436 494 4492 his
517 4447 714 4503 autem,
744 4435 843 4491 nisi
869 4437 1215 4492 vehementer
1236 4450 1336 4505 ego
1368 4438 1539 4504 fallor,
1570 4438 1824 4509 liquidum

238 4521 301 4578 ιιι
350 4524 627 4581 Blanchini
685 4527 876 4581 thesim
926 4526 1238 4581 afﬁrmantis
1282 4527 1406 4598 (g):
1450 4527 1825 4601 Martyrologia

1999 3328 2150 3382 Nunc
2205 3334 2414 3389 autem,
2472 3331 2531 3377 ut
2559 3338 2664 3392 quo
2695 3321 2809 3375 inec
2839 3320 3055 3374 demum
3087 3316 3394 3388 pertineant
3440 3313 3521 3367 vi-

1926 3418 2167 3485 deamus,
2196 3416 2333 3471 scire
2363 3398 2581 3469 omnino
2601 3428 2627 3465 a
2648 3411 2943 3466 Blancbino
2968 3408 3189 3463 vellem:
3215 3405 3265 3458 ι.
3292 3405 3447 3469 Cum,
3474 3403 3521 3459 si

1926 3507 2113 3563 Romm
2165 3504 2511 3561 Laurentium
2570 3502 2885 3571 adjudicet,
2939 3516 3046 3555 non
3099 3498 3268 3566 magis
3311 3494 3420 3564 jam
3451 3494 3520 3548 ad

1926 3597 2196 3670 Hispanos
2240 3613 2400 3665 quam
2434 3599 2499 3649 ad
2527 3590 2711 3649 Gallos
2753 3591 3123 3647 sanctissimus
3152 3589 3310 3641 levita
3351 3585 3519 3656 perti«

1926 3703 2056 3742 nere
2085 3687 2280 3742 debeat
2306 3705 2319 3739 :
2352 3702 2450 3739 cur
2470 3726 2483 3750 ,
2518 3686 2683 3739 altum
2715 3682 2783 3737 de
2817 3697 2884 3736 eo
2913 3679 3193 3734 silentibus
3221 3676 3518 3731 Galliarum

1927 3776 2412 3840 Sacramentariis,
2458 3772 2844 3842 Hispanienses
2891 3771 3096 3823 interea
3148 3766 3376 3821 Codices
3408 3774 3519 3818 tam

1926 3867 2199 3937 peculiare
2246 3864 2520 3919 Laurentii
2547 3903 2562 3927 ,
2595 3878 2701 3917 non
2732 3861 2893 3916 modo
2926 3862 2977 3914 in
3006 3860 3173 3930 ipsius
3198 3897 3213 3923 ,
3257 3857 3355 3913 sed
3381 3866 3436 3911 et
3463 3856 3520 3911 in

1926 3959 2063 4014 Sixti
2091 3968 2253 4027 atque
2295 3957 2570 4029 Hippolyti
2602 3955 2859 4009 natalitiis
2887 3953 3118 4020 elogium
3162 3950 3518 4006 contineant?

1924 4050 1980 4103 2.
2004 4049 2161 4115 Cum,
2185 4063 2287 4101 una
2314 4056 2535 4114 excepta
2560 4044 2751 4114 patria,
2780 4043 2907 4097 nihil
2935 4043 3044 4111 jam
3066 4040 3405 4106 Laurentius,
3421 4054 3520 4095 seu

1932 4138 2195 4208 gradum,
2275 4135 2592 4204 dignitatem
2642 4148 2833 4202 resque
2878 4134 2944 4185 ab
2990 4132 3105 4203 ipso
3136 4138 3351 4200 gestas,
3404 4129 3518 4184 sive

1928 4230 2195 4302 passioois
2223 4216 2315 4282 aut
2359 4226 2673 4283 exuviarum
2705 4225 2883 4279 locum
2928 4234 3141 4293 spectes
3166 4264 3180 4287 ,
3230 4236 3518 4278 commune

1927 4340 2049 4381 cum
2080 4322 2328 4392 Hispanis
2349 4320 2629 4374 habiturus
2650 4319 2716 4374 sit
2740 4336 2752 4372 :
2779 4335 2877 4374 cur
2902 4319 2955 4373 in
2977 4316 3517 4373 Gothico-Gallicana

1929 4413 2130 4469 Codice
2164 4413 2515 4466 nationalium
2547 4411 2803 4465 fesmrum
2834 4411 3167 4480 parcissimo,
3200 4408 3252 4462 in
3281 4423 3387 4477 quo
3419 4422 3519 4463 nec

1928 4505 2215 4560 Vincentio
2249 4504 2421 4558 levita:
2453 4543 2467 4567 ,
2505 4518 2605 4557 nec
2635 4501 2798 4557 Felici
2823 4498 3154 4555 Gerundensi
3180 4538 3196 4564 ,
3228 4512 3327 4551 nec
3354 4495 3520 4552 Fruc-

236 4617 413 4670 omnia
442 4626 491 4670 et
518 4617 817 4671 calendario
846 4619 1278 4674 vetustissima....
1342 4636 1536 4674 necnon
1556 4631 1603 4674 et
1630 4622 1822 4676 Sacra-

1932 4608 2126 4657 tuoso,
2176 4606 2269 4651 aut
2311 4598 2430 4651 aliis
2478 4596 2726 4665 Hispanis
2772 4593 3097 4663 martyribus
3144 4590 3518 4669 illustrissimis

236 4709 516 4773 mentaria,
569 4709 995 4780 gloriosissimam
1024 4711 1077 4762 in
1124 4718 1231 4763 tota
1279 4709 1513 4765 Ecclesia
1554 4710 1824 4767 Laurentii

237 4799 534 4868 passionem
565 4801 880 4853 unanimiter
923 4800 1177 4863 recolere,
1208 4816 1313 4854 non
1339 4816 1495 4857 secus
1523 4811 1682 4870 atque
1708 4804 1826 4858 alti-

240 4906 365 4947 nem
397 4892 555 4946 aliam
596 4891 678 4946 Cl.
722 4891 986 4947 Dominici
1026 4891 1241 4961 Georgii
1266 4893 1319 4947 in
1352 4893 1492 4947 notis
1532 4894 1597 4947 ad
1626 4895 1827 4951 Adonis

315 5069 392 5141 (ιι)
424 5069 663 5125 Sacram.
692 5068 1027 5141 Veronense,
1083 5078 1213 5141 tom.
1247 5066 1649 5141 lYkAnastasii
1690 5069 1829 5124 inter

243 5138 573 5208 Prolegom.,
598 5153 717 5210 pag.
750 5140 919 5204 1.,col.
944 5138 997 5202 2,
1027 5155 1082 5193 η.
1106 5138 1139 5190 4
1167 5148 1223 5193 et
1328 5138 1638 5209 (Videinfra
1665 5155 1827 5208 quar-

246 5219 356 5264 tam
384 5209 634 5265 notarnm
662 5211 787 5266 huic
813 5211 1178 5265 dissertationi
1206 5209 1304 5265 sub
1329 5210 1693 5265 Addendorum
1724 5227 1826 5266 no-

244 5281 391 5338 mine
420 5281 794 5351 adnexarum).
835 5279 990 5335 Eutr.

318 5372 391 5444 (b)
424 5371 583 5427 Putat
608 5372 842 5444 Acamas
873 5372 891 5440 (
916 5372 1053 5444 Diss.
1083 5372 1151 5427 de
1199 5375 1365 5442 antiq.
1419 5374 1830 5431 Sacramentzarii

248 5440 714 5525 YerOnen.,.part.
743 5459 780 5508 ι,
810 5443 837 5525 §
868 5443 985 5525 xu),
1011 5442 1197 5525 Missas
1218 5446 1280 5525 in
1305 5440 1500 5525 quibus
1524 5446 1606 5525 hee
1632 5447 1832 5525 goltec:

247 5513 425 5583 tiones
475 5513 760 5576 habentur,
811 5513 864 5567 in
905 5513 992 5568 die
1045 5514 1397 5583 depositionis
1442 5514 1576 5569 Sixti
1632 5515 1732 5570 PP.
1768 5517 1831 5570 ιιι

247 5598 347 5653 pro
373 5582 490 5653 ejus
518 5587 704 5653 requie
750 5584 1086 5653 celebratas;
1115 5585 1441 5639 mentionem
1482 5594 1659 5640 autem
1705 5587 1835 5641 lau-

248 5652 421 5724 rentii;
464 5652 609 5709 ideo
642 5655 693 5707 in
741 5654 871 5724 ipsis
921 5652 1133 5719 factam,
1175 5655 1299 5723 quia
1326 5655 1369 5708 is
1399 5656 1638 5721 pontifex
1663 5657 1833 5711 altero

250 5732 375 5794 post
399 5722 745 5779 Laurentium
762 5722 872 5789 die,
904 5740 952 5777 χι
982 5722 1437 5793 δοιιὶεειίὴυειιειι
1475 5742 1599 5780 ann.
1631 5742 1831 5782 ccccxr.

249 5794 432 5849 vivere
458 5794 695 5849 desierit.

324 5887 395 5957 (c)
427 5884 627 5956 Liturg.
659 5885 916 5940 Gallican.
953 5885 1041 5940 lib.
1069 5901 1124 5952 ιι,
1157 5898 1275 5955 pag.
1318 5885 1432 5941 l06.
1458 5888 1522 5941 ad
1558 5888 1675 5942 175.

1927 4690 2076 4745 locus
2124 4689 2211 4742 vel
2260 4689 2515 4742 minimus
2564 4687 2853 4740 attributus
2877 4693 2994 4747 est,
3049 4691 3154 4735 tam
3204 4679 3424 4748 insignis
3454 4693 3519 4732 ac

1928 4778 2218 4842 luculenta,
2250 4794 2424 4848 neque
2453 4794 2560 4832 uno
2588 4786 2793 4831 tantum
2819 4776 2871 4829 in
2904 4775 3022 4828 loco
3056 4771 3327 4848 Laurentii
3350 4768 3519 4824 nostri

1929 4869 2133 4923 mentio
2183 4846 2495 4923 habeatur?
2545 4867 2598 4920 5.
2651 4865 2849 4921 Verum
2904 4864 3095 4928 fuerit,
3164 4846 3308 4930 quod
3352 4860 3519 4930 gratis

2003 5045 2079 5116 (d)
2110 5044 2349 5099 llabctur
2394 5046 2438 5100 is
2486 5044 2665 5116 Codex
2713 5042 3152 5116 apncjpllurator.
3203 5039 3269 5096 de
3314 5039 3513 5112 Liturg.

1934 5112 2177 5170 Romana
2209 5126 2341 5175 νει..
2367 5124 2498 5169 tom.
2522 5115 2560 5168 ll
2589 5155 2602 5179 ,
2630 5131 2657 5167 a
2683 5112 2784 5169 col.
2818 5112 2942 5166 775.

2007 5186 2076 5255 (ε)
2110 5184 2263 5239 Tom.
2299 5183 2360 5250 ll,
2395 5201 2422 5239 a
2454 5186 2559 5240 col.
2589 5184 2710 5237 662.

2009 5251 2073 5327 (i)
2107 5255 2316 5310 Editum
2359 5255 2733 5327 adiuratorio,
2768 5264 2899 5310 tom.
2933 5251 2995 5319 li,
3025 5251 3161 5308 Diss.
3196 5253 3262 5309 de
3303 5252 3510 5323 Liturg.

1936 5325 2118 5391 Bouh,
2154 5342 2183 5380 a
2214 5327 2320 5380 col.
2349 5325 2471 5379 697.

2033 5398 2085 5468 g)
2113 5397 2309 5449 Annot.
2362 5412 2424 5450 cv
2470 5397 2524 5450 in
2569 5393 2810 5450 Oration.
2871 5394 3150 5465 antiquiss.
3192 5395 3282 5449 rit.
3324 5394 3514 5463 60th.,

1937 5482 2057 5539 pag.
2091 5482 2353 5539 cccxxx".

2011 5534 2087 5606 (It)
2129 5538 2208 5591 Ad
2235 5538 2371 5589 dien
2398 5552 2432 5590 ι
2461 5536 2593 5605 Aug.
2630 5535 2770 5590 Edit.
2800 5534 2956 5590 Rom.
2979 5575 2993 5601 ,
3023 5550 3142 5605 pag.
3174 5534 3297 5588 592.

2013 5610 2073 5678 (i)
2116 5607 2311 5678 llomil.
2339 5622 2374 5660 ιι
2404 5607 2468 5660 de
2490 5616 2679 5662 sancto
2703 5606 3003 5678 Laurentio
3020 5608 3120 5678 sub
3158 5607 3337 5678 linem.

2013 5674 2076 5749 ('j)
2120 5676 2490 5749 [lalicnturiin
2519 5678 2719 5749 eisdem
2759 5678 2908 5731 Actis
2935 5675 3029 5749 SS.
3054 5675 3196 5749 ASixti
3246 5674 3515 5749 Laurentii

1942 5743 2101 5819 atque
2153 5746 2420 5818 Hippolyti
2466 5748 2741 5817 passiones
2791 5762 2911 5802 cum
2944 5746 3349 5819 alibi,‘tutn_iu
3378 5743 3509 5819 Cod.

1944 5814 2230 5883 Vaticano,
2255 5814 2403 5881 cuius
2433 5814 2592 5872 verba
2625 5826 2897 5885 postremo
2928 5817 3084 5869 nobis
3117 5814 3233 5867 loco
3265 5814 3514 5870 Blanchi-

1945 5906 2042 5946 nus
2072 5889 2267 5959 tbjicit.
2301 5889 2372 5943 De
2402 5905 2506 5958 quo
2531 5888 2750 5943 iniu-rius
2780 5903 2956 5943 sermo
2988 5892 3244 5941 recurret.
