4046 6364
494 332 591 389 6H

1273 328 1589 386 ADDENIH
1632 328 1723 384 Αι)
1762 327 2087 397 ρυοδυηί
2140 324 2671 388 ΡΩᾹΖΟΕΟΕΝΤΕΞ
2709 327 2962 387 ⁸1⁸03108.

3671 333 3796 387 (ili

488 442 786 501 lliauchino
829 441 1066 508 damus;
1116 439 1314 509 fuerit,
1358 442 1578 514 inquam
1605 482 1621 508 ,
1674 449 1870 512 praeter
1899 441 2087 510 patria:
2113 455 2162 513 Α
2190 440 2325 497 Sixti
2357 450 2519 512 atque
2563 440 2835 513 llippolyti
2864 440 3123 497 uatalitiis
3167 440 3342 511 elogio
3388 442 3569 498 locum
3600 442 3797 501 facere

489 537 928 593 communionem
958 550 1119 591 causa
1149 550 1345 591 arcana
1376 537 1588 605 aliqua,
1617 551 1712 590 cur
1740 535 1792 589 in
1822 534 2085 590 Gothum-

470 626 769 684 Gallicano
816 626 887 682 de
933 642 1045 696 quo
1074 626 1283 699 agimus
1331 626 1532 682 Codice
1580 625 1855 681 Laurentii
1884 625 2085 681 mentio

491 715 650 771 iteret
676 734 690 769 :
721 730 791 769 au
819 729 884 771 ea
914 714 1050 770 tanti
1077 716 1329 785 ponderis
1371 715 1637 769 exstitisse
1666 713 1933 769 credenda
1961 721 2045 768 est
2067 750 2083 781 ,

493 813 553 858 ut
579 814 864 875 propterea
914 805 1097 860 natale
1147 805 1419 860 Laurentii
1467 814 1619 860 extra
1671 804 1979 874 Hispaniam
2028 812 2086 858 ut

491 903 647 967 putat
692 894 1016 950 Blanchinus
1046 894 1207 960 editi,
1232 896 1459 950 'educati
1487 903 1648 966 atque
1671 894 1763 948 alti
1788 937 1803 961 ,
1829 894 2085 963 cujusque

493 987 640 1043 nulla
671 988 867 1043 ibidem
895 988 1141 1042 exstabat
1166 987 1509 1055 reliquiarum
1542 1003 1682 1055 pars,
1726 987 1906 1057 potius
1936 986 1988 1039 in
2020 1001 2085 1040 eo

493 1080 695 1137 CodiCe
720 1098 784 1137 ac
810 1081 1106 1136 solemnius
1151 1082 1472 1148 haberetur,
1502 1096 1665 1149 quam
1695 1080 1780 1134 vel
1812 1080 1865 1134 in
1893 1080 2085 1133 eodem

494 1170 718 1227 Eulalia:
777 1171 1126 1227 Emeritensis
1179 1174 1256 1241 (α)
1310 1171 1564 1243 martyris
1609 1169 2083 1235 celebratissiinm,

493 1264 669 1335 patria
696 1305 711 1327 ,
741 1263 1021 1329 incolatu,
1068 1263 1321 1333 passione
1351 1269 1514 1330 atque
1564 1259 1876 1314 exuviarum
1922 1260 2041 1314 loco
2068 1299 2085 1327 ,

493 1352 640 1408 nulla
660 1352 892 1423 denique
917 1368 1023 1407 nou
1047 1368 1115 1407 ex
1138 1360 1292 1422 parte
1318 1350 1601 1420 llispame;
1627 1349 1714 1403 vel
1740 1348 1905 1418 ipsius
1925 1348 2086 1402 etiam

494 1444 770 1501 Laurentii
799 1446 851 1499 iu
882 1443 1170 1499 Codicibus
1199 1441 1519 1508 Gelasiano,
1552 1439 1901 1509 Gregoriano,
1927 1449 2089 1508 atque

493 1535 613 1592 aliis
644 1536 711 1589 ad
739 1535 990 1591 Ecclesize
1022 1535 1281 1589 Roman-.e
1310 1550 1465 1589 usum
1496 1533 1807 1588 adornatis?

564 1625 691 1682 Hrec
719 1625 1017 1681 Blanchino
1063 1623 1400 1694 longiuscule
1444 1622 1609 1693 petita
1638 1620 1961 1676 videbuntur
1989 1636 2003 1687 ;
2034 1628 2090 1675 et

491 1716 759 1783 fortassis,
789 1731 894 1786 qua
916 1726 1000 1772 est
1022 1716 1315 1785 sagacitate
1337 1730 1400 1769 ac
1428 1713 1671 1768 doctrina
1700 1713 1799 1777 vir,
1830 1713 2085 1767 latentem

2186 535 2445 605 potuisse.
2486 533 2592 588 Sed
2621 534 2694 589 de
2722 535 2806 590 his
2835 535 2954 604 plus
2982 535 3133 590 satis.

2258 624 2392 680 Illud
2438 626 2541 680 hoc
2592 624 2715 680 loco
2763 624 2887 694 jure
2938 625 3111 681 lector
3153 625 3463 683 desiderare
3515 635 3571 681 et
3620 628 3800 697 plane

2188 718 2369 772 mirari
2401 717 2599 787 possit,
2633 718 2684 771 in
2716 727 2865 772 tanta
2895 717 3265 787 Iiturgicorum
3293 718 3553 775 Codicum
3588 719 3759 789 copia
3780 760 3801 787 ,

2190 805 2394 858 nullum
2422 821 2452 859 a
2484 806 2636 858 nobis
2682 803 2943 861 hactenus
2970 805 3258 861 adductum
3282 849 3298 872 ,
3349 808 3442 878 qui
3471 808 3695 878 proprie
3720 808 3804 864 ad

2190 896 2565 968 Hispaniarum
2598 897 2864 954 Ecclesias
2905 900 3212 968 pertineat;
3258 916 3381 955 cum
3411 901 3544 955 alias
3573 903 3807 970 priscas

2190 989 2280 1043 ille
2307 997 2607 1042 uostratum
2636 987 2936 1043 Gothorum
2970 989 3295 1045 lsidorianus
3322 991 3458 1046 ritus
3481 1034 3497 1056 ,
3527 991 3799 1045 Mazara-

2190 1078 2347 1133 bicus
2374 1080 2536 1147 vu'go
2565 1078 2740 1133 dictus
2763 1119 2777 1142 ,
2829 1089 2980 1133 tanto
3007 1096 3221 1147 semper
3248 1082 3392 1151 apud
3421 1083 3708 1150 Iiturgicos
3741 1083 3805 1136 in

2190 1167 2397 1222 honore
2426 1167 2619 1233 luerit,
2651 1176 2707 1222 ct
2735 1184 2902 1237 usque
2927 1170 3016 1223 sit.
3049 1169 3125 1224 Ac
3152 1171 3282 1224 mihi
3318 1172 3533 1239 quidem
3576 1174 3806 1242 (quan-

2190 1274 2349 1328 quam
2378 1257 2577 1313 Missali
2624 1257 2961 1313 Mozarabico
2991 1260 3058 1314 ab
3090 1260 3497 1330 incomparabili
3518 1260 3803 1316 cardinali

2192 1348 2440 1405 Xnnenio
2482 1350 2628 1404 edito
2679 1364 2785 1403 non
2816 1366 3006 1420 parum
3054 1352 3122 1405 ab
3171 1352 3439 1421 aliquibus
3481 1351 3804 1407 detractum

2192 1456 2450 1497 noveram
2475 1483 2491 1508 ,
2539 1442 2694 1512 quasi
2721 1441 2888 1510 ipsius
2930 1441 3189 1497 collector
3215 1458 3283 1497 ex
3307 1443 3542 1513 antiquis
3595 1445 3807 1497 Missa-

2191 1534 2329 1590 libus
2373 1550 2705 1605 quaecunque
2735 1534 2889 1589 libuit
2920 1535 2974 1589 iu
3003 1550 3126 1589 eum
3177 1534 3430 1591 Codicem
3479 1536 3807 1590 transtulis-

2192 1626 2325 1694 set),
2359 1624 2599 1678 haerebat
2627 1618 3182 1679 nihilominus'animo
3201 1625 3317 1693 ejus
3345 1625 3571 1680 Missalis
3599 1641 3809 1679 exem-

2191 1715 2339 1785 plum
2364 1753 2379 1777 ,
2411 1714 2556 1785 quod
2587 1714 2639 1768 in
2670 1714 3135 1770 excellentisdma:
3165 1714 3405 1770 Con-inae
3445 1717 3645 1771 domus
3670 1756 3687 1782 ,
3740 1726 3807 1771 et

493 1807 730 1877 aliquam
781 1804 941 1875 hujus
1005 1804 1393 1874 singularitatis
1440 1818 1658 1858 causam
1706 1803 1759 1856 in
1805 1809 2087 1856 numerato
2123 1802 2167 1862 Β
2196 1804 2248 1857 ίη
2300 1802 2649 1858 Vallicellana
2707 1803 3033 1859 bibliotheca
3083 1806 3350 1860 asservari
3405 1793 3753 1860 inaudieram
3782 1847 3804 1873 ,

493 1898 714 1962 habeat,
745 1912 866 1966 qua:
894 1896 1026 1951 mihi
1059 1905 1262 1961 tamen,
1288 1903 1348 1949 ut
1372 1910 1559 1950 verum
1587 1895 1791 1958 fatear,
1824 1893 2085 1948 hactenus

493 1987 640 2043 nulla
686 1987 968 2042 succurrit.
1008 1984 1086 2039 Ne
1114 1993 1294 2038 autem
1325 1983 1393 2037 ad
1424 1983 1700 2038 Laurentii
1731 1982 1933 2037 cultum
1967 1981 2088 2035 ubi-

476 2091 601 2148 =que
632 2085 895 2131 terrarum
942 2076 1047 2131 late
1076 2082 1429 2147 propagatum
1478 2074 1792 2142 confugiat,
1841 2074 1993 2143 quasi
2021 2088 2090 2127 ex

495 2183 563 2225 eo
604 2167 891 2238 peculiaris
936 2166 1256 2223 sanctissimi
1306 2166 1480 2221 levita:
1528 2166 1581 2219 iu
1628 2163 2090 2220 Galliae-Gothica:

494 2261 753 2317 Ecclesiis
791 2262 967 2316 cultus
994 2259 1287 2315 descendat
1313 2276 1328 2324 ;
1356 2258 1425 2313 de
1454 2258 1673 2314 silentio
1722 2258 2090 2313 Ecclesiarum

494 2365 595 2424 per
620 2349 820 2406 Callias
870 2350 1135 2420 Belgicam
1160 2388 1176 2415 ,
1206 2348 1466 2404 Celticam
1492 2387 1508 2413 ,
1538 2347 1932 2403 eLFrancicam
1957 2386 1973 2412 ,
2005 2348 2093 2404 hic

497 2458 715 2499 rursum
765 2440 1061 2495 monendus
1087 2447 1189 2495 est.
1240 2438 1543 2494 Meminerit
1571 2446 1833 2507 praeterea
1880 2438 2094 2508 Augus-

497 2533 693 2599 tinum,
727 2547 833 2587 non
856 2545 1013 2586 secus
1041 2546 1104 2586 ac
1128 2530 1196 2586 de
1227 2528 1522 2584 Laurentio
1554 2528 1843 2596 Maximus,
1871 2530 1998 2585 olim
2028 2530 2096 2585 de

497 2623 695 2694 insigni
744 2622 910 2679 levita
961 2637 1027 2676 ac
1075 2632 1311 2693 martyre
1370 2621 1651 2677 Vincentio
1702 2621 1903 2677 dixisse
1952 2621 2091 2692 (b):

500 2712 722 2768 Nullam
762 2715 873 2784 ejus
927 2722 1151 2781 tempore
1196 2714 1457 2783 regionem
1482 2752 1497 2776 ,
1536 2711 1733 2765 nullam
1779 2713 2097 2782 provinciam

497 2821 758 2876 quousque
795 2804 1090 2859 Romanum
1121 2803 1396 2874 imperium
1425 2804 1500 2858 vel
1526 2802 1880 2857 Christianum
1908 2819 2093 2857 nomen

497 2896 792 2951 extenditur
813 2912 917 2951 non
942 2895 1202 2949 celebrare
1231 2894 1494 2950 Vincentii
1515 2894 1726 2959 natale;
1750 2895 1893 2963 quod
1917 2904 2096 2950 tamen

497 2988 554 3043 iu
575 2987 639 3042 iis
658 3001 797 3057 quos
818 2986 1099 3042 retulimus
1126 2985 1425 3041 Galliarum
1454 2985 1762 3054 Codicibus,
1795 2986 1902 3040 imo
1931 2985 2097 3040 etiam

500 3079 557 3134 in
620 3078 821 3134 Missali
886 3075 1467 3143 Gothico-Gallicano,
1523 3076 1721 3132 frustra
1772 3075 2099 3131 Blanchinus

2191 1892 2472 1963 diligenter
2508 1894 2789 1959 evolvere,
2828 1894 2873 1949 si
2900 1895 3032 1964 quid
3076 1895 3200 1950 inde
3239 1897 3438 1951 nostris
3474 1897 3625 1951 hisce
3656 1912 3806 1951 con-

2188 1982 2415 2051 jecturis
2471 1982 2607 2037 lucis
2650 1981 2951 2051 aﬂulgeret.
3023 1982 3374 2039 Commodum
3438 1995 3622 2041 autem
3692 2000 3809 2057 per

2192 2089 2257 2129 ea
2298 2082 2541 2144 tempora
2607 2074 2691 2128 Cl.
2742 2074 3049 2129 Alexander
3124 2075 3343 2132 Lesleus
3384 2077 3442 2131 S.
3490 2077 3540 2131 J.
3600 2078 3804 2133 Mouc

2193 2167 2431 2222 rabicum
2492 2168 2666 2236 ipsum
2747 2164 2980 2222 Ximenii
3052 2166 3310 2223 Codicem
3362 2169 3676 2240 prmlalionc
3732 2185 3809 2225 ac

2194 2261 2336 2315 notis
2377 2270 2597 2315 auctum
2638 2259 2806 2315 edidit
2862 2260 2970 2332 (c),
3027 2262 3079 2316 iu
3132 2263 3327 2331 quibus
3382 2279 3488 2317 non
3550 2264 3806 2332 vulgaris

2195 2368 2372 2422 neque
2430 2353 2622 2407 hausta
2692 2354 2760 2407 de
2830 2353 3002 2408 triviis
3083 2355 3313 2409 eruditio
3390 2369 3510 2409 cum
3571 2369 3806 2409 summa

2196 2447 2275 2501 rei
2330 2446 2591 2513 liturgicze
2657 2446 2851 2516 peritia
2917 2445 3196 2501 decertare
3267 2448 3539 2503 videntur.
3614 2446 3675 2502 In
3731 2463 3810 2502 eo

2198 2545 2378 2591 autem
2428 2535 2629 2593 Missali
2652 2575 2667 2601 ,
2726 2536 2867 2605 quod
2900 2544 3081 2592 nostra
3129 2539 3347 2608 propius
3376 2541 3568 2593 attinet
3597 2580 3614 2605 ,
3648 2537 3806 2592 Lau-

2205 2626 2367 2681 rentii
2422 2625 2617 2680 festum
2665 2628 2884 2695 propria
2948 2636 3005 2681 et
3052 2628 3308 2696 peculiari
3358 2627 3515 2683 Missa
3548 2670 3564 2696 ,
3597 2630 3808 2683 nedum

2198 2717 2367 2773 natali
2399 2718 2567 2787 Ipsius
2595 2717 2683 2772 die
2714 2733 2766 2772 tv
2816 2717 2892 2772 ld.
2942 2717 3167 2787 Augusti
3196 2760 3211 2783 ,
3263 2719 3359 2774 sed
3387 2728 3440 2774 et
3466 2719 3520 2773 in
3549 2719 3805 2787 ejusdem

2200 2808 2306 2863 diei
2332 2817 2520 2862 octava
2549 2851 2564 2876 ,
2596 2824 2682 2862 xvt
2730 2807 2850 2863 Kal.
2902 2808 3265 2880 Septembris,
3290 2811 3810 2881 solemnissimoque

2200 2916 2294 2955 sea:
2317 2916 2597 2971 capparum
2627 2901 2731 2954 ritu
2772 2901 3032 2956 celebrari
3063 2902 3415 2957 animadverti
3442 2920 3457 2969 ;
3500 2918 3624 2958 cum
3652 2902 3805 2958 Sixti

2201 2999 2364 3061 atque
2415 2989 2689 3062 Hippolyti
2733 2988 2867 3045 festa
2912 2990 3023 3046 suis
3072 2994 3493 3062 unumquodque
3536 2994 3807 3049 natalitiis

2203 3089 2412 3136 tantum
2446 3080 2607 3145 iiant,
2638 3082 2875 3151 nihilque
2899 3082 3175 3152 proprium
3206 3066 3456 3147 habeant,
3488 3082 3582 3138 sed
3612 3084 3807 3137 omnia

504 3170 797 3239 qumsierit.
837 3167 1160 3223 Postremo:
1192 3184 1535 3224 communem
1590 3167 1862 3223 Laurentii
1892 3165 2094 3221 cultum
2124 3190 2169 3252 ρ
2202 3190 2271 3230 εχ
2325 3176 2580 3229 communi
2640 3174 2976 3246 plurimorum
3039 3185 3325 3245 martyrum
3399 3174 3759 3230 desumantur
3783 3218 3805 3245 ,

498 3274 599 3330 per
620 3258 807 3313 orbem
838 3265 1132 3322 terrarum,
1181 3265 1300 3311 utut
1326 3256 1566 3326 ejusdem
1595 3256 1764 3309 natali
1794 3255 1937 3309 inter
1962 3255 2098 3309 alio-

500 3365 620 3406 rum
673 3357 969 3420 martyrum
1025 3347 1400 3403 solemnitates
1448 3348 1501 3402 in
1552 3344 2097 3402 Gothi‘co-Gallicano

492 3439 701 3497 .Codice
730 3440 1064 3495 recensendo
1092 3454 1309 3495 causam
1339 3440 1575 3496 dedisset
1605 3457 1618 3494 :
1662 3455 1773 3495 non
1807 3449 1985 3494 tamen
2017 3440 2098 3494 in-

502 3530 749 3603 siguijac
775 3530 1033 3601 peculiari
1082 3530 1159 3585 illi
1187 3530 1240 3585 in
1286 3531 1504 3601 proprio
1534 3572 1550 3597 ,
1597 3539 1653 3585 et
1683 3530 1737 3585 in
1785 3539 2096 3586 sanctorum

578 3660 656 3734 (ᾳ)
697 3660 963 3732 Perpetuo
1008 3660 1269 3717 Eulaliam
1315 3662 1471 3734 cujus
1518 3661 1571 3734 in
1594 3661 1795 3718 Missali
1833 3661 2094 3720 Gothico-

506 3731 787 3790 Gallicano
806 3731 995 3788 natale
1037 3734 1344 3789 celebratur
1394 3732 1782 3788 Emeritenscm
1824 3734 2093 3800 diximus,

510 3805 754 3874 quamvis
781 3803 864 3857 Cl.
905 3802 1125 3859 Lesleus
1156 3803 1605 3859 Barcinoneusem
1636 3818 1753 3874 eam
1786 3802 1949 3858 fuisse
1976 3821 2094 3858 sus-

508 3871 905 3957 picetur._Cutu
932 3876 1074 3957 enim
1105 3875 1219 3956 haec
1246 3890 1354 3929 non
1374 3874 1611 3944 procula
1632 3871 1825 3957 Callia,
1858 3875 2096 3957 illavero

508 3943 563 4001 in
584 3946 946 4015 remotissima
966 3943 1233 4013 Hispania:
1258 3943 1432 4015 parte,
1456 3946 1811 4015 passa_fnerit,
1840 3946 2097 4015 credibile

508 4014 779 4070 existimat
803 4014 890 4069 hic
912 4023 1101 4084 auctor
1123 4013 1578 4084 prtegEmerit'eusi
1603 4013 1809 4084 Eulalia
1832 4014 2096 4075 celebrio-

507 4084 780 4153 retnolim
810 4084 951 4153 apud
987 4082 1170 4138 Gallos
1219 4082 1672 4139 Barcinonensem
1714 4083 1914 4151 fuisse;
1966 4087 2094 4153 quin

509 4162 566 4209 et
593 4152 767 4207 Missa:
796 4152 866 4226 de;
891 4169 999 4226 qua
1023 4155 1712 4226 agimusiinmolationem,
1746 4157 1796 4208 in
1825 4171 1929 4225 qua
1954 4152 2093 4226 virgo

509 4233 690 4295 sponte
711 4222 923 4294 prwsidi
949 4222 1363 4295 oblataAdicitur,
1397 4225 1520 4279 huic
1549 4224 1720 4292 magis
1744 4222 1905 4294 quam
1939 4222 2096 4280 Eme-

509 4292 1052 4351 ritensi‘convenire.
1104 4292 1301 4348 Verum
1350 4303 1405 4347 et
1448 4295 1587 4348 hanc
1632 4292 1850 4363 quoque
1894 4295 2093 4351 claram

510 4366 638 4420 olim
667 4365 717 4419 in
747 4363 934 4419 Galliis
961 4364 1234 4418 exstitisse
1258 4404 1272 4428 ,
1300 4364 1549 4419 Venantii
1574 4363 1848 4417 Fortunati
1879 4373 1933 4418 et
1956 4363 2092 4420 Gre-

509 4436 643 4505 gorii
664 4433 1005 4505 Turonensis
1029 4434 1323 4505 auctoritas
1349 4437 1416 4488 ab
1444 4433 1562 4488 Em.
1592 4432 1903 4505 _'_I‘homasio
1931 4437 2092 4491 allata

512 4503 691 4575 (Praef.
724 4505 921 4559 Missa].
952 4503 1195 4573 Gothic.)
1224 4506 1354 4559 satis
1373 4505 1556 4575 docet.
1591 4503 1701 4575 Nec
1726 4505 2088 4572 conjecmram

512 4573 577 4631 ex
609 4576 728 4644 ejus
756 4575 930 4630 Missae
959 4575 1330 4630 immolatione
1354 4574 1601 4644 ductam,
1633 4573 1877 4628 Lesleum
1900 4576 2090 4644 juvare

509 4642 669 4715 posse
711 4646 978 4709 arbitror,
1009 4661 1130 4700 cum
1172 4642 1691 4715 utriusquel'lulalirc
1737 4646 1868 4699 Acta
1899 4642 2089 4714 magna

507 4714 575 4771 ex
607 4726 759 4785 parte
788 4716 1008 4771 coniusa
1038 4731 1156 4770 esse
1204 4714 1791 4785 verosinnllimumisit.
1838 4717 1915 4772 Ac
1961 4718 2090 4771 mihi

510 4782 724 4857 quidem
745 4826 759 4849 ,
790 4802 856 4841 ex
888 4789 1008 4840 loco
1038 4787 1091 4839 in
1122 4800 1187 4857 eo
1208 4785 1405 4857 Codice
1446 4782 1620 4857 Missa:
1657 4784 1724 4839 de
1752 4801 1857 4855 qua
1886 4787 2091 4854 agimus

510 4854 771 4936 attributo
794 4898 828 4936 ,_
850 4856 1039 4936 conlici
1083 4856 1244 4936 plane
1279 4854 1931 4936 ‘videtur'linleriteusem
1969 4873 2090 4936 eam

513 4925 773 4981 Eulaliam
804 4927 985 4992 fuisse,
1012 4924 1163 4994 cujus
1196 4924 1386 4981 festum
1418 4942 1468 4979 IV
1507 4924 1581 4979 ld.
1617 4926 1922 4980 Decembris
1952 4928 2092 4983 celev

512 4995 737 5068 bratur;
780 5013 900 5051 nam
938 5005 1062 5068 post
1085 4995 1299 5050 Missam
1350 4996 1408 5051 S.
1440 4995 1666 5068 Andreae
1695 4997 1922 5068 apostoli
1952 4999 2090 5067 prid.

494 5063 629 5120 ‘Kal.
666 5063 970 5121 Decembris
993 5110 1007 5133 ,
1063 5075 1118 5121 et
1142 5076 1268 5121 ante
1307 5081 1425 5121 eam
1452 5081 1572 5134 qua:
1599 5066 1667 5120 de
1688 5063 1747 5120 S.
1780 5065 1928 5121 Pauli
1953 5063 2093 5122 l-on-

511 5136 761 5191 versione
805 5145 928 5201 est,
968 5144 1067 5192 vui
1102 5135 1222 5191 Kal.
1278 5136 1590 5203 Februarii,
1645 5135 1861 5190 Eulalim
1916 5137 2095 5191 natale

511 5206 710 5260 ibidem
760 5207 973 5275 agitur;
1034 5223 1155 5263 cum
1210 5207 1342 5261 alias
1386 5210 1485 5261 sub
1538 5206 1770 5261 medium
1816 5204 2092 5263 Februarii

514 5276 712 5330 mensis
734 5277 785 5329 in
806 5274 953 5345 Quod
983 5276 1394 5331 Barcinoneusis
1416 5274 1636 5330 Eulalia:
1660 5275 1848 5330 festum
1873 5278 2095 5333 incurrit

514 5346 770 5401 collocari
809 5349 1027 5402 oumino
1056 5348 1342 5402 debuisset.
1376 5346 1534 5415 (Vide
1563 5347 1693 5401 infra
1723 5361 1794 5414 qu
1818 5357 1964 5401 utam
1997 5366 2095 5403 no-

514 5425 687 5470 taruin
726 5418 855 5473 huic
900 5418 1260 5472 dissertationi
1308 5419 1407 5472 sub
1455 5417 1824 5472 Addendorum
1876 5420 2095 5476 neruiue

512 5485 862 5542 adnexarum.
897 5486 1073 5555 Eutr.)

588 5558 662 5630 (b)
680 5555 852 5630 Serm.
871 5558 993 5630 279,
1014 5557 1187 5630 quidc
1202 5555 1259 5630 S.
1283 5556 1558 5630 Vincentio
1580 5555 1759 5630 Levita
1780 5559 1968 5630 tertius
1990 5568 2089 5625 est,

512 5626 662 5684 nutu.
691 5628 744 5692 4.
773 5628 909 5683 Edit.
936 5626 1045 5683 Pl’.
1072 5627 1297 5681 Maurin.
1336 5629 1523 5691 Paris,
1556 5636 1686 5682 tom.
1718 5628 1780 5693 ν,
1806 5630 1911 5683 col.
1940 5629 2089 5684 1115.

589 5700 661 5823 (εἰ
705 5698 843 5782 P.9d
868 5702 906 5753 it
931 5716 1065 5781 opus
1093 5697 1136 5751 Β
1163 5714 1427 5781 immatur.
1455 5697 1612 5761 ηεξ,
1643 5697 1862 5753 Octobri
1887 5715 2087 5762 mense,

589 5770 614 5823 b
658 5786 742 5823 ioc
765 5774 951 5823 titulo:
975 5770 1191 5823 Missale
1218 5776 1432 5823 mixtum
1461 5770 1740 5823 secundum
1770 5768 1999 5823 reaulam
2028 5769 2086 5823 Β.

514 5768 614 5840 sub
640 5768 742 5826 hoc
765 5773 951 5825 titulo:
974 5770 1191 5840 Missale
1218 5771 1432 5823 mixtum
1461 5770 1740 5823 secundum
1770 5768 1999 5840 regulam
2028 5769 2086 5823 Β.

518 5834 712 5896 Isidort'
740 5843 930 5897 dictant
960 5839 1290 5896 Mozambez.

2201 3268 2443 3336 ritusque
2475 3283 2582 3336 pra:
2609 3266 2701 3320 illo
2748 3264 3024 3320 Laurentii
3056 3266 3215 3335 longe
3244 3265 3463 3321 inferior
3488 3267 3555 3321 sit
3581 3269 3703 3335 (d);
3740 3278 3805 3324 ut

2199 3360 2285 3415 vel
2316 3359 2441 3414 hinc
2466 3359 2575 3427 jam
2608 3358 2878 3427 conjicere
2922 3358 3081 3412 liceat
3104 3400 3118 3424 ,
3166 3374 3323 3427 quam
3357 3360 3536 3429 potior
3561 3362 3800 3415 sanctis-

2198 3453 2319 3507 simi
2371 3452 2586 3516 lcvitaz,
2616 3466 2726 3521 prm
2773 3450 2912 3506 Sixti
2962 3459 3123 3520 atque
3173 3450 3441 3521 Hippolyti
3489 3453 3801 3521 natalitiis,

2198 3543 2338 3597 ratio
2366 3542 2505 3612 apud
2533 3541 2799 3612 Hispanos
2828 3542 3010 3597 habita
3045 3542 3206 3598 fuerit
3237 3545 3333 3617 (e).

2274 3662 2352 3732 (ά)
2394 3661 2521 3734 Pag.
2567 3661 2673 3716 557
2702 3663 2767 3717 ad
2797 3661 2921 3717 561.
2975 3663 3192 3734 Festum
3226 3663 3495 3719 Laurentii
3526 3667 3792 3734 peculiari

2197 3733 2358 3787 missa
2390 3734 2439 3787 in
2468 3733 2583 3801 ejus
2606 3735 2768 3787 natali
2792 3735 3004 3788 colitur.
3032 3733 3157 3802 Pag.
3196 3751 3279 3796 xc,
3308 3736 3408 3790 col.
3443 3737 3494 3787 2.
3532 3733 3585 3790 In
3608 3740 3793 3792 calet:-

2197 3802 2349 3874 dario
2371 3804 2503 3858 ritus
2522 3819 2613 3874 rex
2632 3821 2915 3874 capparnm
2946 3804 3225 3861 indicatur.
3258 3803 3384 3872 Pag.
3418 3805 3523 3861 565
3554 3807 3791 3863 habetur

2197 3871 2469 3928 Laurentii
2522 3871 2769 3945 Qctava,
2808 3876 2873 3945 in
2914 3890 3018 3945 qua
3071 3877 3257 3945 omnia
3294 3871 3427 3928 sicut
3467 3878 3523 3929 in
3565 3878 3653 3931 die
3683 3880 3790 3933 dici

2190 3945 2470 4011 jubentur.
2520 3944 2654 3998 item
2700 3944 2753 3998 in
2802 3942 3166 4008 Kalendario,
3226 3944 3441 4000 Octava:
3513 3950 3790 4003 Laurentii

2196 4013 2399 4085 mentio
2424 4022 2542 4079 est;
2574 4030 2605 4068 e
2625 4015 2837 4069 diverso
2868 4031 2997 4070 vero
3027 4013 3092 4085 die
3121 4015 3309 4079 Sixto,
3343 4031 3463 4085 pug.
3488 4016 3603 4085 7356
3631 4060 3645 4079 ,
3679 4021 3786 4072 col.

2197 4084 2249 4148 5,
2284 4086 2397 4139 haec
2442 4086 2661 4154 omnino
2708 4085 2991 4154 leguntur:
3036 4084 3177 4137 Sixti
3234 4084 3429 4154 paper:
3468 4084 3791 4142 Felicissimi

2195 4164 2245 4226 et
2289 4156 2520 4226 Agapiti.
2571 4151 2783 4226 Omnia'
2809 4155 3047 4208 dicantur
3087 4151 3428 4226 plurimarum
3469 4167 3790 4224 martyrum.

2195 4223 2505 4300 Eademque
2545 4225 2731 4277 iisdem
2765 4225 2901 4300 ipsis
2923 4226 3108 4300 verbis
3127 4225 3178 4277 in
3206 4226 3344 4281 festo
3372 4232 3545 4281 sancti
3574 4223 3791 4300 Hippo-

2197 4295 2291 4366 lyti
2322 4303 2638 4366 repetuntur
2664 4309 2785 4364 pag.
2809 4294 3059 4366 ξϐίιςοι.
3087 4294 3137 4348 1.

2269 4364 2355 4437 (εξ)Δ
2379 4363 2603 4437 Non_me
2633 4363 2785 4430 latet,
2815 4363 2896 4437 Cl.
2923 4363 3170 4437 Lesleum
3190 4365 3266 4437 (in
3294 4366 3465 4430 Notis,
3485 4382 3607 4437 pag.
3643 4364 3752 4423 583
3771 4409 3791 4435 ,

2197 4434 2476 4508 c0112)“
2500 4435 2784 4508 ireqneiiti,
2810 4436 2885 4487 uti
2908 4436 3159 4508 arbitror,
3183 4434 3319 4490 Sixti
3344 4434 3641 4505 mentione,
3667 4434 3795 4508 qua:

2197 4506 2249 4560 in
2289 4503 2624 4559 Moaarabica
2667 4503 2939 4558 Laurentii
2970 4507 3132 4559 missa
3163 4507 3222 4560 lit
3242 4547 3258 4572 ,
3298 4503 3635 4573 existimare,
3666 4503 3791 4564 eam

2122 4562 2167 4621 D
2195 4576 2410 4630 Missam
2434 4591 2541 4629 non
2589 4575 3161 4656 Laurentii_propria_tn
3186 4617 3203 4643 ,
3244 4562 3339 4631 sed
3386 4576 3541 4633 Sixto
3566 4562 3791 4656 quoque

2191 4660 2537 4718 communem
2587 4662 2744 4718 esse;
2792 4647 2907 4718 qui“
2934 4662 3051 4700 mos
3097 4647 3195 4718 hos
3241 4659 3542 4718 martyres,
3594 4647 3791 4704 imo'et

2191 4714 2535 4786 H:ppolytum
2553 4716 2932 4786 conjungendi,
2960 4718 3099 4784 apud
3125 4716 3341 4771 Gnecos
3370 4714 3496 4772 olim
3525 4714 3792 4785 Obtinuit,

2193 4796 2253 4840 ut
2281 4785 2426 4854 patet
2452 4800 2524 4858 ex
2552 4785 2852 4858 Menologio
2892 4786 3092 4858 Basilii.
3139 4787 3332 4843 Verum
3377 4792 3562 4844 nescio
3596 4806 3709 4858 quo
3738 4793 3793 4841 id

2192 4866 2355 4930 pacto
2384 4872 2413 4910 a
2438 4856 2520 4910 Cl.
2552 4856 2670 4908 viro
2698 4857 2948 4930 sustineri
2981 4858 3170 4930 possit,
3199 4874 3321 4912 cum
3352 4858 3391 4913 S
3414 4876 3506 4913 x<o
3535 4856 3790 4930 proprius

2192 4924 2310 4998 dies
2333 4967 2347 4991 ,
2381 4943 2487 4998 non
2511 4942 2666 4979 secus
2696 4935 2861 4998 atque,
2884 4924 3199 4998 Hippolyto,
3232 4930 3284 4980 in
3314 4945 3381 4984 eo
3405 4924 3601 4985 Missali
3630 4924 3783 4984 attri-

2194 4996 2354 5051 huius
2378 4997 2490 5063 sit,
2524 5003 2585 5049 ut
2610 5004 2778 5061 nuper
2813 4996 3140 5051 dicebamus.
3188 4999 3457 5053 i’ucterea
3496 5002 3542 5053 si
3577 5002 3698 5066 quis
3716 5001 3788 5053 ad

2193 5081 2314 5120 eam
2356 5070 2572 5120 missam
2612 5068 2848 5118 animum
2891 5068 3148 5134 tantisper
3188 5069 3465 5131 advertat,
3508 5071 3635 5124 licet
3680 5072 3789 5124 ire-

2192 5151 2366 5205 queus
2394 5138 2444 5189 in
2473 5150 2535 5189 ea
2569 5135 2705 5188 Sixti
2730 5173 2747 5199 ,
2796 5137 2846 5189 in
2895 5138 3121 5188 secunda
3162 5139 3367 5192 scilicet
3413 5142 3684 5199 oratione,
3728 5156 3787 5193 ll!

2195 5209 2428 5262 oratione
2464 5214 2582 5275 post
2621 5208 2832 5259 nomina
2853 5246 2869 5269 ,
2921 5208 2971 5259 in
3003 5205 3267 5261 Inlatioue
3291 5249 3306 5275 ,
3339 5219 3394 5262 et
3426 5209 3792 5263 Benedic:qu

2194 5280 2399 5332 mentio
2423 5275 2542 5330 ﬁat:
2575 5276 2944 5343 deprehendet
2971 5278 3316 5332 nihilominus
3338 5279 3403 5333 ad
3436 5279 3784 5333 Laurentium

2195 5350 2376 5417 potius
2396 5388 2412 5410 .
2464 5348 2573 5401 imo
2602 5347 2761 5417 unice
2788 5347 2855 5400 ad
2888 5348 3062 5414 ipsum
3102 5349 3392 5416 pertinere.
3432 5348 3611 5405 Priqu
3638 5351 3786 5404 enim

2198 5415 2435 5487 Dﬂt’cium
2476 5433 2572 5488 seu
2596 5415 2857 5488 introitus
2887 5418 2981 5485 (ut
3019 5432 3169 5488 more
3206 5428 3390 5472 nostro
3429 5422 3785 5488 loquamur),

2194 5493 2284 5557 qui
2310 5498 2423 5544 est:
2461 5487 2692 5541 Gloriam
2714 5498 2763 5541 et
2784 5503 3025 5556 maguum
3044 5487 3296 5549 decorem.
3320 5499 3427 5544 etc.
3447 5531 3463 5556 ,
3493 5490 3793 5546 desumitur

2196 5558 2248 5613 in
2278 5557 2546 5630 AeagMissa
2571 5572 2640 5611 ex
2669 5559 2937 5630 communi
2961 5559 3135 5630 ;_uuius
3163 5561 3434 5630 martyris,
3480 5575 3600 5629 pag.
3648 5562 3743 5615 421
3769 5605 3784 5627 ,

2195 5628 2286 5698 qui
2310 5628 2442 5683 alias
2462 5642 2582 5682 esse
2600 5627 2849 5682 deberet:
2874 5626 3022 5682 Dabo
3043 5630 3235 5698 sanctis
3252 5626 3400 5693 meis,
3423 5626 3496 5698 ex
3513 5626 3786 5687 communi

2195 5697 2551 5769 plurimorum
2593 5701 2889 5769 martyrum
2919 5714 3042 5766 pag.
3072 5697 3193 5769 4:26.
3224 5697 3647 5769 Svciludoibimc
3674 5701 3787 5755 ιω-

2196 5765 2390 5829 tiones,
2423 5767 2527 5821 alia
2559 5782 2622 5821 ex
2650 5765 3055 5822 Ecclesiastico:
3083 5766 3181 5823 Oni
3209 5779 3393 5835 aurum
3421 5765 3613 5835 diligit,
3643 5778 3751 5820 etc.
3772 5808 3787 5827 ,

2197 5838 2301 5892 alia
2330 5854 2459 5893 vero
2489 5852 2554 5893 ex
2584 5838 2843 5910 Agostolo
2868 5854 2881 5889 :
2929 5835 3027 5898 Qui
3048 5841 3209 5895 μακε
3228 5832 3481 5903 seminat,
3503 5832 3612 5890 etc.
3631 5870 3648 5902 ,
3680 5850 3781 5888 nec
