2023 3182
88 209 92 212 ,
116 174 182 206 '623

123 286 182 310 ces,
196 278 219 306 si
230 285 299 313 quos
311 277 339 305 in
352 277 517 305 Bibliotheca
532 277 661 305 Vaticana
676 278 709 305 ad
721 277 855 315 liispaniic
870 284 916 306 aut

123 323 220 351 Gallia:
229 322 412 349 Narbonensis
422 321 557 349 Ecclesias
567 322 734 357 pertinentes
744 323 905 351 invenissem
912 344 920 357 ,

123 370 270 404 diligenter
279 368 421 401 evolvere;
437 372 518 403 atque
528 375 561 395 ex
571 369 610 396 eis
621 376 681 403 quae
691 369 718 396 in
726 376 787 397 rem
799 374 919 396 nostram

123 414 249 442 conferre
263 420 343 448 posse
365 414 512 440 arbitrarer
525 413 552 440 in
567 413 685 441 medium
710 413 851 441 adducere.
867 413 923 441 Cur

124 466 217 489 autem
229 461 256 489 id
270 469 326 489 non
340 461 552 497 praistiterimus,
567 461 632 488 alibi
644 469 660 488 a
672 462 750 489 nobis
763 461 921 489 indicatum.

126 505 216 534 Unum
239 507 313 541 quod
340 510 483 543 supererat
505 507 625 534 exsecuti
647 514 761 540 sumus,
783 514 880 542 nempe
894 510 923 534 ut

123 560 196 587 quos
219 553 246 580 in
268 553 433 588 amplissima
457 557 558 580 sancta:
580 559 612 579 ac
633 552 754 587 primatis
785 551 923 580 Toletante

124 597 256 625 Ecclesiae
290 598 455 625 bibliotheca
488 593 672 625 Mozarabicos
698 604 783 625 sacrm
810 597 924 632 liturgia:

122 641 251 675 Codices,
266 650 281 669 a
296 643 408 676 seculo.
423 647 453 670 ut
467 646 603 677 putamus,
617 649 690 669 nono
703 642 820 677 scriptos
832 650 923 670 asser-

122 688 184 715 vari
218 695 404 721 noveramus;
430 695 554 722 quosque
582 687 646 714 dum
681 686 815 715 Catholici
840 692 923 722 atque

124 734 297 761 invictissimi
321 733 484 761 Fet-dinandi
504 732 538 761 Vl
561 733 750 768 Hispaniarum
763 733 836 768 regis
846 733 924 768 jussu

123 777 216 806 Toleti
241 778 400 813 degeremus
412 798 421 812 ,
446 778 546 814 pluries
560 778 638 805 nobis
659 778 686 805 in
699 785 796 805 manus
817 784 925 805 sumere

124 823 220 851 licuit:
237 823 384 858 perillustri
394 823 452 850 viro
464 823 603 858 utriusque
614 822 832 858 jurispruden‘tia:
842 826 924 857 atque

124 869 295 905 antiquitatis
318 869 480 904 peritissimo
503 868 535 896 Β.
562 868 661 896 Joanni
688 868 807 896 Antonio
828 868 862 896 de
883 868 924 896 las

123 914 245 942 lnfantas
279 914 399 949 ejusdem
430 919 530 942 sanctae
562 914 691 942 Ecclesiae
717 913 869 948 doctorali,
894 917 924 941 ut

124 966 246 994 vocant,
271 960 424 994 canonico,
448 960 545 987 litteris
573 960 751 994 precibusque
775 959 874 986 nostris
897 958 925 986 in

124 1006 205 1041 hujus
227 1006 326 1033 laboris
340 1006 454 1041 gratiam
468 1006 631 1034 evolvendos
652 1006 732 1033 enixe
746 1005 924 1033 commenda-

128 1058 231 1078 remus.
261 1050 289 1078 Si
303 1051 368 1085 quid
382 1056 472 1079 autem
487 1059 521 1079 eo
535 1051 662 1087 prmsidio
676 1055 789 1078 conatus
805 1054 923 1082 nostros,

126 1096 200 1130 quod
216 1096 325 1124 minime
343 1097 520 1131 desperamus
532 1118 540 1130 ,
557 1096 676 1131 adjuvari
690 1095 853 1130 contigerit,
876 1095 922 1122 ubi

125 1141 160 1168 ab
166 1141 359 1169 humanissimo
365 1142 497 1176 patriique
503 1140 799 1169 decorisamantissimo
808 1140 865 1167 viro
873 1147 926 1168 res-

125 1194 241 1222 ponsum
263 1186 495 1221 impetraverimus
506 1207 513 1219 ,
539 1186 566 1213 id
581 1193 597 1214 e
610 1186 722 1220 vestigio
745 1185 924 1213 lucubrationi

124 1237 224 1260 nostrae
232 1232 322 1266 inseri,
331 1237 378 1260 aut
388 1238 463 1261 extra
475 1233 597 1260 ordinem
607 1232 689 1267 adjici
703 1232 860 1260 curabimus
872 1231 922 1268 (α).

126 1323 287 1351 Prudentius
306 1324 409 1359 vulgari
435 1324 569 1360 sententiis
592 1323 758 1360 astipulatur.
785 1323 925 1360 Multiplea:

162 1368 223 1400 pro.
247 1358 373 1395 Hispanis
404 1367 438 1387 ea:
472 1359 650 1386 Laurentiano
678 1358 796 1395 ejusdem
829 1358 924 1396 hymno

162 1400 322 1430 conjectura.

161 1439 298 1468 Hactenus
308 1440 342 1468 de
353 1438 496 1467 Laurentio
508 1439 641 1475 Hispania:
653 1443 754 1468 nostra:
766 1440 922 1475 asserenda,

122 1491 258 1521 quantum
282 1487 390 1522 ingenio
412 1487 566 1522 potuimus,
591 1488 664 1519 enixi
679 1495 781 1515 sumus.
803 1487 880 1515 Nunc
894 1492 924 1515 ut

120 1531 239 1560 ievitam
252 1533 451 1560 sanctissimum
467 1540 500 1560 ex
513 1538 605 1560 mente
619 1532 758 1560 Prudentii
769 1553 776 1565 ,
793 1541 873 1569 quem
889 1534 922 1561 ab

119 1578 192 1612 ipsis
205 1583 278 1606 stare
291 1578 437 1606 adversarii
452 1578 637 1611 contendunt,
652 1578 746 1606 Roma:
761 1584 854 1606 natum
867 1587 921 1607 non

120 1624 212 1652 luisse
236 1625 434 1652 ostendamus:
464 1624 623 1651 intentatum
647 1623 769 1652 fortassis
803 1625 923 1659 aletuque

122 1671 237 1707 plenum
262 1679 330 1707 opus
351 1664 532 1706 aggredimur.
557 1670 637 1698 Initio
661 1675 751 1698 autem
772 1675 924 1704 prmnotare

123 1721 253 1752 oportet,
279 1718 360 1751 longe
382 1716 462 1743 aliam
483 1720 602 1743 mentem
617 1715 839 1750 propositumque
853 1716 923 1743 sacri

123 1762 198 1791 illius
214 1762 347 1798 poematis
362 1761 466 1789 auctori
488 1761 570 1788 fuisse
581 1781 589 1794 ,
616 1768 695 1795 quam
718 1765 748 1787 ut
761 1760 924 1788 sanctissimi

123 1807 215 1835 levita:
240 1807 355 1842 patriam
370 1807 396 1834 in
413 1807 473 1842 ipso
488 1806 662 1841 exprimeret.
682 1805 737 1833 Nec
751 1813 783 1833 ea
800 1806 924 1834 tractatio

125 1858 176 1880 aut
195 1853 311 1892 hymni,
332 1853 378 1888 qui
395 1852 489 1879 Passio
503 1851 637 1879 Laurentii
657 1851 815 1886 simpliciter
829 1851 925 1879 inscri-

124 1898 210 1931 bitur.
221 1903 267 1926 aut
279 1899 340 1926 iibt‘i
352 1898 429 1926 titulo
441 1900 501 1935 περὶ
511 1899 648 1934 Στεφάνων,
664 1897 690 1924 id
700 1902 754 1931 cst,
764 1897 796 1924 de
804 1896 923 1930 Coronis,

125 1948 276 1980 martyrum
299 1944 421 1976 scilicet,
445 1944 510 1971 satis
534 1950 686 1978 congruens
708 1947 755 1969 aut
773 1947 926 1977 opportuna

126 1988 265 2016 censenda
288 1992 370 2016 esset.
396 1988 426 2015 Si
445 1988 489 2016 cui
505 1993 596 2015 tamen
609 1988 697 2015 adhuc
710 1994 742 2015 ea
756 1987 790 2015 de
803 1995 833 2015 re
853 1995 927 2015 scru-

126 2036 208 2072 pulus
222 2037 335 2070 bzereat,
350 2036 522 2064 Prudentium
543 2035 629 2070 ipsum
642 2035 761 2063 sistimus
772 2055 779 2067 ,
793 2035 839 2070 qui
852 2043 927 2063 men-

127 2087 184 2110 tem
207 2090 284 2111 suam
305 2087 388 2117 atque
402 2082 494 2118 hymni
514 2090 627 2117 scopum
649 2082 692 2109 his
705 2081 795 2109 verbis
809 2081 926 2117 apertis-

128 2128 197 2157 sime
214 2129 306 2164 prodit
319 2129 368 2165 (ir).

129 2192 184 2212 non
211 2184 406 2219 Evangelium:
433 2183 524 2212 Nolite
549 2184 725 2212 thesaurizare
738 2184 827 2217 vobis,
852 2188 925 2217 etc.,

129 2219 245 2248 miriﬁce
266 2219 412 2248 Laurentio
426 2225 588 2254 congruunt.
613 2220 726 2247 Demum
740 2220 851 2254 reliqua:
862 2228 925 2247 ora-

129 2255 219 2283 tiones
233 2260 261 2283 et
285 2263 379 2290 preces
390 2256 416 2282 in
435 2257 529 2282 eadem
551 2256 632 2282 missa
657 2254 793 2282 Laurentii
809 2256 924 2290 propria:

563 174 791 206 DISSERTATIO
811 178 854 206 DE
875 178 1012 206 DAMASO
1032 178 1074 206 ΕΤ
1093 178 1298 207 LAUIIENTIO.

163 231 195 259 Et
207 231 272 260 Illud
285 230 362 259 nobis
377 231 487 258 invotis
500 236 558 259 erat
570 232 823 268 veteresvliturgicos
832 232 913 261 Codi-
935 235 961 265 Α

1708 183 1769 212 οη

1128 233 1179 262 Qua
1190 239 1259 265 voce,
1269 235 1369 265 quantis
1379 235 1490 261 laudibus

1126 265 1262 289 Celebrabo
1270 271 1355 290 nouns
1365 273 1469 293 osinius):
1479 268 1491 292 9

1127 296 1180 323 Quo
1192 302 1318 321 rassroslu
1329 304 1436 322 carnnne

1126 326 1207 357 Digne
1218 331 1337 352 retexens
1347 329 1489 355 concinam?

972 365 1005 394 Et
1018 375 1048 394 ru
1052 375 1123 395 rsum
1138 368 1184 404 (ιτ).

1129 417 1180 449 Sic,
1193 423 1277 444 sancte
1289 418 1420 449 Litoris-nt,
1433 422 1499 445 tuam

1127 448 1177 473 Nos
1187 456 1314 475 mssuonu
1325 448 1469 481 quaerimus.

972 486 1080 523 Siquid
1107 490 1220 524 proinde
1239 491 1266 518 in
1279 498 1313 519 eo
1329 496 1454 527 poemate
1476 491 1687 527 deprehenditur
1699 513 1708 527 ,
1729 500 1765 521 ea

974 540 1028 567 quo
1047 532 1184 561 Laurentii
1198 535 1291 570 patriae
1305 537 1427 564 nonnihil
1441 537 1507 564 lucis
1520 538 1621 565 aliundi
1633 557 1641 570 ,
1662 542 1710 566 aut
1732 546 1767 567 ea

975 578 1081 605 demum
1096 579 1226 613 sagaciori
1237 580 1362 616 indagine
1376 582 1534 611 subodorari
1545 588 1640 618 queat:
1656 584 1766 613 minimo

975 622 1003 650 id
1014 623 1075 650 data
1089 624 1123 650 ab
1138 629 1249 653 auctore
1264 633 1345 661 opera
1356 627 1457 655 dictum
1473 628 1681 656 existimandum
1692 649 1700 661 ,
1717 630 1766 657 sed

975 667 1052 702 quasi
1079 668 1145 695 nihil
1165 669 1223 697 tale
1245 671 1375 706 cogitanti
1402 673 1513 700 verbum
1538 674 1619 708 paulo
1645 674 1767 702 fortassis

976 720 1055 748 quam
1071 713 1158 740 voluit
1171 714 1363 748 significantius
1376 717 1516 745 exciderit.
1531 728 1539 736 κ

1012 758 1179 786 Bollandiani
1203 760 1317 793 Patres,
1334 764 1434 797 hymno
1462 764 1665 792 accuratissime
1702 772 1768 792 exa-

975 805 1088 839 minato,
1101 807 1123 834 si
1141 813 1221 840 quam
1237 806 1297 834 inde
1322 808 1487 836 illustrandae
1510 809 1649 837 Laurentii
1673 810 1768 845 patrize

976 852 1119 879 Scintillam
1133 854 1232 881 elicere
1254 858 1381 888 possent,
1397 855 1440 881 ubi
1456 856 1635 890 nequicquam
1654 855 1694 883 eis
1708 863 1767 883 rem

974 898 1107 927 cecidisse
1130 899 1364 934 animadvertunt,
1386 905 1500 928 ca-teros
1514 901 1692 934 admonuere,
1708 900 1769 936 qui-

942 929 963 958 Β
976 951 1082 978 cunque
1095 944 1122 972 id
1137 944 1265 980 deinceps
1285 929 1403 979 expei-iri
1426 945 1528 973 velli-nt
1550 953 1639 981 operae
1652 929 1768 981 pretium

976 990 1090 1018 minime
1112 991 1232 1019 facturos
1259 991 1309 1026 (d).
1336 991 1402 1019 Aliis
1416 991 1582 1019 econtrario
1605 996 1658 1018 tam
1671 991 1768 1019 ﬂexilis

974 1036 1002 1063 in
1019 1041 1160 1071 utramque
1172 1041 1277 1072 partem
1297 1037 1355 1071 ejus
1367 1037 1460 1072 hymni
1473 1037 1620 1065 auctoritas
1633 1037 1690 1064 visa
1703 1042 1746 1065 est
1757 1055 1768 1069 ,

976 1086 1005 1110 ut
1018 1082 1139 1110 eruditus
1164 1090 1230 1110 sane
1242 1083 1286 1110 do:
1296 1086 1339 1110 ter
1349 1103 1357 1116 ,
1384 1083 1451 1111 civis
1464 1090 1540 1111 meus
1560 1088 1644 1118 atque
1658 1083 1723 1111 olitn
1736 1083 1764 1110 in

974 1130 1113 1159 academia
1135 1130 1276 1158 Valentina
1299 1138 1437 1158 sacrarunt
1461 1131 1611 1166 linguarum
1631 1129 1769 1158 cathedra

973 1176 1136 1212 competitor
1149 1177 1185 1212 (ε)
1199 1196 1207 1210 ,
1221 1184 1256 1202 cx
1270 1175 1322 1203 illis
1335 1176 1425 1203 verbis
1438 1175 1472 1211 (ι’)
1484 1184 1492 1202 :

1128 1232 1178 1258 Ceu
1192 1236 1279 1264 przesto
1290 1239 1388 1263 semper
1399 1232 1477 1256 adsies
1485 1232 1504 1263 ⁸,

1128 1264 1244 1295 ἶιύυςιιυε
1255 1264 1365 1295 alumnos
1376 1265 1475 1288 urbicos

1131 1294 1246 1319 Lactante
1257 1294 1399 1325 complexus
1409 1295 1464 1319 sinu

1131 1326 1238 1351 Paterno
1250 1333 1333 1350 amore
1345 1327 1447 1350 nutrias.

977 1368 1012 1396 Et
1025 1368 1201 1403 sequentibus
1214 1377 1220 1395 ε

1129 1413 1179 1437 Hos
1189 1415 1253 1437 inter
1264 1419 1280 1437 ο
1291 1413 1379 1437 Christi
1390 1412 1474 1443 decus,

1130 1444 1195 1469 Audi
1207 1448 1302 1475 poetam
1318 1446 1435 1468 rusticum
1450 1450 1456 1468 :

975 1486 1090 1522 probare
1111 1486 1213 1513 nitatur
1225 1505 1233 1518 ,
1259 1493 1320 1512 cum
1339 1484 1596 1519 Caesaraugustanus
1607 1482 1770 1511 Prudentius

976 1532 1012 1559 sit
1032 1531 1124 1567 (quod
1148 1538 1242 1559 verum
1267 1530 1391 1558 iortassis
1411 1530 1533 1564 fuerit):
1559 1528 1669 1556 minime
1689 1528 1722 1555 ab
1736 1536 1770 1556 co

976 1577 1150 1605 Laurentium
1182 1576 1268 1612 patria
1302 1575 1518 1611 segregandum;
1552 1574 1771 1610 quandoquidem

975 1624 1094 1650 alumnos
1108 1631 1167 1650 suos
1181 1622 1282 1650 urbicos
1292 1622 1330 1658 (id
1344 1626 1394 1654 est,
1407 1621 1662 1658 Cwsarauguatanos,
1673 1626 1703 1649 ut
1715 1621 1771 1657 ipse

975 1670 1100 1704 intelligit
1112 1670 1121 1703 )
1135 1674 1210 1704 atque
1222 1669 1292 1695 inter
1305 1676 1350 1695 eos
1365 1667 1535 1695 Prudentium
1547 1672 1661 1703 paterno
1674 1675 1769 1696 amore

974 1715 1119 1751 complecti
1132 1711 1293 1750 postulatur.

1010 1755 1039 1782 in
1051 1759 1124 1782 tanta
1136 1761 1200 1788 ergo
1212 1753 1443 1788 przejudicatarum
1457 1753 1616 1788 opinionum
1626 1753 1769 1784 varietate.

974 1808 1037 1828 cum
1056 1799 1174 1827 viderem
1198 1798 1376 1826 Blancbinum
1396 1803 1424 1826 et
1446 1798 1619 1831 Merendam,
1642 1798 1770 1833 inquisito

975 1845 1137 1873 adamussim
1163 1845 1283 1880 hymno,
1306 1843 1393 1871 ﬂuxas
1416 1848 1444 1870 et
1467 1845 1547 1878 plane
1567 1843 1683 1871 caducas
1708 1844 1771 1871 inde

976 1893 1131 1927 desumptas
1156 1890 1325 1926 conjecturas
1341 1891 1375 1923 in,
1390 1892 1486 1917 caelum
1510 1890 1634 1917 attollere
1647 1910 1654 1923 ,
1669 1894 1697 1917 et
1719 1898 1770 1925 pro

976 1937 1148 1973 geometricis
1189 1936 1464 1963 dcmonstratiombus
1498 1936 1662 1964 venditare:
1694 1936 1770 1964 nolui

977 1983 1049 2011 enim
1062 1990 1128 2010 vero
1143 1981 1300 2017 permissam
1313 1981 1354 2009 his
1379 1981 1555 2016 scriptoribus
1576 1983 1682 2009 veniam
1703 1982 1771 2009 milii

977 2029 1059 2056 adimi
1075 2036 1082 2060 ;
1103 2030 1168 2060 aut,
1190 2026 1213 2054 si
1227 2034 1312 2061 pauca
1333 2026 1476 2061 acquirere
1490 2034 1598 2060 possem
1611 2047 1619 2058 ,
1645 2027 1770 2054 invideri.

979 2075 1018 2104 Eo
1029 2076 1109 2110 igitur
1120 2077 1245 2109 poemate
1260 2072 1440 2108 particulatim
1455 2071 1584 2106 decurso,
1598 2073 1772 2108 auctorisque

978 2127 1065 2155 scopo
1087 2117 1292 2152 diligentissime
1305 2117 1449 2144 observato
1461 2136 1469 2150 ,
1493 2116 1571 2145 facile
1585 2119 1612 2145 in
1626 2118 1772 2146 hancsen-

979 2178 1005 2205 in
1024 2177 1097 2212 regia
1108 2175 1255 2203 Mati-itensi
1264 2174 1336 2201 curia
1345 2173 1468 2212 fungens:
1476 2181 1534 2212 quo
1544 2174 1624 2202 etiam
1637 2178 1770 2210 tempore,

980 2218 1027 2241 aut
1040 2210 1093 2240 non
1109 2212 1193 2239 multo
1205 2216 1281 2246 post2
1295 2217 1355 2246 cum
1367 2210 1593 2246 eminentissimus
1604 2218 1636 2237 ac
1646 2218 1773 2246 reveren-

979 2249 1104 2277 dissimus
1123 2244 1249 2283 princeps
1273 2244 1423 2283 Ludovicus
1442 2245 1472 2283 S._
1484 2244 1517 2271 Κ.
1533 2244 1563 2271 Ε.
1584 2245 1725 2272 cardinalis
1738 2246 1773 2273 de

129 2279 218 2323 sua;
233 2279 532 2324 ﬁnianturs‘ata
551 2279 925 2319 tamensi’iat‘e'afsai

977 2279 1161 2324 Cordubal'ex.
1180 2279 1282 2309 decano
1296 2279 1427 2307 Tolelauo
1441 2280 1474 2307 ad
1489 2287 1594 2324 δραι-μη]
1610 2284 1776 2324 pi'i'rpuratog

130 2329 220 2352 autem
235 2326 291 2352 liae:
308 2325 400 2353 Oratio
416 2326 501 2360 prima
514 2334 520 2351 :
533 2324 645 2360 Domine
656 2324 729 2357 Iesu,
745 2329 798 2352 ctc.
816 2325 923 2352 Lauda:

130 2359 226 2387 Beatus
234 2361 282 2393 vir,
294 2367 347 2388 etc.
357 2359 537 2388 Sacriﬁcium:
549 2360 606 2395 Ego
616 2359 753 2389 Dominus.
764 2364 818 2387 etc.
830 2360 925 2388 Μίδαις

129 2395 173 2422 Ad
184 2396 369 2431 misericordia:
378 2404 474 2431 opera,
488 2399 541 2422 etc.
553 2394 593 2421 Ait
606 2403 716 2431 pacem:
728 2394 799 2422 Deus
812 2395 854 2430 qui
866 2395 927 2421 bea-

131 2431 224 2458 tissimi
235 2429 340 2461 Levius.
352 2428 405 2459 etc'.
435 2430 496 2457 Post
507 2428 637 2458 Sanctus:
650 2428 758 2456 Osanna
768 2430 795 2456 in
807 2428 924 2463 excelsis,

130 2469 185 2502 etc.
201 2500 206 2502 _
220 2465 285 2502 Post
315 2467 420 2502 pridie:
444 2465 573 2502 Memora
585 2485 599 2502 ,γ
610 2469 663 2502 etc.
700 2465 741 2492 Ad
757 2500 762 2502 _
776 2466 925 2502 orationem

133 2500 297 2528 dominicam
310 2500 324 2528 ε’
341 2501 411 2528 Deus
431 2501 474 2537 qui
497 2501 524 2537 ir_i
547 2501 599 2527 veri
620 2500 763 2537 holocausli
775 2519 789 2537 ,_
809 2505 861 2528 t-tc.
893 2500 927 2527 Et

152 2540 196 2562 ost
231 2534 468 2564 communionem:
503 2535 616 2562 Domine
638 2535 701 2562 Jesu
727 2534 847 2567 Christe.
872 2540 925 2563 etc.

160 2570 234 2597 entio
246 2576 336 2598 autem
361 2571 387 2598 in
402 2579 433 2598 ea
454 2571 535 2598 missa
547 2571 614 2597 Sixti
626 2590 634 2603 ,
651 2571 686 2597 ob
697 2570 840 2604 quamdam
856 2578 927 2597 mar-

133 2606 271 2645 tyriicuni
284 2605 429 2645 Laurentio
442 2606 659 2645 communionem
670 2605 830 2645 fieripotuit
841 2613 927 2645 :_nam

132 2644 161 2681 et
173 2640 309 2681 Hippolyti
324 2641 423 2681 duplex
442 2640 660 2681 luculentumqne
674 2641 701 2681 in
716 2640 836 2681 ejusdem
857 2640 928 2681 lnla:
969 2651 971 2654 ν

134 2675 349 2711 ιίοηθίειρὶζὶυηι
375 2676 508 2708 habetur,
530 2677 766 2711 quin-propterea
790 2675 927 2703 Laurentii

131 2710 242 2747 missam
255 2710 411 2747 Hippolyto
438 2719 611 2747 communem
623 2710 631 2711 ί
645 2712 736 2739 dicere
767 2712 902 2745 possimus
917 2719 925 2745 ;

134 2753 224 2780 neque
234 2746 260 2772 id
276 2746 386 2774 Lesleus
400 2746 494 2774 voluit.

169 2781 209 2817 (α)
228 2780 568 2817 Perineommodumihuic
603 2781 782 2817 lucubrationi
804 2780 903 2808 accidit
917 2802 925 2815 ,

133 2815 197 2844 licet
210 2815 277 2853 alias
287 2817 477 2853 communibus
491 2816 671 2853 Hispanorum
682 2815 752 2853 votis
764 2824 927 2851 magnopere

132 2851 286 2886 expetitum
300 2851 394 2879 fuisset
405 2872 413 2885 ,
425 2857 453 2878 ut
469 2859 523 2886 quo
539 2851 663 2886 tempore
680 2851 776 2879 littera:
788 2856 887 2879 nostra:
899 2853 926 2880 in

131 2885 290 2921 Hispaniam
305 2887 399 2914 delaun
413 2885 486 2918 sunt;
501 2885 603 2914 Toleto
618 2886 659 2913 vir
671 2887 787 2914 eximius
799 2886 906 2914 abesset
918 2907 926 2920 ,

131 2921 299 2956 amplissimo
316 2921 461 2949 vicariatus
474 2922 607 2957 generalis
621 2922 796 2949 ecclesiastici
816 2929 928 2950 munere

977 2327 1036 2347 rum
1066 2318 1230 2352 collegium,
1264 2322 1452 2352 summumque
1483 2314 1618 2352 ejusdem;
1634 2314 1773 2352 Toletanis:

978 2327 1036 2347 rum
1066 2323 1230 2352 collegium,
1264 2323 1452 2377 summumtp‘ie
1483 2323 1604 2349 ejusaem
1638 2323 1771 2342 totetana:

978 2354 1105 2382 Ecclesia:
1127 2354 1246 2386 regimen
1267 2358 1385 2386 maxuno
1437 2350 1545 2385 ispanitn
1571 2350 1653 2386 totius
1676 2351 1771 2385 plausu

978 2394 1106 2417 evocatus
1130 2384 1244 2415 fuisset:
1273 2393 1342 2412 unus
1365 2385 1410 2413 ille
1434 2386 1554 2412 omnium
1574 2384 1714 2419 justissimi
1739 2394 1772 2414 ac

978 2424 1177 2460 prudentissimi
1191 2421 1378 2460 Hispaniarum
1392 2420 1574 2460 regisjudicio
1579 2421 1772 2460 comprobatus

978 2454 1019 2488 ist
1032 2481 1039 2494 ,
1054 2460 1100 2495 qui
1113 2461 1139 2486 in
1154 2454 1287 2495 decanatu
1300 2454 1452 2495 Toletand,
1464 2454 1544 2495 quod
1565 2455 1770 2495 Htspatiit-orutn

978 2491 1096 2523 oninitini
1113 2493 1334 2521 lioncstssimutn
1347 2491 1527 2519 sacerdotium
1539 2495 1599 2524 est,
1614 2491 1771 2518 eminentis-

977 2532 1046 2558 simo
1059 2529 1187 2558 cardinali
1202 2526 1404 2561 archiepiscopo
1426 2525 1590 2553 sucucderet.

1013 2566 1052 2600 (ὁ)
1072 2566 1207 2600 lnhymno
1219 2564 1252 2591 de
1265 2563 1293 2589 S.
1309 2561 1569 2600 Laurentipstroph.
1586 2570 1624 2596 ix,
1638 2570 1708 2590 vers.
1724 2562 1768 2590 εδ.

1013 2596 1049 2637 {ci
1068 2596 1179 2637 Stzdph.
1195 2606 1312 2637 cxxan
1324 2620 1331 2632 ,
1345 2605 1418 2637 vers:

1014 2632 1053 2673 (ά)
1073 2636 1115 2663 Ad
1129 2632 1199 2673 diem
1215 2643 1230 2661 Χ
1243 2636 1330 2673 Aug._,
1344 2634 1356 2669 §
1374 2633 1439 2673 lVJill
1455 2633 1513 2673 ipso
1526 2632 1611 2673 initio.

1014 2667 1050 2707 (ej
1070 2676 1093 2699 ts
1117 2675 1159 2698 est
1182 2667 1772 2707 doctor-"Augustinus"$alesiusﬂpresbyter

980 2703 1127 2735 Valentinus
1151 2705 1225 2732 urbis
1249 2705 1392 2732 historicus
1406 2724 1413 2734 ,
1439 2703 1517 2738 editis
1540 2704 1668 2738 operibus
1682 2703 1771 2731 clarus

979 2742 1104 2777 (quorum
1117 2741 1270 2777 calaiogtini
1283 2741 1366 2767 liabcs
1378 2746 1411 2772 ap
1424 2738 1499 2777 VIinc.
1511 2737 1770 2777 Xiinenitnnyirum

977 2773 1018 2805 Ci.
1033 2777 1160 2805 Biblioth.
1182 2773 1341 2806 valentium,
1359 2780 1424 2801 tom.
1435 2773 1455 2800 il
1467 2792 1476 2806 ,
1489 2775 1521 2800 ad
1533 2782 1596 2801 ann.
1614 2774 1692 2806 ΗΠ,
1709 2782 1769 2808 pag.

978 2813 1043 2848 504)
1066 2814 1092 2840 in
1115 2812 1164 2839 litt.
1191 2812 1225 2848 ad
1245 2812 1380 2848 eruditiss.
1408 2809 1573 2848 Μειγυηεὶυιῃ
1597 2815 1716 2848 nostrum
1733 2810 1770 2848 _i9

977 2844 1038 2875 Julii
1054 2847 1132 2880 17M,
1148 2848 1175 2875 in
1199 2846 1268 2882 App.
1293 2846 1399 2881 opclis:
1423 2844 1537 2871 Censuit;
1551 2846 1583 2872 tle
1597 2846 1635 2872 Ias
1649 2845 1769 2871 historias

978 2883 1119 2921 fabulosus.
1152 2918 1158 2921 _
1392 2915 1406 2921 υ

1015 2919 1050 2955 (Ῑ)
1069 2918 1180 2954 Stropli.
1192 2925 1288 2951 cxtnt,
1304 2925 1373 2945 vers.
1392 2915 1451 2943 569.

167 2977 175 2987 '
189 2976 331 3009 Suspicatur
343 2977 473 3010 Arctatus,
483 2978 616 3009 legendum
628 2981 652 3003 tu
663 2984 708 3009 pro
719 2982 780 3009 ceu;
791 2980 918 3009 nouitque,
931 2977 1010 3005 adsies
1024 2984 1067 3010 pro
1076 2976 1143 3003 adsis
1153 2983 1166 3001 a
1177 2975 1296 3002 Terentio
1306 2975 1380 3001 fuisse
1392 2976 1541 3005 usurpatum.
1555 2972 1621 2997 Eutr.
