4046 6364
494 311 647 381 .6157

1319 298 1639 359 ADDENDA
1678 301 1769 357 Δι’)
1808 298 2133 371 ρυοευω
2183 299 2706 358 ΡΠᾹΞΟΕΟΕΝῚἘΞ
2744 298 2992 358 ΤΟΜΟΒ.

3693 292 3795 359 cu:

458 404 463 407 I
519 426 743 491 tentiam
778 420 1065 485 descendi,
1110 427 1170 475 ut
1197 418 1412 476 credam
1466 418 1810 474 Prudentium
1840 432 1912 471 ne
1950 416 2099 485 cogi-
2136 418 2181 476 Α
2209 415 2369 470 levita
2410 416 2772 484 distribuerat,
2804 416 2966 485 paulo
3014 422 3139 471 ante
3180 414 3391 471 loeutus
3420 415 3613 473 luisset
3646 436 3658 471 :
3690 435 3794 475 non

522 528 665 575 tasse
705 515 918 587 quidem
972 511 1313 567 Laurentium
1355 511 1526 582 patria
1576 509 1878 564 Romanum
1923 506 2109 562 fuisse.

519 607 684 678 hique
710 622 779 661 ex
804 603 1129 674 conjecturis
1156 602 1521 671 sequentibus.

591 698 644 752 l.
682 696 887 752 lnducit
915 697 965 749 in
994 710 1058 748 eo
1084 694 1281 765 hymno
1311 689 1655 746 Laurentium
1695 699 1856 761 poeta
1902 697 2110 764 noster,

521 797 804 861 postquam
847 785 1224 858 tyrannijussa
1262 791 1554 853 spreverat,
1585 782 1774 836 dolore
1815 780 1990 836 cerdis
2030 780 2114 833 in-

522 879 785 934 trinsecus
833 885 1053 939 tactum,
1084 874 1461 941 Christumque
1504 873 1660 927 enixe
1707 870 2108 940 deprecantem,

522 977 584 1023 ut
610 968 877 1024 ethnicam
906 981 975 1021 ex
1002 965 1133 1019 urbe
1156 963 1590 1035 superstitionem
1618 961 1860 1032 stirpitus
1889 960 2106 1025 evellat,

523 1060 607 1116 his
628 1059 805 1116 verbis
836 1058 943 1130 (a):

829 1148 948 1197 Haec
972 1146 1267 1195 ludibundus
1287 1144 1498 1193 dixerat.

829 1209 1012 1259 Caelum
1035 1207 1214 1257 deinde
1239 1208 1461 1267 suSpicit,

834 1271 893 1318 Et
918 1272 1292 1329 congemiscens
1315 1271 1542 1316 obsecrat

829 1332 1062 1381 Misertus
1089 1332 1261 1379 urbem
1289 1329 1554 1377 Romulam.

518 1416 625 1473 Cur
652 1431 783 1472 vero
811 1432 920 1471 non
954 1416 1134 1486 potius
1162 1415 1369 1468 diceret
1402 1432 1413 1465 :

827 1509 1063 1558 Misertus
1086 1507 1257 1555 urbem
1285 1506 1505 1566 patriam,

519 1599 773 1659 usurpata
805 1589 1012 1644 scilicet
1040 1595 1308 1658 postrema
1340 1601 1474 1640 voce
1499 1587 1737 1645 inclinat;
1765 1601 1777 1636 :
1806 1598 1915 1652 quo
1946 1582 2107 1639 etiam

518 1697 677 1739 sensu
724 1692 913 1736 terram
958 1680 1148 1735 alicubi
1199 1666 1423 1750 patriam
1473 1677 1722 1745 Virgilius
1773 1675 1870 1746 (ὁ),
1911 1676 2108 1728 cineres

517 1776 713 1841 patrios
736 1772 990 1827 Horatius
1013 1772 1104 1842 (c),
1130 1779 1183 1823 et
1206 1770 1295 1822 alii
1318 1784 1384 1822 ex
1407 1768 1673 1822 veteribus
1695 1767 1915 1820 dixere?
1938 1766 2107 1820 Licuit
2137 1778 2182 1836 Β

518 1879 648 1919 sane
675 1863 965 1918 Prudentio
986 1876 1083 1932 per
1111 1859 1268 1914 metri
1290 1870 1342 1914 et
1365 1859 1641 1912 latinitatis
1665 1859 1808 1924 leges
1832 1857 1879 1909 itl
1902 1855 2105 1920 facere;

517 1966 573 2010 et
601 1956 731 2010 alias
758 1955 944 2025 patria:
983 1953 1275 2019 adjectum,
1309 1966 1429 2005 meo
1457 1950 1670 2018 quidem
1697 1949 1920 2018 judicio,
1956 1963 2109 2018 pres-

517 2047 632 2102 sius
682 2044 1211 2115 signilicantiusque,
1268 2051 1323 2097 et
1372 2042 1547 2095 verbis
1595 2042 1997 2112 congemiscens,
2056 2048 2111 2093 ct

516 2138 777 2198 misertus,
803 2152 921 2206 qua:
942 2134 1185 2205 proxime
1216 2139 1621 2203 prmcesserant,
1644 2130 2111 2199 estprimendzeque

523 2228 851 2286 sanctissimi
898 2226 1149 2297 martyris
1179 2239 1304 2293 erga
1348 2224 1535 2277 urbem
1577 2221 1764 2291 pietati
1793 2220 1951 2290 longe
1980 2235 2111 2274 eon-

521 2321 801 2392 gruentius
831 2318 1038 2373 fuisset.

589 2413 643 2467 ἓ.
685 2412 867 2481 Pergit
894 2410 1118 2465 subinde
1147 2408 1308 2462 levita
1348 2404 1737 2470 sanctissimus,
1768 2411 1930 2474 atque
1971 2402 2110 2458 inter

519 2502 763 2558 ﬂammas
780 2502 1037 2557 Romanis
1053 2498 1411 2555 Christianam
1433 2496 1745 2566 religionem
1767 2494 2107 2564 adprecatur,

520 2596 764 2666 inquiens
795 2594 873 2665 (ά)
898 2611 909 2646 :

827 2684 914 2739 Da.
942 2683 1154 2742 Christe,
1181 2679 1405 2732 Romanis
1427 2676 1520 2729 tuis

824 2746 897 2794 Sit
924 2746 1190 2795 Christiana
1217 2753 1269 2792 ut
1292 2744 1476 2791 civitas.

519 2830 588 2884 Et
612 2829 701 2883 hic
723 2828 943 2897 quidem
974 2843 1081 2881 non
1107 2825 1237 2881 satis
1264 2831 1570 2893 opportune
1602 2819 1866 2875 Romanos
1893 2818 2109 2874 Christo

516 2922 835 2977 attribuisse
859 2928 1018 2990 poeta
1041 2918 1209 2973 videri
1241 2923 1420 2987 potest
1452 2933 1466 2971 :
1495 2914 1733 2969 nondum
1779 2913 1922 2967 enim
1966 2912 2108 2967 Lau-

516 3012 675 3068 rentii
723 3021 987 3081 tempore,
1042 3010 1195 3078 cujus
1244 3023 1307 3061 ea
1362 3007 1535 3061 oratio
1582 3015 1684 3070 est,
1739 3003 1935 3058 Christi
1979 3004 2108 3072 jugo

516 3103 714 3159 collum
744 3102 914 3157 Roma
936 3100 1264 3154 subdiderat.
1297 3097 1405 3152 Cur
1434 3098 1619 3165 igitur,
1643 3097 1685 3150 si
1719 3096 1770 3149 in
1798 3096 1930 3150 urbe
1954 3103 2108 3150 natus

517 3194 704 3251 fuisset
729 3193 1069 3252 Laurentius,
1104 3208 1209 3246 non
1242 3192 1416 3245 verius
1446 3199 1606 3259 poeta
1638 3189 1844 3243 diceret
1878 3205 1891 3242 :

764 3340 765 3343 η
830 3284 925 3344 Da,
951 3283 1165 3344 Christe,
1194 3281 1420 3330 Romanis
1443 3284 1585 3341 meis,

517 3365 812 3435 praesertim
852 3380 972 3420 cum
1010 3379 1109 3418 nec
1138 3363 1297 3417 metri
1327 3362 1554 3425 ratione,
1585 3376 1759 3429 neque
1787 3361 1960 3415 Latini
1988 3376 2107 3416 ser-

517 3455 695 3510 monis
724 3455 885 3523 genio
916 3454 1328 3523 prohiberetur?
1356 3452 1496 3506 Sane
1528 3469 1647 3507 cum
1678 3452 1744 3506 de
1777 3452 1841 3507 iis
1869 3452 2110 3522 pauperi-

517 3544 651 3616 bus,
702 3546 842 3601 inter
890 3560 1028 3615 quos
1083 3542 1339 3598 Ecclesia:
1397 3544 1679 3599 thesauros
1735 3544 2108 3599 sanctissimus

592 3681 667 3750 (rt)
705 3679 923 3751 Strepit.
956 3684 1064 3745 cut,
1098 3694 1241 3735 vers.
1269 3677 1393 3731 409.

582 3753 655 3815 (lt)
945 3758 1012 3809 te,
1036 3753 1210 3811 amice,
1234 3750 1431 3815 nequivi

778 3812 1088 3876 ConSpicere,
1117 3820 1166 3861 ct
1192 3814 1346 3875 patria
1370 3811 1621 3860 decedens
1644 3824 1830 3872 ponere
1859 3817 2007 3861 terra.

1404 3892 1626 3953 (ίΕηεὶά.
1656 3908 1720 3957 vt,
1751 3907 1884 3944 vers.
1906 3895 2041 3956 508.)

584 3975 651 4037 (c)
781 3974 1015 4025 Minxerit
1039 3978 1087 4025 in
1110 3977 1292 4039 patrios
1314 3977 1525 4029 cineres,
1553 3984 1648 4039 etc.

1226 4040 1439 4096 (luArl.
1465 4052 1596 4087 vers.
1622 4037 1754 4099 471.)

591 4117 668 4185 (tl)
703 4115 923 4187 StrOph.
947 4133 1054 4183 etv,
1084 4134 1226 4172 vers.
1256 4117 1380 4170 455,
1644 4128 1647 4133 '

591 4190 661 4256 (e)
701 4186 919 4253 Stroiuh.
958 4204 1067 4252 ως,
1099 4203 1236 4241 vers.
1268 4187 1395 4241 255.

590 4256 662 4328 (f)
703 4256 916 4328 Stroplt.
956 4270 1152 4313 cxxxtn
1184 4273 1300 4326 seq.

589 4331 674 4401 (g)_
704 4328 1083 4401 Ntrttandum‘et
1104 4330 1309 4401 Alpium
1326 4328 1543 4401 nomine
1566 4329 1848 4401 Pyrenmos
1871 4339 2098 4398 montes,

516 4403 606 4469 qui
636 4398 862 4453 Galliam
910 4400 978 4453 ab
1008 4398 1261 4469 Hispania
1306 4398 1711 4465 disterminant,
1756 4417 1785 4453 a
1814 4411 1968 4467 poeta
2001 4418 2099 4455 no-

515 4468 630 4556 stro
658 4470 938 4552 appellari,
970 4484 1185 4556 uenus
1229 4468 1404 4556 Jplias
1430 4480 1521 4523 aut
1550 4470 1778 4556 Peniuas
1809 4470 2101 4552 Galliasque
2130 4498 2179 4556 Ι)

514 4542 668 4611 Alpes
712 4543 884 4610 ipsum
915 4541 1239 4595 intellexisse
1256 4542 1366 4611 hoc
1392 4540 1511 4611 1009
1539 4550 1721 4609 putet;
1754 4557 1928 4608 neque
1957 4540 2100 4596 enim

514 4609 666 4665 Julia:
710 4609 1009 4681 Cottiaeque
1039 4611 1215 4680 Alpes,
1246 4610 1380 4665 bina:
1406 4626 1436 4665 a
1468 4609 1758 4667 Prudentio
1801 4612 1903 4667 dici
1950 4621 2103 4681 pote-

514 4690 635 4736 rant
662 4698 676 4738 ε
714 4697 835 4736 cum
868 4698 971 4735 nun
1003 4682 1103 4745 bis,
1134 4682 1226 4736 sed
1253 4681 1418 4736 semel
1449 4690 1653 4736 tantum
1694 4682 1856 4737 Italos
1887 4682 1953 4737 ab
1980 4682 2026 4735 ll
2050 4699 2103 4739 s-

517 4753 672 4822 panis
691 4752 948 4823 dividant.
979 4752 1116 4805 Sunt
1137 4767 1366 4821 namque
1389 4762 1644 4823 perpetua
1673 4753 1931 4807 montium
1950 4754 2099 4821 juga,

514 4839 743 4892 quorum
783 4822 964 4876 fauces
994 4824 1139 4875 varia
1171 4822 1511 4886 nominaipro
1539 4825 1814 4891 regionum
1845 4824 2101 4880 varietate

513 4894 826 4947 sortiuntur.
873 4892 1072 4947 Verum
1124 4910 1231 4948 non
1279 4893 1467 4961 injuria
1526 4894 1814 4948 altissimos
1857 4909 2101 4962 quosque

516 4976 729 5034 montes
754 4964 910 5032 Alpes
939 4963 1310 5033 appellavetis.
1347 4963 1494 5034 Licet
1524 4965 1664 5016 enim
1693 4966 1800 5018 sint
1826 4965 1915 5032 qui
1944 4964 2098 5034 Alpes

516 5033 583 5087 ab
596 5033 748 5105 _a_lbus
766 5050 859 5087 seu
876 5032 1045 5104 alpus;
1061 5034 1209 5103 alpus
1222 5048 1346 5105 vero
1367 5032 1434 5086 ab
1455 5035 1621 5105 ἀλφὸς,
1638 5034 1779 5105 quod
1802 5044 1883 5088 est
1902 5032 2093 5100 λευέὸς,

514 5111 574 5173 ut
594 5101 885 5173 Hesychius
898 5101 1034 5171 vult,
1055 5101 1151 5157 seu
1172 5103 1335 5164 albus,
1361 5118 1390 5154 a
1414 5101 1611 5157 nivium
1635 5101 1838 5158 scilicet
1861 5106 2097 5159 candore

515 5171 937 5242 dictas'putent;
972 5174 1328 5242 verosituiliur
1367 5179 1555 5242 tamen
1601 5174 1888 5242 originatio
1918 5183 2018 5239 est,
2050 5179 2094 5229 si

515 5230 779 5307 dicamus,
809 5230 937 5298 eam,
953 5259 1142 5298 vocem
1186 5246 1254 5298 ab
1282 5241 1545 5298 llebraico
1573 5230 1749 5312 potius
1786 5230 1898 5305 τηθὶς
1926 5230 2091 5314 elep/r,

516 5314 660 5381 quod
712 5314 851 5368 mille
896 5315 1229 5383 simpliciter,
1273 5314 1539 5383 interdum
1589 5314 1759 5367 bovem
1807 5315 2091 5382 signiﬁcat,

513 5370 856 5440 descendere.
887 5384 965 5437 Ex
988 5370 1054 5439 eo
1075 5370 1302 5439 enitn'iit
1331 5370 1465 5445 ἣπτυκ
1496 5384 1672 5452 aluplt,
1695 5384 1744 5437 id
1768 5370 2093 5453 estrductor,

512 5454 789 5523 magister;
814 5466 869 5509 et
889 5455 1145 5510 translate
1163 5455 1414 5523 quidquid
1437 5456 1739 5519 maximum,
1758 5455 2092 5526 ρίνωεὶραωη,

511 5538 785 5596 summum,
817 5536 909 5580 aut
934 5528 1235 5595 primarium
1260 5534 1356 5578 est.
1390 5526 1525 5580 Hine
1556 5526 1724 5596 ἐλέφας
1760 5523 1978 5591 Gnecis,
2004 5529 2093 5593 qui

513 5602 568 5647 et
598 5594 799 5651 Latinis
840 5597 1069 5719 eleg/tas.
1099 5606 1257 5664 atque
1301 5595 1619 5663 elephantus,
1638 5594 1683 5649 Va
1728 5595 2095 5657 magnitudine

513 5664 718 5719 dictus:
751 5668 874 5719 item
953 5668 1140 5719 ebraeis
1166 5654 1277 5719 ab:
1308 5668 1473 5719 eteult.
1501 5666 1610 5719 bos.
1633 5667 1774 5719 quod
1807 5666 2093 5719 Euruntco-

513 5664 718 5731 dictus;
751 5668 874 5721 item
908 5654 1277 5724 Hebraeis“):
1308 5654 1473 5736 eleplt,
1501 5654 1774 5736 bosiquod
1807 5654 2093 5735 Europch-

515 5750 631 5788 rutn
662 5738 969 5791 animalium
1014 5737 1303 5789 maximum
1341 5734 1450 5806 hoc
1487 5737 1573 5789 sit.
1618 5734 1884 5792 Praeterea
1916 5734 2088 5806 aleplt,

514 5806 673 5875 eljplt,
717 5807 872 5877 olaplt
915 5809 1122 5878 priores
1166 5816 1295 5862 sunt
1338 5805 1707 5873 llebta-orutn,
1748 5805 2008 5862 Arahutn'
2038 5817 2093 5861 et

2214 509 2475 565 dubitavit
2519 527 2658 578 suos,
2691 510 2858 566 relate
2883 509 2949 565 ad
2984 509 3348 575 Laurentium,
3374 510 3678 586 benigniori
3709 531 3800 569 vo-

2213 602 2405 658 cabulo
2435 601 2723 674 appellare.
2756 602 2847 658 Sic
2874 603 3014 659 enim
3041 605 3109 675 (e)
3134 603 3441 674 prtel'ectum
3469 605 3791 677 alloquitur:

2524 711 2755 769 Quemvis
2776 719 2970 762 tuorum
2993 714 3216 775 divitum,

2525 775 2617 837 Qui
2642 784 2775 823 veste
2797 784 2849 824 et
2871 789 2957 823 ore
2981 780 3238 837 prtcuiteut

2521 835 2675 901 Hagis
2697 838 2910 901 probabo
2930 835 3168 901 debilem,

2521 897 2673 955 Quam
2698 900 2807 960 quis
2827 912 3021 950 assensu
3044 910 3120 951 est
3143 897 3409 952 causaest.

2212 1002 2321 1057 Cur
2350 1002 2507 1072 igitur
2532 1019 2639 1059 non
2668 1004 2796 1059 item
2842 1022 2961 1061 suos
3003 1005 3323 1065 Laurentius
3356 1008 3624 1064 Romanos
3655 1010 3799 1068 dice-

2213 1102 2317 1161 ret,
2347 1095 2437 1165 qui
2466 1096 2671 1165 pridem
2702 1113 2950 1167 pauperes
2978 1114 3098 1154 suos
3126 1100 3399 1169 appellare
3419 1117 3529 1156 non
3554 1100 3799 1157 erubuit?

2282 1186 2336 1239 5.
2379 1185 2585 1242 Invidet
2612 1187 2865 1242 Romanis
2891 1190 3009 1258 pius
3036 1191 3124 1245 ille
3171 1191 3420 1263 scriptor,
3450 1192 3600 1263 quod
3625 1208 3803 1249 sacras

2214 1278 2506 1332 beatissimi
2552 1280 2799 1349 martyris
2847 1281 3066 1335 exuvias
3112 1285 3463 1353 praesentibus
3506 1284 3700 1340 liceret
3724 1287 3799 1339 in-

2214 1369 2372 1435 tueri,
2406 1368 2628 1438 ejusque
2672 1369 2904 1438 sepulcri
2948 1372 3131 1426 limina
3174 1374 3509 1440 exosculari;
3555 1375 3611 1428 id
3661 1375 3801 1444 quod

2214 1458 2313 1528 ipsi
2363 1462 2677 1530 ueterisque
2731 1459 2999 1530 Hispanis,
3042 1462 3197 1531 binis,
3229 1471 3287 1517 ut
3340 1465 3436 1530 ait,
3467 1466 3687 1537 Alpibus
3736 1466 3799 1521 ab

2217 1548 2357 1605 Urbe
2386 1552 2615 1617 remotis,
2645 1551 2714 1607 ob
2740 1552 2982 1608 locorum
3016 1554 3549 1624 intervallaminime
3578 1574 3800 1614 conces-

2212 1658 2330 1698 sum
2360 1652 2478 1697 erat
2506 1646 2568 1713 (ί)
2593 1660 2605 1695 :

2490 1753 2559 1823 ρε
2587 1761 2663 1803 ter
2690 1755 2910 1817 (inquit),
2935 1763 3228 1821 quaterque,
3253 1768 3304 1809 et
3326 1763 3516 1823 septies

2492 1816 2673 1867 Beatus
2695 1832 2826 1880 cunis
2846 1816 3032 1880 ιιιεοὶλ,

2492 1881 2585 1941 Qui
2613 1888 2662 1928 te
2685 1878 2960 1941 (Laurenti)
2985 1878 3039 1928 ac
3061 1889 3250 1932 tuorum
3273 1884 3493 1934 cominus

2486 1940 2670 1989 Sedem
2694 1943 2914 1990 celebrat
2937 1944 3142 1991 ossium!

2487 2001 2587 2050 Nos
2608 2003 2762 2051 Vasco
2788 2004 3001 2052 Hiberus
3023 2003 3195 2055 dividit

2490 2062 2618 2130 linus
2642 2074 2857 2130 remotos
2880 2067 3079 2130 Acptut's
3103 2070 3175 2130 (g)

2489 2123 2643 2189 Irans
2665 2128 2994 2176 Cottianorum
3011 2123 3147 2189 juga',

2492 2185 2645 2235 Trans
2664 2194 2715 2238 et
2738 2189 2955 2252 Pyrenas
2977 2185 3248 2252 ninguidos.

2213 2289 2311 2344 l'bi
2345 2290 2658 2359 notandum,
2691 2309 2796 2349 non
2824 2294 2890 2349 iis
2926 2296 3142 2365 quidem
3181 2298 3273 2367 qui
3306 2297 3492 2352 Romae
3537 2301 3651 2354 nati
3682 2301 3802 2356 fuis-

2209 2389 2331 2435 sent
2378 2397 2407 2436 a
2455 2382 2746 2440 Prndcntio
2790 2385 3048 2454 invideri,
3097 2390 3243 2456 quod
3288 2404 3632 2446 communem
3686 2409 3801 2449 cum

2212 2471 2502 2529 Laurentio
2527 2476 2755 2545 patriam
2784 2477 2959 2530 sortiti
2986 2488 3193 2541 essent;
3224 2479 3319 2534 sed
3346 2481 3459 2550 qui,
3496 2486 3801 2541 utmasime

2210 2565 2499 2634 peregrini,
2533 2566 2583 2620 in
2617 2565 2758 2622 Urbe
2789 2575 2967 2623 tamen
2999 2584 3104 2624 non
3134 2569 3293 2640 longe
3320 2586 3351 2625 a
3382 2574 3554 2627 sacris
3581 2575 3805 2631 sanctis-

2212 2659 2331 2715 simi
2371 2661 2544 2716 levita:
2580 2661 2800 2731 lipsanis
2839 2663 3175 2731 habitabant,
3201 2665 3402 2721 incolas
3441 2668 3671 2734 scilicet,
3701 2686 3800 2725 non

2212 2752 2376 2807 cives.
2409 2751 2683 2808 Prioribus
2713 2756 2855 2809 enim
2885 2764 3112 2825 propter,
3147 2764 3207 2810 ut
3235 2757 3373 2812 idem
3420 2760 3591 2827 canit,
3621 2762 3800 2816 licebat

2213 2846 2430 2914 advolvi,
2459 2846 2760 2918 ﬂetibusque
2779 2849 3069 2919 sepulcrum
3098 2849 3380 2905 beatissimi
3405 2857 3663 2920 martyris
3684 2856 3799 2908 irri-

2212 2959 2355 3013 gare,
2385 2943 2528 3011 quod
2574 2943 2640 3000 iis
2685 2944 2778 3012 qui
2824 2952 2976 2999 extra
3023 2943 3218 3001 Urbem
3265 2945 3536 3018 degebant
3582 2949 3799 3004 minime

2213 3047 2528 3088 concessum
2556 3041 2692 3088 erat.

2137 3134 2183 3198 ρ
2283 3124 2336 3179 4.
2371 3124 2548 3181 Poscit
2568 3125 2791 3181 subinde
2812 3141 2843 3181 a
2866 3126 3024 3182 levita
3047 3130 3387 3187 sanctissimo
3410 3139 3573 3201 poeta
3600 3140 3793 3196 noster,

2211 3218 2364 3274 laetus
2390 3228 2448 3273 ut
2475 3220 2685 3275 intersit
2711 3219 2916 3286 Quirini
2945 3224 3159 3293 populo,
3193 3224 3245 3279 id
3273 3233 3381 3292 est,
3418 3225 3655 3296 benigne
3684 3242 3796 3281 cum

2210 3308 2470 3364 Romanis
2515 3316 2667 3380 agat,
2716 3312 2949 3365 alumnos
2998 3330 3085 3367 eos
3141 3313 3418 3372 Laurentii
3462 3331 3672 3373 vocans
3718 3317 3793 3371 his

2207 3401 2386 3460 verbis
2416 3401 2492 3472 (Ιι)
2516 3420 2529 3456 :

2519 3494 2621 3545 Ceu
2646 3501 2824 3556 praesto
2842 3508 3040 3558 semper
3064 3495 3243 3557 adsies,

2209 3623 3233 3695 Syrorumlitterm;Cnccorumvero,
3267 3626 3444 3694 alpha,
3486 3638 3597 3688 quo
3645 3644 3798 3685 sensu

2209 3695 2415 3748 Codrus
2440 3694 2697 3767 illeapud
2713 3694 3006 3767 Martialem
3032 3694 3170 3767 (Lib.
3196 3713 3248 3757 v.
3272 3698 3439 3765 epigr.
3464 3696 3557 3767 27)
3580 3698 3799 3754 Penula-

2211 3774 2379 3836 torum
2435 3765 2623 3836 alpha,
2686 3765 2736 3836 i__d
2785 3773 2886 3825 est.
2920 3766 3273 3821 mendicorum
3334 3765 3545 3836 primus
3582 3770 3795 3824 dicitur.

2210 3834 2411 3910 Clossm
2441 3855 2450 3887 :
2479 3833 2638 3910 Alpes
2687 3833 2777 3910 ὄρη
2823 3836 3116 3910 ὐ-ῲηλᾴηἱά
3155 3848 3257 3905 est,
3288 3833 3533 3892 sublimes
3583 3855 3797 3897 montes.

2210 3906 2440 3959 Isidorus
2469 3906 2667 3980 (Etynt.
2701 3905 2808 3968 inv,
2842 3905 2897 3975 8)
2932 3906 3198 3980 (Iuliorum
3228 3910 3441 3980 (inquit)
3473 3910 3678 3980 lingua,
3710 3913 3797 3965 Αι-

2208 3993 2295 4045 pes
2323 3986 2519 4029 montes
2557 3976 2649 4028 alti
2677 3988 2939 4030 vocantur.
2970 3975 3089 4030 Vitl.
3117 3975 3270 4033 Voss.
3300 3979 3352 4031 in
3382 3975 3569 4032 Albus.
3600 3982 3797 4037 Deinde

2207 4047 2405 4118 Grmcis
2446 4048 2818 4118 tuontisnotio
2845 4049 3109 4113 generalis
3135 4058 3238 4114 est,
3271 4053 3421 4118 quasi
3448 4053 3797 4118 conspicuum,

2207 4116 2479 4188 spectabile
2500 4116 2713 4189 dixeris,
2737 4125 2828 4189 aut
2850 4118 3017 4171 locum
3037 4116 3394 4179 edi'issimum,
3416 4137 3443 4173 e
3462 4138 3560 4189 quo
3576 4116 3801 4176 Vcircum-

2199 4194 2384 4258 jacens
2427 4188 2901 4267 reg‘io‘longissime
2936 4192 3162 4267 spectari
3200 4198 3383 4267 potest.
3435 4188 3591 4264 "Ope;
3634 4194 3796 4258 enim,

2207 4274 2379 4331 mons,
2406 4259 2473 4311 ab
2501 4258 2657 4331 apes,
2693 4257 2743 4331 id
2774 4267 2875 4323 est,
2900 4257 3042 4331 video
3076 4257 3249 4331 forsan
3288 4257 3589 4325 descendit,
3608 4257 3788 4330 quam?

2207 4331 2287 4382 vis
2315 4328 2495 4396 dispar
2524 4328 2591 4382 sit
2621 4330 2896 4397 utriusque
2924 4329 3069 4381 vocis
3098 4330 3335 4397 spiritus.
3365 4332 3465 4390 ’1δή
3496 4328 3682 4386 autem
3706 4349 3797 4388 seu

2209 4400 2313 4458 εὶξή
2364 4400 2493 4467 (quo
2524 4400 2683 4452 etiam
2731 4401 2890 4453 moto
2931 4397 3131 4453 Grmcis
3170 4408 3378 4455 montes
3419 4402 3549 4456 olim
3575 4413 3799 4459 vocatos

2207 4470 2389 4542 fuisse,
2421 4469 2636 4542 duplex.
2668 4477 2891 4542 uterque.
2940 4471 3245 4534 altissimus,
3280 4472 3330 4524 in
3379 4471 3610 4536 Troade,
3642 4483 3800 4542 atque

2209 4543 2261 4595 in
2292 4541 2493 4611 insula
2521 4539 2678 4611 Creta
2721 4538 2959 4611 ejusdem
3000 4542 3229 4593 nominis
3273 4557 3445 4606 mons,
3477 4538 3799 4611 argumento

2206 4610 2307 4677 est)
2338 4611 2403 4664 ab
2429 4610 2564 4670 εἴδω,
2593 4609 2643 4661 id
2680 4619 2778 4673 est,
2804 4610 2965 4675 rideo,
2990 4612 3209 4664 omnino
3239 4609 3723 4675 derivatum—unde
3748 4624 3799 4669 et

2205 4679 2704 4753 3462);,‘specta‘bilis,
2736 4689 2789 4734 et
2819 4681 2953 4735 εἰδέα
2982 4697 3078 4735 seu
3110 4683 3236 4747 ἰδέα,
3270 4684 3481 4751 species.
3514 4681 3691 4737 Erunt
3711 4685 3798 4753 qui

2204 4751 2272 4806 ab
2317 4750 2486 4814 οἰδέω,
2524 4750 2575 4803 id
2613 4759 2713 4813 est,
2747 4759 2935 4813 ltuneo,
2979 4760 3187 4807 montes
3231 4750 3403 4807 dietos
3429 4753 3598 4807 velint
3631 4768 3645 4805 :
3677 4750 3794 4809 sunt

2202 4822 2341 4877 enim
2371 4828 2523 4874 terra:
2546 4830 2790 4875 tumores.
2824 4820 3113 4890 Utriusque
3141 4832 3318 4876 autem
3365 4822 3568 4879 Crescat
3597 4825 3797 4880 montis

2204 4891 2457 4962 potionis,
2492 4906 2598 4944 non
2629 4891 2855 4962 ob~cura
2886 4895 3225 4960 reperiuntur
3250 4894 3475 4962 vestigia
3526 4896 3579 4949 itt
3610 4904 3795 4950 vetere

2202 4960 2468 5032 Hispaniae
2491 4971 2685 5015 nostra:
2706 4959 3105 5033 Cltprograpltia
3128 4963 3272 5033 :_hini
3300 4959 3498 5018 etenim
3527 4966 3674 5033 apud
3700 4980 3788 5019 nor

2200 5030 2476 5087 editissimi
2508 5040 2736 5093 montes,
2766 5030 3030 5102 Orospeda
3059 5041 3112 5085 et
3137 5030 3371 5086 Idubeda
3402 5030 3591 5103 priscis
3614 5037 3792 5089 vocati

2200 5102 2347 5157 luere
2378 5121 2390 5155 :
2421 5117 2645 5171 quarum
2670 5118 2857 5155 verunt
2901 5118 3020 5167 pars
3050 5103 3194 5170 prior
3230 5120 3351 5157 oros
3380 5112 3435 5157 et
3463 5105 3574 5170 idu,
3608 5104 3792 5160 Grzcca

2198 5174 2388 5243 procul
2408 5173 2569 5244 dubio
2591 5182 2688 5236 est,
2715 5181 2769 5227 et
2790 5182 3030 5235 montem,
3063 5172 3111 5225 id
3134 5182 3235 5233 est,
3269 5176 3623 5243 conspicuum,
3651 5190 3791 5244 spec-

2199 5244 2354 5318 tabile
2380 5243 2695 5318 (signiﬁrat;
2749 5244 3101 5318 posteriorem
3130 5259 3261 5299 vero
3298 5245 3462 5318 periri,
3494 5243 3695 5318 Bocba’:
3712 5256 3791 5300 tus

2198 5314 2390 5369 alicubi
2414 5322 2763 5385 argentarutm
2804 5314 3202 5385 interpretatus
3239 5316 3354 5368 luit.
3392 5314 3666 5385 Orospeda
3695 5332 3773 5373 att

2200 5393 2306 5438 tem
2349 5382 2503 5439 hodie
2532 5384 2582 5436 la
2613 5385 2777 5437 sierra
2807 5383 2868 5436 de
2900 5384 3142 5454 Segura;
3174 5382 3407 5438 Idubeda
3436 5382 3566 5440 vero
3594 5397 3791 5440 montes

2199 5455 2425 5527 d‘nga
2458 5454 2785 5527 nostratibus
2808 5453 3095 5527 vernaculo
3132 5453 3387 5510 idiomate
3428 5457 3784 5527 appellantur,

2197 5540 2262 5578 ex
2287 5523 2347 5578 Ρ.
2365 5524 2614 5578 Mariana:
2637 5524 2865 5591 placito;
2888 5522 3146 5581 videndus
3186 5533 3367 5581 tamen
3391 5522 3668 5581 eruditiss.
3700 5542 3791 5580 no-

2195 5603 2335 5666 stras
2355 5592 2588 5666 Joannes
2608 5594 2869 5649 Genesius
2880 5594 3182 5664 Sepulveda
3207 5596 3295 5666 qui
3317 5612 3437 5651 cum
3452 5596 3787 5666 Ferdinando

2196 5663 2439 5737 Pintiauo
2467 5665 2533 5737 de
2560 5668 2759 5737 horum
2798 5663 3058 5737 tnqnlium
3094 5667 3199 5719 situ
3224 5663 3445 5737 egregie
3472 5665 3779 5735 disputavit,

2196 5733 2287 5789 lib.
2321 5735 2573 5807 Illteplslf
2598 5731 2665 5785 48
2695 5735 2762 5787 ad
2784 5734 2837 5787 .I.
2858 5732 3226 5807 Quiguouium.

2270 5807 2344 5875 (Ii)
2385 5804 2600 5873 Stroplt.
2627 5820 2806 5872 cum,
2838 5804 2979 5861 vers.
3000 5806 3119 5863 569.
