4046 6364
503 354 612 406 ωυ

1335 346 1653 403 ΑΒυΕΝ-ΒΛ
1688 345 1777 399 AD
1816 339 2140 409 QUOSDASI
2181 335 2702 393 νιυΕακυεΝτεε
2740 335 2991 392 TOMOS.

3689 332 3797 387 δὴ)

492 464 889 523 sanctissimum
952 461 1220 518 terrestris
1262 457 1583 530 jampridem
1634 456 1816 511 Romae
1873 451 2100 506 munici-
2133 456 2179 510 Α
2209 450 2411 515 britas,
2461 448 2775 518 posterioris
2827 456 3006 501 autem
3060 444 3314 516 martyris
3359 444 3568 500 exuvias
3626 443 3757 515 ipsis

491 570 637 627 pem,
665 563 788 624 post
805 551 1253 622 gloriosissimum
1279 550 1443 619 ipsius
1466 558 1743 604 certamen
1768 555 1824 601 et
1844 544 2100 615 palmam,

495 649 638 702 inter
662 646 899 703 coaleslis
930 644 1115 698 Roma:
1142 641 1440 711 municipes
1468 642 1714 695 allectum
1731 680 1745 705 ,
1771 636 2104 708 perennique

495 737 671 794 beata:
707 736 847 792 illius
878 734 1034 790 Urbis
1067 733 1347 789 consulatu
1368 733 1682 786 decoratum
1708 729 1873 784 fuisse
1905 744 1918 780 :
1949 726 2101 796 quasi

498 829 728 894 diceret,
771 827 1039 882 Laurentii
1084 825 1390 895 passionem
1442 824 1616 892 ipsum
1648 837 1680 877 e
1709 818 1995 892 temporali
2034 817 2102 873 ad

497 928 761 974 aeternum
810 916 1196 987 municipatum
1240 913 1601 968 transtulisse.

572 1008 687 1064 lloe
724 1023 825 1063 nos
861 1022 929 1062 ne
959 1008 1177 1061 omnino
1218 1004 1520 1059 divinantes
1550 1002 1751 1057 dixisse
1800 998 2100 1063 videamur,

499 1098 891 1154 consideranda
936 1097 1168 1168 primum
1215 1104 1298 1151 est
1329 1095 1633 1166 proprietas
1673 1092 1819 1148 vocis
1861 1090 2099 1155 allectus,

498 1203 617 1257 quae
647 1202 712 1242 ex
744 1186 851 1241 alio
893 1186 959 1241 ad
989 1184 1150 1240 alium
1190 1185 1434 1240 ordinem
1488 1184 1771 1238 transitum
1820 1181 2099 1249 importat,

501 1287 634 1333 utet
661 1279 713 1333 in
741 1276 930 1333 Grmco
961 1292 1212 1333 sermone
1240 1276 1762 1353 προσκατειλσγμένος
1790 1272 1889 1343 ipsi
1916 1285 2099 1326 corre-

499 1370 788 1440 spondens;
808 1378 920 1424 tum
942 1385 1069 1424 vero
1085 1368 1321 1423 maxime
1338 1366 1591 1438 apodosis
1607 1366 1799 1435 prioris
1819 1362 2067 1433 strophes
2083 1378 2100 1412 :

743 1461 835 1509 list
858 1459 963 1508 aula
987 1472 1095 1508 nam
1118 1460 1303 1521 duplex
1323 1461 1408 1521 tibi
1434 1459 1487 1519 (ο
1504 1457 1793 1516 Laurenti!)

751 1522 841 1570 llic
861 1525 1098 1584 corporis,
1122 1520 1300 1571 mentis
1320 1520 1447 1583 polo.

501 1624 724 1691 Quibus,
754 1624 853 1678 nisi
884 1623 1232 1678 vehementer
1275 1633 1377 1689 ego
1406 1617 1584 1686 fallor,
1612 1617 1808 1685 duplex
1859 1615 2101 1670 Lauren-

504 1717 561 1770 tii
594 1715 984 1784 nostri.palria,
1012 1714 1392 1781 geminumque
1436 1712 1601 1780 ipsius
1629 1708 1940 1779 municipale
1980 1708 2099 1779 jus,

2206 553 2266 598 ut
2313 552 2444 614 puto
2501 542 2591 614 (τ).
2646 540 2922 609 Prudentii
2981 538 3315 609 temporibus
3364 552 3397 592 e
3442 536 3653 605 Siseia,
3705 539 3798 609 (pii

2204 633 2436 689 Croatiae
2464 647 2634 701 pagus
2653 641 2736 687 est
2767 632 2867 700 (is),
2896 631 3123 686 Romam
3156 629 3445 693 translatae,
3473 628 3797 698 conjiciendi

2208 730 2546 786 occasionem
2577 728 2834 797 praebent.
2882 724 3014 780 Cum
3042 739 3171 794 ergo
3199 739 3361 777 unum
3395 722 3524 777 illud
3565 738 3796 792 poema,

2204 822 2348 893 quod
2388 821 2661 876 Laurentii
2690 819 2995 889 passionem
3025 818 3300 878 continet,
3349 831 3458 884 prae
3486 815 3609 873 aliis
3634 823 3793 883 quot-

2203 927 2333 984 quot
2365 914 2415 968 in
2460 928 2528 967 eo
2558 912 2695 965 libro
2723 916 2885 973 sunt,
2930 905 3251 960 Prudentius
3279 906 3331 958 in
3362 894 3621 974 Hispania
3661 905 3797 957 scri-

2204 1014 2355 1077 ptum
2386 1001 2807 1058 luculentissime
2833 1006 3085 1064 testetur,
3113 1004 3171 1050 ut
3205 996 3321 1049 loca
3353 1009 3459 1049 non
3493 994 3565 1047 ita
3590 993 3794 1063 pridem

2204 1112 2270 1154 ex
2293 1113 2360 1153 eo
2389 1096 2616 1150 adducta
2647 1093 2923 1149 declarant
2953 1108 2966 1143 :
2998 1105 3095 1144 cur
3123 1105 3231 1143 non
3257 1097 3313 1143 et
3338 1088 3464 1142 hinc
3491 1086 3799 1147 eliciamus,

2204 1187 2579 1252 Laurentium,
2626 1200 2733 1239 non
2762 1198 2920 1239 secus
2954 1190 3120 1251 atque
3154 1179 3243 1251 alii
3273 1186 3542 1250 martyres
3566 1192 3797 1245 quorum

2202 1278 2479 1348 passiones
2522 1277 2567 1331 is
2606 1284 2797 1330 auctor
2839 1274 2892 1329 in
2941 1272 3114 1343 patria
3156 1270 3393 1333 cecinit,
3440 1267 3699 1337 Hispania
3745 1267 3798 1320 in

2203 1367 2377 1422 media
2405 1378 2586 1422 natum
2618 1367 2822 1422 fuisse?

2275 1459 2402 1514 Haec
2431 1474 2564 1515 sane
2613 1458 2658 1513 si
2706 1458 2774 1511 ah
2807 1454 3132 1511 adversariis
3156 1468 3223 1508 ex
3252 1448 3529 1505 Prudentii
3556 1448 3760 1518 hymno
3781 1485 3801 1513 ,

2205 1557 2300 1603 aut
2328 1549 2542 1603 aliunde
2572 1564 2671 1619 pro
2698 1560 2885 1601 eorum
2913 1544 3168 1615 opinione
3195 1540 3375 1595 elicita
3400 1538 3559 1592 nobis
3586 1537 3793 1605 objice—

2207 1650 2414 1706 rentur,
2449 1640 2523 1694 uti
2549 1638 2758 1711 singula
2790 1636 2956 1708 (quod
2988 1635 3217 1703 ingenue
3246 1630 3441 1700 fateor)
3471 1645 3581 1685 non
3623 1630 3801 1697 magni

2205 1730 2460 1796 facerem,
2508 1731 2579 1784 ita
2611 1731 2663 1784 in
2713 1726 2961 1783 eumdem
3006 1739 3229 1796 sCOpum
3258 1722 3410 1792 quasi
3448 1736 3516 1775 ex
3546 1718 3803 1774 condicto

504 1807 838 1876 apertissime
878 1806 1208 1859 continetur.
1255 1803 1392 1857 Sunt
1421 1803 1562 1856 enim
1606 1801 1716 1886 lere
1754 1800 1821 1854 ad
1863 1800 2094 1853 lauerant
2130 1814 2173 1873 Β
2201 1821 2404 1876 direcla
2433 1838 2540 1877 non
2583 1835 2806 1892 prunus
2832 1817 3177 1889 despicienda
3217 1816 3473 1869 ducerem
3506 1812 3802 1873 unica“;

504 1913 535 1952 a
555 1899 850 1952 Prudentia
866 1912 930 1950 ex
957 1897 1219 1949 Cicerone
1242 1903 1507 1959 mutuata,
1522 1893 1611 1963 qui
1627 1884 1696 1945 de
1711 1890 1780 1944 Μ.
1798 1890 1992 1944 Porcio
2006 1888 2104 1943 Ca-

502 1999 631 2043 tone
653 1987 869 2042 Tusculi
895 1996 1021 2040 nato
1045 1987 1270 2055 loquens
1296 1986 1370 2056 (n)
1395 2002 1407 2037 :
1436 1984 1549 2055 Ego
1572 1981 1862 2037 mehercule
1887 1979 2103 2049 (inquit)

501 2091 552 2135 et
579 2081 657 2136 illi
683 2092 732 2134 et
760 2079 994 2135 erunibus
1021 2078 1362 2149 municipibus
1392 2078 1523 2131 duas
1550 2093 1661 2130 esse
1679 2090 1860 2129 censeo
1882 2074 2102 2143 patrias,

504 2187 664 2225 unum
693 2180 917 2237 uatum,
942 2171 1158 2223 alteram
1206 2169 1449 2221 civitatis.
1483 2168 1654 2232 Quam
1698 2163 2020 2217 sententiam
2059 2161 2103 2215 si

502 2278 627 2318 cum
650 2260 921 2317 Prudentii
942 2262 1121 2315 verbis
1150 2280 1160 2313 :
1185 2261 1412 2313 Allectus
1438 2259 1562 2313 Urbi
1591 2258 1872 2327 municeps,
1896 2263 1951 2309 et
1978 2270 2102 2309 cum

492 2346 610 2409 illis
644 2372 657 2406 :
689 2363 767 2407 est
815 2353 932 2406 aula
982 2369 1104 2406 nam
1153 2352 1343 2420 duplex
1375 2351 1485 2415 tibi,
1536 2349 1784 2403 conferre
1829 2348 2101 2412 volumus,

504 2446 732 2502 lnirilice
764 2445 949 2499 iisdem
980 2454 1391 2512 congruentem,
1414 2442 1522 2495 imo
1554 2440 1796 2494 eamdem
1818 2452 1939 2492 esse
1957 2450 2104 2491 com-

505 2538 792 2608 periemus.
826 2536 941 2589 Non
971 2534 1107 2589 dixit
1138 2542 1317 2587 autem
1345 2531 1665 2586 Prudentius
1689 2528 1881 2598 duplex
1905 2526 2099 2596 patria,

504 2630 628 2699 quia
678 2628 1031 2699 posteriorem
1064 2642 1271 2692 vocem,
1301 2640 1366 2680 ea
1414 2622 1708 2693 praesertim
1753 2621 1902 2685 sede,
1945 2617 2104 2673 metri

504 2724 646 2779 ratio
674 2722 983 2791 respuebat,
1008 2736 1106 2791 pro
1134 2736 1240 2789 qua
1291 2720 1466 2774 aulam
1510 2717 1803 2773 substituit.
1849 2713 1974 2769 llaec
2002 2728 2103 2767 au-

506 2825 617 2869 tem
643 2814 688 2868 si
718 2828 844 2868 vera
870 2826 987 2868 esse
1020 2811 1285 2880 volumus,
1317 2820 1377 2865 ut
1414 2818 1564 2865 certe
1591 2806 1916 2864 verosimilia
1955 2812 2101 2870 sunt,

508 2906 767 2960 habemus
792 2903 1140 2959 Laurentium
1171 2919 1239 2959 ex
1269 2913 1450 2958 mente
1476 2900 1748 2956 Prudentii
1771 2900 2102 2969 municipem,
2140 2942 2143 2945 .

510 3004 676 3064 atque
701 2994 838 3049 adeo
867 2994 1039 3064 patria
1070 2992 1365 3047 Romanum
1394 3008 1500 3047 non
1531 2994 1713 3045 fuisse.

575 3089 666 3142 llis
704 3088 1067 3156 conjecturam
1119 3086 1280 3140 aliam
1327 3102 1397 3143 ex
1445 3100 1762 3156 argumento
1811 3092 1929 3145 libri
1981 3095 2103 3164 rupi

2210 1913 2484 1966 rarissime
2511 1911 2653 1965 enim
2686 1908 3065 1964 hexachordeu
3113 1907 3373 1962 citharam
3403 1906 3471 1958 ad
3509 1902 3805 1958 harmonia:

2210 2002 2356 2072 leges
2403 2001 2626 2056 lirtuito
2679 1999 3027 2069 attemperari
3082 1996 3365 2065 contingit.
3413 1995 3524 2049 Nos
3583 2002 3802 2056 tamen,

2206 2095 2601 2165 qualiacunque
2632 2092 2845 2146 tandem
2876 2105 2942 2145 ea
2966 2090 3093 2153 sint,
3128 2088 3301 2156 aequis
3327 2087 3626 2141 lectoribus
3656 2085 3800 2150 diju-

2205 2185 2449 2247 dicanda,
2468 2199 2698 2252 cumque
2719 2183 3149 2237 adversariorum
3174 2177 3503 2247 conjecturis
3520 2192 3594 2231 ex
3614 2177 3803 2231 eodem
3876 2184 3877 2187 ‘

2212 2277 2414 2348 hymno
2443 2273 2743 2344 desumptis
2772 2270 3099 2327 conferenda
3148 2268 3536 2339 proponimus;
3584 2266 3805 2320 minima

2202 2367 2552 2437 desperantes
2590 2372 2793 2427 tamen,
2835 2377 2903 2416 ex
2934 2361 2999 2414 iis
3027 2360 3204 2413 solum
3248 2373 3371 2426 quas
3412 2356 3682 2411 hactenus
3709 2358 3801 2409 ad-

2203 2459 2362 2513 ducta
2387 2466 2511 2512 sunt
2542 2456 2757 2528 parcius
2784 2454 2853 2509 de
2882 2463 3083 2509 caetero
3124 2451 3372 2519 Hispanis
3391 2447 3758 2516 objiciendum
3781 2488 3798 2510 ,

2204 2550 2348 2619 quod
2393 2566 2425 2604 a
2475 2548 2768 2604 Prudentio
2815 2561 2918 2600 suo
2965 2545 3020 2600 in
3072 2545 3175 2599 hac
3228 2541 3605 2598 controversia
3646 2539 3799 2593 dese-

2204 2649 2409 2696 rantur.

2834 2702 3063 2761 CAPUT
3104 2704 3166 2757 V.

2206 2820 2525 2891 Argumenta
2573 2816 2990 2891 adversariorum
3042 2814 3226 2868 ordine
3251 2813 3799 2891 Αεπαςηίηαπιιιςληίπ

2276 2881 2458 2959 primis
2501 2904 2619 2959 vero
2666 2887 3097 2959 Blancliinianum
3145 2901 3210 2938 e1:
3244 2882 3584 2936 Orationario
3614 2881 3798 2934 Codice

2277 2955 2624 3032 antiquissimi
2651 2960 2782 3011 ritus
2812 2955 3015 3011 Gothici
3042 2955 3388 3023 ili-sumptum.

2282 3093 2518 3149 Primum
2541 3090 2779 3146 omnium
2803 3089 2855 3143 in
2885 3103 2987 3143 nos
3014 3086 3337 3142 Blanchinus
3360 3093 3518 3154 urget
3556 3083 3796 3139 libellum

503 3183 754 3252 Στεφάνων
782 3180 1142 3249 ὁθειιιηριθιιι,
1175 3179 1301 3233 licet
1333 3188 1485 3233 extra
1518 3182 1785 3248 ordinem,
1817 3183 2107 3251 adjungere
2132 3170 2183 3236 ο
2214 3187 2520 3242 orationum
2552 3183 2908 3253 antiquis~imi
2948 3183 3082 3237 ritus
3113 3179 3328 3236 Cothici
3369 3195 3438 3233 ex
3465 3177 3794 3233 Veronensis

502 3269 723 3338 placuit.
771 3267 904 3323 Cum
955 3268 1098 3323 enim
1152 3266 1474 3338 praeeipuam
1523 3270 1641 3339 ejus
1707 3272 1827 3326 libri
1882 3281 2091 3341 partem

501 3356 727 3426 Hispani
756 3364 1020 3426 martyres
1059 3356 1166 3428 (vel
1210 3357 1254 3410 si
1292 3355 1638 3414 Laurentium
1677 3361 1746 3415 de
1784 3377 1893 3430 quo
1922 3362 1985 3417 lis
2010 3370 2095 3417 est

500 3450 712 3503 interea
773 3447 1158 3517 seponamus),
1209 3446 1548 3503 ilemeterius
1603 3459 1659 3505 et
1705 3450 2093 3515 Chelidonius,

502 3537 816 3593 Vincentius
845 3537 1027 3603 levita,
1052 3537 1352 3593 octodecim
1375 3538 1859 3610 Caesaraugustam,
1888 3539 2095 3597 Eulalia

500 3625 886 3690 Emeritensis,
924 3625 1257 3681 Fructuosus
1287 3626 1735 3697 Tarraconensis,
1770 3631 1878 3685 imo
1906 3640 1962 3685 et
1987 3630 2098 3702 Cy-

504 3720 727 3788 prianus
779 3720 975 3787 (quem
1026 3717 1154 3773 licet
1199 3718 1407 3787 Afrum,
1456 3734 1635 3776 amore
1681 3730 1860 3777 tamen
1909 3732 1959 3777 et
2009 3740 2098 3777 ore

504 3808 802 3878 liispanum
834 3806 1155 3864 Prudentius
1177 3808 1248 3878 (b)
1273 3814 1457 3878 vocat)
1477 3811 1576 3865 sibi
1602 3811 1903 3868 vindicent:
1930 3813 2100 3881 liquet

500 3900 700 3969 passim
726 3913 795 3952 ex
834 3898 1073 3970 ipsorum
1115 3900 1326 3971 hymnis
1365 3916 1461 3956 eos
1490 3903 1556 3956 ab
1584 3911 1806 3958 auctore
1843 3905 1897 3959 in
1927 3905 2097 3975 patria

505 3989 839 4058 conscriptos
869 3986 1067 4055 fuisse;
1109 4005 1141 4045 e
1168 3993 1443 4047 contrario
1475 4009 1629 4063 vero,
1656 4009 1777 4062 qua:
1806 3996 2011 4064 reliqua
2046 3998 2099 4052 in

505 4095 573 4134 eo
604 4080 741 4134 libro
784 4086 909 4132 sunt
948 4089 1240 4150 martyrum
1284 4098 1390 4135 non
1421 4080 1778 4153 Hispanorum
1810 4095 2055 4155 poemata
2082 4126 2100 4150 ,

509 4167 829 4222 Prudentius
851 4167 965 4237 ipse
984 4177 1136 4223 extra
1168 4174 1423 4240 patriam,
1439 4173 1546 4227 imo
1571 4183 1625 4228 et
1646 4190 1741 4243 per
1762 4178 2101 4232 occasionem

508 4259 810 4331 composita
866 4257 1030 4315 fuisse
1083 4269 1346 4327 testatur;
1398 4260 1543 4316 Petri
1586 4264 1799 4333 quidem
1845 4276 1901 4321 et
1955 4265 2104 4321 Pauli

508 4354 879 4423 apostolorum
921 4353 1137 4419 Roma},
1190 4352 1316 4407 item
1347 4351 1653 4426 hippolyti;
1693 4355 1931 4413 Cassiani
1971 4373 2105 4413 vero

507 4446 942 4514 Foro-Cornelii,
974 4460 1099 4500 cum
1125 4460 1256 4500 casu
1286 4445 1402 4514 ejus
1429 4448 1692 4515 passionis
1728 4449 2006 4504 historiam
2034 4449 2102 4504 ab

2197 3279 2455 3335 Ecclesiae
2481 3275 2930 3347 chartophyiacio
2973 3275 3041 3330 ab
3087 3273 3208 3343 ipso
3247 3282 3501 3334 erutum,
3552 3280 3612 3325 et
3662 3270 3794 3325 inter

2203 3370 2595 3439 Prolegomena
2645 3366 3017 3435 liturgicorum
3063 3380 3287 3434 operum
3335 3378 3459 3416 ven.
3511 3360 3795 3414 cardinalis

2198 3459 2418 3530 Josephi
2449 3457 2630 3512 Maria:
2651 3455 2925 3511 Thomasii
2958 3453 3215 3509 Romanae
3239 3450 3493 3506 editionis
3514 3464 3648 3503 ann.
3670 3447 3790 3501 17H

2202 3550 2427 3605 relatum
2458 3548 2554 3621 (e).
2609 3546 2659 3603 Is
2709 3555 2889 3601 autem
2920 3544 3159 3609 libellus,
3204 3557 3364 3612 quem
3408 3539 3477 3595 ad
3529 3538 3794 3593 Tarraco-

2202 3656 2444 3705 nensem,
2475 3638 2813 3703 cognominis
2838 3636 2891 3691 in
2911 3635 3177 3690 Citeriore
3206 3632 3458 3703 Hispania
3483 3630 3793 3701 provincia.

2202 3730 2498 3787 Ecclesiam
2526 3730 2656 3785 olim
2687 3709 3012 3799 pertinuisse
3041 3724 3319 3780 contendit
3345 3764 3361 3787 ,
3411 3722 3797 3792 receptissima:

2200 3824 2271 3878 de
2301 3822 2576 3877 Laurentii
2620 3819 2795 3890 patria
2835 3817 3119 3873 sententia:
3165 3812 3389 3869 miriﬁce
3416 3813 3698 3869 contraire
3733 3811 3796 3863 ab

2202 3913 2323 3983 ipso
2349 3911 2566 3967 dicitur.
2596 3907 2846 3963 Sistimus
2874 3905 3153 3961 Blanchini
3183 3904 3345 3959 verba
3389 3903 3457 3974 (Γ)
3484 3922 3497 3956 :
3538 3922 3557 3954 ε
3588 3902 3662 3957 At
3688 3902 3798 3969 ipse

2201 4002 2416 4057 libellus
2461 4001 2665 4070 vulgari
2712 3998 3145 4071 (Hispanorum)
3192 3996 3434 4067 Opinioni
3480 3995 3797 4050 mirabiliter

2204 4095 2539 4148 adversatur.
2590 4091 2724 4145 Nam
2754 4092 2926 4145 sancti
2956 4089 3229 4143 Laurentii
3259 4086 3454 4142 festum
3482 4087 3652 4149 diem,
3687 4101 3797 4139 ma-

2204 4197 2370 4251 gnum
2401 4193 2565 4251 atque
2608 4181 2905 4236 solemnem
2942 4179 3259 4249 exterisque
3303 4186 3427 4248 post
3467 4176 3801 4245 apostolicos

2204 4274 2602 4343 gloriosiorem,
2634 4273 2805 4327 tribus
2833 4280 3036 4326 tantum
3065 4270 3399 4324 orationibus
3421 4277 3476 4323 et
3497 4268 3796 4338 completo-

2205 4364 2283 4419 ria
2315 4366 2379 4418 ad
2404 4363 2724 4417 matutinum
2746 4361 3126 4417 concelebrat:
3150 4360 3394 4430 quamvis
3426 4358 3569 4413 idem
3593 4355 3799 4413 libellus

2211 4453 2392 4510 oflicia
2440 4455 2668 4509 aliorum
2716 4462 3025 4508 sanctorum
3080 4452 3171 4521 qui
3219 4465 3347 4506 vere
3406 4449 3635 4519 Hispani
3682 4457 3798 4503 sunt

508 4539 707 4593 :edituo
752 4536 1121 4593 inaudivisset.
1169 4536 1246 4590 De
1296 4536 1516 4606 Agnetis
1544 4547 1722 4592 autem
1772 4548 1825 4593 et
1851 4538 2096 4607 Quirini,

2212 4548 2513 4602 numerosis
2552 4546 2887 4600 orationibus
2927 4551 3196 4607 exornet,
3245 4551 3308 4595 ut
3349 4540 3534 4595 videre
3577 4538 3710 4594 licet
3747 4540 3799 4591 in

510 4630 603 4699 qui
634 4629 743 4684 duo
768 4636 1095 4699 supersunt,
1142 4626 1387 4696 hymnis,
1418 4626 1619 4681 incerta
1649 4642 1736 4683 res
1762 4636 1877 4692 est;
1925 4627 2108 4683 Roma:

513 4732 695 4776 tamen
726 4719 1066 4789 conscriptos
1092 4718 1257 4773 fuisse
1302 4717 1500 4788 prioris
1543 4719 1594 4772 in
1629 4716 1773 4774 llrbe
1811 4718 1933 4775 festi
1968 4721 2108 4777 cele—

587 4896 663 4962 (a)
706 4893 825 4949 Lib.
853 4911 889 4950 ll
919 4894 986 4950 de
1015 4892 1203 4961 Legib.
1226 4894 1327 4949 sub
1359 4893 1477 4948 init.

582 4966 664 5036 (b)
705 4964 763 5018 ιη
793 4967 994 5037 hymno
1021 4964 1089 5019 de
1113 4964 1171 5019 S.
1194 4962 1483 5036 Cypriane,
1510 4979 1653 5021 vers.
1680 4965 1778 5019 lii
1808 4986 1823 5020 :

925 5044 1023 5109 Est
1034 5047 1263 5108 proprius
1286 5046 1456 5108 patria
1480 5054 1680 5109 martyr,

924 5106 1026 5156 Sed
1040 5106 1217 5156 amore
1241 5106 1297 5157 et
1317 5120 1404 5155 ore
1428 5106 1613 5157 noster.

514 5173 821 5301 "“(c)BVid.
854 5174 1054 5231 Baron.
1087 5176 1140 5231 in
1173 5175 1297 5232 Not.
1324 5176 1391 5232 ad
1423 5175 1700 5250 Martyrol.
1732 5179 1819 5235 die
1850 5196 1900 5237 iv
1929 5180 2071 5239 Junii
2093 5223 2113 5252 ,

588 5317 677 5440 γι)
698 5314 801 5398 .His
828 5317 1161 5399 temporibus
1208 5316 1384 5389 εἰπερ
1413 5317 1677 5388 indigenis
1716 5321 2017 5391 appellatus
2047 5324 2115 5380 ad

516 5384 599 5441 Co
624 5402 740 5441 aus
764 5394 819 5441 et
844 5385 969 5441 Savr
990 5386 1341 5441 continentes.
1373 5388 1681 5441 Baunnmn.

566 5387 740 5457 olap’s
764 5394 819 5441 et
844 5387 969 5441 Savi
990 5387 1681 5444 continentes.‘BauunANn.

594 5456 667 5528 (ς)
700 5455 887 5527 ΡεςΑ
921 5457 989 5510 ad
1018 5455 1140 5511 156.
1212 5525 1232 5528 _
1258 5525 1298 5528 η

590 5525 665 5600 (ο
694 5525 898 5600 ᾼηὴοι.
924 5542 1029 5587 ονι.
1042 5540 1174 5600 pag.
1205 5525 1329 5600 292.

564 5593 1482 5683 -(52.093‘1‘193'3.Tifﬁimle'siso
1508 5615 1574 5655 ³η
1598 5599 1911 5683 ἒῖιετίρξρχ
1934 5604 2118 5683 liispa.

525 5665 939 5732 niaiEcclesiis,
982 5665 1191 5721 libellus
1221 5668 1264 5723 is
1289 5666 1680 5735 luerit,.nostra
1712 5674 1846 5729 nihil
1872 5665 2069 5732 referat
2099 5698 2110 5729 :

526 5736 856 5793 monendum
887 5748 1065 5791 tamen
1113 5736 1367 5792 lectorem
1398 5739 1647 5795 duximus
1695 5759 1809 5799 rem
1857 5762 1963 5800 non
1995 5763 2117 5804 esse

531 5821 701 5877 usque
723 5807 861 5866 adeo
881 5813 1237 5866 exploratam.
1263 5806 1405 5863 Sane
1434 5809 1549 5865 loca
1568 5813 1763 5882 quibus
1792 5813 2117 5877 Blanchinus

2211 4638 2392 4694 indice
2417 4637 2676 4707 generali,
2708 4638 2799 4708 qui
2830 4636 3003 4691 eidem
3034 4635 3218 4689 libello
3247 4631 3504 4688 Ecclesia:
3530 4630 3797 4685 Tarraco-

2212 4729 2393 4785 nensis
2420 4728 2521 4799 (g),
2549 4728 2649 4783 fuit
2675 4743 2886 4783 summo
2922 4727 3107 4783 studio
3132 4739 3370 4795 curaque
3405 4738 3441 4777 a
3480 4722 3644 4777 nobis
3668 4736 3797 4790 pra:-

2213 4902 2409 4960 eonlici
2438 4919 2512 4974 ac
2542 4903 2896 4959 demonstrari
2926 4913 3078 4974 putat
3116 4905 3340 4971 (Annot.
3383 4917 3518 4974 χιιι,
3551 4913 3677 4971 pag,
3709 4898 3807 4974 167

2213 4980 2357 5045 seq.)
2386 4975 2452 5029 ad
2466 4971 3257 5045 TarraconensemiEcclesiam
3285 4972 3647 5045 pertinujssg,
3679 4971 3804 5026 sub-

2218 5039 2448 5100 obscura
2491 5053 2616 5099 sunt
2634 5060 2654 5107 7;
2684 5055 2740 5099 et
2781 5045 2914 5100 alias
2941 5044 2994 5098 in
3020 5039 3365 5098 Orationibus
3389 5042 3458 5096 de
3484 5041 3546 5096 S.
3569 5039 3803 5095 Vincen-

2216 5116 2294 5185 tio
2340 5123 2572 5185 martyre
2612 5116 2783 5184 patria
2812 5157 2855 5185 ,ί
2885 5122 2944 5168 ut
2991 5121 3275 5185 putamus,
3324 5111 3808 5185 Caesaraugusan

2217 5183 2370 5256 (Pag.
2400 5179 2496 5248 60,
2522 5184 2573 5239 in
2604 5179 2695 5239 lin.
2727 5194 2782 5240 et
2800 5179 2914 5253 6i),
2944 5179 3026 5256 est
3053 5186 3121 5256 de
3147 5198 3256 5256 quo
3278 5183 3632 5256 vehementer
3660 5179 3807 5235 dubi~

2218 5253 2538 5324 tari’possit,
2568 5269 2695 5309 num
2721 5256 2766 5309 is
2803 5257 2929 5310 alim
2959 5254 3144 5310 Codex
3172 5254 3241 5308 ad
3275 5253 3806 5324 Cmsaraugustanalu

2218 5322 2513 5393 Ecclesium
2562 5325 2880 5393 pertinuerit
2925 5343 2940 5379 :
2990 5340 3115 5378 nam
3169 5324 3221 5378 in
3295 5338 3359 5378 ea
3405 5338 3526 5391 quae
3560 5322 3804 5393 incipit:

2221 5390 2577 5465 Omnipotens
2593 5394 2777 5461 Pater,
2807 5406 2935 5462 etc.,
2986 5390 3503 5465 legiturszriesta,
3548 5390 3807 5465 Domine,

2218 5460 2483 5538 placatus,
2515 5474 2570 5519 ut
2596 5466 2896 5538 interventu
2925 5460 3104 5518 sedulo
3132 5463 3337 5519 hisdem
3369 5463 3487 5538 (sic)
3528 5477 3675 5538 nunc
3693 5460 3810 5538 ,__de

2218 5530 2413 5605 quibus
2439 5537 2555 5607 ipse
2575 5536 2937 5605 (Vincentius)
2968 5539 3174 5607 electus
3215 5545 3300 5588 est
3324 5530 3617 5607 m‘embris,
3660 5530 3807 5607 adhi-

2223 5601 2337 5661 beat
2357 5601 2630 5678 fragilitati
2654 5601 2954 5677 potentiam,
2982 5606 3259 5678 humilitati
3281 5604 3525 5678 glorianti,
3546 5612 3656 5678 etc.
3685 5601 3810 5656 Item

2221 5673 2383 5747 paulo
2414 5673 2632 5733 inferius
2654 5673 2729 5730 'in
2756 5678 3013 5731 Oratione
3038 5691 3171 5747 qua:
3209 5673 3393 5747 incipit
3425 5692 3437 5727 :
3472 5673 3810 5747 Omnipotens

2224 5743 2362 5819 Deus
2406 5748 2499 5819 qui
2535 5757 2831 5819 martyrem,
2875 5755 2978 5819 etc.
3006 5743 3163 5819 (P'ag.
3207 5743 3332 5819 6i),
3368 5747 3573 5800 mentio
3601 5743 3813 5817 Videtur

2222 5816 2340 5874 ﬁeri
2370 5816 2596 5875 celebris
2633 5816 2776 5875 illius
2825 5817 2975 5883 stole
3005 5816 3271 5874 Vincentii
3314 5830 3507 5873 cruore
3536 5816 3809 5887 aspersa,
