4046 6364
452 332 557 385 623

1270 332 1592 388 ADDENDA
1632 334 1719 387 AD
1758 333 2079 401 QUOSDAM
2128 329 2644 394 PRECEDENTES
2685 334 2933 393 TUMOS.

3612 340 3727 393 σει

454 461 590 509 mos,
639 458 867 511 quorum
920 444 1125 513 palmas
1165 443 1418 514 peculiari
1469 444 1668 513 hymno
1715 443 2028 497 l'rudentius
2057 448 2102 506 Α
2131 446 2387 502 doctrina:
2416 449 2879 503 conﬁrmationem
2923 448 3208 511 adducere,
3260 463 3327 503 ex
3369 463 3481 516 quo
3525 450 3727 506 eadem

452 534 645 588 cecinit
678 532 776 604 (α),
818 532 1067 604 Hispanis
1097 533 1441 588 aseribcndos
1468 548 1587 588 esse
1635 550 1647 585 :
1697 531 2024 602 quandoqui-

454 625 575 678 dem
607 625 657 678 in
682 640 749 679 eo
779 624 845 678 de
870 640 977 693 quo
1004 625 1210 692 agimus
1256 622 1568 677 Oratiouum
1599 621 1794 681 Codice
1833 623 2029 676 nullam

457 719 644 773 horum
675 729 966 789 martyrum
997 718 1320 772 mentionem
1345 714 1491 781 ﬁeri,
1521 716 1761 785 testaque
1791 716 2031 784 ipsorum

454 809 693 862 natalitia
720 809 937 863 omnino
968 808 1296 877 prietermitti
1331 807 1569 860 videmus
1596 807 1692 877 (ὁ).

530 902 712 971 Neque
745 901 795 955 id
837 903 954 969 ejus
982 909 1187 955 tantum
1217 899 1528 953 Oratiouuni
1571 899 1735 953 libelli
1765 898 2032 969 peculiare

452 991 871 1046 existimandum
896 999 995 1055 est,
1026 989 1122 1043 sed
1154 999 1388 1043 veterum
1422 989 1532 1043 lere
1562 989 1799 1043 omnium
1830 987 2034 1054 liturgi-

454 1098 640 1139 eorum
668 1082 947 1147 Codicum,
981 1091 1036 1136 et
1076 1081 1576 1151 Martyrologioruin
1621 1094 1925 1143 commune,
1975 1089 2033 1133 ut

448 1176 694 1228 nonnulli
727 1170 989 1228 interdum
1034 1183 1296 1242 martyres
1337 1173 1536 1241 alioqui
1581 1188 1686 1226 non
1722 1172 1928 1227 tacendi
1956 1172 2031 1226 si-

455 1264 619 1319 lentio
675 1273 1080 1332 praitcieaiitur.
1135 1262 1405 1331 Exemplis
1449 1278 1536 1317 res
1593 1262 1685 1315 lict
1753 1262 2028 1315 illustrior.

456 1355 664 1409 llissale
692 1355 1271 1409 Gothico-Gallicanum
1300 1352 1572 1407 Tuomasii
1605 1352 1679 1422 (in
1705 1367 1813 1420 quo
1839 1352 2032 1407 nedum

457 1447 727 1515 peculiare
759 1445 1027 1499 Laurentii
1071 1443 1286 1507 festum,
1315 1443 1407 1497 sed
1435 1442 1630 1510 duplex
1664 1443 1880 1509 insuper
1906 1456 2033 1495 san-

457 1538 679 1591 ctissimi
711 1539 980 1607 martyris,
1013 1536 1064 1589 in
1090 1537 1256 1589 sancti
1280 1533 1414 1588 Sixti
1440 1542 1601 1601 atque
1628 1532 1900 1601 llippolyti
1940 1546 2034 1585 na-

457 1629 660 1689 talitiis,
689 1629 918 1695 elogium
947 1628 1210 1682 contineri
1260 1625 1466 1693 pridem
1495 1624 1745 1691 diximus)
1777 1640 1876 1678 nec
1914 1638 2034 1678 ver-

459 1720 581 1772 buiii
622 1719 690 1774 de
736 1718 912 1773 Felice
960 1727 1015 1773 et
1060 1715 1333 1780 Cucufate,
1386 1731 1486 1770 nec
1523 1717 1588 1769 de
1634 1713 1927 1768 Friictuoso
1971 1729 2035 1769 ac

2135 552 2298 605 Opera
2337 539 2712 607 intelligemus,
2746 555 2843 595 cur
2890 540 3130 593 nonnulli
3180 550 3444 610 martyres
3494 540 3545 594 in
3592 556 3728 610 pro-

2135 629 2265 698 priis
2312 629 2472 682 etiam
2518 629 2772 684 Ecclesiis
2825 629 3088 685 interdum
3145 631 3539 685 omitterentur.
3611 630 3730 684 Sed

2133 720 2257 787 quid
2296 721 2363 772 ad
2403 730 2507 773 tam
2536 730 2701 773 cetera
2742 720 2977 788 exempla
3017 721 3322 772 recurrimus
3356 721 3563 789 (inquit
3589 719 3734 772 Rui-

2135 815 2339 867 iiartius
2363 813 2430 866 de
2459 823 2749 879 martyrum
2769 812 2984 865 silentio
3015 812 3066 864 in
3096 810 3240 865 Vett.
3264 809 3597 865 Kalendariis
3626 811 3729 880 υ).

2136 902 2402 971 loquem),
2428 918 2541 954 cum
2572 903 2625 953 id
2646 903 2810 970 ipsum
2836 903 2889 954 in
2919 901 3177 954 liodiernis
3196 898 3528 954 Kalendariis
3548 901 3734 971 quivis

2134 991 2401 1045 observare
2429 992 2581 1059 facile
2601 999 2749 1061 queat
2771 1005 2788 1042 :
2818 992 2871 1045 in
2899 991 3076 1060 quibus
3096 1006 3199 1042 non
3225 991 3388 1044 solum
3404 1003 3730 1049 exterarum.

2134 1082 2223 1135 sed
2251 1082 2404 1134 etiam
2433 1082 2732 1134 riciniorum
2754 1090 2804 1134 et
2831 1081 3336 1149 comprovincialium
3360 1080 3734 1135 Ecclesiarum

2134 1180 2387 1241 martyres
2434 1180 2482 1225 et
2531 1172 2754 1238 patroni,
2787 1179 2842 1222 ut
2886 1171 3162 1241 plurimam
3206 1187 3310 1223 non
3350 1170 3687 1223 celebrantur
3714 1188 3736 1231 ;

2133 1263 2237 1315 into
2267 1262 2573 1331 quandoque
2612 1263 2765 1314 unius
2806 1259 3055 1316 Ecclesia
3089 1269 3339 1332 martyres
3383 1272 3470 1314 aut
3497 1262 3740 1330 epis-opt

2133 1355 2187 1406 iu
2219 1353 2390 1406 aliena
2421 1353 2653 1406 Ecclesia
2676 1353 2931 1415 coluntur,
2960 1355 3043 1412 qui
3073 1353 3269 1406 nullum
3295 1353 3481 1406 habent
3519 1356 3575 1407 in
3602 1370 3739 1423 prae

2134 1445 2249 1513 prio
2278 1446 2489 1497 cultum.
2524 1441 2675 1505 Quod
2697 1444 2812 1497 ideo
2836 1444 3029 1512 factum
3058 1453 3180 1510 puto
3213 1444 3432 1512 (subdit)
3461 1445 3602 1515 quod
3636 1460 3736 1496 eo-

2135 1551 2247 1589 rum
2276 1536 2506 1599 reliquiae
2534 1550 2699 1587 sacra:
2739 1535 2843 1589 alio
2893 1536 3163 1588 translata?
3188 1537 3418 1604 fuerint,
3465 1546 3555 1589 aut
3585 1545 3739 1589 certe

2134 1626 2270 1696 quod
2293 1642 2466 1681 eorum
2486 1626 2614 1677 Acta
2642 1641 2744 1678 non
2777 1624 3101 1679 haberentur.

2205 1737 2408 1790 Firinat
2429 1736 2646 1790 miriﬁce
2669 1736 2807 1790 hanc
2829 1736 3124 1790 doctrinam
3145 1735 3227 1790 Cl.
3254 1735 3600 1799 Muralorius,
3630 1740 3729 1791 cui

457 1814 639 1875 sociis,
692 1825 790 1862 nec
842 1809 908 1861 de
966 1807 1243 1861 Vincentio
1300 1807 1457 1896 levita
1514 1806 1736 1873 aliisque
1789 1804 2033 1874 llispaiiis
2068 1799 2112 1857 Β
2145 1844 2266 1883 cum
2300 1828 2708 1881 ηονυηινίδηη,
2740 1826 2962 1894 fuisset,
2993 1836 3192 1881 sane”,
3219 1826 3462 1896 Eugeniae
3505 1828 3739 1896 Virg-nis

457 1898 782 1968 martyribus
826 1897 1217 1963 illustrissiinis,
1247 1903 1339 1949 aut
1378 1895 1608 1963 aliquam
1637 1910 2028 1949 commemora-

460 1989 660 2042 tionem
692 1988 868 2050 habet,
903 1997 958 2039 ut
986 1987 1110 2040 alibi
1141 2000 1356 2054 quoque
1396 2002 1425 2037 a
1454 1984 1606 2038 nobis
1635 1984 1943 2038 indicatum.
1975 1983 2032 2038 Si

458 2077 578 2145 quis
616 2087 795 2130 autem
825 2091 891 2129 ex
931 2076 1046 2143 ejus
1087 2074 1298 2129 Cotlicis
1323 2073 1536 2127 silentio
1567 2072 1874 2141 praclarum
1906 2069 2033 2125 illud

460 2180 872 2243 purpuratorum
919 2183 1107 2237 agmen
1163 2166 1428 2234 Hispania:
1474 2175 1669 2220 nostra:
1728 2164 2036 2231 abjudicare

465 2266 642 2326 vellet,
670 2274 925 2331 quantum
956 2264 1060 2327 ille,
1084 2263 1166 2317 vel
1196 2260 1489 2316 Blanchino
1511 2260 1709 2327 judice,
1739 2274 1769 2312 a
1796 2258 2036 2313 veritatis

466 2358 677 2412 tramite
697 2356 934 2410 deviaret
957 2355 970 2407 ι

539 2450 749 2503 Missale
779 2455 1034 2517 pmterea
1057 2445 1431 2512 lsidorianum,
1458 2444 1619 2511 vulgo
1644 2442 2036 2497 Mozarabicum

467 2544 667 2596 dictum
703 2541 798 2610 (c),
836 2556 941 2595 non
980 2539 1222 2594 meminit
1244 2538 1374 2592 Zoili
1405 2553 1499 2591 seu
1531 2535 1698 2595 Zoelli
1728 2533 2038 2590 Corduben-

465 2635 557 2698 sis,
589 2642 649 2687 ut
693 2649 813 2687 eum
858 2630 1179 2685 Prudentius
1216 2637 1375 2684 vocat
1405 2628 1504 2697 (il);
1554 2640 1728 2693 neque
1770 2624 2042 2678 Cucufatis

466 2725 898 2785 llarciiionensis.
931 2737 1028 2777 nec
1058 2721 1355 2775 Encratidis
1383 2720 1890 2787 Ctesaraugustauce;
1934 2716 2041 2770 imo

466 2831 640 2886 neque
684 2816 919 2883 ipsorum
950 2812 1247 2867 octodecim
1276 2811 1512 2879 ejusdem
1542 2809 1686 2864 urbis
1715 2816 2006 2877 martyrum
2025 2845 2040 2870 ,

464 2921 689 2975 quorum
730 2904 914 2959 laudes
956 2904 1208 2974 peculiari
1246 2904 1444 2972 hymno
1482 2901 1770 2956 celebravit
1797 2897 2042 2951 Pruden-

466 2996 568 3050 tius
597 2997 689 3065 (e).
733 2992 1110 3049 Kaleiidariuui
1137 2993 1351 3049 demum
1381 2992 1631 3047 Ecclesia:
1658 2988 2044 3058 Cartliaginen-

464 3087 536 3140 sis
558 3086 735 3147 Afros,
764 3084 870 3138 imo
892 3083 1128 3153 ejusdem
1151 3082 1298 3136 urbis
1324 3092 1587 3153 martyres
1610 3078 1877 3134 interdum
1897 3078 2040 3132 silet.

467 3270 697 3322 evitatos
724 3268 917 3335 smpius
957 3275 1350 3336 persecutores,
1382 3264 1596 3319 tandem
1626 3264 2049 3331 comprehensus

468 3356 593 3423 igne
646 3356 958 3426 martyrium
1005 3354 1399 3410 consummavit
1449 3352 1547 3423 (ι’).
1604 3350 1719 3405 Non
1775 3351 2046 3413 Mavilum,

470 3446 580 3517 qui,
609 3461 675 3500 ex
695 3445 886 3499 eodem
912 3443 1245 3498 Tertulliano
1273 3443 1340 3494 ad
1370 3441 1679 3510 Scapulam,
1707 3439 1850 3509 apud
1878 3439 2049 3492 Adru-

471 3545 673 3591 nietum
712 3533 984 3605 (Toulbam
1033 3549 1128 3588 seu
1171 3531 1574 3586 Mahammetom
1623 3529 1897 3585 Ferrarius
1952 3528 2052 3600 (g),

477 3623 934 3677 Ilammametliam
965 3622 1310 3676 Baudrandus
1338 3629 1515 3685 vocat,
1540 3635 1646 3674 non
1678 3619 1836 3687 longe
1867 3634 1895 3672 a
1923 3618 2052 3672 Car-

472 3716 709 3785 thagine)
758 3715 855 3771 sub
901 3714 1103 3769 Severo
1152 3713 1217 3767 ad
1260 3713 1457 3767 bestias
1494 3712 1778 3766 damnatus
1827 3720 1910 3766 est
1951 3712 2051 3782 (Ii).

470 3804 587 3862 Non
617 3805 829 3860 demum
858 3804 1102 3870 Bassum,
1132 3802 1536 3866 Fortunionem,
1568 3803 1807 3870 aliosque
1827 3802 2052 3856 Cartha-

430 3896 720 3964 ‘5ineiises
764 3902 1028 3966 martyres
1058 3893 1109 3947 in
1138 3891 1388 3963 Cypriani
1424 3893 1666 3962 epistolis
1707 3892 1969 3957 laudatos,
2000 3900 2058 3944 ut

430 3985 555 4041 CCI.
612 3985 925 4039 Ruinartius
984 3986 1043 4053 (i)
1110 3992 1356 4038 testatur.
1407 3981 1544 4048 Quid
1598 3983 1794 4052 igitur?
1844 3982 1923 4036 An
1988 3998 2057 4036 ex

475 4076 751 4143 utriusque
778 4074 935 4141 hujus
985 4074 1196 4129 Codicis
1242 4074 1490 4139 silentio,
1541 4091 1641 4129 nec
1684 4075 1893 4145 priores
1938 4074 2057 4129 illos

468 4166 763 4237 Hispanos,
820 4183 995 4236 neque
1064 4168 1389 4236 posteriores
1443 4167 1541 4221 hos
1592 4176 1850 4238 martyres
1903 4165 2060 4221 Afros

482 4261 651 4316 fuisse
680 4258 1107 4313 allirmabiinus?

548 4371 781 4437 Juvabit,
809 4371 1020 4441 opinor,
1054 4369 1134 4423 CI.
1166 4369 1401 4424 auctoris
1424 4370 1788 4425 testimonium
1818 4370 1871 4422 iii
1900 4370 2059 4435 hujus

2137 1928 2191 1974 et
2222 1920 2473 1991 martyris
2514 1919 2736 1982 lestum,
2781 1916 2932 1985 cujus
2964 1918 3140 1986 passio
3185 1918 3365 1972 Roma:
3412 1919 3529 1987 ipso
3556 1914 3738 1971 natali

2136 2009 2411 2064 Dontinico
2461 2008 2548 2061 die
2594 2009 2645 2061 in
2696 2009 2967 2062 veteribus
3016 2007 3406 2078 Martyrologiis
3453 2008 3734 2079 llieronya

2137 2103 2335 2163 niianu,
2375 2098 2619 2163 Usuardi,
2650 2108 2706 2151 et
2738 2100 2857 2153 aliis
2884 2099 3287 2162 celebrabatur,
3336 2097 3389 2152 in
3417 2098 3736 2154 Gallicanoo

2136 2190 2383 2245 Boviensi
2413 2190 2873 2252 Sacramentario,
2923 2203 3083 2256 quem
3130 2190 3196 2241 ad
3245 2191 3734 2245 Vesontiouensem

2138 2280 2466 2350 provinciam
2515 2280 2836 2347 pertiiiui~se
2878 2279 3148 2343 diximus,
3198 2288 3358 2347 atque
3399 2281 3537 2333 adeo
3579 2282 3735 2348 apud

2136 2370 2290 2426 Gallo
2325 2371 2578 2434 Francos,
2602 2371 2655 2423 in
2675 2369 2913 2438 ejusdem
2940 2369 3200 2423 Dominici
3231 2370 3422 2424 natalis
3442 2371 3739 2439 pervigilio

2138 2460 2406 2514 recenseri
2440 2476 2454 2511 :
2500 2460 2637 2513 banc
2665 2459 2781 2526 ejus
2810 2459 2885 2512 rei
2918 2474 3133 2512 causam
3180 2458 3343 2512 fuisse
3378 2459 3694 2521 susricatur
3717 2500 3737 2523 ,

2138 2553 2274 2617 quod
2300 2553 2354 2604 in
2381 2552 2606 2618 aliquam
2633 2566 2699 2603 ea:
2727 2547 3013 2602 Gallicanis
3052 2548 3303 2602 Ecclesiis
3346 2548 3498 2618 hujus
3527 2560 3741 2602 sancte

2139 2643 2381 2713 martyris
2410 2642 2639 2710 rcliquia:
2672 2641 2931 2710 perducta:
2958 2640 3145 2707 fuerint
3175 2638 3270 2706 (lt).

2175 2753 2338 2835 'lnde
2384 2753 2544 2807 etiam
2589 2759 2903 2821 argumento
2932 2768 2959 2804 :i
2989 2751 3179 2819 majori
3224 2750 3290 2805 ad
3331 2752 3536 2814 minus.
3569 2762 3637 2807 ut
3683 2756 3741 2807 ll

2142 2847 2342 2902 scholis
2372 2845 2680 2914 loquuntur,
2716 2843 2826 2898 ﬁeri
2868 2844 3103 2913 potuisse
3138 2844 3388 2907 arbitror,
3421 2855 3477 2897 ut
3507 2844 3745 2899 inferior

2144 2939 2338 2993 alicubi
2382 2939 2516 2992 ritus
2563 2944 2707 2991 esset
2736 2935 2987 3006 martyris
3034 2936 3188 3002 civis,
3220 2935 3374 3005 cujus
3422 2945 3599 2990 tamen
3631 2953 3743 2991 nec

2146 3027 2298 3093 Acta,
2331 3041 2501 3096 neque
2531 3025 2766 3093 reliqua:
2795 3026 3122 3079 haberentur
3161 3026 3213 3079 in
3256 3027 3419 3094 patria
3450 3042 3558 3097 pra:
3589 3028 3746 3082 illius

467 3114 536 3140 ⁵³³
558 3114 742 3186 “¹¹¹’³’,
765 3114 870 3185 ἷ¹¹¹¹¹
892 3114 1128 3185 τ³¹¹³¹¹ξε¹¹¹
1152 3114 1298 3185 ““¹¹,³
1325 3114 1587 3153 ’⁸⁵⁸⁸³⁵³⁸⁸³
1610 3114 1877 3181 ⁸”“ἶ“¹“³¹”
1897 3114 2040 3132 ⁵⁷⁵⁸⁸³⁸
2072 3139 2110 3193 (π
2148 3117 2297 3185 cujus
2343 3118 2470 3170 Acta
2501 3116 2581 3169 vel
2613 3115 2850 3183 reliquizc
2899 3116 2950 3167 in
3000 3116 3177 3183 aliqua
3208 3114 3444 3170 Ecclesia
3474 3126 3566 3170 aut
3594 3118 3747 3172 dim-

467 3174 582 3229 Nun
623 3175 882 3229 Rutilium
918 3176 1158 3242 exhibet,
1188 3190 1311 3242 qm,
1342 3182 1480 3228 teste
1522 3172 1876 3238 Tertulliano,
1925 3178 2046 3238 post
2090 3181 2113 3197 δ’
2148 3209 2255 3242 Mc;
2286 3214 2557 3242 "mm",
2608 3206 2729 3242 HM,
2760 3205 2802 3242 δα
2832 3206 2953 3242 an,“
2985 3207 3211 3242 Mhhm
3251 3209 3467 3242 mm,“
3519 3207 3716 3242 ..Ι-ΜΔ,

2148 3209 2256 3262 cesi
2286 3214 2577 3270 exstarent,
2608 3206 2734 3260 licet
2760 3205 2803 3260 is
2831 3206 2953 3260 alibi
2985 3207 3212 3276 patriam
3251 3209 3468 3263 sortitus
3518 3207 3742 3264 fuisset.

2147 3296 2205 3352 In
2230 3306 2509 3352 numerato
2557 3296 2815 3350 habemus
2866 3297 3168 3365 exemplum
3223 3296 3518 3366 Stephani,
3572 3300 3746 3369 cujus

2149 3401 2453 3457 quanquam
2502 3385 2768 3454 peregrini
2820 3383 3036 3451 festum,
3078 3386 3146 3441 ob
3192 3386 3397 3440 delatas
3448 3397 3635 3441 tamen
3690 3389 3747 3442 in

2151 3477 2462 3547 Hispaniam
2489 3477 2761 3545 reliquias,
2791 3485 2847 3531 ut
2872 3477 3074 3544 pridem
3107 3477 3414 3532 dicebamus
3438 3517 3452 3541 ,
3501 3480 3748 3547 longiori

2153 3573 2454 3626 orationum
2500 3571 2641 3624 serie
2680 3570 2731 3623 in
2776 3586 2841 3624 eo
2871 3554 3063 3625 libello
3092 3571 3413 3635 celebratur,
3443 3589 3606 3642 quam
3659 3575 3749 3628 vel

2156 3661 2413 3723 Acisclus,
2432 3660 2515 3715 vel
2535 3659 2715 3715 Justus
2736 3668 2791 3714 et
2808 3659 3018 3729 Pastor,
3045 3660 3323 3716 domestici
3354 3664 3540 3733 procul
3569 3662 3751 3717 dubio

2153 3760 2448 3821 martyres;
2482 3751 2588 3803 imo
2624 3764 2781 3818 quam
2833 3749 3173 3818 llispalenses
3221 3750 3370 3805 Justa
3419 3761 3473 3805 et
3522 3751 3751 3815 Ruﬁna,

2155 3855 2379 3911 quarum
2410 3839 2589 3893 natale
2616 3839 2917 3908 quindecim
2951 3856 3055 3893 non
3104 3841 3329 3911 amplius
3374 3843 3425 3895 in
3457 3857 3523 3895 eo
3554 3843 3753 3897 libello

2156 3931 2501 3987 collectiones
2529 3931 2689 3985 habet
2709 3931 2791 4000 ll),
2822 3947 2944 3985 cum
2974 3932 3175 3986 vicena:
3203 3941 3257 3988 et
3286 3932 3512 4003 amplius
3540 3933 3753 3988 ibidem

2157 4018 2412 4085 Stephani
2443 4020 2576 4073 festo
2600 4021 2954 4073 attribuantur
2977 4020 3092 4091 (in).

2228 4108 2362 4163 Cum
2391 4123 2541 4177 ergo,
2570 4109 2726 4164 sicuti
2755 4125 2819 4165 ex
2849 4109 3213 4165 Bollandianis
3240 4110 3485 4165 Patribus
3515 4111 3754 4182 ipsoque

2159 4198 2320 4252 etiam
2394 4196 2668 4253 Prudentii
2740 4199 3048 4254 testimonio
3110 4199 3313 4269 pridem
3364 4203 3748 4267 ostendimus,

2161 4286 2418 4355 proximis
2446 4302 2476 4340 a
2508 4285 2778 4341 Laurentii
2808 4296 3003 4356 morte;
3031 4289 3138 4344 imo
3161 4291 3319 4344 etiam
3350 4292 3751 4361 posterioribus

2160 4376 2391 4442 saeculis,
2412 4376 2585 4430 nullas
2616 4374 2869 4446 Hispania
2897 4388 3082 4432 nostra
3109 4388 3267 4434 nacta
3297 4377 3482 4435 fuisset
3506 4384 3749 4438 sanctis-

607 4504 625 4573 )
663 4500 734 4578 in
756 4502 999 4578 [tenorem
1029 4497 1132 4554 SS.
1159 4497 1298 4578 Μ.
1322 4497 2055 4578 Galagiirrita.iior._ﬂentem.
2089 4487 2136 4546 Ῑ)
2164 4505 2458 4578 prehensus
2497 4515 2551 4578 et
2594 4507 2801 4578 praesidi
2850 4507 3080 4573 oblatus,
3115 4508 3393 4562 tormentis
3420 4509 3750 4578 dissipatus,

510 4542 513 4545 -
547 4503 625 4627 to)
669 4503 734 4556 In
756 4503 999 4554 honorem
1029 4503 1132 4554 SS.
1159 4503 1298 4552 MM.
1322 4503 1766 4622 CalaEqitrritauor.
1798 4503 2055 4554 Hemeter.

477 4582 527 4627 ct
574 4570 974 4627 'hetid.Primus
996 4581 1075 4625 est
1097 4573 1336 4624 omnium
1364 4571 1415 4623 in
1482 4569 1826 4625 dit.Weitzii.
1850 4568 2057 4625 Hanov.

550 4712 625 4785 (ὁ)
663 4711 802 4767 Vide
828 4719 1036 4785 sextam
1076 4720 1324 4785 notarum
1373 4708 1908 4785 huic_dissertationi
1962 4708 2063 4765 sub

458 4777 847 4837 .Addendorum
870 4781 1085 4835 nomine
1111 4780 1461 4835 adnexarum.
1497 4777 1650 4834 Eutr.

553 4853 626 4921 (c)
671 4852 930 4921 Legeram
974 4849 1028 4921 id
1077 4851 1283 4921 pridem
1329 4850 1381 4902 in
1435 4848 1733 4921 Ruiiiartio,
1766 4849 1917 4915 cujus
1951 4847 2063 4921 {ere

472 4918 643 4977 verba
674 4918 787 4977 haec
807 4928 932 4974 sunt
952 4918 1130 4988 (emi.
1152 4920 1219 4974 ad
1247 4918 1377 4974 Acta
1402 4927 1559 4972 mart.
1589 4918 1747 4980 sinc.,
1774 4934 1919 4972 num.
1947 4918 2060 4988 18);

482 4998 674 5058 postea
705 5007 835 5045 vero
864 4986 979 5055 ejus
1008 4989 1233 5044 Missalis
1249 4988 1552 5058 exemplum
1577 4995 1782 5049 nactus,
1805 5002 1873 5041 ex
1899 4986 2068 5058 lidius

476 5056 692 5115 scilicet
720 5075 752 5113 a
778 5058 858 5114 Cl.
893 5058 1102 5117 Lesleo,
1128 5074 1240 5127 rem
1266 5057 1500 5127 periculo
1521 5056 1664 5111 facto
1685 5056 2065 5127 coinprobavi;

486 5131 615 5183 licet
644 5129 698 5182 in
746 5128 863 5197 ejus
910 5127 1137 5197 Missalis
1166 5123 1488 5197 Kalendario
1534 5140 1716 5197 mense
1743 5123 1883 5197 Julia
1914 5125 2065 5197 (Pas.

483 5197 581 5266 90)
611 5193 856 5266 legatur:
891 5213 979 5251 vui
1019 5193 1143 5249 Kal.
1175 5197 1389 5267 Augusti
1417 5194 1797 5267 Christupliori,
1829 5204 1935 5249 etc.
1966 5193 2073 5267 lliu-

491 5265 688 5322 curx-ri
716 5276 764 5320 et
800 5267 1039 5319 comitum
1067 5267 1177 5336 ejus
1220 5265 1507 5336 martyrum
1525 5282 1542 5327 ;
1592 5265 1645 5336 in
1671 5279 1899 5336 corpore
1922 5266 2069 5336 enim

490 5336 607 5403 ejus
637 5335 863 5391 Missalis
893 5350 959 5389 ne
986 5333 1200 5389 minima
1226 5333 1440 5403 quidem
1472 5333 1743 5403 Cuciitatis
1772 5334 1970 5403 mentio
1991 5334 2067 5397 lit,

492 5401 551 5460 ut
577 5405 760 5459 videre
794 5413 877 5459 est
901 5405 952 5457 in
981 5420 1139 5457 missa
1161 5401 1333 5459 sancti
1359 5402 1730 5471 Christophori
1755 5418 1858 5456 xxv
1874 5401 2019 5459 Julii.

564 5473 641 5553 (ιι)
670 5473 727 5553 in
758 5472 1059 5553 Hymiiode
1215 5472 1875 5553 .Ciesaraugustanis.

565 5541 637 5612 (ε)
678 5541 947 5612 Septimus
976 5543 1023 5597 is
1042 5551 1125 5596 est
1154 5544 1205 5596 in
1227 5542 1474 5597 Editione
1500 5541 1735 5596 Weitzii.

566 5611 634 5683 (ί)
657 5631 675 5664 i
696 5611 947 5679 Rutilius,
968 5612 1567 5683 sanctissimusinartyr,
1591 5627 1712 5683 cum
1732 5611 1889 5683 toties
1910 5611 2075 5681 fugis-

496 5682 583 5737 set
596 5682 1022 5752 persecutionem
1042 5683 1108 5752 de
1128 5682 1249 5752 loco
1266 5683 1316 5734 in
1340 5682 1535 5743 locum,
1559 5689 1615 5735 et
1629 5682 1738 5747 jam
1763 5682 2077 5752 periculum,

502 5760 559 5806 ut
582 5749 834 5822 putabat,
886 5751 1115 5805 numinis
1156 5749 1536 5805 redemisset...
1568 5766 1635 5805 ex
1683 5750 1957 5819 inopinato
1988 5765 2080 5821 ap-

2164 4576 2327 4628 credo
2357 4592 2453 4643 pro
2497 4576 2631 4643 luga:
2654 4576 3003 4643 castigatione
3030 4595 3042 4631 :
3088 4578 3283 4631 dehinc
3310 4580 3518 4645 ignibus
3543 4576 3704 4634 datus
3729 4620 3750 4642 ,

2165 4648 2486 4713 passionem,
2517 4662 2676 4714 quam
2708 4648 2925 4712 vitarat,
2957 4647 3333 4701 misericordia:
3371 4646 3462 4701 Dei
3491 4650 3699 4703 retulit.
3724 4671 3744 4700 ι

2165 4715 2543 4785 'l'eitulliaiius,
2575 4717 2666 4769 lib.
2693 4717 2761 4770 de
2788 4714 2931 4782 Fuga
2959 4716 3011 4769 in
3035 4725 3326 4784 persecut.,
3357 4733 3475 4785 cap.
3509 4715 3561 4773 5.

2236 4786 2315 4904 ly)
2343 4783 2399 4837 In
2427 4786 2779 4864 Adrumetum.
2802 4785 2867 4837 Et
2893 4783 3088 4839 ibidein
3110 4783 3481 4867 Baudranilus.

2239 4858 2254 4904 l
2280 4860 2315 4904 ιζ
2377 4872 2395 4904 ‹
2432 4852 2547 4904 Tibi
2595 4870 2810 4904 numne
2858 4855 3181 4904 (Scapulam
3231 4857 3481 4904 provincia

2239 4852 2317 4927 (Ii)
2349 4872 2395 4927 _¢
2432 4852 2547 4927 Tibi
2595 4870 2810 4927 quoque
2858 4855 3181 4927 (Scapulam
3229 4857 3505 4924 provincia:
3548 4857 3752 4927 Africa

2168 4924 2433 4995 prwsideni
2466 4923 2828 4995 ATertullianus
2877 4924 3187 4995 alloquitur)
3210 4923 3474 4995 Aeptauius
3501 4923 3752 4981 admoni-

2171 4993 2369 5046 tionem
2397 4993 2566 5047 solam
2609 4993 2781 5059 fuisse,
2808 4997 2950 5060 quod
2985 4993 3106 5049 cuni
3144 4993 3548 5049 Adiumeticum
3578 4994 3750 5049 ﬂavi-

2170 5062 2277 5115 lum
2324 5061 2389 5115 ad
2438 5063 2636 5116 bestias
2678 5064 3021 5127 damnasscs,
3071 5072 3124 5116 et
3151 5062 3332 5117 statim
3373 5065 3487 5120 haec
3534 5068 3751 5121 vexatio

2171 5132 2451 5202 subsecuta
2480 5141 2664 5202 est,_et
2688 5148 2829 5186 nunc
2858 5148 2924 5185 cx
2965 5133 3151 5202 eadem
3190 5147 3351 5202 causa
3382 5135 3754 5202 interpellatio

2170 5200 2461 5272 sanguinis.
2501 5220 2519 5252 i
2556 5199 2805 5272 Tertull.,
2835 5201 2925 5253 lib.
2950 5201 3016 5255 ad
3043 5200 3352 5272 Scapulam,
3375 5219 3495 5270 cap.
3523 5199 3579 5269 3,
3606 5224 3677 5257 ii-
3699 5205 3753 5258 3.

2248 5273 2307 5341 (ἱ)
2337 5269 2391 5321 In
2423 5272 2568 5338 praef.
2600 5271 2652 5323 in
2680 5270 2797 5324 Act.
2831 5282 2988 5324 tnart.
3017 5269 3181 5327 siuei.
3211 5286 3359 5327 nunt.
3392 5269 3478 5326 18.

2246 5362 2312 5432 (j)
2344 5358 2565 5425 Ibidem,
2597 5361 2758 5427 paulo
2787 5372 2964 5415 tamen
2993 5361 3231 5418 inferius.

2246 5453 2323 5521 (Ii)
2356 5452 2490 5521 Disg.
2514 5450 2580 5503 de
2602 5448 2803 5519 Liturg.
2822 5449 3061 5521 Romana
3086 5451 3381 5517 Vet.‘,tom.
3404 5451 3467 5515 ll,
3491 5453 3596 5509 col.
3625 5454 3744 5520 766,

2176 5522 2227 5574 in
2255 5519 2853 5591 'praif.‘Sacramentarii
2896 5519 3159 5577 Gallicani
3197 5522 3474 5579 Bovieusis
3501 5538 3531 5577 a
3559 5519 3739 5578 Mabilé

2170 5589 2322 5645 iunio
2347 5589 2578 5660 primum
2606 5591 2759 5645 editi.

2248 5678 2312 5741 (Ι)
2340 5679 2666 5737 Urationar.,
2694 5691 2811 5741 pag.
2848 5673 2948 5726 1‘25
2976 5671 3041 5727 ad
3080 5669 3199 5730 N7.

2243 5750 2337 5818 (ni)
2365 5745 2507 5801 ldeiu
2531 5763 2559 5800 a
2584 5762 2701 5815 pag.
2734 5741 2801 5798 59
2829 5744 2892 5798 ad
2921 5741 3009 5798 45.
