4046 6364
468 391 574 446 6:27

1287 385 1612 441 ADDENDA
1650 385 1741 439 AD
1771 384 2095 450 QUOSDAM
2138 384 2660 442 PHASCEDENTES
2699 385 2950 444 TOMOS.

3659 388 3760 449 συ

465 522 641 575 neque
687 520 754 559 ex
807 518 889 558 ms
930 501 1061 559 satis
1090 500 1323 555 valiJum
1372 500 1548 554 :etat’s
1591 498 1845 553 Codicum
1898 512 2055 566 argu-
2085 505 2131 560 Α
2161 499 2286 552 dum
2342 511 2424 554 est
2458 500 2730 567 ,tasdium,
2772 516 2877 556 non
2929 502 2983 555 in
3029 515 3139 563 me,
3180 501 3332 569 quasi
3388 500 3533 556 ultro
3588 503 3761 559 inania

464 608 706 655 mentum
735 594 1037 655 deducitur,
1066 606 1189 647 cum
1220 599 1275 646 et
1301 591 1351 643 in
1384 588 1691 644 recentibus
1730 587 1879 642 libris
1905 587 2055 640 litur-

464 686 599 755 gicis
644 678 879 752 antiqua:
920 683 1235 751 plerumque
1281 677 1566 732 Orationes
1613 677 1978 736 retineantur;
2009 684 2065 729 et

465 776 600 831 alias
626 773 883 839 Cennius,
906 771 1029 827 licet
1056 785 1119 824 ea
1148 770 1261 839 ipsa
1291 767 1476 822 Oratio
1502 767 1554 821 in
1582 766 1861 821 Breviario
1891 764 2064 819 Mosa-

465 868 674 932 rabico,
701 877 836 921 teste
861 863 1153 919 Blanchino
1177 861 1275 931 (α),
1304 860 1621 929 reperiatur,
1655 859 1707 914 id
1732 859 2062 914 Breviarium

468 958 537 1014 ad
566 958 821 1015 saeculum
853 972 884 1010 x
915 955 1184 1025 pertinere
1209 953 1418 1007 censuit
1442 952 1537 1023 (b).
1572 951 1897 1021 Ampullaris
1924 966 2054 1021 pra:-

464 1060 615 1107 terea
672 1047 886 1103 Codicis
947 1048 1000 1101 in
1055 1046 1328 1115 plerisque
1390 1044 1524 1099 locis
1584 1044 1758 1114 stylus
1805 1043 2058 1098 Carolina

463 1140 742 1196 minimum
773 1150 1012 1208 tempora
1036 1179 1051 1200 ,
1083 1146 1246 1206 atque
1282 1144 1579 1189 extremam
1633 1132 1858 1204 pnesefc
1891 1141 1910 1186 t
1942 1135 2057 1186 har-

462 1234 665 1287 bariem
691 1230 784 1302 (c),
815 1230 1029 1298 qualem
1060 1227 1327 1298 Hspaniaa
1356 1236 1572 1290 nostrai,
1608 1240 1674 1279 ex
1710 1226 1891 1279 Alvari
1921 1223 2061 1279 Cor-

460 1323 716 1377 dubensis
738 1321 826 1393 qui
866 1336 973 1375 non
1000 1319 1161 1388 longe
1200 1320 1267 1373 ab
1295 1335 1360 1373 eo
1390 1318 1588 1373 smculo
1611 1316 1792 1371 ﬂoruit
1822 1317 2063 1371 testimo-

464 1417 552 1470 nio
578 1416 676 1486 (tl),
707 1414 939 1468 Maurica
971 1411 1199 1466 vastatio
1230 1410 1447 1476 intulit;
1477 1410 1608 1475 imo,
1639 1410 1685 1463 si
1716 1408 1825 1462 Deo
1857 1408 2057 1477 placet,

461 1505 632 1573 ipsius
660 1504 821 1559 etiam
872 1503 1123 1557 Mauricae
1173 1499 1440 1569 Hispania:
1484 1498 1799 1555 vastationis
1828 1512 1934 1551 non
1966 1498 2064 1551 ob-

460 1611 618 1650 scura
647 1596 699 1649 in
730 1610 796 1649 eo
824 1592 1026 1649 Codice
1056 1592 1277 1661 vestigia
1316 1590 1607 1645 observare
1653 1604 1936 1658 possumus
1966 1588 2059 1658 (ε).

459 1684 571 1741 Sed
598 1686 957 1740 intermissam
989 1684 1409 1753 disputationem
1457 1696 1818 1737 resumamus.

1087 1790 1318 1847 CAPUT
1357 1792 1445 1846 Vl.

2166 601 2508 646 consectatus
2539 593 2750 655 fuerim,
2782 594 2878 647 sed
2924 594 2977 647 in
3017 608 3138 648 eum
3171 609 3199 645 a
3229 609 3337 663 quo
3365 603 3424 648 ut
3470 596 3759 652 scriberem

2166 680 2280 735 adat
2302 690 2389 736 tus
2416 697 2531 736 sum
2560 682 2773 752 culpam
2806 684 3032 751 rejiciat.

2236 772 2478 839 Quatuor
2524 774 2705 843 itaque
2761 773 3003 828 thesibus
3057 773 3341 829 Dlanchini
3386 789 3762 845 argumentum
3824 820 3825 823 η

2162 874 2393 930 constat,
2411 878 2530 933 qua:
2551 863 2739 918 ordine
2755 879 2785 916 a
2810 865 2962 919 nobis
2985 864 3354 919 examinanda:
3376 876 3523 918 sunt.
3561 865 3610 919 1.
3642 867 3764 921 Pru-

2160 954 2407 1011 dentium
2451 956 2612 1010 silere
2661 954 2932 1011 Laurentii
2976 956 3225 1026 patriam.
3279 955 3333 1010 ἓ.
3366 956 3590 1010 Minime
3621 958 3761 1013 illam

2161 1056 2375 1111 silentio
2425 1056 2891 1125 prmlereundatn,
2939 1055 2982 1108 si
3028 1054 3351 1110 Laurentius
3400 1054 3451 1108 in
3507 1056 3761 1127 Hispania

2163 1158 2323 1204 natus
2345 1149 2549 1225 fuisset.
2583 1150 2636 1203 5.
2667 1149 2783 1203 Non
2824 1150 2991 1203 moris
3038 1148 3201 1203 fuisse
3254 1147 3553 1203 Prudentio
3580 1150 3634 1202 in
3665 1149 3761 1219 by-

2162 1239 2304 1294 mnis
2350 1254 2489 1310 quos
2536 1240 2602 1294 de
2641 1241 2845 1294 sanctis
2875 1238 3237 1293 nationalibus
3265 1239 3460 1293 cecinit
3507 1239 3761 1293 indictam

2163 1343 2350 1385 eorum
2398 1331 2624 1399 patriam
2673 1330 2997 1398 relinquere.
3044 1329 3099 1384 4.
3152 1329 3337 1399 Neque
3367 1339 3571 1395 tamen,
3604 1330 3762 1384 modo

2163 1422 2283 1488 quis
2309 1420 2546 1475 animum
2578 1420 2847 1485 advertat,
2878 1421 3100 1474 omnino
3132 1418 3481 1474 Prudentium
3509 1420 3761 1476 dissimu-

2164 1510 2278 1567 lare
2312 1512 2364 1567 in
2398 1510 2538 1567 Urbe
2569 1511 2774 1566 natales
2805 1512 3047 1566 hausisse
3084 1511 3301 1565 levitam
3328 1512 3759 1576 sanctissimum,

2163 1602 2598 1672 quandoquidem
2656 1602 2879 1658 Romam
2934 1604 2999 1657 ad
3054 1603 3222 1659 cmlus
3272 1604 3485 1665 evehit,
3534 1603 3762 1658 Romam

2168 1703 2453 1765 parentem
2493 1694 2644 1749 dicit.

2238 1784 2470 1842 Primam
2504 1788 2686 1855 itaque
2716 1786 2891 1842 thesin
2938 1785 3085 1856 quod
3131 1786 3343 1853 attinet,
3376 1801 3483 1840 non
3531 1784 3763 1840 diﬂiteor

463 1885 846 1959 Expenduntnr
888 1886 996 1959 alia
1042 1901 1107 1938 ea:
1158 1884 1512 1959 Laurentiano
1559 1882 1830 1959 Prudentii
1871 1883 2061 1953 hymno
2094 1857 2137 1918 Β
2167 1875 2464 1933 Prudentio
2494 1880 2544 1932 in
2572 1895 2637 1932 eo
2662 1878 2729 1933 de
2751 1894 2858 1949 quo
2885 1879 3152 1948 loquimur
3186 1880 3403 1948 hymno,
3435 1893 3506 1931 ne
3538 1879 3763 1932 verbum

666 1968 846 2011 contra
879 1956 1233 2026 Hispanorum
1272 1956 1579 2009 sententiam
1620 1954 1859 2006 deducta.

534 2068 838 2126 Secundum
878 2066 1158 2120 Blancbini
1204 2075 1577 2135 argumentum
1627 2047 1884 2118 adversus
1913 2077 2064 2118 rece-

465 2168 616 2228 ptam
640 2160 705 2212 de
744 2156 1015 2212 Laurentii
1055 2157 1227 2226 patria
1275 2155 1596 2210 sententiam
1641 2154 1897 2209 nostratis
1926 2152 2061 2208 Pru-

463 2249 630 2302 dentii
660 2248 875 2303 silentio
914 2248 1270 2302 concluditur.
1323 2245 1748 2313 Magnifecerat,
1788 2254 1847 2299 ut
1891 2261 2064 2314 nu,er

462 2338 729 2405 vidimus,
778 2338 926 2407 prior
963 2336 1051 2390 ille
1098 2335 1332 2405 Stl‘lplOl‘
1378 2335 1746 2404 conjecturam
1789 2350 1945 2390 suam
1993 2350 2063 2389 ex

464 2427 857 2484 Tarraconensi
887 2414 1207 2481 Orationum'
1244 2425 1431 2480 libello
1460 2426 1834 2496 desumptam;
1882 2425 2061 2480 subdit

464 2528 645 2573 autem
690 2518 946 2573 continuo
987 2517 1052 2589 (ι’)
1086 2534 1098 2571 :
1146 2516 1238 2570 Cui
1278 2526 1448 2569 tamen
1475 2517 1672 2569 accedit
1706 2522 2062 2587 argumentum

464 2612 684 2665 alterum
710 2628 775 2664 ea:
802 2609 1088 2664 Prudentia
1118 2616 1424 2663 mutuatum.
1458 2607 1563 2662 llic
1601 2624 1780 2677 nempe
1807 2607 1921 2660 silet
1964 2623 2060 2660 na-

462 2705 567 2758 tale
594 2703 757 2758 solum
787 2703 966 2774 magni
996 2700 1283 2755 Laurentii.
1315 2699 1384 2752 At
1433 2700 1476 2753 si
1522 2700 1577 2753 in
1618 2698 1880 2768 Hispania
1909 2709 2061 2752 natus

459 2806 593 2851 esset
621 2797 771 2850 levita
800 2794 1186 2860 sanctissimus,
1218 2791 1487 2861 Hispanus
1528 2800 1682 2861 poeta
1720 2807 1821 2845 nan
1865 2789 2057 2844 sileret.

462 2888 529 2943 Id
569 2890 667 2959 ipsi
714 2890 768 2941 in
814 2903 955 2941 more
1001 2902 1104 2940 non
1136 2882 1230 2957 fuit
1270 2885 1323 2938 in
1353 2885 1559 2955 hymnis
1605 2900 1732 2955 quos
1760 2883 1824 2936 de
1864 2880 2063 2935 sanctis

458 2982 810 3037 nationalibus
840 2981 1044 3034 cecinit.
1067 2978 1369 3033 Subsistere
1397 2978 1507 3040 hic,
1537 2991 1764 3045 seseque
1794 2974 2059 3029 tantillum

459 3074 719 3143 colligere
779 3071 1109 3127 Blanchinus
1163 3069 1409 3131 videtur,
1468 3067 1662 3122 deinde
1718 3082 1845 3121 vero
1907 3064 2061 3135 quasi

460 3165 733 3218 subiratus
763 3164 931 3233 pergit
959 3181 970 3214 :
995 3160 1220 3223 -Verum,
1248 3162 1372 3229 quid
1394 3161 1513 3215 aio?
1539 3176 1640 3214 non
1672 3160 1806 3212 silet.
1842 3158 2061 3212 Romam

462 3253 533 3305 ad
563 3254 716 3307 cmlos
742 3253 924 3307 cve/tit.
959 3251 1180 3305 Romam
1210 3259 1475 3321 parentem
1504 3250 1648 3304 dicit.
1683 3247 1915 3302 Obscura
1944 3258 2064 3302 sunt

458 3346 663 3414 quidem
685 3346 795 3416 ejus
817 3344 1110 3398 testimonia
1129 3382 1144 3408 ,
1168 3342 1258 3397 sed
1279 3341 1396 3412 jam
1416 3359 1447 3395 a
1475 3339 1623 3397 nobis
1647 3340 1877 3395 clariora
1907 3340 2059 3410 ﬁent.

464 3434 736 3491 Hactenus
764 3434 1115 3489 Blancbinus.

536 3525 646 3595 Ego
698 3542 825 3581 vero
880 3525 1080 3580 nollem
1133 3523 1204 3580 de
1263 3526 1371 3580 hoc
1424 3530 1742 3591 argumento
1801 3529 2063 3576 tectorum

457 3616 721 3686 judicium
752 3624 1115 3683 antevertere,
1144 3623 1238 3670 aut
1274 3615 1576 3670 maledictis
1614 3629 1736 3668 cum
1766 3611 2061 3667 Blanchino

462 3708 762 3764 decertare.
793 3708 929 3775 Quia
973 3716 1153 3762 tamen
1199 3707 1407 3777 prolixe
1452 3706 1581 3760 mihi
1622 3721 1743 3761 cum
1775 3721 1866 3771 eo,
1887 3704 2062 3775 deque

457 3800 622 3855 rebus
645 3799 795 3853 nihili
819 3797 1081 3867 agendum
1105 3806 1189 3853 est
1214 3815 1226 3850 :
1252 3797 1297 3853 si
1326 3796 1455 3866 quid
1483 3795 1663 3851 forsan
1688 3797 1849 3865 paulo
1880 3795 2061 3850 durius

460 3887 555 3945 aut
577 3891 949 3946 inclementius
972 3905 1003 3944 a
1028 3891 1181 3945 nobis
1199 3890 1400 3945 dictum
1421 3880 1604 3945 lector
1622 3889 1843 3959 deprehi
1861 3889 2059 3955 aderit,

459 3997 776 4051 responsum
824 3981 895 4045 id,
936 3978 1138 4050 quasso,
1178 3994 1287 4037 non
1337 3982 1540 4037 dictum
1589 3981 1895 4045 exiStimet;
1947 3991 2058 4035 tum

460 4087 593 4127 vero
621 4072 738 4140 ejus
784 4085 903 4139 qum
946 4072 1000 4125 in
1049 4073 1130 4127 his
1168 4072 1409 4141 legendis
1453 4072 1763 4126 necessario
1812 4069 2057 4127 facienda

462 4177 547 4221 est
574 4164 700 4219 boni
726 4163 821 4219 otii
847 4163 1097 4233 jacturm,
1126 4172 1219 4217 aut
1247 4163 1292 4217 si
1320 4162 1466 4231 quod
1495 4170 1755 4232 pneterea
1794 4161 2059 4216 devoran-

535 4319 612 4391 (a)
652 4316 695 4373 E
723 4319 945 4391 regione
971 4318 1099 4391 ejus,
1117 4318 1385 4391 orationis
1426 4318 1477 4391 in
1505 4318 1765 4388 margine,
1811 4334 1932 4391 pag.
1966 4317 2053 4384 56,

462 4389 697 4461 legi_tur_:
731 4389 822 4444 Br.
838 4388 1007 4461 μοι
1024 4388 1273 4461 [οι-552,
1306 4389 1405 4461 cal.
1431 4390 1483 4443 1.

536 4459 610 4530 (b)
652 4458 807 4530 Tom.
837 4459 859 4514 l
889 4458 1069 4530 Antiq.
1117 4459 1262 4515 Eccl.
1309 4458 1537 4530 Hispan.
1561 4499 1578 4524 ,
1621 4473 1745 4529 pag.
1787 4458 2014 4530 28hseq.
2036 4500 2051 4525 ,

462 4548 518 4585 n.
547 4528 666 4586 B'et
696 4529 780 4593 10,
805 4531 947 4600 apud
991 4529 1268 4600 Blanchin.
1298 4528 1631 4600 Orationar.,
1655 4543 1774 4598 pag.
1803 4528 1905 4582 155
1928 4545 2043 4599 seq.

533 4600 603 4670 lc)
647 4605 787 4671 Inter
832 4599 1289 4671 aliaAOrationem
1339 4600 1394 4652 S.
1440 4599 1711 4671 Hippolyti
1765 4600 2050 4667 selegimus

458 4668 592 4739 quae
610 4670 837 4725 habetur
864 4671 917 4725 in
940 4669 1300 4731 Orationario,
1334 4684 1453 4738 pag.
1492 4668 1611 4723 151.
1638 4668 1665 4720 ἰ
1692 4668 1800 4723 Lux
1831 4672 2053 4739 angelo-

460 4758 579 4795 rmn
628 4749 685 4794 et
727 4741 1029 4808 hominum,
1076 4740 1332 4810 splendor
1367 4741 1574 4809 dierum
1621 4747 1679 4810 et
1727 4748 2052 4808 temporum,

461 4810 667 4865 candor
689 4812 989 4865 animarum
1011 4822 1063 4863 et
1082 4808 1391 4878 corporum,
1418 4808 1629 4864 Christe
1658 4808 1883 4878 Domine
1914 4811 2054 4866 Deus

461 4884 532 4951 0b
576 4882 931 4936 reverentiam
965 4881 1040 4936 tui
1069 4877 1320 4949 martyris
1368 4879 1639 4951 Hippolyti
1687 4877 2055 4951 flammiconue

457 4950 797 5005 claritudinis
839 4967 1032 5005 munus
1061 4951 1320 5014 oblatum,
1351 4949 1579 5005 luciﬂuo'
1606 4950 1776 5005 sancti
1822 4949 2054 5019 Spiritus

462 5035 784 5103 respergens
812 5022 1040 5102 inlapsu,
1073 5020 1178 5075 tuis
1205 5021 1361 5075 el'lice
1384 5020 1604 5102 nutibus
1644 5021 1923 5103 placitum,
1958 5038 2055 5103 nn-

464 5089 549 5144 lns
580 5091 743 5145 redde
789 5089 1103 5158 prodiﬁcum
1130 5109 1145 5145 :
1176 5100 1235 5144 ut
1261 5098 1317 5144 et
1346 5091 1539 5146 visrbrh
1578 5091 1783 5158 fulgore
1825 5104 2055 5158 mgrorrs

464 5161 735 5229 noctivagi
780 5161 927 5213 furva
958 5169 1238 5224 coerceat,
1270 5169 1326 5215 et
1362 5161 1612 5215 invisibili
1642 5175 1864 5216 munere
1890 5162 2055 5215 male-

467 5227 705 5283 dulcium
728 5230 915 5285 scabra
943 5231 1306 5293 peccaminum
1337 5240 1511 5285 errata
1552 5239 1852 5287 consumat.
1883 5250 1902 5282 ι

541 5298 617 5369 (d)
643 5298 715 5371 _l_n
741 5300 1264 5371 indiculoluminoso
1292 5302 1430 5371 apud
1460 5300 1765 5371 ,Florezium
1788 5310 2052 5364 nostrum,

468 5368 601 5423 tom.
643 5368 715 5424 Xl
759 5368 907 5444 Hisp.
949 5368 1497 5444 A_S_acraa,__pag.'_274.
1537 5390 1556 5423 ι
1585 5371 1809 5444 ΙιεξιςθηῐΔ
1835 5371 2053 5444 (inquit)

468 5453 622 5512 suam
652 5440 898 5512 nesciunt
938 5439 1301 5512 (Hispanilet
1347 5442 1602 5512 linguam
1632 5439 1901 5510 propriam
1937 5439 2052 5512 non

470 5510 755 5565 advertunt
783 5508 957 5566 Latini
984 5527 998 5574 ;
1030 5511 1102 5565 ita
1126 5508 1190 5565 ut
1214 5513 1266 5566 in
1297 5508 1446 5567 omni
1479 5508 1679 5566 Christi
1707 5508 1935 5580 collegio
1962 5511 2052 5566 vix

468 5580 774 5664 inyeniatur
802 5595 943 5664 unus
1086 5582 1303 5663 milleno
1351 5581 1627 5664 hominum
1673 5597 1926 5664 numero,
1961 5582 2054 5664 qui

468 5652 810 5718 salutatorias
848 5650 999 5707 fratri
1046 5652 1217 5722 possit
1263 5652 1653 5707 rationabiliter
1687 5652 1918 5721 dirigere
1964 5650 2051 5707 lit—

470 5730 634 5775 teras.
674 5740 694 5773 ι

542 5790 613 5859 (e)
652 5791 710 5845 in
755 5789 904 5846 Orat.
952 5791 1021 5846 de
1065 5790 1138 5860 S.”
1163 5789 1435 5859 Stephano
1461 5828 1476 5853 ,
1520 5804 1641 5860 pag.
1673 5789 1887 5860 ll,sub
1932 5790 2048 5844 init.

480 5876 501 5914 ι
533 5872 591 5914 ut
619 5860 919 5918 munitione
961 5860 1083 5917 fidei
1111 5859 1427 5917 Christianae
1469 5859 1769 5915 et’exterua
1808 5859 1939 5915 bella
1965 5877 2045 5914 su-

2082 4567 2133 4628 D

2164 1972 2379 2041 quidem
2409 1971 2677 2026 excidisse
2718 1987 2787 2026 ex
2813 1988 2921 2043 quo
2960 1981 3143 2026 natum
3199 1971 3360 2025 fuisse
3402 1971 3455 2025 in
3506 1969 3764 2041 Hispania

2165 2065 2511 2122 Laurentium
2541 2068 2626 2120 vel
2653 2068 2864 2121 eminus
2892 2066 3165 2136 conjicere
3210 2075 3305 2121 aut
3339 2067 3605 2135 suspicari
3638 2083 3759 2135 ros-

2164 2158 2370 2225 simus;
2415 2172 2601 2211 verum
2649 2172 2749 2211 nec
2783 2158 2827 2212 si
2858 2156 3201 2221 Blanchinus,
3244 2157 3403 2227 paulo
3431 2172 3600 2225 quam
3633 2157 3762 2211 hac-

2167 2255 2323 2302 tenus
2349 2247 2624 2313 attentius,
2658 2248 2892 2302 auctoris
2939 2256 3053 2301 tum
3112 2246 3163 2301 in
3204 2261 3270 2300 eo
3310 2245 3531 2317 hymno,
3568 2254 3682 2298 tmn
3709 2247 3764 2299 in

2164 2338 2417 2394 universo
2468 2342 2589 2411 περὶ
2640 2338 2892 2410 Στεφάνων
2940 2337 3090 2392 libra
3144 2352 3367 2406 scopum
3414 2337 3761 2390 considerare

2162 2429 2317 2498 velit,
2362 2428 2590 2483 inliciari
2638 2430 2917 2484 nobiscum
2966 2430 3187 2497 poterit,
3219 2428 3349 2482 nihil
3380 2427 3446 2481 ad
3477 2426 3763 2482 Prndentii

2164 2524 2217 2578 in
2250 2531 2477 2593 utroque
2510 2523 2844 2593 propositum
2884 2534 3163 2592 spectasse
3193 2530 3479 2577 tractatum
3525 2520 3596 2576 de
3627 2519 3760 2575 Lau-

2162 2615 2322 2668 rentii
2352 2613 2547 2684 patria,
2580 2629 2646 2667 ne
2678 2629 2773 2682 per
2814 2614 3159 2669 occasionem
3186 2612 3425 2683 quidem,
3455 2628 3582 2667 cum
3615 2612 3759 2666 nulla

2164 2706 2218 2760 in
2245 2720 2311 2760 eo
2351 2714 2601 2775 poemate
2641 2702 2910 2773 Hispania:
2942 2712 3141 2758 nostra:
3171 2710 3374 2757 mentio
3404 2705 3530 2768 liat;
3572 2718 3605 2758 e
3628 2718 3756 2757 cur»

2164 2797 2332 2851 trario
2358 2810 2487 2849 vero
2535 2811 2658 2849 cum
2703 2793 2935 2849 Romam
2981 2795 3032 2849 in
3068 2795 3184 2864 ipso
3231 2803 3378 2848 ret-ta
3438 2787 3758 2849 Prudentius

2164 2888 2494 2957 alloquatur,
2523 2893 2776 2956 totusque
2803 2886 2874 2941 sit
2904 2886 2955 2941 in
2988 2885 3228 2954 ejusdem
3256 2885 3538 2953 rel'gione,
3573 2887 3757 2939 trium.

2163 2980 2304 3050 phis,
2337 2978 2564 3048 imperio
2584 3019 2598 3043 ,
2629 2978 2905 3049 sacrisque
2949 2986 3249 3049 martyrum
3274 3016 3288 3041 ,
3332 2980 3603 3049 praecipue
3631 2994 3761 3032 vero

2166 3071 2439 3127 Laurentii
2471 3070 2665 3133 nostri,
2697 3069 3041 3125 recensendis
3078 3070 3325 3124 exuviis:
3356 3070 3555 3123 viderit
3580 3086 3756 3140 quam

2172 3160 2342 3217 lector
2368 3175 2576 3229 aaquus,
2607 3175 2768 3229 quam
2797 3176 2905 3215 non
2948 3160 3280 3231 importune,
3307 3160 3355 3217 si
3386 3159 3573 3215 Romae
3604 3171 3758 3214 natus

2168 3249 2356 3306 fuisset
2408 3252 2569 3306 levita
2634 3251 2905 3321 inclytus,
2963 3249 3081 3321 ejus
3150 3252 3381 3321 patriam
3437 3249 3758 3305 Prudentius

2164 3342 2401 3413 poemati
2431 3357 2530 3396 suo
2561 3358 2656 3413 per
2685 3344 3022 3398 occasionem
3073 3343 3312 3398 inserere
3350 3342 3637 3411 potuisset,
3667 3359 3757 3397 no-

2165 3449 2399 3502 vumque
2438 3434 2561 3488 inde
2606 3432 2884 3487 laudandm
2917 3431 3073 3487 Urbis
3119 3441 3495 3502 argumentum
3524 3449 3756 3503 capere.

2164 3524 2356 3579 saltem
2404 3539 2567 3594 quam
2613 3524 2802 3580 fuisset
2840 3524 2893 3578 in
2944 3524 3172 3589 lubrico,
3204 3534 3263 3579 ut
3294 3525 3623 3593 imprudenti
3670 3536 3757 3581 aut

2164 3614 2267 3668 alia
2293 3614 2549 3683 cogitanti
2571 3614 2791 3667 verbum
2815 3613 3123 3678 excidisset,
3145 3628 3215 3667 ex
3234 3629 3342 3683 quo
3366 3612 3552 3668 Roznzc
3575 3624 3756 3668 natura

2163 3704 2511 3759 Laurentium
2542 3704 2757 3759 odorari
2813 3705 3121 3774 sagaciores
3171 3714 3409 3775 possent.
3454 3704 3551 3760 llis
3580 3716 3754 3761 autem

2162 3797 2207 3851 si
2251 3796 2592 3865 conjecturas
2640 3796 2888 3852 addimus
2916 3812 2983 3850 ex
3014 3799 3207 3852 eodem
3240 3797 3441 3868 hymno
3482 3798 3697 3867 pridem
3725 3812 3756 3851 a

2162 3888 2315 3942 nobis
2344 3892 2554 3951 ductas,
2573 3897 2628 3941 ut
2652 3886 2997 3943 Laurentium
3023 3887 3282 3942 Romanis
3303 3889 3756 3957 ahjudicaremus,

2161 3995 2500 4049 consequens
2563 3979 2655 4034 liet
2710 3978 2982 4034 Prudentii
3044 3980 3112 4035 de
3166 3979 3422 4050 Hispania
3480 3982 3754 4038 silentium

2158 4074 2327 4145 ipsius
2367 4072 2648 4143 proposito
2677 4080 3040 4142 opportunum
3065 4112 3082 4138 ,
3123 4082 3287 4143 atque
3317 4072 3574 4143 Hispanis
3600 4075 3753 4130 inno-

2160 4181 2358 4229 cuum;
2407 4163 2473 4218 de
2512 4163 2684 4218 Roma
2734 4178 2884 4231 vero,
2917 4162 2960 4220 si
3007 4164 3063 4220 in
3110 4180 3175 4221 ea
3229 4165 3549 4223 Laurentius
3602 4177 3756 4223 natus

2159 4323 2398 4387 perantes
2427 4322 2483 4370 et
2529 4314 2737 4388 intima,
2768 4322 3025 4388 aeternam
3055 4332 3358 4388 mereamur
3393 4320 3638 4388 pertrahi
3688 4323 3754 4375 ad

2159 4384 2439 4460 coronam.
2479 4384 2723 4460 i__Paulo
2769 4386 2991 4460 inferius
3051 4385 3154 4460 de»
3186 4384 3407 4443 eodem'
3432 4388 3714 4460 Stephano
3736 4431 3751 4453 ,

2160 4470 2282 4525 pag.
2311 4452 2372 4508 Μ
2402 4472 2416 4511 :
2452 4472 2471 4507 ι
2504 4454 2572 4510 Ut
2597 4456 2743 4525 cujus
2777 4457 2963 4509 virtute
3009 4457 3282 4512 multitude
3326 4452 3646 4514 devicta'est'
3672 4462 3752 4514 in-

2157 4524 2410 4595 ﬁdelium.
2443 4525 2559 4594 ejus
2604 4524 2860 4593 suilragio
2899 4524 3140 4581 firmetur
3165 4543 3290 4595 spes
3333 4540 3493 4586 aucta
3532 4532 3754 4585 credeno

2159 4601 2307 4650 tium.
2333 4615 2350 4646 ι
2374 4597 2502 4663 Qua:
2534 4611 2663 4650 sane
2701 4597 2948 4666 ambigua
2983 4605 3129 4653 sunt.
3155 4596 3286 4652 Item
3312 4599 3450 4653 inter
3470 4598 3753 4655 Orationes

2155 4668 2223 4722 de
2248 4667 2304 4721 S.
2343 4666 2623 4721 Vincentio
2666 4680 2938 4736 martyre,
2975 4681 3093 4735 pag.
3134 4667 3243 4722 60:
3283 4688 3302 4719 ι
3331 4669 3561 4723 Domine
3614 4670 3753 4724 Deus

2153 4738 2245 4805 qui
2286 4736 2521 4809 salutem
2573 4735 2785 4809 regibus
2811 4735 3000 4791 ’donas
3026 4746 3081 4809 et
3109 4745 3403 4809 martyrem
3444 4748 3597 4809 tuum
3627 4739 3753 4794 Vin-

2155 4807 2391 4862 centium
2432 4806 2500 4860 de
2539 4808 2894 4873 malignorum
2935 4808 3115 4874 gladio
3162 4806 3424 4862 liberas...
3457 4808 3625 4862 libera
3662 4827 3753 4864 nos

2155 4878 2220 4930 de
2246 4893 2401 4930 manu
2430 4877 2660 4946 ﬁliorum
2698 4877 3005 4941 alienorum,
3048 4885 3104 4930 ut
3132 4878 3499 4932 insidiantibus
3526 4880 3753 4933 inimicis

2156 4949 2261 5001 vita
2287 4955 2468 5001 nostra
2512 4964 2615 5001 non
2645 4957 2853 5018 pateat;
2901 4962 2994 5018 nec
3029 4948 3238 5002 illorum
3279 4949 3574 5018 procacitas
3618 4966 3751 5003 stem

2156 5018 2220 5075 de
2247 5018 2413 5089 ruina:
2455 5017 2649 5089 nostra!
2673 5017 2877 5089 casibus
2906 5017 3212 5081 hilarescat,
3253 5017 3346 5072 sed
3391 5020 3567 5089 gladio
3615 5020 3751 5074 uerbi

2155 5089 2229 5158 tui
2258 5087 2477 5141 accincti
2506 5088 2671 5158 etM/lic
2699 5088 2915 5141 adversa
2954 5104 3250 5157 superemus
3279 5087 3522 5158 intrepidi
3540 5129 3556 5153 ,
3588 5108 3608 5141 ι
3645 5099 3745 5146 etc.

2155 5157 2287 5211 Item
2316 5157 2384 5212 de
2408 5159 2537 5229 eod.
2562 5157 2690 5211 ibid.
2716 5175 2735 5229 7:
2775 5176 2792 5209 ι
2823 5158 2965 5211 Deus
3008 5159 3097 5225 qui
3137 5157 3504 5213 beatissimum
3545 5168 3745 5229 martyq

2158 5242 2270 5299 rem
2302 5237 2449 5281 tuum
2477 5226 2842 5299 Vincentium,
2875 5229 3006 5298 plebi
3035 5236 3137 5283 tua:
3164 5246 3369 5283 murum
3396 5245 3586 5283 cereum
3618 5226 3752 5299 prti-

2154 5298 2329 5351 stitisti
2351 5338 2366 5363 ,
2412 5307 2467 5350 ut
2504 5297 2750 5352 bellantes
2775 5297 2959 5353 contra
3005 5314 3060 5351 se
3084 5299 3393 5353 mirabiliter
3419 5297 3648 5353 nominis
3675 5300 3751 5353 tui

2154 5369 2339 5441 uirtute
2362 5368 2664 5441 devinceret.
2690 5387 2716 5441 ε
2749 5367 2990 5441 Denique
3014 5370 3203 5441 eadem
3225 5370 3417 5441 pagina
3438 5370 3539 5441 sub
3567 5368 3662 5441 lin.
3696 5379 3751 5425 et

2156 5438 2274 5508 init.
2305 5438 2597 5506 sequentis,
2635 5458 2654 5491 ι
2679 5438 3033 5506 Omnipotens
3080 5438 3256 5508 Deus}
3298 5440 3389 5508 qui
3434 5440 3747 5496 beatissimo

2156 5506 2439 5563 Vincentio
2467 5508 2779 5576 praestitisti,
2810 5518 2869 5563 ut
2893 5524 2987 5578 per
3014 5516 3066 5562 te
3092 5506 3403 5565 ﬁeret...'de
3423 5510 3590 5564 milite
3619 5511 3746 5576 dua,

2155 5578 2411 5647 deserve
2452 5578 2716 5635 amicus...
2766 5587 2959 5647 prtesta
3008 5578 3291 5647 placatus,
3333 5588 3392 5633 ut
3437 5580 3746 5635 interventu

2154 5645 2415 5703 sedulo...
2445 5649 2698 5719 adhibeat
2725 5645 2925 5707 militia:
2947 5645 3298 5719 disciplinam,
3327 5651 3557 5706 servituti
3588 5650 3744 5705 liber-

2157 5726 2331 5781 tatem,
2363 5738 2382 5770 ι
2416 5726 2519 5773 etc.
2549 5717 2687 5774 Sunt
2714 5720 2957 5774 fortassis
2983 5717 3108 5777 alia.

2229 5789 2295 5859 (f)
2335 5788 2535 5845 Annot.
2569 5804 2676 5857 ενι,
2706 5804 2825 5861 pag.
2859 5788 2987 5845 €92.
